3234 5192
297 287 520 330 uisi-ur.
555 267 651 350 11.]
1035 285 1264 328 nostras
1305 289 1384 328 Aa
1409 263 1709 328 *secanam
1752 289 2021 331 nonam.
2628 273 2707 330 45

301 431 680 490 Excellentiae
729 427 972 486 infinitae
1021 427 1216 486 deberi
1265 429 1482 486 cultum
1513 435 1763 509 λατςιῖας,
1794 431 2059 488 humanae
2114 431 2209 490 vel
2254 431 2413 490 civili
2468 432 2717 508 civilem,

297 512 504 570 mediae
561 529 700 568 vero
731 509 856 568 sive
887 507 1054 566 donis
1091 517 1212 566 tum
1241 509 1443 584 gratiae
1491 517 1612 566 tum
1664 509 1863 582 gloriae
1906 511 2177 584 medium,
2224 507 2443 568 δουλαῖιι
2486 512 2719 588 quidem

305 591 537 650 Sanctis
567 599 624 649 et
657 589 924 665 Angelis,
959 585 1299 668 ὁππςδουλιὶαι
1346 608 1486 646 vero
1517 589 1586 647 Β.
1636 589 1867 664 Virgini
1896 590 1969 648 ob
2020 590 2311 667 singulare
2338 593 2595 665 dezane-3²
2642 593 2715 650 R.

307 671 420 730 Sed
449 681 846 729 commentum
876 668 1045 726 istius
1093 668 1478 726 distinctionis
1523 688 1598 726 ex
1628 669 1805 727 variis
1834 669 2115 742 confutari
2144 679 2353 746 potest.
2404 674 2453 728 1.
2502 671 2595 727 Ex
2621 691 2717 728 vo-

302 772 424 808 cum
447 751 812 826 proprietate
841 757 900 806 et
927 748 1272 825 primigenia
1320 747 1759 823 significatione,
1811 749 1949 825 quia
1994 758 2128 808 sunt
2156 769 2329 808 voces
2358 769 2715 826 synonymae,

303 850 430 906 quae
462 829 864 888 obtenduntur
890 847 994 905 pro
1024 827 1322 904 speciebus
1367 829 1647 904 oppositis
1692 829 1799 886 sub
1828 828 2030 887 eodem
2060 849 2287 905 genere.
2312 829 2571 905 Hesych.
2614 849 2716 888 ex-

305 911 462 986 ponit
513 927 756 987 λατςιυω
803 927 904 985 per
945 904 1191 980 Benacum,
1253 924 1480 986 largum
1517 928 1619 984 pel·
1646 905 1881 967 δουλων.
1983 908 2179 968 Gloss.
2235 905 2447 985 δουλυι,
2487 924 2712 990 Auream,

309 991 550 1072 λιτςεὺυ,
581 986 808 1047 Dovm'm.
903 988 1062 1045 Vives
1089 986 1243 1065 apud
1273 987 1524 1063 August.
1555 989 1629 1046 de
1660 989 1831 1047 Civit.
1866 989 1993 1062 Dei,
2023 989 2125 1047 lib.
2155 1011 2215 1048 x.
2245 1011 2295 1049 c.
2331 991 2421 1064 ll,
2453 989 2719 1066 agnoscit

307 1089 379 1128 ex
415 1068 610 1143 Valla,
641 1068 1030 1146 promiscuum
1059 1087 1184 1125 esse
1239 1087 1434 1125 earum
1483 1086 1651 1125 usum
1680 1067 1833 1145 apud
1882 1069 2201 1145 Scriptores
2244 1069 2531 1146 profan013,
2564 1069 2721 1146 quod

309 1150 510 1208 multis
541 1148 824 1224 exemplis
878 1147 1109 1224 probari
1162 1155 1369 1222 potest.
1457 1147 1583 1204 Irno
1612 1148 1663 1204 si
1718 1148 1837 1204 vim
1866 1167 2075 1207 vocum
2124 1159 2381 1225 spectare
2429 1149 2717 1224 volumuS,

308 1229 574 1305 apposite
593 1229 799 1307 aargu'ae
819 1225 894 1284 ad
923 1226 1138 1285 cultum
1173 1227 1281 1284 Dei
1310 1225 1732 1300 designandum
1762 1225 2131 1285 adhiberetur
2158 1248 2329 1303 quam
2348 1227 2457 1288 >wa
2470 1253 2559 1302 u,
2584 1229 2723 1306 quia

312 1309 426 1365 ista
449 1309 728 1384 majorem
764 1307 952 1382 qualis
979 1333 1064 1364 του
1089 1303 1280 1380 δουλου,
1313 1305 1373 1362 id
1405 1314 1509 1375 est,
1541 1305 1711 1380 servi,
1743 1306 1949 1386 acreda
1974 1305 2269 1378 minorem,
2293 1308 2483 1382 qualis
2508 1335 2595 1366 του
2625 1309 2720 1364 λεί-

317 1413 442 1467 τςως
469 1387 826 1458 mercenarii,
859 1387 1194 1444 servitutem
1217 1385 1486 1458 denotat;
1517 1382 1686 1449 δουλος
1714 1384 1865 1442 enim
1896 1393 1953 1444 et
1983 1385 2205 1466 ὄλιῦθιςος
2226 1397 2609 1462 opponuntur,
2634 1394 2723 1445 est

315 1469 462 1526 enim
525 1465 694 1531 Bova-5
738 1466 976 1524 alterius
1031 1465 1294 1538 hominis,
1342 1465 1505 1541 quasi
1550 1462 1660 1530 ’ὅλος
1704 1465 1885 1540 ἐκείνου,
1932 1466 2105 1546 adem
2146 1473 2337 1524 autem
2385 1465 2603 1540 Hesyc.
2634 1473 2725 1526 est

307 1557 604 1628 μισ-θουςγος
627 1549 650 1605 ὅ
679 1548 758 1605 ἐπὶ
784 1554 941 1621 μισ-δᾳ
976 1541 1222 1616 'ovatus-tv,
1245 1547 1430 1620 μίσθιος
1449 1545 1671 1624 icardus.
1756 1546 1852 1604 Sic
1880 1546 2035 1622 apud
2080 1545 2315 1604 Suidam
2360 1550 2567 1626 angnia
2591 1547 2617 1608 ni
2644 1571 2723 1604 m

311 1638 467 1704 μισθς
510 1624 722 1685 Remum
825 1625 888 1683 Si
919 1626 988 1684 E.
1012 1626 1159 1684 hanc
1182 1625 1608 1684 distinctionem
1628 1645 1835 1702 urgere
1863 1626 2068 1685 volunt
2092 1625 2396 1702 Pontificii,
2430 1626 2724 1686 fatendum

314 1727 410 1766 eos
439 1708 728 1765 minorem
759 1705 885 1763 Deo
913 1705 1150 1780 cultum,
1185 1704 1462 1763 creaturis
1487 1706 1767 1782 majorem
1798 1725 2111 1764 reservare.

393 1787 663 1844 XXIII.
723 1790 809 1844 20.
871 1785 966 1842 Ex
1021 1805 1124 1842 usu
1169 1785 1496 1859 Scripturoe,
1555 1805 1685 1861 quae
1740 1785 2062 1861 promiscue
2116 1785 2313 1844 verbis
2366 1785 2612 1866 λιιι-ζώω
2666 1795 2727 1846 et

311 1864 548 1926 Βουλαίου·
565 1866 760 1939 utitur,
787 1873 851 1923 ut
876 1864 1081 1923 LXX.
1101 1870 1158 1922 τὶ
1186 1883 1278 1921 -ω
1305 1864 1685 1922 Hebraeorum
1714 1865 1925 1940 passim
1950 1885 2052 1938 per
2076 1864 2413 1924 alterutrum
2442 1866 2692 1925 reddunt
2713 1887 2729 1941 3

313 1943 514 2005 >waiam
536 1967 687 2021 saepe
710 1945 781 2003 de
799 1947 948 2002 cultu
965 1945 1150 2002 divino
1174 1952 1495 2019 usurpatur,
1519 1941 1753 2002 δονλιῦυι
1770 1944 2103 2021 τᾳωρζὸηι,
2130 1950 2157 2003 1
2185 1945 2389 2004 Thess.
2410 1946 2447 2003 i.
2472 1947 2537 2020 9;
2580 1946 2724 2005 Mat.

315 2028 391 2085 vi.
421 2031 526 2101 24,
554 2029 590 2058 ‘⁴
610 2025 794 2082 Nemo
815 2031 1006 2100 potest
1033 2024 1260 2082 duobus
1281 2023 1544 2082 Dominis
1571 2023 1873 2098 Banasam?
1914 2026 2045 2083 Gal.
2074 2025 2155 2082 iv.
2186 2027 2241 2098 8,
2274 2024 2538 2083 Gentiles
2566 2025 2726 2084 dam·

315 2115 532 2166 nantur
559 2103 716 2181 quod
743 2100 1028 2162 δουλιυπαι
1056 2104 1144 2178 iis,
1169 2103 1269 2180 qui
1290 2111 1496 2161 natura
1515 2123 1633 2161 non
1663 2114 1797 2162 sunt
1827 2105 1958 2177 Dii;
1990 2125 2093 2163 cur
2109 2124 2249 2162 vero
2276 2103 2387 2161 hoc
2414 2105 2728 2181 impactum

317 2185 442 2244 istis
473 2185 551 2243 ab
581 2183 886 2262 ApostolO,
939 2183 988 2240 si
1037 2184 1144 2241 hoc
1187 2203 1262 2240 ex
1310 2182 1743 2242 Pontificiorum
1771 2184 2091 2260 Theologia
2117 2183 2336 2241 licitum
2368 2182 2724 2260 credidisset,

317 2265 492 2324 modo
521 2284 640 2323 non
669 2263 985 2321 deferretur
1011 2262 1127 2320 illis
1169 2262 1414 2342 aureius?
1498 2261 1593 2321 Sic
1640 2266 1668 2321 1
1708 2264 1859 2322 Sam.
1891 2264 1990 2322 vii.
2022 2267 2076 2337 3,
2100 2272 2313 2338 parate
2338 2264 2518 2320 corda
2543 2273 2732 2323 vestra

319 2346 586 2418 Domivw,
617 2340 1012 2402 ωδουλιῦσωπ
1038 2369 1174 2419 ιυτρ
1199 2343 1337 2419 μόνᾳ.
1361 2342 1458 2401 Sic
1488 2343 1657 2401 Rom.
1696 2345 1799 2402 xii.
1835 2344 1925 2418 11,
1958 2351 2017 2423 et
2046 2342 2165 2415 xiv,
2202 2345 2293 2416 18,
2320 2342 2534 2419 Ephes.
2564 2343 2643 2401 vi.
2668 2347 2725 2419 7,

320 2423 440 2482 Col.
474 2423 556 2482 iii.
589 2427 686 2482 24.
775 2423 946 2483 Unde
1002 2424 1214 2498 passim
1243 2422 1460 2495 fideleS,
1492 2431 1552 2482 et
1581 2423 1945 2500 peculiariter
1983 2423 2097 2481 viri
2127 2423 2237 2481 Dei
2268 2433 2545 2482 vocantur
2560 2420 2727 2482 δουλοι

317 2506 451 2562 θεον.
539 2503 814 2561 Vicissim
837 2519 1046 2582 nav-gem
1063 2523 1212 2578 saepe
1249 2502 1320 2560 de
1349 2505 1497 2560 cultu
1524 2504 1767 2562 humano
1794 2503 2155 2580 intelligitur,
2190 2503 2360 2561 Dent.
2392 2503 2598 2562 xxviii.
2630 2508 2725 2578 48,

323 2587 464 2642 “nai
494 2582 776 2660 λατξῶσ-ιις
821 2585 919 2641 inni*
937 2589 1036 2648 τοῖς
1074 2584 1255 2662 ἔχθςοῖς
1284 2609 1386 2658 σου,
1431 2591 1490 2640 et
1533 2584 1751 2642 servies
1780 2583 2026 2642 inimicis
2052 2583 2228 2641 tuifl.'’
2255 2583 2443 2642 Levit.
2472 2583 2639 2640 xxiii.
2671 2587 2727 2658 7,

322 2669 421 2722 πεῖν
446 2689 586 2744 «gyon
631 2668 890 2744 aaergrm-Bv
932 2683 1048 2720 non
1092 2663 1416 2721 faciendum
1469 2662 1779 2737 Sabbatho,
1839 2663 1900 2722 id
1948 2670 2035 2721 est
2081 2663 2295 2736 servile,
2342 2671 2401 2720 et
2443 2664 2727 2737 manuale,

321 2744 475 2819 quod
507 2763 659 2820 saepe
715 2743 990 2820 repetitur
1015 2763 1072 2800 V.
1104 2743 1198 2816 25,
1232 2745 1327 2814 35,
1361 2745 1454 2815 36,
1486 2751 1543 2800 et
1589 2744 1761 2802 Num.
1793 2743 1997 2800 xxviii.
2029 2745 2120 2800 18.
2184 2743 2343 2817 Ergo
2374 2761 2505 2799 cum
2538 2741 2727 2817 Scrip-

321 2830 446 2882 tura
473 2843 593 2881 non
621 2821 956 2898 distinguat,
987 2841 1173 2899 neque
1201 2823 1370 2880 nobis
1391 2831 1480 2880 est
1507 2822 1995 2898 distinguendum.
2040 2824 2095 2879 3.
2149 2821 2243 2876 Ex
2270 2821 2733 2878 adversariorum

323 2903 675 2977 confessione.
706 2901 1092 2960 Bellarminus
1121 2902 1332 2960 fatetur
1359 2901 1785 2958 distinctionem
1804 2901 1953 2957 hanc
1982 2919 2106 2956 esse
2127 2911 2373 2977 αγςιιφοι,
2406 2906 2465 2955 et
2492 2917 2527 2954 a
2548 2898 2728 2958 Scho-

321 2981 378 3038 la
403 2981 760 3058 Theologiea
779 2982 1184 3058 excogitatam,
1204 2981 1340 3038 licet
1367 2988 1488 3036 tum
1520 2978 1773 3036 Hebraea
1792 2987 1913 3038 tum
1946 2979 2153 3035 Graeca
2179 2976 2463 3035 vocabula
2490 2979 2731 3053 promis·

325 3061 416 3119 cui
445 3061 562 3119 sint
589 3081 746 3130 usus,
770 3061 871 3120 lib.
902 3062 938 3118 i.
971 3065 1039 3119 de
1067 3061 1254 3119 Beati.
1301 3059 1525 3116 Sancta
1557 3076 1681 3132 cap.
1712 3057 1813 3115 xii.
1889 3059 2136 3132 Vasques
2163 3057 2352 3117 adhuc
2380 3058 2727 3135 expressius,

327 3143 364 3172 “
380 3140 618 3198 Nomen'
635 3141 795 3198 dulia
821 3141 1014 3200 nullus
1031 3161 1106 3199 ex
1127 3138 1380 3214 antiquis
1411 3136 1680 3195 Patribus
1709 3136 1878 3196 docet
1904 3156 2015 3196 usu
2044 3137 2451 3197 Ecclesiastico
2479 3139 2730 3216 applica-

327 3227 446 3277 tum
473 3221 548 3278 ad
577 3220 1016 3297 significandum
1061 3219 1280 3278 cultum
1299 3225 1356 3276 et
1382 3217 1659 3276 honorem
1688 3217 2085 3277 Sanctorum.”
2140 3218 2429 3296 Disputat.
2456 3221 2552 3277 93.
2581 3219 2642 3277 in
2672 3223 2727 3280 3.

327 3309 468 3372 part.
499 3320 549 3358 e.
579 3300 616 3358 i.
661 3301 864 3372 Marti.
896 3301 1155 3358 Peresius
1176 3298 1276 3358 lib.
1308 3298 1380 3356 de
1417 3297 1637 3356 Tradit.
1688 3305 1831 3374 part.
1864 3300 1919 3356 3.
1967 3298 2309 3357 considerat.
2357 3303 2413 3356 7.
2432 3299 2591 3368 ,hanc
2612 3299 2729 3360 dis-

325 3377 656 3437 tinctionem
685 3379 1048 3457 improbavit,
1079 3387 1225 3439 teste
1251 3366 1627 3437 BellarminO.

407 3457 654 3517 XXIV.
700 3462 756 3517 4.
791 3459 908 3518 Sed
935 3479 1011 3518 ex
1039 3461 1164 3535 ipsa
1191 3469 1402 3518 natura
1449 3459 1539 3516 rei
1579 3457 1783 3516 fortius
1831 3456 2019 3515 adhuc
2048 3457 2342 3516 refellitur.
2405 3458 2554 3516 Nam
2576 3480 2725 3535 cum,

326 3537 412 3595 uti
432 3539 553 3613 jam
573 3537 843 3613 diximus,
863 3541 1068 3598 unicus
1091 3547 1314 3598 tantum
1335 3538 1502 3596 detur
1519 3537 1711 3596 cultus
1726 3537 2049 3614 religiosae,
2071 3539 2486 3614 qualiscunque
2516 3539 2592 3596 sit
2608 3540 2729 3597 cul·-

326 3622 420 3674 tus
435 3617 624 3692 duliae,
648 3619 696 3676 si
714 3618 1020 3695 religiosus
1041 3619 1268 3691 dicitur,
1291 3638 1408 3676 non
1429 3617 1643 3676 desinit
1670 3617 1728 3674 in
1750 3618 1937 3676 Deum
1956 3637 2082 3676 esse
2105 3616 2570 3691 contumeliosus,
2595 3619 2733 3693 quia

327 3705 638 3756 creaturam
673 3698 786 3756 Dei
811 3698 1159 3775 perfectione
1177 3699 1382 3772 induit,
1419 3699 1472 3755 ei
1495 3697 1754 3756 tribuens
1774 3697 2056 3756 infinitam
2075 3697 2459 3773 cognitionem
2484 3705 2543 3754 et
2571 3715 2727 3755 scru-

326 3777 600 3836 tationem
627 3777 902 3854 eordium,
935 3787 994 3837 et
1020 3779 1140 3836 vim
1170 3777 1512 3836 sublevandi
1539 3777 1761 3836 animas
1786 3797 2015 3854 pressas
2036 3797 2209 3836 sensu
2236 3776 2475 3852 peccati.
2560 3775 2731 3848 Quod

329 3855 378 3912 si
405 3856 463 3913 in
491 3856 690 3915 schola
720 3877 1064 3935 nuperorum
1095 3857 1521 3935 Theologorum
1553 3857 1770 3917 versati
1790 3857 2034 3916 fuissent
2061 3855 2267 3914 Ariani
2296 3855 2451 3928 olim,
2484 3855 2584 3930 qui
2604 3855 2728 3914 ido-

325 3934 565 3995 lolatriae
587 3938 978 4013 arguebantur
1003 3960 1038 3996 a
1069 3938 1338 3997 Patribus
1367 3946 1424 3996 et
1453 3937 1961 4014 Anthropolatriae,
1992 3937 2161 3996 facile
2194 3933 2476 4013 patuisset
2501 3933 2619 3992 illis
2646 3936 2727 3994 ef-

327 4013 545 4091 fugium
573 4014 682 4074 hac
711 4015 1095 4094 distinctione,
1126 4017 1411 4076 dixissent
1457 4018 1608 4076 enim
1658 4036 1719 4075 se
1748 4017 1975 4076 Christo
2004 4016 2225 4076 deferre
2269 4014 2486 4073 cultum
2532 4013 2727 4091 duliae,

326 4113 440 4151 non
459 4095 661 4154 latriae.
730 4095 824 4156 Sic
870 4108 927 4156 et
955 4097 1000 4157 J
1001 4117 1216 4156 oannes
1252 4097 1534 4174 potuisset
1581 4096 1819 4156 adorare
1869 4096 2166 4172 Angelum
2214 4096 2339 4154 sine
2382 4092 2636 4170 crimine,
2668 4105 2728 4155 et

327 4172 592 4251 Angelus
621 4178 904 4251 potuisset
931 4179 1150 4236 cultum
1177 4178 1342 4236 illum
1379 4177 1682 4236 admittere
1712 4178 1835 4234 sine
1874 4175 2147 4252 perieu10,
2198 4172 2441 4251 Apocal.
2470 4173 2593 4233 xix,
2629 4179 2721 4252 10,

327 4261 386 4311 et
403 4256 547 4314 xxii.
579 4255 633 4328 8,
665 4275 837 4331 quam
865 4259 1122 4334 proclive
1150 4257 1302 4316 enim
1351 4256 1536 4316 fuerat
1581 4257 1625 4314 J
1630 4255 1801 4313 oanni
1850 4275 1911 4313 se
1940 4275 2233 4327 excusare,
2286 4262 2344 4312 et
2370 4253 2577 4330 dicere,
2610 4277 2727 4316 non

327 4333 508 4393 colere
537 4334 726 4410 ipsum
756 4337 914 4396 cultu
935 4337 1134 4410 latriae,
1167 4337 1270 4396 sed
1290 4337 1480 4395 duliae.
1569 4335 1687 4394 Sed
1706 4334 1986 4393 hactenus
2015 4333 2272 4392 inaudita
2292 4333 2477 4395 fuerat
2504 4337 2726 4397 novitia

327 4410 436 4470 ista
461 4413 772 4492 theologia,
805 4426 862 4476 et
913 4437 1020 4493 pro
1068 4425 1224 4476 certo
1271 4424 1564 4493 receptum
1605 4415 1841 4473 unicum
1888 4421 2111 4472 tantum
2142 4415 2361 4474 cultum
2387 4417 2723 4494 religiosum

328 4489 463 4570 dari,
495 4504 556 4554 et
581 4495 815 4570 quidem
845 4497 952 4556 soli
984 4498 1110 4556 Deo
1139 4497 1416 4556 debitum.
1448 4499 1504 4555 5.
1551 4497 1645 4554 Ex
1663 4494 2125 4554 adversariorum
2143 4497 2345 4572 praxi.
2408 4497 2557 4554 Nam
2584 4497 2723 4554 licet

327 4589 531 4633 nomen
562 4598 789 4660 mecm
818 4577 1158 4637 deludendae
1194 4577 1352 4654 plebi
1380 4582 1715 4636 removeant
1742 4595 1777 4632 a
1793 4575 1952 4635 cultu
1970 4585 2375 4652 creaturarum,
2400 4585 2619 4635 certum
2640 4587 2730 4633 est
