<?xml version="1.0" encoding="UTF-8"?>
<!DOCTYPE html PUBLIC "-//W3C//DTD XHTML 1.0 Transitional//EN"
    "http://www.w3.org/TR/xhtml1/DTD/xhtml1-transitional.dtd">
<html xmlns="http://www.w3.org/1999/xhtml" xml:lang="en" lang="en">
 <head>
  <title>
</title>
<meta http-equiv="Content-Type" content="text/html;charset=utf-8" />
  <meta name='ocr-system' content='tesseract 3.04.00' />
  <meta name='ocr-capabilities' content='ocr_page ocr_carea ocr_par ocr_line ocrx_word'/>
</head>
<body>
  <div class='ocr_page' id='page_1' title='image "./denecessariasec00turrgoog_0503.png"; bbox 0 0 3234 5192; ppageno 0'>
   <div class='ocr_carea' id='block_1_1' title="bbox 318 351 2742 434">
    <p class='ocr_par' dir='ltr' id='par_1_1' title="bbox 318 351 2742 434">
     <span class='ocr_line' id='line_1_1' title="bbox 318 351 2742 434; baseline 0 -23"><span class='ocrx_word' id='word_1_1' title='bbox 318 372 546 415; x_wconf 67' lang='lat' dir='ltr'>iussu-r.</span> <span class='ocrx_word' id='word_1_2' title='bbox 578 351 740 434; x_wconf 58' lang='lat' dir='ltr'>xta]</span> <span class='ocrx_word' id='word_1_3' title='bbox 972 372 1049 413; x_wconf 77' lang='lat' dir='ltr'>ns</span> <span class='ocrx_word' id='word_1_4' title='bbox 1079 372 1553 415; x_wconf 64' lang='lat' dir='ltr'>sA&#39;rtsrAcinoxis</span> <span class='ocrx_word' id='word_1_5' title='bbox 1582 375 1816 415; x_wconf 68' lang='lat' dir='ltr'>cunis-’1¹1</span> <span class='ocrx_word' id='word_1_6' title='bbox 1849 376 2166 417; x_wconf 68' lang='lat' dir='ltr'>vrznrrarn.</span> <span class='ocrx_word' id='word_1_7' title='bbox 2626 355 2742 413; x_wconf 72' lang='lat'>449</span> 
     </span>
    </p>
   </div>
   <div class='ocr_carea' id='block_1_2' title="bbox 298 512 2737 2114">
    <p class='ocr_par' dir='ltr' id='par_1_2' title="bbox 298 512 2737 2114">
     <span class='ocr_line' id='line_1_2' title="bbox 315 512 2737 595; baseline 0.001 -26"><span class='ocrx_word' id='word_1_8' title='bbox 315 512 505 572; x_wconf 82' lang='lat' dir='ltr'>adhuc</span> <span class='ocrx_word' id='word_1_9' title='bbox 533 513 693 573; x_wconf 89' lang='lat' dir='ltr'>illam</span> <span class='ocrx_word' id='word_1_10' title='bbox 722 512 954 589; x_wconf 77' lang='lat' dir='ltr'><strong>evincit,</strong></span> <span class='ocrx_word' id='word_1_11' title='bbox 988 512 1087 571; x_wconf 90' lang='lat' dir='ltr'>sed</span> <span class='ocrx_word' id='word_1_12' title='bbox 1118 533 1189 571; x_wconf 91' lang='lat' dir='ltr'>ne</span> <span class='ocrx_word' id='word_1_13' title='bbox 1220 512 1524 573; x_wconf 90' lang='lat' dir='ltr'>dubitandi</span> <span class='ocrx_word' id='word_1_14' title='bbox 1551 514 1716 574; x_wconf 87' lang='lat' dir='ltr'>locus</span> <span class='ocrx_word' id='word_1_15' title='bbox 1745 515 1898 575; x_wconf 88' lang='lat' dir='ltr'>ullus</span> <span class='ocrx_word' id='word_1_16' title='bbox 1941 518 2205 595; x_wconf 83' lang='lat' dir='ltr'><strong>supersit,</strong></span> <span class='ocrx_word' id='word_1_17' title='bbox 2239 525 2484 576; x_wconf 79' lang='lat' dir='ltr'>testatur</span> <span class='ocrx_word' id='word_1_18' title='bbox 2535 514 2737 574; x_wconf 71' lang='grc' dir='ltr'>ἇηὶλυ·</span> 
     </span>
     <span class='ocr_line' id='line_1_3' title="bbox 314 593 2735 673; baseline 0.002 -24"><span class='ocrx_word' id='word_1_19' title='bbox 314 618 421 673; x_wconf 64' lang='grc' dir='ltr'>τςοι</span> <span class='ocrx_word' id='word_1_20' title='bbox 448 593 686 671; x_wconf 76' lang='lat' dir='ltr'>aliquod</span> <span class='ocrx_word' id='word_1_21' title='bbox 712 594 1123 668; x_wconf 81' lang='lat' dir='ltr'>intercessisse,</span> <span class='ocrx_word' id='word_1_22' title='bbox 1155 595 1447 653; x_wconf 81' lang='lat' dir='ltr'><strong>Christum</strong></span> <span class='ocrx_word' id='word_1_23' title='bbox 1490 595 1712 654; x_wconf 87' lang='lat' dir='ltr'>scilicet</span> <span class='ocrx_word' id='word_1_24' title='bbox 1741 615 1802 653; x_wconf 89' lang='lat' dir='ltr'>se</span> <span class='ocrx_word' id='word_1_25' title='bbox 1844 616 1947 673; x_wconf 90' lang='lat' dir='ltr'>pro</span> <span class='ocrx_word' id='word_1_26' title='bbox 1977 598 2242 656; x_wconf 87' lang='lat' dir='ltr'>omnibus</span> <span class='ocrx_word' id='word_1_27' title='bbox 2273 596 2502 655; x_wconf 76' lang='lat' dir='ltr'>dedisse</span> <span class='ocrx_word' id='word_1_28' title='bbox 2530 596 2735 655; x_wconf 67' lang='grc' dir='ltr'><strong><em>ἐπίλυ-</em></strong></span> 
     </span>
     <span class='ocr_line' id='line_1_4' title="bbox 314 672 2736 759; baseline 0.002 -30"><span class='ocrx_word' id='word_1_29' title='bbox 314 698 435 752; x_wconf 63' lang='grc' dir='ltr'><strong>τςον,</strong></span> <span class='ocrx_word' id='word_1_30' title='bbox 474 677 495 731; x_wconf 80' lang='lat'>1</span> <span class='ocrx_word' id='word_1_31' title='bbox 537 673 685 733; x_wconf 87' lang='lat' dir='ltr'>Tim.</span> <span class='ocrx_word' id='word_1_32' title='bbox 716 676 774 734; x_wconf 90' lang='lat' dir='ltr'>ii.</span> <span class='ocrx_word' id='word_1_33' title='bbox 807 676 861 750; x_wconf 88' lang='grc'>6,</span> <span class='ocrx_word' id='word_1_34' title='bbox 895 682 954 733; x_wconf 89' lang='lat' dir='ltr'>et</span> <span class='ocrx_word' id='word_1_35' title='bbox 1000 673 1156 751; x_wconf 87' lang='lat' dir='ltr'>quod</span> <span class='ocrx_word' id='word_1_36' title='bbox 1186 672 1387 733; x_wconf 88' lang='lat' dir='ltr'>eodem</span> <span class='ocrx_word' id='word_1_37' title='bbox 1418 675 1637 751; x_wconf 82' lang='lat' dir='ltr'>recidit,</span> <span class='ocrx_word' id='word_1_38' title='bbox 1659 676 1909 734; x_wconf 88' lang='lat' dir='ltr'>animam</span> <span class='ocrx_word' id='word_1_39' title='bbox 1939 696 2100 736; x_wconf 88' lang='lat' dir='ltr'>suam</span> <span class='ocrx_word' id='word_1_40' title='bbox 2131 676 2594 759; x_wconf 47' lang='lat' dir='ltr'>M&#39;aergogposuisse</span> <span class='ocrx_word' id='word_1_41' title='bbox 2621 675 2736 735; x_wconf 69' lang='lat' dir='ltr'>ein)</span> 
     </span>
     <span class='ocr_line' id='line_1_5' title="bbox 315 754 2732 833; baseline 0.002 -24"><span class='ocrx_word' id='word_1_42' title='bbox 315 757 534 829; x_wconf 63' lang='grc' dir='ltr'>πολλῶν,</span> <span class='ocrx_word' id='word_1_43' title='bbox 568 755 778 816; x_wconf 89' lang='lat' dir='ltr'>Matth.</span> <span class='ocrx_word' id='word_1_44' title='bbox 824 774 929 813; x_wconf 85' lang='lat' dir='ltr'>xx.</span> <span class='ocrx_word' id='word_1_45' title='bbox 976 757 1071 830; x_wconf 82' lang='lat'>28,</span> <span class='ocrx_word' id='word_1_46' title='bbox 1104 754 1262 831; x_wconf 90' lang='lat' dir='ltr'>quod</span> <span class='ocrx_word' id='word_1_47' title='bbox 1290 754 1367 813; x_wconf 87' lang='lat' dir='ltr'>V.</span> <span class='ocrx_word' id='word_1_48' title='bbox 1398 754 1474 813; x_wconf 90' lang='lat' dir='ltr'>V.</span> <span class='ocrx_word' id='word_1_49' title='bbox 1519 774 1818 832; x_wconf 85' lang='lat' dir='ltr'>perperam</span> <span class='ocrx_word' id='word_1_50' title='bbox 1861 756 2053 816; x_wconf 84' lang='lat' dir='ltr'>reddit</span> <span class='ocrx_word' id='word_1_51' title='bbox 2100 758 2550 833; x_wconf 78' lang='lat' dir='ltr'>redemptionem,</span> <span class='ocrx_word' id='word_1_52' title='bbox 2599 773 2732 815; x_wconf 90' lang='lat' dir='ltr'>cum</span> 
     </span>
     <span class='ocr_line' id='line_1_6' title="bbox 314 832 2732 915; baseline 0.002 -25"><span class='ocrx_word' id='word_1_53' title='bbox 314 842 547 893; x_wconf 85' lang='lat' dir='ltr'>notetur</span> <span class='ocrx_word' id='word_1_54' title='bbox 566 855 683 893; x_wconf 91' lang='lat' dir='ltr'>non</span> <span class='ocrx_word' id='word_1_55' title='bbox 701 837 827 913; x_wconf 88' lang='lat' dir='ltr'>ipsa</span> <span class='ocrx_word' id='word_1_56' title='bbox 847 835 1165 913; x_wconf 85' lang='lat' dir='ltr'>redemptio</span> <span class='ocrx_word' id='word_1_57' title='bbox 1188 832 1291 893; x_wconf 88' lang='lat' dir='ltr'>sed</span> <span class='ocrx_word' id='word_1_58' title='bbox 1312 835 1708 911; x_wconf 71' lang='lat' dir='ltr'>redemptionis</span> <span class='ocrx_word' id='word_1_59' title='bbox 1718 836 1967 912; x_wconf 82' lang='lat' dir='ltr'>pretium</span> <span class='ocrx_word' id='word_1_60' title='bbox 1988 845 2046 896; x_wconf 87' lang='lat' dir='ltr'>et</span> <span class='ocrx_word' id='word_1_61' title='bbox 2074 837 2308 915; x_wconf 90' lang='lat' dir='ltr'>quidem</span> <span class='ocrx_word' id='word_1_62' title='bbox 2337 837 2452 896; x_wconf 88' lang='lat' dir='ltr'>tale</span> <span class='ocrx_word' id='word_1_63' title='bbox 2481 837 2732 914; x_wconf 89' lang='lat' dir='ltr'>pretium</span> 
     </span>
     <span class='ocr_line' id='line_1_7' title="bbox 314 914 2734 992; baseline 0.002 -20"><span class='ocrx_word' id='word_1_64' title='bbox 314 914 471 990; x_wconf 89' lang='lat' dir='ltr'>quod</span> <span class='ocrx_word' id='word_1_65' title='bbox 499 914 1004 975; x_wconf 88' lang='lat' dir='ltr'>commutationem</span> <span class='ocrx_word' id='word_1_66' title='bbox 1040 914 1317 973; x_wconf 80' lang='lat' dir='ltr'>debitoris</span> <span class='ocrx_word' id='word_1_67' title='bbox 1364 923 1423 973; x_wconf 87' lang='lat' dir='ltr'>et</span> <span class='ocrx_word' id='word_1_68' title='bbox 1470 916 1996 992; x_wconf 83' lang='lat' dir='ltr'>compensationem</span> <span class='ocrx_word' id='word_1_69' title='bbox 2043 916 2223 976; x_wconf 89' lang='lat' dir='ltr'>debiti</span> <span class='ocrx_word' id='word_1_70' title='bbox 2266 923 2467 976; x_wconf 87' lang='lat' dir='ltr'>notet:</span> <span class='ocrx_word' id='word_1_71' title='bbox 2508 936 2642 974; x_wconf 89' lang='lat' dir='ltr'>nam</span> <span class='ocrx_word' id='word_1_72' title='bbox 2672 924 2734 977; x_wconf 88' lang='lat' dir='ltr'>et</span> 
     </span>
     <span class='ocr_line' id='line_1_8' title="bbox 313 995 2728 1075; baseline 0.003 -26"><span class='ocrx_word' id='word_1_73' title='bbox 313 996 643 1071; x_wconf 75' lang='lat' dir='ltr'>praepositio</span> <span class='ocrx_word' id='word_1_74' title='bbox 672 996 783 1055; x_wconf 69' lang='lat' dir='ltr'>ain)</span> <span class='ocrx_word' id='word_1_75' title='bbox 810 996 1061 1053; x_wconf 83' lang='lat' dir='ltr'>maxime</span> <span class='ocrx_word' id='word_1_76' title='bbox 1106 995 1333 1072; x_wconf 85' lang='lat' dir='ltr'>proprie</span> <span class='ocrx_word' id='word_1_77' title='bbox 1364 995 1834 1053; x_wconf 85' lang='lat' dir='ltr'>substitutionem</span> <span class='ocrx_word' id='word_1_78' title='bbox 1875 1004 1933 1054; x_wconf 93' lang='lat' dir='ltr'>et</span> <span class='ocrx_word' id='word_1_79' title='bbox 1959 996 2144 1055; x_wconf 89' lang='lat' dir='ltr'>vicem</span> <span class='ocrx_word' id='word_1_80' title='bbox 2177 996 2482 1075; x_wconf 88' lang='lat' dir='ltr'>significat,</span> <span class='ocrx_word' id='word_1_81' title='bbox 2514 996 2728 1057; x_wconf 81' lang='lat' dir='ltr'>Matth.</span> 
     </span>
     <span class='ocr_line' id='line_1_9' title="bbox 311 1072 2723 1153; baseline 0.002 -23"><span class='ocrx_word' id='word_1_82' title='bbox 311 1094 367 1132; x_wconf 84' lang='lat' dir='ltr'>v.</span> <span class='ocrx_word' id='word_1_83' title='bbox 401 1078 496 1150; x_wconf 89' lang='lat'>38,</span> <span class='ocrx_word' id='word_1_84' title='bbox 527 1080 781 1153; x_wconf 58' lang='grc' dir='ltr'><strong><em>εφωμὶς</em></strong></span> <span class='ocrx_word' id='word_1_85' title='bbox 827 1074 936 1135; x_wconf 62' lang='grc' dir='ltr'><strong><em>,επ-ι</em></strong></span> <span class='ocrx_word' id='word_1_86' title='bbox 976 1080 1253 1150; x_wconf 51' lang='lat' dir='ltr'>semaa,</span> <span class='ocrx_word' id='word_1_87' title='bbox 1300 1073 1432 1139; x_wconf 60' lang='grc' dir='ltr'>θῶς</span> <span class='ocrx_word' id='word_1_88' title='bbox 1476 1080 1585 1133; x_wconf 65' lang='lat' dir='ltr'>:ma</span> <span class='ocrx_word' id='word_1_89' title='bbox 1627 1072 1823 1149; x_wconf 57' lang='lat' dir='ltr'>taam,</span> <span class='ocrx_word' id='word_1_90' title='bbox 1861 1079 1889 1132; x_wconf 94' lang='lat'>1</span> <span class='ocrx_word' id='word_1_91' title='bbox 1925 1076 2050 1134; x_wconf 77' lang='lat' dir='ltr'>Pet.</span> <span class='ocrx_word' id='word_1_92' title='bbox 2094 1077 2175 1135; x_wconf 86' lang='lat' dir='ltr'>iii.</span> <span class='ocrx_word' id='word_1_93' title='bbox 2205 1080 2262 1136; x_wconf 88' lang='lat'>9.</span> <span class='ocrx_word' id='word_1_94' title='bbox 2294 1076 2505 1139; x_wconf 71' lang='lat' dir='ltr'>Matffi.</span> <span class='ocrx_word' id='word_1_95' title='bbox 2535 1076 2595 1136; x_wconf 87' lang='lat' dir='ltr'>ii.</span> <span class='ocrx_word' id='word_1_96' title='bbox 2626 1082 2723 1153; x_wconf 85' lang='lat'>22,</span> 
     </span>
     <span class='ocr_line' id='line_1_10' title="bbox 310 1152 2724 1236; baseline 0.002 -25"><span class='ocrx_word' id='word_1_97' title='bbox 310 1152 635 1216; x_wconf 79' lang='lat' dir='ltr'>Archelaus</span> <span class='ocrx_word' id='word_1_98' title='bbox 679 1176 921 1234; x_wconf 88' lang='lat' dir='ltr'>regnare</span> <span class='ocrx_word' id='word_1_99' title='bbox 966 1155 1178 1215; x_wconf 88' lang='lat' dir='ltr'>dicitur</span> <span class='ocrx_word' id='word_1_100' title='bbox 1220 1154 1337 1213; x_wconf 66' lang='lat' dir='ltr'>cirri</span> <span class='ocrx_word' id='word_1_101' title='bbox 1370 1152 1565 1233; x_wconf 70' lang='grc' dir='ltr'><strong><em>Ηρόδου</em></strong></span> <span class='ocrx_word' id='word_1_102' title='bbox 1597 1181 1684 1213; x_wconf 77' lang='grc' dir='ltr'>του</span> <span class='ocrx_word' id='word_1_103' title='bbox 1713 1160 1901 1236; x_wconf 52' lang='lat' dir='ltr'>naveis</span> <span class='ocrx_word' id='word_1_104' title='bbox 1929 1160 2098 1232; x_wconf 67' lang='grc' dir='ltr'><strong><em>ἄντοῦ,</em></strong></span> <span class='ocrx_word' id='word_1_105' title='bbox 2129 1157 2190 1216; x_wconf 90' lang='lat' dir='ltr'>id</span> <span class='ocrx_word' id='word_1_106' title='bbox 2219 1166 2306 1216; x_wconf 88' lang='lat' dir='ltr'>est</span> <span class='ocrx_word' id='word_1_107' title='bbox 2333 1158 2462 1216; x_wconf 93' lang='lat' dir='ltr'>loco</span> <span class='ocrx_word' id='word_1_108' title='bbox 2491 1164 2548 1215; x_wconf 86' lang='lat' dir='ltr'>et</span> <span class='ocrx_word' id='word_1_109' title='bbox 2577 1157 2724 1233; x_wconf 90' lang='lat' dir='ltr'>vice,</span> 
     </span>
     <span class='ocr_line' id='line_1_11' title="bbox 310 1234 2724 1315; baseline 0.002 -24"><span class='ocrx_word' id='word_1_110' title='bbox 310 1234 393 1292; x_wconf 90' lang='lat' dir='ltr'>sic</span> <span class='ocrx_word' id='word_1_111' title='bbox 418 1235 559 1295; x_wconf 91' lang='lat' dir='ltr'>Luc.</span> <span class='ocrx_word' id='word_1_112' title='bbox 584 1237 665 1295; x_wconf 88' lang='lat' dir='ltr'>xi.</span> <span class='ocrx_word' id='word_1_113' title='bbox 693 1240 785 1309; x_wconf 89' lang='lat'>11,</span> <span class='ocrx_word' id='word_1_114' title='bbox 816 1240 844 1293; x_wconf 96' lang='grc'>1</span> <span class='ocrx_word' id='word_1_115' title='bbox 869 1236 999 1294; x_wconf 87' lang='lat' dir='ltr'>Cor.</span> <span class='ocrx_word' id='word_1_116' title='bbox 1023 1235 1104 1293; x_wconf 93' lang='lat' dir='ltr'>xi.</span> <span class='ocrx_word' id='word_1_117' title='bbox 1134 1238 1225 1311; x_wconf 86' lang='lat'>15,</span> <span class='ocrx_word' id='word_1_118' title='bbox 1255 1237 1284 1293; x_wconf 93' lang='lat'>1</span> <span class='ocrx_word' id='word_1_119' title='bbox 1300 1235 1505 1293; x_wconf 75' lang='lat' dir='ltr'>Thess,</span> <span class='ocrx_word' id='word_1_120' title='bbox 1527 1256 1585 1294; x_wconf 93' lang='lat' dir='ltr'>v.</span> <span class='ocrx_word' id='word_1_121' title='bbox 1614 1238 1706 1312; x_wconf 87' lang='lat'>15,</span> <span class='ocrx_word' id='word_1_122' title='bbox 1731 1244 1790 1294; x_wconf 91' lang='lat' dir='ltr'>et</span> <span class='ocrx_word' id='word_1_123' title='bbox 1812 1235 2022 1313; x_wconf 75' lang='lat' dir='ltr'>saepius</span> <span class='ocrx_word' id='word_1_124' title='bbox 2045 1236 2200 1313; x_wconf 86' lang='lat' dir='ltr'>alibi,</span> <span class='ocrx_word' id='word_1_125' title='bbox 2221 1238 2282 1295; x_wconf 92' lang='lat' dir='ltr'>in</span> <span class='ocrx_word' id='word_1_126' title='bbox 2310 1236 2724 1315; x_wconf 84' lang='lat' dir='ltr'>compositione</span> 
     </span>
     <span class='ocr_line' id='line_1_12' title="bbox 308 1314 2723 1393; baseline 0.002 -22"><span class='ocrx_word' id='word_1_127' title='bbox 308 1334 449 1371; x_wconf 89' lang='lat' dir='ltr'>vero</span> <span class='ocrx_word' id='word_1_128' title='bbox 472 1316 582 1373; x_wconf 85' lang='lat' dir='ltr'>tria</span> <span class='ocrx_word' id='word_1_129' title='bbox 603 1315 925 1393; x_wconf 83' lang='lat' dir='ltr'>significare</span> <span class='ocrx_word' id='word_1_130' title='bbox 957 1314 1119 1389; x_wconf 89' lang='lat' dir='ltr'>solet,</span> <span class='ocrx_word' id='word_1_131' title='bbox 1150 1322 1217 1373; x_wconf 85' lang='lat' dir='ltr'>ut</span> <span class='ocrx_word' id='word_1_132' title='bbox 1239 1315 1550 1374; x_wconf 88' lang='lat' dir='ltr'>observant</span> <span class='ocrx_word' id='word_1_133' title='bbox 1568 1316 1961 1390; x_wconf 84' lang='lat' dir='ltr'>Grammatici,</span> <span class='ocrx_word' id='word_1_134' title='bbox 1995 1318 2307 1393; x_wconf 79' lang='lat' dir='ltr'>aequalitem</span> <span class='ocrx_word' id='word_1_135' title='bbox 2335 1324 2392 1375; x_wconf 89' lang='lat' dir='ltr'>et</span> <span class='ocrx_word' id='word_1_136' title='bbox 2410 1318 2723 1393; x_wconf 75' lang='lat' dir='ltr'>paritatem</span> 
     </span>
     <span class='ocr_line' id='line_1_13' title="bbox 310 1393 2724 1477; baseline 0.002 -26"><span class='ocrx_word' id='word_1_137' title='bbox 310 1401 375 1451; x_wconf 88' lang='lat' dir='ltr'>ut</span> <span class='ocrx_word' id='word_1_138' title='bbox 401 1393 605 1460; x_wconf 67' lang='lat' dir='ltr'>ae&#39;m&#39;aue</span> <span class='ocrx_word' id='word_1_139' title='bbox 636 1396 819 1472; x_wconf 87' lang='lat' dir='ltr'>Hesy.</span> <span class='ocrx_word' id='word_1_140' title='bbox 864 1394 1049 1469; x_wconf 69' lang='grc' dir='ltr'>ἰσδθιος,</span> <span class='ocrx_word' id='word_1_141' title='bbox 1090 1394 1358 1475; x_wconf 59' lang='grc' dir='ltr'>ἐπώνυμα</span> <span class='ocrx_word' id='word_1_142' title='bbox 1404 1394 1744 1454; x_wconf 86' lang='lat' dir='ltr'>Aristarcho</span> <span class='ocrx_word' id='word_1_143' title='bbox 1789 1393 2004 1477; x_wconf 63' lang='grc' dir='ltr'>ἴσαιδςος</span> <span class='ocrx_word' id='word_1_144' title='bbox 2033 1397 2255 1475; x_wconf 83' lang='lat' dir='ltr'>virago,</span> <span class='ocrx_word' id='word_1_145' title='bbox 2287 1396 2383 1455; x_wconf 89' lang='lat' dir='ltr'>vel</span> <span class='ocrx_word' id='word_1_146' title='bbox 2412 1399 2724 1455; x_wconf 84' lang='lat' dir='ltr'>contrarie·</span> 
     </span>
     <span class='ocr_line' id='line_1_14' title="bbox 309 1474 2724 1557; baseline 0.001 -24"><span class='ocrx_word' id='word_1_147' title='bbox 309 1483 477 1533; x_wconf 88' lang='lat' dir='ltr'>tatem</span> <span class='ocrx_word' id='word_1_148' title='bbox 499 1484 553 1533; x_wconf 86' lang='lat' dir='ltr'>et</span> <span class='ocrx_word' id='word_1_149' title='bbox 562 1476 956 1552; x_wconf 79' lang='lat' dir='ltr'>oppositionem</span> <span class='ocrx_word' id='word_1_150' title='bbox 973 1484 1035 1533; x_wconf 85' lang='lat' dir='ltr'>ut</span> <span class='ocrx_word' id='word_1_151' title='bbox 1048 1474 1300 1551; x_wconf 68' lang='grc' dir='ltr'>ὶυτὶδικος,</span> <span class='ocrx_word' id='word_1_152' title='bbox 1315 1476 1605 1551; x_wconf 66' lang='grc' dir='ltr'>ἀντίπαλος,</span> <span class='ocrx_word' id='word_1_153' title='bbox 1629 1478 1946 1557; x_wconf 66' lang='lat' dir='ltr'>oem&#39;oygaecpov,</span> <span class='ocrx_word' id='word_1_154' title='bbox 1973 1474 2101 1552; x_wconf 61' lang='grc' dir='ltr'>ὅκα,</span> <span class='ocrx_word' id='word_1_155' title='bbox 2114 1476 2212 1535; x_wconf 91' lang='lat' dir='ltr'>vel</span> <span class='ocrx_word' id='word_1_156' title='bbox 2223 1477 2724 1553; x_wconf 72' lang='lat' dir='ltr'>compensationem</span> 
     </span>
     <span class='ocr_line' id='line_1_15' title="bbox 306 1554 2720 1633; baseline 0.001 -21"><span class='ocrx_word' id='word_1_157' title='bbox 306 1562 362 1613; x_wconf 87' lang='lat' dir='ltr'>et</span> <span class='ocrx_word' id='word_1_158' title='bbox 374 1556 851 1615; x_wconf 81' lang='lat' dir='ltr'>commutationem</span> <span class='ocrx_word' id='word_1_159' title='bbox 873 1564 937 1615; x_wconf 91' lang='lat' dir='ltr'>ut</span> <span class='ocrx_word' id='word_1_160' title='bbox 953 1554 1227 1632; x_wconf 63' lang='grc' dir='ltr'>αντιψνχοι</span> <span class='ocrx_word' id='word_1_161' title='bbox 1246 1557 1286 1614; x_wconf 91' lang='lat' dir='ltr'>ii</span> <span class='ocrx_word' id='word_1_162' title='bbox 1308 1556 1407 1633; x_wconf 92' lang='lat' dir='ltr'>qui</span> <span class='ocrx_word' id='word_1_163' title='bbox 1424 1576 1529 1633; x_wconf 90' lang='lat' dir='ltr'>pro</span> <span class='ocrx_word' id='word_1_164' title='bbox 1550 1556 1680 1615; x_wconf 89' lang='lat' dir='ltr'>aliis</span> <span class='ocrx_word' id='word_1_165' title='bbox 1697 1558 1870 1615; x_wconf 88' lang='lat' dir='ltr'>morti</span> <span class='ocrx_word' id='word_1_166' title='bbox 1891 1575 1952 1615; x_wconf 87' lang='lat' dir='ltr'>se</span> <span class='ocrx_word' id='word_1_167' title='bbox 1974 1556 2340 1615; x_wconf 81' lang='lat' dir='ltr'>devovebant</span> <span class='ocrx_word' id='word_1_168' title='bbox 2357 1565 2422 1615; x_wconf 90' lang='lat' dir='ltr'>ut</span> <span class='ocrx_word' id='word_1_169' title='bbox 2449 1576 2548 1615; x_wconf 88' lang='lat' dir='ltr'>eos</span> <span class='ocrx_word' id='word_1_170' title='bbox 2575 1557 2720 1615; x_wconf 86' lang='lat' dir='ltr'>libe·-</span> 
     </span>
     <span class='ocr_line' id='line_1_16' title="bbox 304 1635 2718 1714; baseline 0.001 -22"><span class='ocrx_word' id='word_1_171' title='bbox 304 1643 515 1709; x_wconf 86' lang='lat' dir='ltr'>rarent,</span> <span class='ocrx_word' id='word_1_172' title='bbox 546 1644 611 1695; x_wconf 92' lang='lat' dir='ltr'>ut</span> <span class='ocrx_word' id='word_1_173' title='bbox 639 1635 710 1695; x_wconf 93' lang='lat' dir='ltr'>de</span> <span class='ocrx_word' id='word_1_174' title='bbox 743 1636 1002 1696; x_wconf 87' lang='lat' dir='ltr'>Damone</span> <span class='ocrx_word' id='word_1_175' title='bbox 1022 1644 1080 1695; x_wconf 88' lang='lat' dir='ltr'>et</span> <span class='ocrx_word' id='word_1_176' title='bbox 1100 1637 1313 1714; x_wconf 87' lang='lat' dir='ltr'>Pythia</span> <span class='ocrx_word' id='word_1_177' title='bbox 1332 1644 1596 1695; x_wconf 82' lang='lat' dir='ltr'>narratur</span> <span class='ocrx_word' id='word_1_178' title='bbox 1623 1660 1636 1695; x_wconf 91' lang='lat'><strong>:</strong></span> <span class='ocrx_word' id='word_1_179' title='bbox 1677 1637 1771 1695; x_wconf 92' lang='lat' dir='ltr'>hic</span> <span class='ocrx_word' id='word_1_180' title='bbox 1794 1645 1986 1696; x_wconf 89' lang='lat' dir='ltr'>autem</span> <span class='ocrx_word' id='word_1_181' title='bbox 2009 1656 2114 1695; x_wconf 89' lang='lat' dir='ltr'>nec</span> <span class='ocrx_word' id='word_1_182' title='bbox 2142 1638 2434 1714; x_wconf 61' lang='lat' dir='ltr'>aequalitas</span> <span class='ocrx_word' id='word_1_183' title='bbox 2460 1656 2568 1695; x_wconf 86' lang='lat' dir='ltr'>nec</span> <span class='ocrx_word' id='word_1_184' title='bbox 2589 1658 2718 1695; x_wconf 85' lang='lat' dir='ltr'>con·</span> 
     </span>
     <span class='ocr_line' id='line_1_17' title="bbox 304 1716 2718 1795; baseline 0.001 -22"><span class='ocrx_word' id='word_1_185' title='bbox 304 1716 572 1773; x_wconf 70' lang='lat' dir='ltr'>trarietas</span> <span class='ocrx_word' id='word_1_186' title='bbox 588 1716 779 1775; x_wconf 88' lang='lat' dir='ltr'>locum</span> <span class='ocrx_word' id='word_1_187' title='bbox 796 1716 1009 1775; x_wconf 88' lang='lat' dir='ltr'>habere</span> <span class='ocrx_word' id='word_1_188' title='bbox 1027 1724 1234 1793; x_wconf 88' lang='lat' dir='ltr'>potest,</span> <span class='ocrx_word' id='word_1_189' title='bbox 1257 1718 1416 1794; x_wconf 90' lang='lat' dir='ltr'>Ergo</span> <span class='ocrx_word' id='word_1_190' title='bbox 1431 1724 1693 1795; x_wconf 86' lang='lat' dir='ltr'>superest</span> <span class='ocrx_word' id='word_1_191' title='bbox 1709 1726 1774 1776; x_wconf 89' lang='lat' dir='ltr'>ut</span> <span class='ocrx_word' id='word_1_192' title='bbox 1789 1718 2162 1793; x_wconf 75' lang='lat' dir='ltr'>compensatio</span> <span class='ocrx_word' id='word_1_193' title='bbox 2172 1725 2396 1777; x_wconf 88' lang='lat' dir='ltr'>tantum</span> <span class='ocrx_word' id='word_1_194' title='bbox 2408 1726 2468 1776; x_wconf 91' lang='lat' dir='ltr'>et</span> <span class='ocrx_word' id='word_1_195' title='bbox 2478 1738 2718 1775; x_wconf 83' lang='lat' dir='ltr'>commu·</span> 
     </span>
     <span class='ocr_line' id='line_1_18' title="bbox 304 1795 2717 1879; baseline 0.001 -27"><span class='ocrx_word' id='word_1_196' title='bbox 304 1796 442 1853; x_wconf 81' lang='lat' dir='ltr'>tatio</span> <span class='ocrx_word' id='word_1_197' title='bbox 459 1804 826 1873; x_wconf 89' lang='lat' dir='ltr'>connotetur;</span> <span class='ocrx_word' id='word_1_198' title='bbox 858 1798 952 1856; x_wconf 87' lang='lat' dir='ltr'>Ita</span> <span class='ocrx_word' id='word_1_199' title='bbox 968 1796 1252 1879; x_wconf 63' lang='grc' dir='ltr'>απίλυτςου</span> <span class='ocrx_word' id='word_1_200' title='bbox 1268 1795 1383 1855; x_wconf 88' lang='lat' dir='ltr'>tale</span> <span class='ocrx_word' id='word_1_201' title='bbox 1402 1799 1510 1855; x_wconf 87' lang='lat' dir='ltr'>erit</span> <span class='ocrx_word' id='word_1_202' title='bbox 1526 1795 1702 1879; x_wconf 64' lang='grc' dir='ltr'><strong><em>λῖηςον</em></strong></span> <span class='ocrx_word' id='word_1_203' title='bbox 1719 1797 1777 1854; x_wconf 91' lang='lat' dir='ltr'>in</span> <span class='ocrx_word' id='word_1_204' title='bbox 1797 1815 1912 1875; x_wconf 91' lang='lat' dir='ltr'>quo</span> <span class='ocrx_word' id='word_1_205' title='bbox 1928 1797 2204 1857; x_wconf 89' lang='lat' dir='ltr'>liberator</span> <span class='ocrx_word' id='word_1_206' title='bbox 2218 1796 2407 1855; x_wconf 90' lang='lat' dir='ltr'>vicem</span> <span class='ocrx_word' id='word_1_207' title='bbox 2426 1797 2717 1856; x_wconf 86' lang='lat' dir='ltr'>sustinens</span> 
     </span>
     <span class='ocr_line' id='line_1_19' title="bbox 300 1873 2716 1955; baseline 0.002 -24"><span class='ocrx_word' id='word_1_208' title='bbox 300 1873 385 1932; x_wconf 85' lang='lat' dir='ltr'>rei</span> <span class='ocrx_word' id='word_1_209' title='bbox 413 1883 471 1933; x_wconf 90' lang='lat' dir='ltr'>et</span> <span class='ocrx_word' id='word_1_210' title='bbox 500 1876 729 1955; x_wconf 89' lang='lat' dir='ltr'>captivi,</span> <span class='ocrx_word' id='word_1_211' title='bbox 762 1876 948 1936; x_wconf 89' lang='lat' dir='ltr'>simile</span> <span class='ocrx_word' id='word_1_212' title='bbox 971 1878 1263 1955; x_wconf 87' lang='lat' dir='ltr'>quoddam</span> <span class='ocrx_word' id='word_1_213' title='bbox 1284 1877 1499 1936; x_wconf 89' lang='lat' dir='ltr'>malum</span> <span class='ocrx_word' id='word_1_214' title='bbox 1522 1878 1680 1938; x_wconf 86' lang='lat' dir='ltr'>subit</span> <span class='ocrx_word' id='word_1_215' title='bbox 1700 1878 1754 1936; x_wconf 88' lang='lat' dir='ltr'>ei</span> <span class='ocrx_word' id='word_1_216' title='bbox 1781 1877 1939 1954; x_wconf 87' lang='lat' dir='ltr'>quod</span> <span class='ocrx_word' id='word_1_217' title='bbox 1965 1878 2052 1935; x_wconf 88' lang='lat' dir='ltr'>illi</span> <span class='ocrx_word' id='word_1_218' title='bbox 2080 1877 2418 1935; x_wconf 87' lang='lat' dir='ltr'>imminebat</span> <span class='ocrx_word' id='word_1_219' title='bbox 2445 1876 2545 1954; x_wconf 90' lang='lat' dir='ltr'>qui</span> <span class='ocrx_word' id='word_1_220' title='bbox 2571 1876 2716 1936; x_wconf 89' lang='lat' dir='ltr'>libe-</span> 
     </span>
     <span class='ocr_line' id='line_1_20' title="bbox 301 1956 2715 2035; baseline 0.002 -23"><span class='ocrx_word' id='word_1_221' title='bbox 301 1962 475 2030; x_wconf 83' lang='lat' dir='ltr'>ratur,</span> <span class='ocrx_word' id='word_1_222' title='bbox 507 1977 638 2015; x_wconf 88' lang='lat' dir='ltr'>cum</span> <span class='ocrx_word' id='word_1_223' title='bbox 668 1966 841 2035; x_wconf 88' lang='lat' dir='ltr'>eaput</span> <span class='ocrx_word' id='word_1_224' title='bbox 868 1958 1055 2035; x_wconf 86' lang='lat' dir='ltr'>capite</span> <span class='ocrx_word' id='word_1_225' title='bbox 1084 1957 1399 2031; x_wconf 88' lang='lat' dir='ltr'>redimitur,</span> <span class='ocrx_word' id='word_1_226' title='bbox 1431 1956 1589 2033; x_wconf 89' lang='lat' dir='ltr'>quod</span> <span class='ocrx_word' id='word_1_227' title='bbox 1606 1956 1928 2035; x_wconf 87' lang='lat' dir='ltr'>Apostolus</span> <span class='ocrx_word' id='word_1_228' title='bbox 1957 1956 2252 2033; x_wconf 82' lang='lat' dir='ltr'>eleganter</span> <span class='ocrx_word' id='word_1_229' title='bbox 2278 1957 2548 2034; x_wconf 89' lang='lat' dir='ltr'>explicat,</span> <span class='ocrx_word' id='word_1_230' title='bbox 2582 1956 2715 2017; x_wconf 86' lang='lat' dir='ltr'>Gal.</span> 
     </span>
     <span class='ocr_line' id='line_1_21' title="bbox 298 2034 2714 2114; baseline 0.002 -23"><span class='ocrx_word' id='word_1_231' title='bbox 298 2034 379 2093; x_wconf 92' lang='lat' dir='ltr'>iii.</span> <span class='ocrx_word' id='word_1_232' title='bbox 415 2038 506 2111; x_wconf 88' lang='lat'>13,</span> <span class='ocrx_word' id='word_1_233' title='bbox 540 2036 677 2095; x_wconf 87' lang='lat' dir='ltr'>dum</span> <span class='ocrx_word' id='word_1_234' title='bbox 700 2036 783 2096; x_wconf 87' lang='lat' dir='ltr'>ait</span> <span class='ocrx_word' id='word_1_235' title='bbox 812 2038 849 2070; x_wconf 92' lang='lat'>“</span> <span class='ocrx_word' id='word_1_236' title='bbox 873 2036 1165 2096; x_wconf 87' lang='lat' dir='ltr'>Christum</span> <span class='ocrx_word' id='word_1_237' title='bbox 1186 2035 1499 2095; x_wconf 88' lang='lat' dir='ltr'>redemisse</span> <span class='ocrx_word' id='word_1_238' title='bbox 1519 2055 1626 2094; x_wconf 92' lang='lat' dir='ltr'>nos</span> <span class='ocrx_word' id='word_1_239' title='bbox 1647 2036 1722 2096; x_wconf 90' lang='lat' dir='ltr'>ab</span> <span class='ocrx_word' id='word_1_240' title='bbox 1745 2037 2110 2095; x_wconf 84' lang='lat' dir='ltr'>execratione</span> <span class='ocrx_word' id='word_1_241' title='bbox 2140 2037 2335 2113; x_wconf 86' lang='lat' dir='ltr'>Legis,</span> <span class='ocrx_word' id='word_1_242' title='bbox 2366 2035 2582 2095; x_wconf 85' lang='lat' dir='ltr'>factum</span> <span class='ocrx_word' id='word_1_243' title='bbox 2609 2054 2714 2114; x_wconf 91' lang='lat' dir='ltr'>pro</span> 
     </span>
    </p>
   </div>
   <div class='ocr_carea' id='block_1_3' title="bbox 297 2115 2710 2272">
    <p class='ocr_par' dir='ltr' id='par_1_3' title="bbox 297 2115 2710 2272">
     <span class='ocr_line' id='line_1_22' title="bbox 297 2115 979 2175; baseline 0.004 -4"><span class='ocrx_word' id='word_1_244' title='bbox 297 2115 465 2174; x_wconf 90' lang='lat' dir='ltr'>nobis</span> <span class='ocrx_word' id='word_1_245' title='bbox 493 2116 979 2175; x_wconf 86' lang='lat' dir='ltr'>execrationem.&#39;&#39;</span> 
     </span>
     <span class='ocr_line' id='line_1_23' title="bbox 378 2192 2710 2272; baseline 0.001 -21"><span class='ocrx_word' id='word_1_246' title='bbox 378 2194 665 2254; x_wconf 89' lang='lat' dir='ltr'>XXVII.</span> <span class='ocrx_word' id='word_1_247' title='bbox 711 2195 909 2271; x_wconf 87' lang='lat' dir='ltr'>Atque</span> <span class='ocrx_word' id='word_1_248' title='bbox 938 2193 1187 2272; x_wconf 86' lang='lat' dir='ltr'>idipsum</span> <span class='ocrx_word' id='word_1_249' title='bbox 1210 2193 1610 2272; x_wconf 87' lang='lat' dir='ltr'>quadantenus</span> <span class='ocrx_word' id='word_1_250' title='bbox 1634 2194 1838 2254; x_wconf 90' lang='lat' dir='ltr'>saltem</span> <span class='ocrx_word' id='word_1_251' title='bbox 1855 2194 2115 2253; x_wconf 86' lang='lat' dir='ltr'>confiteri</span> <span class='ocrx_word' id='word_1_252' title='bbox 2137 2192 2323 2254; x_wconf 85' lang='lat' dir='ltr'>coacti</span> <span class='ocrx_word' id='word_1_253' title='bbox 2345 2200 2480 2253; x_wconf 89' lang='lat' dir='ltr'>sunt</span> <span class='ocrx_word' id='word_1_254' title='bbox 2507 2194 2710 2253; x_wconf 89' lang='lat' dir='ltr'>adver-</span> 
     </span>
    </p>
   </div>
   <div class='ocr_carea' id='block_1_4' title="bbox 276 2273 2724 4673">
    <p class='ocr_par' dir='ltr' id='par_1_4' title="bbox 276 2273 2724 4673">
     <span class='ocr_line' id='line_1_24' title="bbox 296 2273 2714 2353; baseline 0.002 -23"><span class='ocrx_word' id='word_1_255' title='bbox 296 2273 433 2330; x_wconf 86' lang='lat' dir='ltr'>sarii</span> <span class='ocrx_word' id='word_1_256' title='bbox 460 2274 599 2333; x_wconf 90' lang='lat' dir='ltr'>dum</span> <span class='ocrx_word' id='word_1_257' title='bbox 627 2274 966 2351; x_wconf 85' lang='lat' dir='ltr'>particulam</span> <span class='ocrx_word' id='word_1_258' title='bbox 996 2278 1105 2333; x_wconf 70' lang='grc' dir='ltr'>ἀντὶ</span> <span class='ocrx_word' id='word_1_259' title='bbox 1134 2275 1638 2335; x_wconf 85' lang='lat' dir='ltr'>commutationem</span> <span class='ocrx_word' id='word_1_260' title='bbox 1681 2274 1933 2353; x_wconf 84' lang='lat' dir='ltr'>aliquam</span> <span class='ocrx_word' id='word_1_261' title='bbox 1968 2275 2176 2334; x_wconf 88' lang='lat' dir='ltr'>inferre</span> <span class='ocrx_word' id='word_1_262' title='bbox 2205 2282 2544 2352; x_wconf 88' lang='lat' dir='ltr'>agnoscunt,</span> <span class='ocrx_word' id='word_1_263' title='bbox 2573 2274 2714 2335; x_wconf 84' lang='lat' dir='ltr'>licet</span> 
     </span>
     <span class='ocr_line' id='line_1_25' title="bbox 292 2354 2710 2432; baseline 0.001 -20"><span class='ocrx_word' id='word_1_264' title='bbox 292 2361 496 2430; x_wconf 84' lang='lat' dir='ltr'>postea</span> <span class='ocrx_word' id='word_1_265' title='bbox 522 2354 679 2432; x_wconf 91' lang='lat' dir='ltr'>quod</span> <span class='ocrx_word' id='word_1_266' title='bbox 707 2374 823 2413; x_wconf 83' lang='lat' dir='ltr'>una</span> <span class='ocrx_word' id='word_1_267' title='bbox 864 2373 1039 2414; x_wconf 87' lang='lat' dir='ltr'>manu</span> <span class='ocrx_word' id='word_1_268' title='bbox 1087 2354 1224 2415; x_wconf 89' lang='lat' dir='ltr'>dare</span> <span class='ocrx_word' id='word_1_269' title='bbox 1272 2355 1387 2414; x_wconf 89' lang='lat' dir='ltr'>visi</span> <span class='ocrx_word' id='word_1_270' title='bbox 1430 2364 1565 2414; x_wconf 88' lang='lat' dir='ltr'>sunt</span> <span class='ocrx_word' id='word_1_271' title='bbox 1612 2355 1796 2414; x_wconf 87' lang='lat' dir='ltr'>altera</span> <span class='ocrx_word' id='word_1_272' title='bbox 1837 2354 2059 2415; x_wconf 88' lang='lat' dir='ltr'>auferre</span> <span class='ocrx_word' id='word_1_273' title='bbox 2103 2364 2399 2431; x_wconf 87' lang='lat' dir='ltr'>conentur,</span> <span class='ocrx_word' id='word_1_274' title='bbox 2443 2354 2710 2415; x_wconf 86' lang='lat' dir='ltr'>addendo</span> 
     </span>
     <span class='ocr_line' id='line_1_26' title="bbox 292 2433 2710 2514; baseline 0.002 -22"><span class='ocrx_word' id='word_1_275' title='bbox 292 2433 470 2493; x_wconf 87' lang='lat' dir='ltr'>talem</span> <span class='ocrx_word' id='word_1_276' title='bbox 497 2454 623 2495; x_wconf 89' lang='lat' dir='ltr'>esse</span> <span class='ocrx_word' id='word_1_277' title='bbox 652 2435 1159 2495; x_wconf 87' lang='lat' dir='ltr'>commutationem</span> <span class='ocrx_word' id='word_1_278' title='bbox 1181 2455 1309 2514; x_wconf 79' lang='lat' dir='ltr'>quae</span> <span class='ocrx_word' id='word_1_279' title='bbox 1331 2436 1551 2496; x_wconf 83' lang='lat' dir='ltr'>nullam</span> <span class='ocrx_word' id='word_1_280' title='bbox 1579 2436 2102 2514; x_wconf 83' lang='lat' dir='ltr'>compensationem</span> <span class='ocrx_word' id='word_1_281' title='bbox 2134 2444 2234 2495; x_wconf 89' lang='lat' dir='ltr'>aut</span> <span class='ocrx_word' id='word_1_282' title='bbox 2262 2434 2710 2496; x_wconf 85' lang='lat' dir='ltr'>satisfactionem</span> 
     </span>
     <span class='ocr_line' id='line_1_27' title="bbox 290 2514 2710 2596; baseline 0.002 -25"><span class='ocrx_word' id='word_1_283' title='bbox 290 2524 513 2592; x_wconf 87' lang='lat' dir='ltr'>arguat.</span> <span class='ocrx_word' id='word_1_284' title='bbox 562 2514 680 2576; x_wconf 85' lang='lat' dir='ltr'>Sed</span> <span class='ocrx_word' id='word_1_285' title='bbox 706 2536 879 2594; x_wconf 91' lang='lat' dir='ltr'>quam</span> <span class='ocrx_word' id='word_1_286' title='bbox 907 2517 1152 2594; x_wconf 88' lang='lat' dir='ltr'>turpiter</span> <span class='ocrx_word' id='word_1_287' title='bbox 1196 2516 1291 2577; x_wconf 90' lang='lat' dir='ltr'>hic</span> <span class='ocrx_word' id='word_1_288' title='bbox 1320 2537 1424 2577; x_wconf 87' lang='lat' dir='ltr'>suo</span> <span class='ocrx_word' id='word_1_289' title='bbox 1453 2536 1514 2576; x_wconf 88' lang='lat' dir='ltr'>se</span> <span class='ocrx_word' id='word_1_290' title='bbox 1564 2516 1760 2595; x_wconf 88' lang='lat' dir='ltr'>gladio</span> <span class='ocrx_word' id='word_1_291' title='bbox 1798 2516 2074 2595; x_wconf 81' lang='lat' dir='ltr'>jugulent</span> <span class='ocrx_word' id='word_1_292' title='bbox 2099 2517 2354 2596; x_wconf 90' lang='lat' dir='ltr'>proclive</span> <span class='ocrx_word' id='word_1_293' title='bbox 2384 2525 2474 2576; x_wconf 90' lang='lat' dir='ltr'>est</span> <span class='ocrx_word' id='word_1_294' title='bbox 2499 2536 2710 2594; x_wconf 84' lang='lat' dir='ltr'>agnos·</span> 
     </span>
     <span class='ocr_line' id='line_1_28' title="bbox 279 2596 2707 2676; baseline -0.001 -20"><span class='ocrx_word' id='word_1_295' title='bbox 279 2614 437 2656; x_wconf 66' lang='lat' dir='ltr'>nere.</span> <span class='ocrx_word' id='word_1_296' title='bbox 502 2596 619 2656; x_wconf 84' lang='lat' dir='ltr'>Cur</span> <span class='ocrx_word' id='word_1_297' title='bbox 646 2597 799 2656; x_wconf 90' lang='lat' dir='ltr'>enim</span> <span class='ocrx_word' id='word_1_298' title='bbox 828 2597 1093 2657; x_wconf 85' lang='lat' dir='ltr'>Christus</span> <span class='ocrx_word' id='word_1_299' title='bbox 1118 2617 1222 2676; x_wconf 90' lang='lat' dir='ltr'>per</span> <span class='ocrx_word' id='word_1_300' title='bbox 1249 2598 1756 2657; x_wconf 86' lang='lat' dir='ltr'>commutationem</span> <span class='ocrx_word' id='word_1_301' title='bbox 1797 2598 1856 2656; x_wconf 92' lang='lat' dir='ltr'>in</span> <span class='ocrx_word' id='word_1_302' title='bbox 1881 2596 2072 2657; x_wconf 91' lang='lat' dir='ltr'>locum</span> <span class='ocrx_word' id='word_1_303' title='bbox 2101 2596 2364 2657; x_wconf 83' lang='lat' dir='ltr'>nostrum</span> <span class='ocrx_word' id='word_1_304' title='bbox 2392 2605 2546 2655; x_wconf 89' lang='lat' dir='ltr'>esset</span> <span class='ocrx_word' id='word_1_305' title='bbox 2573 2598 2707 2655; x_wconf 88' lang='lat' dir='ltr'>sub-</span> 
     </span>
     <span class='ocr_line' id='line_1_29' title="bbox 289 2676 2708 2756; baseline 0.001 -24"><span class='ocrx_word' id='word_1_306' title='bbox 289 2684 542 2753; x_wconf 87' lang='lat' dir='ltr'>rogatus,</span> <span class='ocrx_word' id='word_1_307' title='bbox 573 2676 687 2736; x_wconf 88' lang='lat' dir='ltr'>nisi</span> <span class='ocrx_word' id='word_1_308' title='bbox 714 2686 779 2737; x_wconf 91' lang='lat' dir='ltr'>ut</span> <span class='ocrx_word' id='word_1_309' title='bbox 806 2697 1007 2756; x_wconf 86' lang='lat' dir='ltr'>poenas</span> <span class='ocrx_word' id='word_1_310' title='bbox 1048 2698 1164 2755; x_wconf 88' lang='lat' dir='ltr'>qua</span> <span class='ocrx_word' id='word_1_311' title='bbox 1211 2677 1532 2737; x_wconf 86' lang='lat' dir='ltr'>commeriti</span> <span class='ocrx_word' id='word_1_312' title='bbox 1576 2697 1802 2737; x_wconf 87' lang='lat' dir='ltr'>eramus</span> <span class='ocrx_word' id='word_1_313' title='bbox 1846 2678 1969 2756; x_wconf 88' lang='lat' dir='ltr'>ipse</span> <span class='ocrx_word' id='word_1_314' title='bbox 2016 2678 2230 2736; x_wconf 86' lang='lat' dir='ltr'>luendo</span> <span class='ocrx_word' id='word_1_315' title='bbox 2265 2696 2372 2735; x_wconf 85' lang='lat' dir='ltr'>nos</span> <span class='ocrx_word' id='word_1_316' title='bbox 2399 2677 2473 2734; x_wconf 89' lang='lat' dir='ltr'>ab</span> <span class='ocrx_word' id='word_1_317' title='bbox 2501 2676 2708 2735; x_wconf 87' lang='lat' dir='ltr'>iisdem</span> 
     </span>
     <span class='ocr_line' id='line_1_30' title="bbox 284 2753 2709 2835; baseline 0.001 -23"><span class='ocrx_word' id='word_1_318' title='bbox 284 2753 507 2833; x_wconf 87' lang='lat' dir='ltr'>liberet,</span> <span class='ocrx_word' id='word_1_319' title='bbox 538 2757 695 2835; x_wconf 91' lang='lat' dir='ltr'>quod</span> <span class='ocrx_word' id='word_1_320' title='bbox 709 2758 953 2835; x_wconf 85' lang='lat' dir='ltr'>jamjam</span> <span class='ocrx_word' id='word_1_321' title='bbox 970 2758 1247 2816; x_wconf 88' lang='lat' dir='ltr'>innuebat</span> <span class='ocrx_word' id='word_1_322' title='bbox 1265 2757 1472 2835; x_wconf 87' lang='lat' dir='ltr'>Apost.</span> <span class='ocrx_word' id='word_1_323' title='bbox 1501 2756 1577 2815; x_wconf 88' lang='lat' dir='ltr'>ad</span> <span class='ocrx_word' id='word_1_324' title='bbox 1600 2757 1733 2815; x_wconf 87' lang='lat' dir='ltr'>Gal.</span> <span class='ocrx_word' id='word_1_325' title='bbox 1763 2757 1888 2815; x_wconf 89' lang='lat' dir='ltr'>Nec</span> <span class='ocrx_word' id='word_1_326' title='bbox 1915 2756 2294 2816; x_wconf 87' lang='lat' dir='ltr'>vanissimum</span> <span class='ocrx_word' id='word_1_327' title='bbox 2322 2764 2709 2815; x_wconf 87' lang='lat' dir='ltr'>commentum</span> 
     </span>
     <span class='ocr_line' id='line_1_31' title="bbox 286 2834 2724 2915; baseline 0 -23"><span class='ocrx_word' id='word_1_328' title='bbox 286 2854 452 2894; x_wconf 86' lang='lat' dir='ltr'>suum</span> <span class='ocrx_word' id='word_1_329' title='bbox 495 2836 697 2896; x_wconf 87' lang='lat' dir='ltr'>fulcire</span> <span class='ocrx_word' id='word_1_330' title='bbox 745 2844 937 2915; x_wconf 89' lang='lat' dir='ltr'>potest</span> <span class='ocrx_word' id='word_1_331' title='bbox 966 2836 1158 2894; x_wconf 83' lang='lat' dir='ltr'>Orelli.</span> <span class='ocrx_word' id='word_1_332' title='bbox 1208 2846 1408 2895; x_wconf 80' lang='lat' dir='ltr'>contra</span> <span class='ocrx_word' id='word_1_333' title='bbox 1452 2836 1640 2895; x_wconf 83' lang='lat' dir='ltr'>Groti.</span> <span class='ocrx_word' id='word_1_334' title='bbox 1686 2835 1913 2894; x_wconf 87' lang='lat' dir='ltr'>duobus</span> <span class='ocrx_word' id='word_1_335' title='bbox 1953 2836 2114 2911; x_wconf 89' lang='lat' dir='ltr'>locis,</span> <span class='ocrx_word' id='word_1_336' title='bbox 2148 2836 2321 2894; x_wconf 89' lang='lat' dir='ltr'>Prov.</span> <span class='ocrx_word' id='word_1_337' title='bbox 2365 2834 2488 2892; x_wconf 83' lang='lat' dir='ltr'>xxi.</span> <span class='ocrx_word' id='word_1_338' title='bbox 2525 2838 2615 2910; x_wconf 92' lang='lat'>18,</span> <span class='ocrx_word' id='word_1_339' title='bbox 2647 2844 2724 2893; x_wconf 81' lang='lat' dir='ltr'>et·</span> 
     </span>
     <span class='ocr_line' id='line_1_32' title="bbox 287 2914 2704 2992; baseline -0 -21"><span class='ocrx_word' id='word_1_340' title='bbox 287 2914 403 2973; x_wconf 83' lang='lat' dir='ltr'>Isa.</span> <span class='ocrx_word' id='word_1_341' title='bbox 434 2915 579 2974; x_wconf 83' lang='lat' dir='ltr'>xliii.</span> <span class='ocrx_word' id='word_1_342' title='bbox 610 2918 665 2990; x_wconf 90' lang='lat'>3,</span> <span class='ocrx_word' id='word_1_343' title='bbox 694 2916 797 2974; x_wconf 90' lang='lat' dir='ltr'>ubi</span> <span class='ocrx_word' id='word_1_344' title='bbox 824 2916 1055 2973; x_wconf 89' lang='lat' dir='ltr'>videtur</span> <span class='ocrx_word' id='word_1_345' title='bbox 1098 2916 1469 2974; x_wconf 85' lang='lat' dir='ltr'>commutatio</span> <span class='ocrx_word' id='word_1_346' title='bbox 1510 2915 1647 2991; x_wconf 88' lang='lat' dir='ltr'>poni</span> <span class='ocrx_word' id='word_1_347' title='bbox 1677 2914 1800 2971; x_wconf 86' lang='lat' dir='ltr'>sine</span> <span class='ocrx_word' id='word_1_348' title='bbox 1829 2915 2293 2991; x_wconf 89' lang='lat' dir='ltr'>compensatione</span> <span class='ocrx_word' id='word_1_349' title='bbox 2319 2937 2332 2992; x_wconf 75' lang='lat'>5</span> <span class='ocrx_word' id='word_1_350' title='bbox 2379 2914 2528 2971; x_wconf 87' lang='lat' dir='ltr'>Nam</span> <span class='ocrx_word' id='word_1_351' title='bbox 2555 2933 2704 2991; x_wconf 75' lang='lat' dir='ltr'>prae-</span> 
     </span>
     <span class='ocr_line' id='line_1_33' title="bbox 285 2993 2704 3073; baseline 0 -22"><span class='ocrx_word' id='word_1_352' title='bbox 285 3000 547 3071; x_wconf 89' lang='lat' dir='ltr'>terquam</span> <span class='ocrx_word' id='word_1_353' title='bbox 578 2994 735 3071; x_wconf 91' lang='lat' dir='ltr'>quod</span> <span class='ocrx_word' id='word_1_354' title='bbox 760 2995 821 3052; x_wconf 92' lang='lat' dir='ltr'>in</span> <span class='ocrx_word' id='word_1_355' title='bbox 850 3003 1052 3053; x_wconf 89' lang='lat' dir='ltr'>neutro</span> <span class='ocrx_word' id='word_1_356' title='bbox 1080 2994 1328 3052; x_wconf 86' lang='lat' dir='ltr'>habetur</span> <span class='ocrx_word' id='word_1_357' title='bbox 1352 3012 1473 3051; x_wconf 84' lang='lat' dir='ltr'>vox</span> <span class='ocrx_word' id='word_1_358' title='bbox 1502 2994 1786 3073; x_wconf 54' lang='grc' dir='ltr'>ἀντίλυτρον</span> <span class='ocrx_word' id='word_1_359' title='bbox 1806 2993 1878 3051; x_wconf 88' lang='lat' dir='ltr'>de</span> <span class='ocrx_word' id='word_1_360' title='bbox 1901 2994 2068 3071; x_wconf 88' lang='lat' dir='ltr'>cujus</span> <span class='ocrx_word' id='word_1_361' title='bbox 2089 2994 2150 3051; x_wconf 89' lang='lat' dir='ltr'>vi</span> <span class='ocrx_word' id='word_1_362' title='bbox 2179 2994 2507 3070; x_wconf 74' lang='lat' dir='ltr'>quaerimus,</span> <span class='ocrx_word' id='word_1_363' title='bbox 2540 3012 2704 3051; x_wconf 87' lang='lat' dir='ltr'>acee-</span> 
     </span>
     <span class='ocr_line' id='line_1_34' title="bbox 286 3071 2701 3150; baseline 0.002 -21"><span class='ocrx_word' id='word_1_364' title='bbox 286 3071 372 3130; x_wconf 86' lang='lat' dir='ltr'>dit</span> <span class='ocrx_word' id='word_1_365' title='bbox 400 3073 573 3131; x_wconf 87' lang='lat' dir='ltr'>etiam</span> <span class='ocrx_word' id='word_1_366' title='bbox 602 3073 759 3150; x_wconf 90' lang='lat' dir='ltr'>quod</span> <span class='ocrx_word' id='word_1_367' title='bbox 786 3093 902 3131; x_wconf 88' lang='lat' dir='ltr'>non</span> <span class='ocrx_word' id='word_1_368' title='bbox 932 3073 1055 3131; x_wconf 90' lang='lat' dir='ltr'>sine</span> <span class='ocrx_word' id='word_1_369' title='bbox 1084 3073 1548 3149; x_wconf 87' lang='lat' dir='ltr'>compensatione</span> <span class='ocrx_word' id='word_1_370' title='bbox 1571 3072 1766 3149; x_wconf 80' lang='lat' dir='ltr'>aliqua</span> <span class='ocrx_word' id='word_1_371' title='bbox 1786 3072 1897 3131; x_wconf 90' lang='lat' dir='ltr'>hoc</span> <span class='ocrx_word' id='word_1_372' title='bbox 1925 3072 2224 3149; x_wconf 91' lang='lat' dir='ltr'>impletum</span> <span class='ocrx_word' id='word_1_373' title='bbox 2254 3073 2345 3148; x_wconf 85' lang='lat' dir='ltr'>sit,</span> <span class='ocrx_word' id='word_1_374' title='bbox 2376 3092 2508 3132; x_wconf 88' lang='lat' dir='ltr'>cum</span> <span class='ocrx_word' id='word_1_375' title='bbox 2539 3072 2701 3133; x_wconf 88' lang='lat' dir='ltr'>Deus</span> 
     </span>
     <span class='ocr_line' id='line_1_35' title="bbox 284 3150 2702 3231; baseline 0.002 -22"><span class='ocrx_word' id='word_1_376' title='bbox 284 3150 347 3209; x_wconf 89' lang='lat' dir='ltr'>in</span> <span class='ocrx_word' id='word_1_377' title='bbox 376 3152 696 3230; x_wconf 87' lang='lat' dir='ltr'>AEgyptios</span> <span class='ocrx_word' id='word_1_378' title='bbox 724 3161 783 3211; x_wconf 90' lang='lat' dir='ltr'>et</span> <span class='ocrx_word' id='word_1_379' title='bbox 811 3153 957 3211; x_wconf 84' lang='lat' dir='ltr'>alios</span> <span class='ocrx_word' id='word_1_380' title='bbox 984 3152 1229 3230; x_wconf 87' lang='lat' dir='ltr'>populos</span> <span class='ocrx_word' id='word_1_381' title='bbox 1258 3152 1545 3211; x_wconf 87' lang='lat' dir='ltr'>derivaret</span> <span class='ocrx_word' id='word_1_382' title='bbox 1582 3172 1784 3229; x_wconf 85' lang='lat' dir='ltr'>poenas</span> <span class='ocrx_word' id='word_1_383' title='bbox 1828 3172 1972 3229; x_wconf 90' lang='lat' dir='ltr'>quas</span> <span class='ocrx_word' id='word_1_384' title='bbox 2000 3156 2159 3231; x_wconf 89' lang='lat' dir='ltr'>juste</span> <span class='ocrx_word' id='word_1_385' title='bbox 2188 3153 2421 3231; x_wconf 85' lang='lat' dir='ltr'>exigere</span> <span class='ocrx_word' id='word_1_386' title='bbox 2449 3154 2638 3230; x_wconf 87' lang='lat' dir='ltr'>potuit</span> <span class='ocrx_word' id='word_1_387' title='bbox 2666 3176 2702 3213; x_wconf 89' lang='lat' dir='ltr'>a</span> 
     </span>
     <span class='ocr_line' id='line_1_36' title="bbox 281 3232 2697 3313; baseline 0.001 -22"><span class='ocrx_word' id='word_1_388' title='bbox 281 3232 497 3310; x_wconf 89' lang='lat' dir='ltr'>populo</span> <span class='ocrx_word' id='word_1_389' title='bbox 528 3252 649 3309; x_wconf 85' lang='lat' dir='ltr'>su0,</span> <span class='ocrx_word' id='word_1_390' title='bbox 682 3232 784 3292; x_wconf 90' lang='lat' dir='ltr'>sed</span> <span class='ocrx_word' id='word_1_391' title='bbox 812 3252 957 3311; x_wconf 87' lang='lat' dir='ltr'>quas</span> <span class='ocrx_word' id='word_1_392' title='bbox 984 3232 1429 3291; x_wconf 86' lang='lat' dir='ltr'>misericorditer</span> <span class='ocrx_word' id='word_1_393' title='bbox 1458 3232 1517 3289; x_wconf 90' lang='lat' dir='ltr'>in</span> <span class='ocrx_word' id='word_1_394' title='bbox 1546 3232 1692 3291; x_wconf 87' lang='lat' dir='ltr'>alios</span> <span class='ocrx_word' id='word_1_395' title='bbox 1719 3232 2025 3293; x_wconf 55' lang='lat' dir='ltr'>&amp;ausserre</span> <span class='ocrx_word' id='word_1_396' title='bbox 2055 3232 2312 3293; x_wconf 89' lang='lat' dir='ltr'>decrevit</span> <span class='ocrx_word' id='word_1_397' title='bbox 2339 3243 2404 3294; x_wconf 92' lang='lat' dir='ltr'>ut</span> <span class='ocrx_word' id='word_1_398' title='bbox 2433 3234 2541 3312; x_wconf 89' lang='lat' dir='ltr'>ipsi</span> <span class='ocrx_word' id='word_1_399' title='bbox 2569 3255 2697 3313; x_wconf 90' lang='lat' dir='ltr'>par·</span> 
     </span>
     <span class='ocr_line' id='line_1_37' title="bbox 282 3312 2697 3392; baseline 0.002 -22"><span class='ocrx_word' id='word_1_400' title='bbox 282 3321 455 3372; x_wconf 89' lang='lat' dir='ltr'>ceret.</span> <span class='ocrx_word' id='word_1_401' title='bbox 504 3313 601 3373; x_wconf 89' lang='lat' dir='ltr'>Sic</span> <span class='ocrx_word' id='word_1_402' title='bbox 624 3314 836 3392; x_wconf 87' lang='lat' dir='ltr'>quippe</span> <span class='ocrx_word' id='word_1_403' title='bbox 856 3313 1155 3373; x_wconf 87' lang='lat' dir='ltr'>subierunt</span> <span class='ocrx_word' id='word_1_404' title='bbox 1176 3312 1363 3371; x_wconf 89' lang='lat' dir='ltr'>vicem</span> <span class='ocrx_word' id='word_1_405' title='bbox 1387 3332 1548 3371; x_wconf 88' lang='lat' dir='ltr'>suam</span> <span class='ocrx_word' id='word_1_406' title='bbox 1572 3321 1638 3372; x_wconf 91' lang='lat' dir='ltr'>ut</span> <span class='ocrx_word' id='word_1_407' title='bbox 1660 3313 1826 3391; x_wconf 83' lang='lat' dir='ltr'>quasi</span> <span class='ocrx_word' id='word_1_408' title='bbox 1845 3315 2264 3391; x_wconf 87' lang='lat' dir='ltr'>permutatione</span> <span class='ocrx_word' id='word_1_409' title='bbox 2294 3315 2445 3375; x_wconf 86' lang='lat' dir='ltr'>facta</span> <span class='ocrx_word' id='word_1_410' title='bbox 2474 3315 2697 3375; x_wconf 88' lang='lat' dir='ltr'>cladem</span> 
     </span>
     <span class='ocr_line' id='line_1_38' title="bbox 281 3392 2698 3475; baseline 0.002 -23"><span class='ocrx_word' id='word_1_411' title='bbox 281 3412 411 3471; x_wconf 83' lang='lat' dir='ltr'>quae</span> <span class='ocrx_word' id='word_1_412' title='bbox 440 3394 551 3472; x_wconf 91' lang='lat' dir='ltr'>ipsi</span> <span class='ocrx_word' id='word_1_413' title='bbox 579 3394 949 3475; x_wconf 86' lang='lat' dir='ltr'>impendebat</span> <span class='ocrx_word' id='word_1_414' title='bbox 996 3392 1279 3452; x_wconf 88' lang='lat' dir='ltr'>sustinere</span> <span class='ocrx_word' id='word_1_415' title='bbox 1324 3392 1507 3452; x_wconf 89' lang='lat' dir='ltr'>coacti</span> <span class='ocrx_word' id='word_1_416' title='bbox 1550 3392 1782 3469; x_wconf 86' lang='lat' dir='ltr'>fuerint,</span> <span class='ocrx_word' id='word_1_417' title='bbox 1812 3414 1944 3452; x_wconf 87' lang='lat' dir='ltr'>nam</span> <span class='ocrx_word' id='word_1_418' title='bbox 1991 3402 2057 3454; x_wconf 88' lang='lat' dir='ltr'>ut</span> <span class='ocrx_word' id='word_1_419' title='bbox 2095 3396 2250 3455; x_wconf 90' lang='lat' dir='ltr'>hunc</span> <span class='ocrx_word' id='word_1_420' title='bbox 2280 3406 2536 3455; x_wconf 88' lang='lat' dir='ltr'>servaret</span> <span class='ocrx_word' id='word_1_421' title='bbox 2563 3396 2698 3457; x_wconf 90' lang='lat' dir='ltr'>illos</span> 
     </span>
     <span class='ocr_line' id='line_1_39' title="bbox 280 3473 2694 3553; baseline 0.002 -22"><span class='ocrx_word' id='word_1_422' title='bbox 280 3474 547 3551; x_wconf 89' lang='lat' dir='ltr'>perdidit,</span> <span class='ocrx_word' id='word_1_423' title='bbox 580 3475 694 3533; x_wconf 91' lang='lat' dir='ltr'>alio</span> <span class='ocrx_word' id='word_1_424' title='bbox 721 3473 1049 3535; x_wconf 89' lang='lat' dir='ltr'>revocando</span> <span class='ocrx_word' id='word_1_425' title='bbox 1076 3476 1272 3533; x_wconf 88' lang='lat' dir='ltr'>hostes</span> <span class='ocrx_word' id='word_1_426' title='bbox 1300 3474 1398 3550; x_wconf 89' lang='lat' dir='ltr'>qui</span> <span class='ocrx_word' id='word_1_427' title='bbox 1429 3474 1488 3531; x_wconf 91' lang='lat' dir='ltr'>in</span> <span class='ocrx_word' id='word_1_428' title='bbox 1516 3474 1698 3551; x_wconf 90' lang='lat' dir='ltr'>ipsius</span> <span class='ocrx_word' id='word_1_429' title='bbox 1718 3475 2027 3553; x_wconf 88' lang='lat' dir='ltr'>perniciem</span> <span class='ocrx_word' id='word_1_430' title='bbox 2051 3482 2174 3535; x_wconf 93' lang='lat' dir='ltr'>toto</span> <span class='ocrx_word' id='word_1_431' title='bbox 2191 3477 2410 3553; x_wconf 89' lang='lat' dir='ltr'>impetu</span> <span class='ocrx_word' id='word_1_432' title='bbox 2431 3478 2694 3537; x_wconf 88' lang='lat' dir='ltr'>ruebant.</span> 
     </span>
     <span class='ocr_line' id='line_1_40' title="bbox 364 3552 2692 3635; baseline 0.002 -24"><span class='ocrx_word' id='word_1_433' title='bbox 364 3552 685 3615; x_wconf 90' lang='lat' dir='ltr'>XXVIII.</span> <span class='ocrx_word' id='word_1_434' title='bbox 730 3554 827 3613; x_wconf 87' lang='lat' dir='ltr'>Ex</span> <span class='ocrx_word' id='word_1_435' title='bbox 855 3554 1066 3632; x_wconf 88' lang='lat' dir='ltr'>quibus</span> <span class='ocrx_word' id='word_1_436' title='bbox 1086 3554 1212 3628; x_wconf 90' lang='lat' dir='ltr'>jam</span> <span class='ocrx_word' id='word_1_437' title='bbox 1242 3554 1382 3613; x_wconf 87' lang='lat' dir='ltr'>satis</span> <span class='ocrx_word' id='word_1_438' title='bbox 1408 3554 1631 3631; x_wconf 89' lang='lat' dir='ltr'>liquere</span> <span class='ocrx_word' id='word_1_439' title='bbox 1674 3556 2019 3613; x_wconf 86' lang='lat' dir='ltr'>arbitramur</span> <span class='ocrx_word' id='word_1_440' title='bbox 2056 3556 2512 3635; x_wconf 87' lang='lat' dir='ltr'>redemptionem</span> <span class='ocrx_word' id='word_1_441' title='bbox 2563 3577 2692 3634; x_wconf 90' lang='lat' dir='ltr'>pro-</span> 
     </span>
     <span class='ocr_line' id='line_1_41' title="bbox 282 3633 2694 3712; baseline 0.003 -22"><span class='ocrx_word' id='word_1_442' title='bbox 282 3634 404 3709; x_wconf 89' lang='lat' dir='ltr'>prie</span> <span class='ocrx_word' id='word_1_443' title='bbox 433 3633 647 3692; x_wconf 85' lang='lat' dir='ltr'>dictam</span> <span class='ocrx_word' id='word_1_444' title='bbox 676 3642 735 3693; x_wconf 89' lang='lat' dir='ltr'>et</span> <span class='ocrx_word' id='word_1_445' title='bbox 763 3654 877 3693; x_wconf 92' lang='lat' dir='ltr'>non</span> <span class='ocrx_word' id='word_1_446' title='bbox 908 3634 1351 3712; x_wconf 88' lang='lat' dir='ltr'>metaphoricam</span> <span class='ocrx_word' id='word_1_447' title='bbox 1381 3641 1606 3694; x_wconf 86' lang='lat' dir='ltr'>tantum</span> <span class='ocrx_word' id='word_1_448' title='bbox 1636 3635 1730 3693; x_wconf 89' lang='lat' dir='ltr'>hic</span> <span class='ocrx_word' id='word_1_449' title='bbox 1757 3634 1950 3695; x_wconf 89' lang='lat' dir='ltr'>locum</span> <span class='ocrx_word' id='word_1_450' title='bbox 1979 3636 2192 3695; x_wconf 88' lang='lat' dir='ltr'>habere</span> <span class='ocrx_word' id='word_1_451' title='bbox 2222 3636 2430 3696; x_wconf 90' lang='lat' dir='ltr'>debere</span> <span class='ocrx_word' id='word_1_452' title='bbox 2458 3658 2471 3696; x_wconf 76' lang='lat' dir='ltr'><strong><em>z</em></strong></span> <span class='ocrx_word' id='word_1_453' title='bbox 2523 3636 2694 3710; x_wconf 84' lang='lat' dir='ltr'>Quod</span> 
     </span>
     <span class='ocr_line' id='line_1_42' title="bbox 285 3713 2690 3792; baseline 0.002 -22"><span class='ocrx_word' id='word_1_454' title='bbox 285 3721 350 3771; x_wconf 90' lang='lat' dir='ltr'>ut</span> <span class='ocrx_word' id='word_1_455' title='bbox 376 3714 655 3790; x_wconf 88' lang='lat' dir='ltr'>liquidius</span> <span class='ocrx_word' id='word_1_456' title='bbox 682 3714 784 3772; x_wconf 89' lang='lat' dir='ltr'>fiat</span> <span class='ocrx_word' id='word_1_457' title='bbox 813 3713 1235 3775; x_wconf 88' lang='lat' dir='ltr'>observandum</span> <span class='ocrx_word' id='word_1_458' title='bbox 1282 3722 1371 3773; x_wconf 90' lang='lat' dir='ltr'>est</span> <span class='ocrx_word' id='word_1_459' title='bbox 1418 3714 1617 3774; x_wconf 88' lang='lat' dir='ltr'>multis</span> <span class='ocrx_word' id='word_1_460' title='bbox 1665 3714 1854 3774; x_wconf 84' lang='lat' dir='ltr'>modis</span> <span class='ocrx_word' id='word_1_461' title='bbox 1891 3717 2324 3792; x_wconf 81' lang='lat' dir='ltr'>redemptionem</span> <span class='ocrx_word' id='word_1_462' title='bbox 2353 3735 2452 3775; x_wconf 89' lang='lat' dir='ltr'>seu</span> <span class='ocrx_word' id='word_1_463' title='bbox 2481 3715 2690 3775; x_wconf 88' lang='lat' dir='ltr'>libera-</span> 
     </span>
     <span class='ocr_line' id='line_1_43' title="bbox 282 3794 2688 3871; baseline 0.001 -19"><span class='ocrx_word' id='word_1_464' title='bbox 282 3794 497 3852; x_wconf 88' lang='lat' dir='ltr'>tionem</span> <span class='ocrx_word' id='word_1_465' title='bbox 529 3794 887 3871; x_wconf 87' lang='lat' dir='ltr'>captivorum</span> <span class='ocrx_word' id='word_1_466' title='bbox 915 3794 1040 3853; x_wconf 87' lang='lat' dir='ltr'>ficri</span> <span class='ocrx_word' id='word_1_467' title='bbox 1069 3795 1217 3853; x_wconf 89' lang='lat' dir='ltr'>inter</span> <span class='ocrx_word' id='word_1_468' title='bbox 1256 3795 1537 3869; x_wconf 89' lang='lat' dir='ltr'>homines,</span> <span class='ocrx_word' id='word_1_469' title='bbox 1568 3796 1668 3853; x_wconf 87' lang='lat' dir='ltr'>vel</span> <span class='ocrx_word' id='word_1_470' title='bbox 1706 3796 1964 3871; x_wconf 70' lang='lat' dir='ltr'>yratuita</span> <span class='ocrx_word' id='word_1_471' title='bbox 2009 3796 2437 3854; x_wconf 75' lang='lat' dir='ltr'>manumissione</span> <span class='ocrx_word' id='word_1_472' title='bbox 2466 3801 2530 3853; x_wconf 89' lang='lat' dir='ltr'>ut</span> <span class='ocrx_word' id='word_1_473' title='bbox 2559 3816 2688 3855; x_wconf 90' lang='lat' dir='ltr'>cum</span> 
     </span>
     <span class='ocr_line' id='line_1_44' title="bbox 281 3873 2687 3952; baseline 0.001 -20"><span class='ocrx_word' id='word_1_474' title='bbox 281 3873 551 3932; x_wconf 84' lang='lat' dir='ltr'>dominus</span> <span class='ocrx_word' id='word_1_475' title='bbox 578 3873 729 3932; x_wconf 90' lang='lat' dir='ltr'>ultro</span> <span class='ocrx_word' id='word_1_476' title='bbox 757 3874 996 3933; x_wconf 89' lang='lat' dir='ltr'>dimittit</span> <span class='ocrx_word' id='word_1_477' title='bbox 1024 3882 1083 3933; x_wconf 91' lang='lat' dir='ltr'>et</span> <span class='ocrx_word' id='word_1_478' title='bbox 1108 3875 1355 3934; x_wconf 89' lang='lat' dir='ltr'>liberum</span> <span class='ocrx_word' id='word_1_479' title='bbox 1383 3874 1539 3933; x_wconf 85' lang='lat' dir='ltr'>abire</span> <span class='ocrx_word' id='word_1_480' title='bbox 1576 3874 1748 3952; x_wconf 91' lang='lat' dir='ltr'>jubet</span> <span class='ocrx_word' id='word_1_481' title='bbox 1776 3894 2005 3935; x_wconf 90' lang='lat' dir='ltr'>servum</span> <span class='ocrx_word' id='word_1_482' title='bbox 2049 3894 2234 3951; x_wconf 88' lang='lat' dir='ltr'>suum,</span> <span class='ocrx_word' id='word_1_483' title='bbox 2265 3876 2362 3934; x_wconf 89' lang='lat' dir='ltr'>vel</span> <span class='ocrx_word' id='word_1_484' title='bbox 2391 3886 2687 3951; x_wconf 82' lang='lat' dir='ltr'>permuta-</span> 
     </span>
     <span class='ocr_line' id='line_1_45' title="bbox 283 3953 2691 4032; baseline 0.001 -20"><span class='ocrx_word' id='word_1_485' title='bbox 283 3954 429 4012; x_wconf 81' lang='lat' dir='ltr'>tione</span> <span class='ocrx_word' id='word_1_486' title='bbox 454 3960 521 4011; x_wconf 88' lang='lat' dir='ltr'>ut</span> <span class='ocrx_word' id='word_1_487' title='bbox 548 3954 609 4010; x_wconf 88' lang='lat' dir='ltr'>in</span> <span class='ocrx_word' id='word_1_488' title='bbox 636 3953 805 4013; x_wconf 89' lang='lat' dir='ltr'>bellis</span> <span class='ocrx_word' id='word_1_489' title='bbox 835 3973 987 4032; x_wconf 84' lang='lat' dir='ltr'>saepe</span> <span class='ocrx_word' id='word_1_490' title='bbox 1013 3955 1137 4013; x_wconf 87' lang='lat' dir='ltr'>fieri</span> <span class='ocrx_word' id='word_1_491' title='bbox 1168 3955 1332 4029; x_wconf 88' lang='lat' dir='ltr'>solet,</span> <span class='ocrx_word' id='word_1_492' title='bbox 1363 3954 1460 4013; x_wconf 92' lang='lat' dir='ltr'>vel</span> <span class='ocrx_word' id='word_1_493' title='bbox 1486 3954 1728 4014; x_wconf 80' lang='lat' dir='ltr'>violenta</span> <span class='ocrx_word' id='word_1_494' title='bbox 1755 3956 2034 4014; x_wconf 80' lang='lat' dir='ltr'>ablatione</span> <span class='ocrx_word' id='word_1_495' title='bbox 2061 3963 2127 4013; x_wconf 91' lang='lat' dir='ltr'>ut</span> <span class='ocrx_word' id='word_1_496' title='bbox 2155 3974 2286 4014; x_wconf 90' lang='lat' dir='ltr'>cum</span> <span class='ocrx_word' id='word_1_497' title='bbox 2316 3953 2512 4013; x_wconf 88' lang='lat' dir='ltr'>David</span> <span class='ocrx_word' id='word_1_498' title='bbox 2540 3956 2599 4012; x_wconf 89' lang='lat' dir='ltr'>vi</span> <span class='ocrx_word' id='word_1_499' title='bbox 2629 3963 2691 4015; x_wconf 84' lang='lat' dir='ltr'>et</span> 
     </span>
     <span class='ocr_line' id='line_1_46' title="bbox 282 4033 2685 4113; baseline 0.001 -21"><span class='ocrx_word' id='word_1_500' title='bbox 282 4034 457 4092; x_wconf 88' lang='lat' dir='ltr'>armis</span> <span class='ocrx_word' id='word_1_501' title='bbox 486 4052 622 4091; x_wconf 87' lang='lat' dir='ltr'>suos</span> <span class='ocrx_word' id='word_1_502' title='bbox 648 4033 857 4092; x_wconf 87' lang='lat' dir='ltr'>liberat</span> <span class='ocrx_word' id='word_1_503' title='bbox 885 4042 945 4092; x_wconf 89' lang='lat' dir='ltr'>et</span> <span class='ocrx_word' id='word_1_504' title='bbox 970 4042 1269 4113; x_wconf 87' lang='lat' dir='ltr'>recuperat</span> <span class='ocrx_word' id='word_1_505' title='bbox 1310 4054 1385 4093; x_wconf 88' lang='lat' dir='ltr'>ex</span> <span class='ocrx_word' id='word_1_506' title='bbox 1434 4034 1702 4094; x_wconf 89' lang='lat' dir='ltr'>manibus</span> <span class='ocrx_word' id='word_1_507' title='bbox 1731 4034 2212 4110; x_wconf 89' lang='lat' dir='ltr'>Amalekitarum,</span> <span class='ocrx_word' id='word_1_508' title='bbox 2269 4038 2297 4091; x_wconf 97' lang='grc'>1</span> <span class='ocrx_word' id='word_1_509' title='bbox 2335 4034 2488 4094; x_wconf 84' lang='lat' dir='ltr'>Sam.</span> <span class='ocrx_word' id='word_1_510' title='bbox 2519 4056 2685 4113; x_wconf 89' lang='lat' dir='ltr'>xxx.,</span> 
     </span>
     <span class='ocr_line' id='line_1_47' title="bbox 282 4112 2685 4193; baseline 0 -20"><span class='ocrx_word' id='word_1_511' title='bbox 282 4122 341 4173; x_wconf 91' lang='lat' dir='ltr'>et</span> <span class='ocrx_word' id='word_1_512' title='bbox 370 4112 668 4172; x_wconf 89' lang='lat' dir='ltr'>Abraham</span> <span class='ocrx_word' id='word_1_513' title='bbox 700 4112 952 4173; x_wconf 89' lang='lat' dir='ltr'>Lothum</span> <span class='ocrx_word' id='word_1_514' title='bbox 981 4124 1249 4191; x_wconf 89' lang='lat' dir='ltr'>nepotem</span> <span class='ocrx_word' id='word_1_515' title='bbox 1280 4133 1447 4172; x_wconf 86' lang='lat' dir='ltr'>suum</span> <span class='ocrx_word' id='word_1_516' title='bbox 1496 4115 1666 4193; x_wconf 89' lang='lat' dir='ltr'>eripit</span> <span class='ocrx_word' id='word_1_517' title='bbox 1713 4114 1950 4193; x_wconf 88' lang='lat' dir='ltr'>regibus</span> <span class='ocrx_word' id='word_1_518' title='bbox 1997 4113 2314 4191; x_wconf 84' lang='lat' dir='ltr'>Cananaeis,</span> <span class='ocrx_word' id='word_1_519' title='bbox 2365 4114 2512 4174; x_wconf 88' lang='lat' dir='ltr'>Gen.</span> <span class='ocrx_word' id='word_1_520' title='bbox 2543 4116 2685 4192; x_wconf 66' lang='lat' dir='ltr'>xiv„</span> 
     </span>
     <span class='ocr_line' id='line_1_48' title="bbox 281 4194 2687 4272; baseline 0.002 -21"><span class='ocrx_word' id='word_1_521' title='bbox 281 4194 376 4253; x_wconf 90' lang='lat' dir='ltr'>vel</span> <span class='ocrx_word' id='word_1_522' title='bbox 390 4197 555 4269; x_wconf 77' lang='lat' dir='ltr'>justa</span> <span class='ocrx_word' id='word_1_523' title='bbox 581 4194 958 4269; x_wconf 79' lang='lat' dir='ltr'>satisfactione</span> <span class='ocrx_word' id='word_1_524' title='bbox 983 4202 1051 4253; x_wconf 88' lang='lat' dir='ltr'>ut</span> <span class='ocrx_word' id='word_1_525' title='bbox 1078 4194 1383 4272; x_wconf 86' lang='lat' dir='ltr'>fidejussor</span> <span class='ocrx_word' id='word_1_526' title='bbox 1405 4194 1505 4271; x_wconf 91' lang='lat' dir='ltr'>qui</span> <span class='ocrx_word' id='word_1_527' title='bbox 1533 4214 1638 4271; x_wconf 91' lang='lat' dir='ltr'>pro</span> <span class='ocrx_word' id='word_1_528' title='bbox 1667 4194 1925 4253; x_wconf 88' lang='lat' dir='ltr'>debitore</span> <span class='ocrx_word' id='word_1_529' title='bbox 1955 4194 2167 4270; x_wconf 88' lang='lat' dir='ltr'>solvit;</span> <span class='ocrx_word' id='word_1_530' title='bbox 2214 4194 2287 4251; x_wconf 91' lang='lat' dir='ltr'>In</span> <span class='ocrx_word' id='word_1_531' title='bbox 2332 4194 2444 4253; x_wconf 91' lang='lat' dir='ltr'>hoc</span> <span class='ocrx_word' id='word_1_532' title='bbox 2495 4203 2687 4255; x_wconf 89' lang='lat' dir='ltr'>autem</span> 
     </span>
     <span class='ocr_line' id='line_1_49' title="bbox 280 4272 2688 4351; baseline 0.001 -19"><span class='ocrx_word' id='word_1_533' title='bbox 280 4275 515 4351; x_wconf 90' lang='lat' dir='ltr'>negotio</span> <span class='ocrx_word' id='word_1_534' title='bbox 542 4294 651 4332; x_wconf 87' lang='lat' dir='ltr'>nec</span> <span class='ocrx_word' id='word_1_535' title='bbox 674 4274 932 4351; x_wconf 72' lang='lat' dir='ltr'>qratuita</span> <span class='ocrx_word' id='word_1_536' title='bbox 959 4273 1318 4332; x_wconf 77' lang='lat' dir='ltr'>manumissio</span> <span class='ocrx_word' id='word_1_537' title='bbox 1348 4272 1686 4349; x_wconf 88' lang='lat' dir='ltr'>simpliciter</span> <span class='ocrx_word' id='word_1_538' title='bbox 1734 4274 1992 4332; x_wconf 87' lang='lat' dir='ltr'>obtinere</span> <span class='ocrx_word' id='word_1_539' title='bbox 2028 4274 2233 4350; x_wconf 86' lang='lat' dir='ltr'>potuit,</span> <span class='ocrx_word' id='word_1_540' title='bbox 2266 4274 2402 4351; x_wconf 80' lang='lat' dir='ltr'>quia</span> <span class='ocrx_word' id='word_1_541' title='bbox 2429 4274 2472 4333; x_wconf 90' lang='lat' dir='ltr'><strong>J</strong></span> <span class='ocrx_word' id='word_1_542' title='bbox 2475 4276 2688 4335; x_wconf 80' lang='lat' dir='ltr'>ustitiae</span> 
     </span>
     <span class='ocr_line' id='line_1_50' title="bbox 276 4352 2688 4433; baseline 0.001 -20"><span class='ocrx_word' id='word_1_543' title='bbox 276 4354 501 4413; x_wconf 86' lang='lat' dir='ltr'>ultricis</span> <span class='ocrx_word' id='word_1_544' title='bbox 529 4354 676 4413; x_wconf 89' lang='lat' dir='ltr'>ratio</span> <span class='ocrx_word' id='word_1_545' title='bbox 704 4374 820 4411; x_wconf 89' lang='lat' dir='ltr'>non</span> <span class='ocrx_word' id='word_1_546' title='bbox 849 4352 1179 4430; x_wconf 88' lang='lat' dir='ltr'>patiebatur</span> <span class='ocrx_word' id='word_1_547' title='bbox 1226 4352 1458 4429; x_wconf 90' lang='lat' dir='ltr'>impune</span> <span class='ocrx_word' id='word_1_548' title='bbox 1488 4352 1646 4411; x_wconf 87' lang='lat' dir='ltr'>abire</span> <span class='ocrx_word' id='word_1_549' title='bbox 1669 4360 1986 4431; x_wconf 87' lang='lat' dir='ltr'>peccatum,</span> <span class='ocrx_word' id='word_1_550' title='bbox 2030 4372 2138 4412; x_wconf 88' lang='lat' dir='ltr'>nec</span> <span class='ocrx_word' id='word_1_551' title='bbox 2155 4356 2518 4429; x_wconf 78' lang='lat' dir='ltr'>permutatio,</span> <span class='ocrx_word' id='word_1_552' title='bbox 2551 4358 2688 4433; x_wconf 87' lang='lat' dir='ltr'>quia</span> 
     </span>
     <span class='ocr_line' id='line_1_51' title="bbox 280 4431 2688 4513; baseline 0.002 -22"><span class='ocrx_word' id='word_1_553' title='bbox 280 4434 442 4492; x_wconf 89' lang='lat' dir='ltr'>nulla</span> <span class='ocrx_word' id='word_1_554' title='bbox 470 4434 865 4513; x_wconf 88' lang='lat' dir='ltr'>cujuscunque</span> <span class='ocrx_word' id='word_1_555' title='bbox 896 4442 1178 4493; x_wconf 80' lang='lat' dir='ltr'>creaturae</span> <span class='ocrx_word' id='word_1_556' title='bbox 1206 4431 1625 4510; x_wconf 86' lang='lat' dir='ltr'>permutatione</span> <span class='ocrx_word' id='word_1_557' title='bbox 1656 4432 2014 4508; x_wconf 87' lang='lat' dir='ltr'>compensari</span> <span class='ocrx_word' id='word_1_558' title='bbox 2063 4433 2251 4510; x_wconf 85' lang='lat' dir='ltr'>potuit</span> <span class='ocrx_word' id='word_1_559' title='bbox 2281 4433 2407 4491; x_wconf 86' lang='lat' dir='ltr'>Deo</span> <span class='ocrx_word' id='word_1_560' title='bbox 2435 4434 2596 4495; x_wconf 88' lang='lat' dir='ltr'>illata</span> <span class='ocrx_word' id='word_1_561' title='bbox 2614 4438 2688 4496; x_wconf 86' lang='lat' dir='ltr'>ab</span> 
     </span>
     <span class='ocr_line' id='line_1_52' title="bbox 281 4512 2687 4593; baseline 0.002 -22"><span class='ocrx_word' id='word_1_562' title='bbox 281 4514 509 4575; x_wconf 88' lang='lat' dir='ltr'>homine</span> <span class='ocrx_word' id='word_1_563' title='bbox 560 4514 925 4587; x_wconf 84' lang='lat' dir='ltr'>contumelia,</span> <span class='ocrx_word' id='word_1_564' title='bbox 971 4533 1086 4571; x_wconf 90' lang='lat' dir='ltr'>non</span> <span class='ocrx_word' id='word_1_565' title='bbox 1125 4512 1371 4589; x_wconf 89' lang='lat' dir='ltr'>denique</span> <span class='ocrx_word' id='word_1_566' title='bbox 1420 4512 1660 4571; x_wconf 77' lang='lat' dir='ltr'>violenta</span> <span class='ocrx_word' id='word_1_567' title='bbox 1709 4512 1934 4588; x_wconf 79' lang='lat' dir='ltr'>ablatiO,</span> <span class='ocrx_word' id='word_1_568' title='bbox 1982 4532 2308 4591; x_wconf 86' lang='lat' dir='ltr'>quanquam</span> <span class='ocrx_word' id='word_1_569' title='bbox 2359 4515 2511 4573; x_wconf 88' lang='lat' dir='ltr'>enim</span> <span class='ocrx_word' id='word_1_570' title='bbox 2553 4517 2687 4593; x_wconf 88' lang='lat' dir='ltr'>jure</span> 
     </span>
     <span class='ocr_line' id='line_1_53' title="bbox 278 4591 2688 4673; baseline 0.002 -21"><span class='ocrx_word' id='word_1_571' title='bbox 278 4594 433 4653; x_wconf 90' lang='lat' dir='ltr'>bono</span> <span class='ocrx_word' id='word_1_572' title='bbox 462 4595 727 4655; x_wconf 86' lang='lat' dir='ltr'>Christus</span> <span class='ocrx_word' id='word_1_573' title='bbox 754 4594 945 4673; x_wconf 90' lang='lat' dir='ltr'>potuit</span> <span class='ocrx_word' id='word_1_574' title='bbox 971 4593 1223 4671; x_wconf 73' lang='lat' dir='ltr'>praedam</span> <span class='ocrx_word' id='word_1_575' title='bbox 1253 4612 1415 4651; x_wconf 85' lang='lat' dir='ltr'>suam</span> <span class='ocrx_word' id='word_1_576' title='bbox 1458 4591 1689 4653; x_wconf 91' lang='lat' dir='ltr'>diabolo</span> <span class='ocrx_word' id='word_1_577' title='bbox 1719 4594 1936 4671; x_wconf 89' lang='lat' dir='ltr'>eripere</span> <span class='ocrx_word' id='word_1_578' title='bbox 1966 4614 2138 4671; x_wconf 80' lang='lat' dir='ltr'>quam</span> <span class='ocrx_word' id='word_1_579' title='bbox 2169 4594 2264 4654; x_wconf 89' lang='lat' dir='ltr'>ille</span> <span class='ocrx_word' id='word_1_580' title='bbox 2293 4594 2492 4654; x_wconf 87' lang='lat' dir='ltr'>fraude</span> <span class='ocrx_word' id='word_1_581' title='bbox 2535 4598 2688 4657; x_wconf 87' lang='lat' dir='ltr'>mala</span> 
     </span>
    </p>
   </div>
   <div class='ocr_carea' id='block_1_5' title="bbox 280 4674 2685 4814">
    <p class='ocr_par' dir='ltr' id='par_1_5' title="bbox 280 4674 2685 4814">
     <span class='ocr_line' id='line_1_54' title="bbox 280 4674 2685 4814; baseline 0.002 -82"><span class='ocrx_word' id='word_1_582' title='bbox 280 4674 391 4733; x_wconf 85' lang='lat' dir='ltr'>sibi</span> <span class='ocrx_word' id='word_1_583' title='bbox 421 4674 839 4752; x_wconf 88' lang='lat' dir='ltr'>vindicaverat,</span> <span class='ocrx_word' id='word_1_584' title='bbox 870 4694 988 4734; x_wconf 89' lang='lat' dir='ltr'>non</span> <span class='ocrx_word' id='word_1_585' title='bbox 1015 4674 1205 4754; x_wconf 90' lang='lat' dir='ltr'>potuit</span> <span class='ocrx_word' id='word_1_586' title='bbox 1230 4680 1425 4734; x_wconf 85' lang='lat' dir='ltr'>tamen</span> <span class='ocrx_word' id='word_1_587' title='bbox 1474 4693 1542 4733; x_wconf 92' lang='lat' dir='ltr'>eo</span> <span class='ocrx_word' id='word_1_588' title='bbox 1587 4674 1761 4734; x_wconf 88' lang='lat' dir='ltr'>modo</span> <span class='ocrx_word' id='word_1_589' title='bbox 1793 4676 1919 4733; x_wconf 87' lang='lat' dir='ltr'>Deo</span> <span class='ocrx_word' id='word_1_590' title='bbox 1949 4675 2304 4735; x_wconf 86' lang='lat' dir='ltr'>reconciliari</span> <span class='ocrx_word' id='word_1_591' title='bbox 2327 4676 2504 4814; x_wconf 72' lang='lat' dir='ltr'>l210mo</span> <span class='ocrx_word' id='word_1_592' title='bbox 2531 4677 2685 4738; x_wconf 80' lang='lat' dir='ltr'>laesae</span> 
     </span>
     <span class='ocr_line' id='line_1_55' title="bbox 2407 4775 2442 4814; baseline 0 0"><span class='ocrx_word' id='word_1_593' title='bbox 2407 4775 2442 4814; x_wconf 67' lang='grc' dir='ltr'>ε·</span> 
     </span>
    </p>
   </div>
  </div>
 </body>
</html>
