3234 5192
517 310 634 366 582
1094 322 1172 362 ns
1202 309 1683 364 sauss-Acmona
1712 321 1945 364 cmus‘rr
1974 319 2291 362 vsmrxrs.
2459 299 2719 380 [maror.
2752 323 2931 364 xvnr.

519 474 707 526 stante
739 465 1092 542 Sacerdotio,
1123 486 1258 525 nam
1275 464 1435 525 aliud
1462 473 1551 523 est
1578 463 1777 542 perfici
1804 473 1865 524 et
1903 464 2177 542 compleri
2216 463 2571 523 functionem
2600 464 2929 523 sacerdota-

517 546 652 620 lem,
683 545 842 604 aliud
869 547 1143 622 inchoari,
1173 567 1290 606 non
1317 545 1506 624 potuit
1533 545 1767 623 quidem
1789 545 1949 622 prius
1968 544 2093 602 fieri
2114 553 2301 604 stante
2330 545 2493 604 cultu
2512 543 2794 620 Levitico,
2826 545 2933 603 sed

521 627 668 685 nihil
691 627 884 685 obstat
910 627 1219 703 quominus
1241 626 1364 685 veri
1407 625 1725 684 sacerdotis
1752 624 1971 684 functio
1998 625 2277 702 inceperit
2306 633 2495 684 stante
2524 623 2713 682 adhuc
2742 643 2931 684 sacer·

522 706 682 766 dotio
709 707 924 784 typice.
972 707 1198 766 Deinde
1225 705 1386 765 aliud
1413 714 1503 764 est
1529 703 1733 764 offerre
1763 704 1824 762 in
1852 713 2021 779 terra,
2042 704 2201 763 aliud
2226 713 2461 782 peracta
2488 705 2779 763 oblatione
2806 725 2929 763 ma·

521 807 658 846 nere
687 787 748 844 in
775 796 943 855 terra,
977 788 1186 863 Apost.
1214 807 1333 845 non
1377 785 1535 858 dicit,
1585 785 1650 843 Si
1692 785 1955 844 Christus
1994 785 2299 844 obtulisset
2341 785 2403 842 in
2432 793 2601 860 terra,
2630 803 2749 842 non
2776 794 2933 844 esset

524 866 810 942 sacerdos,
847 866 968 941 sed,
1005 867 1067 926 Si
1087 866 1350 925 Christus
1371 865 1679 925 mansisset
1705 866 1767 922 in
1794 874 1962 940 terra,
1988 865 2036 922 si
2056 884 2173 924 non
2194 863 2551 924 consedisset
2568 865 2644 923 ad
2664 864 2931 924 dextram

526 947 734 1021 Patris,
759 967 830 1006 ne
861 947 1128 1005 sacerdos
1157 946 1390 1023 quidem
1413 955 1583 1020 esset,
1609 965 1727 1004 non
1755 953 1844 1004 est
1862 946 2015 1003 enim
2044 943 2313 1004 sacerdos
2329 948 2431 1022 qui
2460 945 2650 1022 coepit,
2684 945 2787 1003 sed
2813 965 2930 1003 non

523 1026 774 1086 absolvit
801 1025 1084 1085 actionem
1129 1025 1560 1084 sacerdotalem.

606 1106 904 1165 XXXII.
949 1105 1186 1181 Quarto,
1213 1105 1418 1185 Objic.,
1447 1103 1731 1165 Sacerdos
1746 1113 1945 1164 noster
1965 1103 2165 1164 debuit
2185 1105 2473 1164 sublimior
2492 1106 2639 1164 caeltk
2650 1107 2792 1185 fieri
2812 1129 2825 1166 :
2856 1106 2927 1164 E.

525 1187 720 1264 quoad
747 1186 1046 1245 sublimior
1073 1186 1236 1244 coelis
1263 1185 1449 1245 factus
1477 1193 1566 1244 est
1608 1184 1965 1244 sacerdotem
1992 1205 2119 1244 esse
2147 1195 2408 1244 nostrum
2434 1204 2553 1243 non
2581 1184 2791 1262 decuit,
2823 1205 2929 1245 nec

527 1287 695 1345 porro
725 1266 866 1344 fuit;
901 1267 1070 1325 Prius
1091 1274 1250 1343 patet
1279 1287 1354 1325 ex
1385 1265 1539 1324 Heb.
1569 1265 1671 1323 vii.
1702 1267 1801 1342 26,
1827 1265 2046 1324 “Talis
2064 1285 2170 1324 nos
2187 1265 2431 1324 decebat
2461 1265 2749 1340 Pontifex,
2780 1266 2926 1344 pius,

527 1347 822 1424 innocens,
871 1355 1168 1424 separatus
1217 1367 1252 1406 a
1291 1346 1711 1424 peccatoribus,
1742 1345 2041 1404 sublimior
2078 1345 2241 1404 coelis
2285 1345 2526 1404 factus.’‘
2570 1345 2765 1424 Resp.,
2815 1345 2931 1414 Sed

528 1427 689 1486 nulla
717 1429 812 1486 hic
839 1446 1112 1504 consequ.
1157 1425 1342 1485 Aliud
1389 1435 1478 1485 est
1527 1425 1869 1484 Pontificem
1915 1434 2175 1484 nostrum
2224 1425 2494 1484 debuisse
2536 1426 2929 1485 sublimiorem

527 1507 691 1566 coelis
731 1507 856 1566 fieri
903 1507 1041 1585 quia
1083 1507 1144 1564 in
1192 1506 1353 1565 coelis
1381 1505 1711 1583 peragenda
1747 1505 2010 1582 quaedam
2041 1525 2143 1584 pro
2165 1506 2333 1564 nobis
2358 1505 2578 1578 habuit,
2611 1506 2792 1566 Aliud
2842 1515 2933 1565 est

531 1586 871 1647 Pontificem
920 1607 1036 1644 non
1066 1586 1244 1645 fuisse
1271 1586 1381 1645 nisi
1423 1595 1727 1663 postquam
1760 1586 2061 1645 sublimior
2088 1585 2251 1644 coelis
2280 1585 2463 1644 factus
2490 1593 2594 1659 est,
2626 1586 2795 1645 Prius
2824 1606 2931 1664 ag·

527 1667 820 1725 noscimus
847 1686 978 1724 cum
1010 1665 1218 1743 Apost.
1265 1665 1369 1724 sed
1416 1685 1533 1724 non
1581 1666 1885 1742 posterius.
1953 1666 2051 1724 Sic
2097 1665 2359 1724 Levitico
2388 1665 2668 1724 sacerdoti
2694 1665 2934 1723 fuerunt

528 1745 793 1823 quaedam
823 1745 882 1802 in
904 1747 1229 1805 sanctuario
1255 1745 1604 1822 peragenda,
1630 1746 1760 1822 quis
1788 1755 1978 1804 tamen
2010 1745 2223 1804 dixerit
2242 1764 2369 1803 eum
2398 1764 2513 1802 non
2532 1744 2710 1802 fuisse
2737 1763 2931 1803 sacer—

530 1826 741 1901 dotem,
789 1845 966 1903 quum
1012 1846 1081 1884 ea
1123 1845 1254 1903 quae
1293 1825 1607 1884 sacerdotis
1657 1833 1792 1884 sunt
1818 1834 1987 1884 extra
2014 1825 2397 1884 sanctuarium
2424 1826 2769 1902 perageret?
2808 1843 2935 1882 non

531 1907 602 1964 E.
633 1909 862 1983 quando
891 1905 1130 1984 coeperit
1157 1925 1284 1965 esse
1314 1904 1604 1980 Pontifex,
1651 1904 1753 1963 sed
1780 1905 1939 1983 quod
1969 1905 2241 1964 Pontifex
2268 1925 2382 1963 non
2410 1903 2667 1963 debuerit
2692 1923 2933 1963 manere

529 1987 590 2045 in
619 1987 788 2045 terris
816 1985 920 2046 sed
941 1986 1230 2045 oblatione
1258 1986 1412 2044 facta
1439 1985 1739 2045 sublimior
1766 1985 1929 2045 coelis
1950 1985 2091 2062 fieri,
2116 1985 2286 2045 docet
2308 1985 2515 2062 Apost.
2546 1983 2711 2042 Alias
2722 2003 2935 2061 seque-

527 2076 687 2127 retur
713 2067 887 2126 etiam
909 2065 1068 2144 pium
1097 2076 1155 2126 et
1182 2066 1547 2145 impollutum
1575 2086 1692 2124 non
1719 2065 1897 2125 fuisse
1918 2075 2226 2143 antequam
2248 2065 2411 2124 coelis
2434 2063 2727 2124 sublimior
2744 2063 2935 2140 fieret,

531 2147 686 2226 quod
716 2166 890 2225 quam
919 2148 996 2208 sit
1021 2147 1334 2207 absurdum
1363 2166 1531 2206 nemo
1553 2167 1669 2205 non
1699 2145 1877 2206 videt.

617 2227 945 2286 XXXIII.
977 2227 1210 2302 Quium,
1243 2227 1449 2304 Objic.,
1479 2227 1542 2285 Si
1572 2226 1835 2286 Christus
1862 2234 2045 2286 morte
2064 2247 2169 2286 sua
2190 2225 2540 2285 oblationem
2567 2233 2627 2284 et
2652 2223 2939 2302 expiatio-

531 2327 664 2366 nem
711 2307 1060 2384 perfecisset,
1107 2327 1224 2364 non
1271 2326 1417 2382 opus
1461 2306 1664 2364 fuisset
1691 2305 1767 2364 ad
1794 2326 1920 2364 eam
1948 2306 2334 2382 peragendam
2366 2326 2427 2364 se
2455 2307 2515 2363 in
2544 2304 2707 2364 coelis
2744 2304 2937 2362 denuo

531 2385 752 2460 offerre,
784 2387 872 2444 At
898 2405 1044 2462 opus
1071 2385 1180 2443 fuit
1207 2405 1338 2444 eum
1367 2384 1428 2442 in
1455 2384 1617 2443 coelis
1646 2385 1835 2443 denuo
1857 2384 2047 2442 offerri
2076 2385 2149 2442 ad
2178 2405 2304 2442 eam
2342 2385 2768 2462 perficiendam,
2798 2382 2939 2460 quia

529 2466 732 2525 debuit
759 2483 820 2523 se
849 2465 1051 2523 sistere
1098 2484 1202 2541 pro
1231 2463 1399 2521 nobis
1427 2463 1488 2521 in
1519 2463 1631 2521 Dei
1674 2471 1985 2540 conspectu
2014 2463 2089 2521 ad
2132 2463 2631 2540 interpellandum,
2666 2464 2820 2523 Heb.
2850 2465 2934 2521 ix.

531 2549 627 2621 24,
647 2543 806 2622 quod
832 2544 958 2602 fieri
985 2563 1102 2602 non
1129 2542 1317 2620 potuit
1337 2543 1461 2601 sine
1491 2543 1580 2602 sui
1601 2543 1911 2602 oblatione.
1944 2541 2139 2620 Resp.,
2165 2543 2314 2620 Neg.
2338 2543 2475 2601 min.
2506 2543 2636 2602 Etsi
2660 2545 2811 2603 enim
2834 2543 2933 2602 de·

517 2617 722 2685 buerit
749 2645 812 2683 se
840 2625 1042 2684 sistere
1087 2623 1352 2682 Christus
1397 2642 1589 2681 coram
1619 2623 1748 2682 Deo
1786 2623 1847 2682 in
1875 2622 2054 2699 coelis,
2085 2643 2201 2682 non
2230 2624 2341 2681 hoc
2369 2623 2570 2682 debuit
2596 2633 2664 2684 ut
2690 2624 2934 2684 oblatio·

530 2726 665 2765 nem
692 2705 1020 2765 inchoatam
1062 2712 1164 2764 aut
1189 2702 1580 2780 imperfectam
1624 2701 1939 2781 perficeret,
1973 2704 2239 2762 absoluta
2264 2703 2419 2762 enim
2440 2703 2567 2776 fuit,
2596 2713 2663 2763 ut
2690 2713 2937 2764 testatus

533 2795 622 2846 est
648 2787 710 2845 in
739 2806 924 2862 cruce,
955 2784 1058 2844 sed
1079 2793 1202 2844 tum
1222 2794 1289 2843 ut
1309 2783 1525 2844 veritas
1546 2792 1691 2862 typo
1709 2783 2098 2862 responderet,
2119 2793 2243 2843 tum
2264 2792 2330 2844 ut
2346 2783 2734 2861 expiationem
2756 2784 2940 2843 semel

531 2867 742 2928 factam
786 2868 847 2925 in
893 2866 1063 2927 terris
1109 2884 1213 2942 per
1247 2874 1508 2939 mortem,
1537 2864 1598 2922 in
1642 2864 1803 2923 coelis
1831 2883 2061 2942 quoque
2088 2873 2272 2924 ratam
2298 2863 2511 2923 faceret
2538 2872 2597 2923 et
2624 2865 2942 2942 applicaret

531 2968 636 3026 per
662 2947 974 3007 efficaciam
1002 2945 1448 3005 intercessionis.
1497 2945 1783 3020 Secund0,
1816 2943 2185 3004 confunditur
2226 2945 2532 3020 ἔμφαηηιὶς
2562 2944 2775 3004 Christi
2804 2963 2940 3004 cum

533 3029 663 3105 ejus
702 3031 927 3106 ἱλασμρ.
973 3027 1236 3086 Christus
1277 3025 1478 3084 debuit
1517 3025 1751 3103 quidem
1795 3045 2123 3103 comparere
2165 3045 2357 3084 coram
2400 3026 2528 3085 Deo
2569 3025 2629 3082 in
2672 3024 2835 3084 coelis
2860 3024 2940 3082 ad

533 3107 1022 3180 intercedendum,
1069 3106 1172 3164 sed
1213 3125 1332 3164 non
1371 3104 1572 3165 debuit
1612 3114 1917 3183 propterea
1957 3124 2019 3164 se
2061 3103 2264 3164 offerre
2306 3105 2382 3164 ad
2442 3104 2833 3183 expiandum;
2879 3113 2941 3163 et

535 3185 745 3262 Apost.
789 3187 900 3243 hoc
952 3186 1082 3260 ipso
1136 3185 1266 3243 loco
1307 3186 1723 3260 apparitionem
1767 3185 1841 3245 ab
1884 3187 2159 3245 oblatione
2198 3185 2498 3244 manifeste
2548 3193 2793 3263 separat,
2835 3205 2938 3244 ne·

531 3273 635 3341 gat
674 3264 826 3322 enim
869 3263 1160 3322 Christum
1203 3284 1474 3341 apparere
1517 3273 1582 3324 ut
1636 3285 1699 3323 se
1742 3265 1952 3343 saepius
1994 3265 2213 3325 offerat.
2258 3267 2328 3324 E.
2372 3265 2652 3342 apparitio
2693 3285 2809 3323 non
2830 3272 2944 3324 -est

533 3343 748 3402 oblatio
791 3363 866 3401 ex
906 3351 1098 3402 mente
1141 3342 1390 3419 Apost.;
1435 3344 1651 3403 oblatio
1680 3344 1790 3404 fuit
1830 3347 2016 3420 unica,
2063 3345 2166 3405 sed
2206 3346 2484 3422 apparitio
2526 3353 2615 3403 est
2646 3345 2937 3420 continua,

533 3423 748 3482 oblatio
791 3429 1044 3496 cruenta,
1088 3423 1369 3498 apparitio
1411 3423 1681 3499 gloriosa,
1728 3425 1943 3484 oblatio
2002 3425 2076 3484 ad
2135 3427 2362 3500 ἱλασμὸν,
2408 3424 2687 3506 apparitio
2736 3425 2813 3483 ad
2866 3423 2939 3482 3,-

530 3507 701 3576 πυξιν.
745 3503 841 3562 Ex
867 3501 1079 3580 quibus
1099 3503 1222 3579 jam
1251 3502 1434 3578 liquet
1464 3501 1755 3562 Christum
1784 3524 1900 3562 non
1928 3505 1989 3562 in
2018 3505 2180 3564 coelis
2208 3515 2448 3578 tantum,
2480 3504 2584 3563 sed
2612 3513 2671 3564 et
2696 3505 2757 3563 in
2786 3513 2943 3564 terra

531 3605 668 3644 vere
714 3583 1070 3676 sacerdotem
1119 3581 1313 3657 fuisse,
1345 3590 1402 3640 et
1450 3582 1678 3660 proprie
1723 3583 1936 3642 dictam
1980 3585 2331 3644 oblationem
2375 3605 2477 3644 seu
2506 3584 2847 3644 sacrificium
2878 3585 2941 3642 in

534 3685 702 3724 cruce
763 3684 858 3723 ere
904 3682 1035 3722 isse.

615 3685 937 3804 xlfxlfif.
983 3743 1271 3819 Quaeritur
1299 3743 1570 3820 secund0,
1603 3744 1705 3802 An
1733 3743 1927 3802 omnia
1954 3745 2090 3805 Vet.
2121 3745 2279 3804 Test.
2310 3744 2591 3804 sacrificia
2617 3745 2941 3822 expiatoria

531 3824 744 3885 fuerint
771 3825 898 3902 typi
947 3823 1212 3882 sacrificii
1241 3823 1472 3898 Christi,
1524 3844 1600 3882 an
1648 3825 1913 3902 quaedam
1942 3828 2206 3884 tantum?
2248 3823 2589 3884 Adversarii
2616 3837 2683 3885 ut
2709 3825 2940 3884 facilius

533 3925 594 3964 se
623 3905 936 3983 expediant
984 3904 1057 3963 ab
1099 3925 1168 3963 eo
1197 3911 1537 3981 argumento
1579 3904 1737 3981 quod
1764 3904 1979 3982 petitur
2026 3925 2063 3964 a
2091 3905 2385 3964 sacrificiis
2426 3905 2553 3964 istis
2582 3905 2937 3984 expiatoriis,

531 3986 898 4064 respondent,
931 3984 1063 4043 Non
1091 3985 1282 4044 omnia
1301 3984 1426 4042 baec
1449 3985 1731 4043 sacrificia
1748 3985 2039 4045 Christum
2058 3987 2399 4064 respexisse,
2426 3985 2529 4044 sed
2557 3986 2680 4044 sola
2706 3985 2945 4062 publica

530 4075 590 4125 et
631 4065 1026 4124 anniversaria
1051 4085 1086 4122 a
1114 4084 1336 4123 summo
1368 4063 1651 4124 Pontificc
1679 4065 1890 4140 oblata,
1910 4076 1969 4125 ct
1998 4085 2239 4142 quorum
2268 4067 2507 4143 sanguis
2534 4066 2597 4123 in
2626 4073 2823 4124 sancta
2850 4067 2941 4124 in-

531 4145 837 4222 ferebatur,
869 4154 1076 4204 caetera
1117 4163 1255 4202 vero
1305 4143 1627 4221 spiritualia
1668 4153 1867 4204 nostra
1908 4145 2189 4204 sacrificia
2228 4145 2622 4206 adumbrasse.
2707 4145 2946 4204 Diserta

533 4234 668 4286 sunt
720 4225 916 4285 Socini
958 4224 1154 4300 verba,
1201 4244 1256 4301 p.
1289 4229 1344 4298 2,
1396 4244 1446 4282 c.
1477 4226 1532 4298 9,
1579 4227 1614 4259 “
1639 4224 1829 4299 Quare
1878 4244 2057 4302 quum
2100 4246 2217 4285 non
2266 4227 2458 4285 omnia
2486 4225 2767 4285 sacrificia
2791 4226 2948 4304 legis

529 4305 796 4382 quamvis
825 4325 928 4382 pro
959 4313 1193 4382 peccato
1221 4304 1374 4363 facta
1403 4305 1617 4364 Christi
1648 4306 1819 4365 morti
1845 4315 2118 4383 tanquam
2150 4307 2342 4384 imago
2370 4307 2601 4365 veritati
2630 4306 2943 4383 responde—

531 4391 670 4442 ant:
712 4404 829 4444 non
859 4383 1052 4442 omnia
1079 4393 1321 4442 mortem
1353 4384 1568 4444 Christi
1593 4385 1941 4462 figurabant,
1974 4387 2075 4445 sed
2106 4387 2293 4464 figura
2319 4387 2521 4445 mortis
2542 4385 2755 4444 Christi
2776 4396 2949 4446 erant

531 4463 928 4520 tantummodo
981 4463 1264 4522 sacrificia
1307 4464 1408 4522 illa
1454 4485 1585 4542 quse
1625 4466 1872 4543 publice,
1904 4476 1963 4525 et
1990 4468 2157 4527 statis
2209 4466 2557 4544 quibusdam
2586 4464 2948 4542 temporibus

533 4539 766 4610 fiebant,
815 4541 1132 4617 praesertim
1177 4562 1316 4601 vero
1361 4544 1507 4603 illud
1555 4545 1714 4622 quod
1758 4546 1937 4605 semel
1980 4547 2039 4604 in
2084 4567 2235 4605 anno
2282 4565 2540 4606 summus
2582 4545 2855 4604 sacerdos
2882 4546 2949 4604 in

537 4619 749 4677 Sancta
783 4617 1122 4678 Sanctorum
1151 4621 1482 4697 ingrediens
1526 4625 1859 4700 peragebat,
1891 4623 1999 4684 ἕω.
2086 4627 2154 4684 In
2199 4627 2311 4684 hoc
2340 4626 2519 4702 igitur
2547 4625 2847 4702 sacrificiO,
2877 4635 2949 4686 ut
