3234 5192
358 375 587 421 msru‘r.
618 353 709 432 aa]
1292 349 1372 391 ns
1416 341 1720 388 sensnm-r.
1748 335 1940 378 inuno,
2654 301 2770 359 377

364 521 505 582 talia
550 514 929 601 instrumenta
970 494 1283 562 adhibebat
1330 492 1392 550 in
1436 455 2786 628 §gnummffirfftzssatetejgigtliiiiuiffige’sffilpuznffi

369 617 565 740 &di-12:1¹
548 577 1377 742 ngdzziffitigrssrgldilpotitadliiia
1404 585 1736 708 Βοῗιίῗὲιιο
1763 635 2152 700 conditionem
2179 629 2254 687 ab
2281 626 2354 684 iis
2383 619 2657 696 exigebat
2683 614 2786 693 qui

376 759 567 822 sanari
594 752 887 824 volebant,
918 764 1033 822 qua
1060 738 1288 798 sublata
1312 731 1475 792 nulla
1494 727 1702 788 morsis
1725 739 1858 800 spes
1885 735 2012 776 esse
2039 717 2266 804 poterat
2294 701 2518 794 salutis:
2604 698 2786 755 Caete·

379 837 905 1002 agiafg'qgffirztpr
920 815 1860 965 gupugffigpldzgnguzzimum
1909 875 2160 954 spatium
2215 883 2494 942 occupare
2549 856 2750 917 debuit
2765 858 2793 914 Ρ

388 995 747 1078 Responderi
774 995 983 1070 potest,
1013 984 1097 1042 ita
1122 981 1185 1038 in
1232 977 1413 1036 altum
1460 970 1752 1061 elevatum
1795 961 1974 1020 fuisse
2019 958 2339 1046 serpentem
2369 945 2429 1002 in
2457 939 2648 1000 medio
2669 955 2797 1078 ‹za-sl:

386 1092 623 1153 trorum,
654 1083 721 1135 ιιι
748 1093 783 1130 a
810 1065 1023 1148 populo
1050 1081 1175 1153 non·
1210 1075 1363 1147 aegre
1407 1067 1664 1143 conspici
1709 1049 1942 1122 posset;
1987 1035 2066 1094 Et
2114 1053 2167 1124 ⁸¹.
2191 1049 2292 1107 qui
2319 1039 2698 1161 nonipossenl
2727 1038 2802 1156 ab

388 1165 511 1224 lum
540 1153 751 1216 intueri
778 1157 1012 1227 propter
1037 1143 1274 1200 nimiam
1303 1135 1656 1203 distantiam,
1685 1127 1951 1204 poterant
1979 1129 2244 1194 proprius
2280 1125 2416 1167 acce
2459 1123 2572 1177 ere,
2603 1119 2676 1158 ve

393 1241 525 1301 aliis
553 1232 778 1304 deferri,
808 1235 874 1286 ut
900 1244 1033 1284 eum
1058 1223 1434 1281 intuerentur.

483 1313 691 1381 xm..
718 1309 885 1377 uiae
918 1285 1746 1380 mosffisummsci·
1790 1341 1880 1398 ,21
2023 1283 2201 1310 ““““““
2226 1262 2668 1410 Ῥ“““6ξ;οζξξ
2695 1263 2814 1390 3333

400 1410 668 1481 serpente
695 1407 1098 1477 argumentum
1124 1407 1319 1477 Petere
1346 1421 1451 1480 Pro
1492 1402 1654 1462 enlm
1681 1403 2017 1480 imaginum.
2103 1404 2256 1462 Nam
2295 1413 2438 1463 certi
2611 1415 2670 1470 in
2713 1413 2818 1470 ob-

400 1483 713 1543 conflatum
741 1480 919 1538 fuisse
946 1488 1013 1539 ιιι
1038 1479 1387 1557 adoraretur,
1419 1482 1523 1541 sed
1565 1491 1790 1543 tantum
1834 1493 1902 1542 ut
1943 1484 2402 1562 conspiceretur;
2447 1504 2561 1543 non
2641 1499 2672 1538 a
2695 1511 2818 1548 «um

392 1565 617 1643 jectum
644 1561 851 1636 cultus,
883 1559 985 1620 sed
1012 1569 1235 1621 tantum
1266 1563 1784 1640 contemplationis,
1829 1583 1964 1622 nam
2007 1585 2318 1642 progressu
2360 1566 2650 1642 temporis,
2729 1577 2818 1637 us,

404 1643 687 1704 Israelita».
716 1641 965 1702 suffitum
1008 1641 1095 1701 illi
1123 1643 1435 1720 adolerent,
1469 1644 1752 1704 Ezechias
1771 1643 1951 1717 jussit
1993 1665 2124 1704 eum
2170 1645 2498 1722 comminui,
2549 1655 2614 1705 ιιι
2640 1648 2814 1708 babe-

405 1733 516 1800 tur,
549 1727 585 1783 2
618 1725 765 1800 Reg.
794 1722 960 1780 xviii.
990 1726 1045 1799 4,
1068 1743 1141 1781 ne
1170 1723 1227 1782 in
1246 1733 1538 1801 posterum
1568 1745 1638 1783 eo
1665 1724 1742 1783 ad
1769 1725 2152 1784 idololatriam
2181 1726 2556 1786 abuterentur
2583 1727 2814 1788 Israeli·
2893 1722 2967 1763 ’χ

406 1813 500 1881 tae,
536 1807 572 1837 ‘⁶
594 1806 731 1882 Ipse
758 1802 1005 1862 removit
1032 1803 1280 1880 excelsa,
1312 1813 1371 1864 et
1399 1805 1684 1883 confregit
1713 1814 1952 1881 statuas,
1983 1814 2040 1864 et
2061 1806 2280 1866 excidit
2305 1808 2488 1880 lucos,
2517 1816 2576 1866 et
2603 1811 2816 1867 contri·
2971 1767 3137 1866 N.

407 1886 497 1944 vit
524 1893 845 1962 serpentem
875 1903 1097 1942 aeneum
1120 1903 1289 1962 quem
1308 1884 1523 1944 fecerat
1550 1887 1766 1961 Moses,
1798 1887 1936 1963 quia
1963 1886 2038 1944 ad
2080 1886 2212 1946 illos
2239 1906 2424 1964 usque
2454 1887 2580 1946 dies
2608 1889 2817 1948 Israel·
3141 1864 3234 1929 χ

408 1965 507 2026 itae
536 1965 841 2024 suffiebant
878 1963 948 2038 ei,
980 1971 1040 2021 et
1068 1963 1301 2023 vocavit
1328 1984 1459 2023 eum
1490 1965 1862 2025 Nechustan”
1892 1987 1996 2043 per
2021 1974 2391 2043 contemtum,
2433 1976 2500 2026 ut
2525 1979 2822 2028 notaretur

408 2046 557 2104 nihil
585 2065 711 2104 esse
738 2044 853 2103 nisi
880 2063 976 2117 aes,
1002 2043 1159 2119 quod
1178 2044 1323 2102 nihil
1352 2044 1581 2120 virium,
1611 2045 1758 2104 nihil
1777 2045 1918 2123 opis,
1951 2055 2010 2105 et
2037 2047 2182 2104 nihil
2211 2047 2534 2106 divinitatis
2561 2049 2816 2126 haberet,

412 2147 481 2185 ac
508 2125 749 2204 proinde
778 2143 965 2202 neque
994 2123 1211 2180 divinis
1236 2123 1553 2183 honoribus
1580 2133 1734 2183 esset
1777 2126 2160 2185 afficiendum.
2245 2127 2366 2186 Nec
2415 2128 2526 2186 hoc
2553 2127 2821 2188 dissimu-

408 2207 531 2264 lare
560 2211 871 2282 potuerunt
921 2202 1167 2260 Lorinus
1216 2213 1275 2262 et
1304 2203 1587 2280 VasqueS,
1639 2205 1738 2280 qui
1787 2205 2054 2289 fatentur,
2115 2216 2438 2284 serpentem
2487 2207 2662 2266 istum
2705 2229 2822 2268 non

412 2285 591 2344 fuisse
617 2283 973 2361 propositum
1020 2282 1093 2340 ad
1139 2283 1551 2359 adorationem,
1590 2285 1694 2344 sed
1729 2293 1954 2346 tantum
2001 2286 2078 2344 ad
2127 2288 2687 2366 contemplationem,
2715 2310 2824 2349 nec

411 2385 666 2442 unquam
696 2373 951 2441 tempore
972 2363 1159 2422 Mosis
1185 2363 1363 2424 fuisse
1391 2364 1714 2425 adoratum.

1021 2443 1203 2504 XIV.
1249 2445 1445 2524 Atque
1468 2446 1593 2506 hoee
1622 2445 1694 2505 de
1723 2448 1891 2525 Typo
1913 2447 2070 2507 dicta
2091 2456 2280 2507 sunto.
2365 2449 2534 2508 Nunc
2557 2448 2632 2508 ad
2653 2475 2823 2508 mn-

415 2525 707 2598 mysterium
768 2538 894 2596 ,Μ’
937 2527 1005 2586 σὺ
1032 2544 1135 2584 seu
1180 2527 1522 2604 mysterium
1569 2527 1678 2586 sub
1721 2528 1832 2586 hac
1874 2528 2064 2606 figura
2097 2537 2430 2588 contentum
2476 2529 2826 2589 veniendum

474 2591 781 2702 ξῗίζῖξηξω
814 2597 891 2628 ‘³¹‘
936 2614 1043 2666 est.
1130 2605 1296 2666 Licet
1336 2607 1489 2667 enim
1539 2607 1710 2666 facile
1759 2609 2162 2680 concedamus,
2212 2610 2550 2668 miraculum
2596 2610 2706 2668 hoc
2737 2611 2827 2668 Is·

940 2686 1176 2746 raelitas
1203 2688 1547 2764 respexisse,
1590 2686 1894 2764 Deumque
1938 2689 1998 2746 in
2026 2708 2095 2746 eo
2137 2689 2301 2746 varia
2341 2689 2686 2747 documenta
2727 2688 2825 2746 de-

422 2769 596 2844 disse,
627 2788 757 2847 quae
786 2768 883 2826 vel
926 2767 1001 2824 ad
1028 2767 1251 2843 peccati
1279 2768 1628 2843 gravitatem
1657 2767 2089 2842 ostendendam,
2121 2768 2219 2826 vel
2245 2767 2323 2825 ad
2341 2768 2585 2843 justitias
2614 2768 2828 2826 divinae

423 2849 791 2909 severitatem
840 2845 1283 2924 agnoscendam,
1329 2845 1427 2904 vel
1468 2845 1543 2902 ad
1590 2845 2000 2904 misericordiae
2043 2854 2102 2904 et
2129 2847 2330 2922 gratioe
2371 2846 2830 2921 magnitudinem

424 2927 829 2988 celebrandam
874 2925 1128 2998 faciunt3
1174 2924 1414 2983 dubium
1456 2933 1650 2982 tamen
1693 2941 1810 2980 non
1839 2931 1944 2997 est,
1989 2924 2131 3000 quin
2173 2924 2522 3002 peculiarem
2564 2925 2833 2984 habuerit

426 3008 592 3084 σχίσιν
618 3006 693 3064 ad
734 3005 1075 3081 mysterium
1100 3003 1337 3079 aliquod
1368 3003 1805 3078 Evangelicum,
1835 3003 1993 3080 quod
2021 3021 2128 3061 nos
2161 3005 2222 3060 in
2249 3002 2358 3060 hac
2398 3002 2586 3077 figura
2626 3002 2832 3064 docere

425 3087 631 3145 voluit.
717 3085 795 3142 Et
824 3083 873 3142 si
903 3084 1165 3141 Christus
1206 3083 1330 3158 ipse
1372 3083 1483 3139 hoc
1508 3081 1679 3139 nobis
1705 3101 1822 3140 non
1870 3082 2170 3158 revelaret,
2201 3090 2268 3140 ut
2309 3081 2448 3140 facit
2496 3082 2828 3161 clarissime,

426 3168 471 3226 J
473 3167 568 3226 oh.
597 3165 679 3224 iii.
704 3167 795 3239 14,
832 3166 924 3237 15,
972 3165 1009 3195 “
1035 3163 1199 3221 Sicut
1240 3161 1497 3236 Moses,’'
1548 3161 1754 3238 inquit,
1803 3164 1840 3196 ‘⁴
1861 3161 2116 3222 elevavit
2143 3169 2464 3240 serpentem
2495 3163 2555 3220 in
2585 3163 2829 3241 deserto,

429 3247 525 3306 Ita
552 3253 778 3324 oportet
808 3244 1022 3302 Filium
1052 3241 1303 3300 hominis
1330 3242 1561 3318 elevari,
1593 3250 1660 3300 ut
1685 3242 1950 3320 quisquis
1979 3242 2162 3301 credit
2188 3244 2250 3300 in
2277 3262 2426 3318 eum,
2457 3263 2574 3302 non
2614 3254 2828 3322 pereat,

430 3327 533 3387 sed
562 3326 773 3385 habeat
800 3325 981 3382 vitam
1010 3331 1282 3381 aeternam
1303 3323 1361 3397 ;’'
1396 3323 1547 3382 Satis
1576 3331 1772 3382 tamen
1799 3324 1882 3381 rei
1910 3323 2092 3400 ipsius
2119 3331 2326 3383 natura
2367 3325 2480 3384 hoe
2521 3325 2831 3386 evinceret.

430 3409 549 3467 Cur
588 3407 742 3466 enim
787 3405 949 3464 Deus
995 3403 1203 3462 mirum
1251 3403 1362 3461 hoc
1410 3411 1469 3462 et
1496 3402 2015 3463 extraordinarium
2051 3404 2292 3463 remedii
2331 3424 2514 3482 genus
2559 3405 2832 3466 adhibere

429 3487 727 3561 voluisset,
754 3486 803 3544 si
830 3484 1055 3544 nullum
1086 3483 1265 3541 alium
1303 3483 1477 3542 finem
1524 3484 1636 3542 sibi
1675 3485 2084 3562 proposuisset,
2117 3505 2290 3563 quam
2321 3485 2676 3545 sanationem
2704 3487 2834 3545 vul-

429 3575 757 3626 neratorum
778 3568 807 3624 ⁶?
864 3564 961 3622 An
992 3563 1322 3640 verisimile,
1350 3565 1688 3641 sapientiam
1719 3565 1845 3642 ejus
1873 3565 2510 3643 incomprehensibilem
2537 3586 2659 3624 rem
2688 3567 2834 3626 adeo

434 3647 743 3706 absurdam
770 3653 829 3704 et
856 3665 891 3702 a
918 3644 1139 3703 ratione
1183 3645 1428 3703 alienam
1472 3644 1747 3704 adhibere
1775 3646 2047 3722 voluisse,
2094 3646 2146 3705 si
2185 3646 2334 3705 nihil
2359 3645 2520 3704 aliud
2566 3644 2832 3723 intendit,

434 3745 607 3803 quam
634 3725 959 3803 prospicere
988 3724 1227 3783 medelas
1270 3725 1681 3800 Israelitarum‚
1711 3745 1820 3785 nec
1859 3726 2102 3785 ulterius
2150 3727 2370 3805 aliquid
2413 3725 2719 3784 sublimius
2745 3745 2834 3784 re-

434 3806 721 3884 spexisset
739 3809 768 3865 ⁶?
854 3805 1021 3864 Idem
1050 3825 1189 3882 ergo
1234 3805 1329 3863 hic
1376 3805 1684 3864 observare
1712 3807 1866 3882 lieet,
1897 3806 2053 3884 quod
2081 3807 2142 3864 in
2170 3807 2300 3866 aliis
2349 3805 2704 3864 caeremoniis
2751 3805 2834 3864 le-

434 3887 665 3964 galibus
692 3907 809 3945 non
836 3886 1035 3964 paucis
1064 3885 1328 3961 occurrit,
1358 3894 1427 3944 ut
1472 3907 1670 3946 earum
1711 3887 1992 3946 rationem
2021 3887 2124 3945 vix
2165 3886 2406 3946 reddere
2433 3885 2738 3963 possimus,
2785 3887 2836 3944 si

434 3968 495 4024 in
521 3967 763 4026 historia
788 3966 915 4045 ipsa
942 3974 1000 4025 et
1026 3973 1168 4043 typo
1188 3985 1503 4042 manemus,
1535 3987 1644 4025 nec
1685 3967 1761 4025 ad
1787 3968 2091 4026 veritatem
2119 3976 2178 4027 et
2217 3967 2544 4044 antitypum
2573 3965 2834 4024 ascendi-

432 4067 578 4123 mus,
610 4069 669 4106 v.
699 4066 757 4124 g.
788 4067 890 4106 cur
939 4047 1099 4104 Deus
1140 4046 1329 4105 voluit
1374 4054 1571 4116 postes
1599 4047 1998 4106 Israelitarum
2045 4047 2276 4124 aspergi
2321 4046 2620 4124 sanguine,
2651 4054 2718 4105 ut
2761 4047 2834 4106 ab

432 4128 644 4205 angelo
672 4128 1195 4186 internoscerentur
1236 4126 1311 4184 ab
1353 4127 1674 4206 AEgyptiis,
1705 4127 1872 4203 quasi
1915 4126 2158 4204 angelus
2187 4127 2310 4186 sine
2353 4125 2465 4184 hoc
2511 4125 2677 4202 signo
2719 4145 2837 4185 non

430 4209 715 4288 potuisset
743 4209 881 4266 satis
909 4208 1231 4266 discernere
1266 4206 1469 4265 domos
1496 4215 1888 4283 utrorumque.
1973 4205 2089 4265 Sed
2130 4207 2214 4264 ita
2238 4225 2516 4282 magnum
2549 4205 2837 4284 Redemp-

432 4289 610 4347 tionis
637 4287 977 4366 mysterium
1004 4286 1283 4364 retegitur
1309 4285 1643 4359 clarissime,
1667 4295 1734 4344 ut
1761 4291 1986 4344 constet
2013 4286 2296 4363 sanguine
2324 4285 2378 4344 A
2387 4285 2489 4364 gni
2524 4285 2634 4344 Dei
2663 4286 2838 4346 corda

432 4378 632 4428 nostra
650 4389 776 4428 esse
804 4367 1177 4445 aspergenda,
1198 4375 1263 4424 ut
1280 4385 1315 4423 a
1331 4384 1502 4444 poena
1530 4368 1810 4446 ὅλοθςιυτοῦ
1835 4373 1893 4424 et
1905 4365 2150 4441 justitiae
2171 4365 2384 4425 divinae
2411 4385 2588 4426 manu
2607 4367 2841 4427 liberari

434 4451 741 4527 possimus.
826 4449 921 4506 Ita
962 4467 1067 4505 cur
1110 4465 1344 4522 serpens
1386 4445 1628 4522 erigitur
1671 4445 1746 4503 ad
1793 4443 2107 4504 remedium
2155 4446 2346 4524 plagae
2396 4447 2790 4508 Israeliten-um
2810 4453 2840 4508 ?

437 4529 555 4589 Cur
582 4531 707 4608 ejus
737 4528 979 4588 intuitus
1007 4533 1173 4585 sanat
1192 4529 1221 4584 ?
1304 4523 1437 4583 Hoc
1476 4544 1593 4583 non
1645 4527 1768 4584 sinc
1811 4525 2032 4585 ratione
2079 4527 2330 4587 mirabili
2381 4527 2595 4588 factum
2637 4530 2840 4606 procul

436 4608 615 4668 dubio
643 4630 679 4667 a
709 4607 976 4679 Domino,
1010 4605 1112 4664 sed
1134 4624 1395 4681 quaenam
1425 4606 1525 4663 illa
1562 4605 1655 4681 sit,
1687 4605 1962 4685 quicquid
2003 4607 2200 4668 Judaei
2242 4609 2521 4684 adferant,
2545 4629 2839 4686 nunquam

438 4697 834 4766 assequentur,
866 4686 975 4746 nisi
1007 4686 1295 4746 Christum
1341 4685 1685 4763 intueamur,
1725 4687 1826 4766 qui
1853 4695 1918 4746 ut
1945 4689 2172 4748 consilii
2219 4689 2402 4749 divini
2433 4699 2491 4748 et
2519 4690 2594 4749 V.
2625 4689 2693 4748 Τ.
2739 4689 2837 4746 In-
