3234 5192
297 356 528 400 msru‘r.
558 337 699 418 xm]
851 356 929 396 ns
959 353 1441 397 sarrsrao'rloms
1466 354 1704 395 cflms‘m
1732 355 2152 396 nncsssr'ra'rs.
2585 341 2702 399 431

298 500 403 560 sed
423 519 550 558 eam
580 499 771 558 denuo
798 498 915 556 imo
943 498 1118 574 longe
1146 495 1459 556 feliciorem
1486 516 1591 573 per
1616 497 2093 556 resurrectionem
2139 500 2520 575 recuperavit,
2549 499 2707 576 unde

296 581 443 640 nihil
470 582 579 638 hac
608 580 668 637 in
696 588 859 656 parte
886 579 1155 637 obstabat
1182 577 1489 653 quominus
1517 577 1646 635 loeo
1668 585 1867 636 nostro
1895 578 2168 636 substitui
2205 587 2419 655 posset.

378 661 518 719 XL.
568 660 683 718 Sed
725 661 776 718 si
818 660 941 717 hoec
980 677 1136 715 verse
1178 677 1295 715 non
1336 665 1473 716 sunt
1514 676 1704 715 causae
1731 677 1967 735 propter
2007 677 2152 734 quas
2207 659 2544 719 substitutio
2573 679 2706 737 quse

296 741 365 801 fit
390 741 452 798 in
480 741 677 799 debito
704 737 1035 817 pecuniario
1063 738 1279 815 pariter
1302 737 1366 795 in
1393 757 1565 813 poena
1592 739 1877 813 corporali
1901 739 2094 796 locum
2123 738 2334 797 habere
2363 759 2479 797 non
2499 741 2702 816 possit,

298 821 591 899 quodnam
621 840 761 897 ergo
791 837 992 877 verum
1020 819 1131 877 erit
1172 816 1499 892 discrimen,
1551 817 1778 894 inquies
1805 820 1833 874 Ρ
1916 817 2220 893 Nimirum,
2265 819 2468 896 prim0,
2519 821 2706 879 homi-

298 921 403 960 nes
452 920 569 958 non
622 921 819 977 parem
867 898 1083 956 habent
1126 897 1188 955 in
1236 917 1445 974 corpus
1490 917 1559 955 ae
1599 897 1903 974 pecuniam
1929 907 2290 975 potestatem,
2323 899 2540 958 domini
2571 907 2708 959 sunt

296 981 574 1059 pecuniae,
608 981 709 1038 sed
732 1000 850 1037 non
877 979 1014 1036 vitae
1044 997 1180 1051 suae,
1216 979 1251 1009 “
1273 997 1442 1036 nemo
1471 977 1624 1035 enim
1655 977 1768 1036 sibi
1795 977 1944 1036 vivit
1961 979 2055 1036 vel
2078 979 2186 1036 sibi
2209 980 2508 1056 moritur,”
2535 981 2706 1040 Rom.

299 1062 423 1120 xiv.
455 1066 509 1135 7,
540 1061 735 1138 itaque
766 1060 837 1118 de
860 1079 929 1117 ea
956 1077 1071 1116 non
1115 1065 1359 1135 possunt
1404 1076 1509 1134 pro
1538 1056 1776 1115 arbitrio
1805 1066 2056 1116 statuere
2085 1059 2144 1116 in
2174 1060 2418 1136 gratiam
2447 1061 2705 1121 alteriuS.

302 1141 529 1200 Deinde
578 1140 639 1198 in
686 1139 811 1198 foro
837 1140 1089 1198 humano
1130 1137 1361 1215 judices
1388 1157 1463 1195 ex
1490 1136 1738 1195 formula
1771 1137 2035 1214 judicare
2084 1139 2312 1214 debent,
2362 1160 2550 1218 neque
2579 1163 2708 1202 eam

301 1221 636 1298 dispensare
683 1228 875 1296 potest
920 1219 1033 1276 nisi
1062 1236 1321 1276 summus
1367 1217 1634 1295 princeps
1671 1225 1731 1276 et
1756 1218 2162 1296 magistratus3
2209 1220 2354 1280 Cum
2377 1241 2516 1299 ergo
2548 1223 2710 1282 Deus

304 1299 774 1376 subrogationem
828 1299 978 1358 hanc
1020 1296 1205 1356 cuivis
1248 1316 1365 1354 non
1409 1299 1704 1373 permittat
1749 1298 2110 1374 gravissimis
2158 1298 2230 1358 de
2285 1302 2492 1376 causiS,
2551 1311 2706 1362 certe

302 1400 433 1440 eam
486 1378 933 1456 haudquaquam
987 1377 1085 1436 vel
1132 1377 1433 1436 admittere
1462 1375 1630 1436 facile
1659 1377 1757 1435 vel
1802 1378 2046 1437 tolerare
2095 1378 2324 1439 debent.
2405 1381 2707 1441 Postremo

303 1460 366 1518 in
422 1459 707 1518 solutione
761 1457 1092 1536 pecuniaria
1144 1457 1305 1516 nulla
1358 1456 1425 1516 fit
1478 1457 1748 1534 cuiquam
1794 1457 2023 1534 injuria,
2079 1459 2365 1537 siquidem
2404 1460 2713 1539 fidejussor

305 1548 509 1617 sponte
566 1559 671 1597 sua
718 1547 777 1597 et
830 1559 865 1596 a
918 1537 1146 1596 nemine
1202 1545 1436 1596 coactus
1484 1555 1766 1596 summam
1813 1537 2066 1615 aliquam
2115 1540 2282 1616 cujus
2323 1549 2414 1600 est
2441 1540 2711 1602 dominus

304 1619 627 1697 dependere
682 1618 948 1695 voluerit,
1006 1625 1068 1676 at
1118 1617 1215 1676 hio
1255 1625 1638 1696 praeterquam
1682 1617 1840 1694 quod
1879 1619 2052 1678 homo
2099 1619 2322 1679 involat
2365 1621 2425 1678 in
2446 1623 2548 1698 jus
2577 1622 2709 1700 Dei,

302 1699 674 1758 memorabile
722 1699 895 1758 etiam
944 1698 1351 1758 detrimentum
1371 1697 1589 1775 patitur
1612 1699 1794 1756 totius
1835 1699 2040 1758 mundi
2070 1701 2412 1776 respublica,
2444 1701 2582 1760 dum
2610 1723 2712 1762 no-

306 1789 472 1840 cente
514 1780 753 1838 dimisso
792 1788 850 1838 et
885 1779 1071 1838 inulto
1109 1786 1378 1838 manente
1407 1779 1626 1855 optimo
1665 1786 1723 1837 et
1761 1779 2165 1838 honestissimo
2204 1781 2332 1840 cive
2368 1781 2586 1858 privari
2613 1803 2710 1842 co-

306 1861 479 1938 gitur,
510 1868 684 1937 atque
712 1860 795 1918 ita
834 1879 952 1918 non
987 1879 1250 1937 repressa
1288 1857 1391 1917 sed
1428 1866 1597 1917 aucta
1634 1858 1828 1934 potius
1871 1859 2104 1919 videtur
2139 1861 2419 1938 peccandi
2457 1862 2710 1922 licentia.

306 1941 393 2000 At
420 1941 470 1998 si
497 1941 629 2016 quis
655 1940 1000 2017 reperiretur
1047 1939 1146 2016 qui
1188 1939 1457 1997 dominus
1485 1939 1872 1997 membrorum
1901 1959 2132 1998 suorum
2163 1950 2366 2018 sponte
2395 1961 2458 2000 se
2486 1942 2562 2000 ad
2588 1963 2712 2020 poe·-

306 2040 440 2078 nam
470 2019 715 2094 offerret,
739 2038 920 2096 eaque
942 2018 1156 2078 virtute
1184 2019 1427 2095 polleret
1447 2024 1514 2077 ut
1538 2038 1658 2075 non
1683 2018 1856 2077 modo
1885 2029 2129 2079 mortem
2149 2019 2274 2097 ipse
2303 2041 2589 2098 superare,
2611 2023 2716 2082 sed

306 2109 367 2160 et
392 2107 724 2178 peccatores
751 2099 829 2156 ad
854 2099 1150 2156 meliorem
1167 2097 1393 2174 frugem
1415 2096 1688 2156 reducere
1710 2106 1922 2173 posset,
1947 2099 2094 2156 nihil
2121 2100 2378 2159 obstaret
2404 2102 2714 2178 quominus

308 2181 359 2239 is
413 2201 490 2238 ex
545 2179 797 2256 supremi
852 2176 1225 2254 magistratus
1280 2177 1511 2235 decreto
1554 2176 1762 2234 vadem
1811 2196 1872 2235 se
1900 2197 2004 2254 pro
2049 2179 2164 2238 alio
2193 2179 2438 2256 sisteret,
2469 2182 2626 2258 quod
2653 2183 2715 2240 in

310 2260 539 2318 Christo
569 2257 889 2316 obtinuisse
907 2257 1151 2334 jamjam
1172 2255 1618 2316 demonstraturi
1641 2275 1859 2316 sumus.

392 2339 567 2397 XLI.
644 2337 810 2396 Licet
877 2345 1069 2395 autem
1138 2337 1315 2396 nullae
1370 2337 1469 2396 vel
1522 2336 1846 2415 principum
1897 2337 2062 2416 leges
2115 2339 2212 2398 vel
2269 2340 2716 2402 consuetudines

308 2420 651 2498 populorum
693 2417 1161 2494 subrogationem
1216 2418 1365 2476 hanc
1420 2417 1808 2490 ostenderent,
1863 2437 1982 2478 non
2034 2427 2337 2498 propterea
2391 2429 2585 2480 tamen
2629 2423 2716 2480 in-

302 2499 547 2576 justitiae
577 2498 901 2558 accusanda
928 2505 1081 2557 esset
1108 2498 1475 2558 sanctissima
1500 2498 1603 2558 illa
1631 2499 1743 2559 Dei
1773 2499 2143 2578 dispensatio,
2176 2501 2418 2578 impium
2445 2503 2600 2561 enim
2629 2511 2720 2562 est

308 2581 381 2640 de
437 2579 875 2657 Redemptionis
922 2578 1199 2656 mysterio
1246 2579 1521 2657 gentibus
1566 2579 1772 2656 ignoto
1815 2599 1892 2638 ex
1945 2580 2070 2639 foro
2103 2582 2305 2640 mundi
2334 2591 2393 2641 et
2420 2583 2718 2642 hominum

309 2660 723 2720 consuetudine
752 2660 1146 2737 pronunciare,
1178 2679 1309 2718 cum
1339 2659 1603 2718 Christus
1631 2681 1748 2720 non
1776 2659 1932 2719 dicat
1977 2663 2011 2692 “
2031 2661 2160 2738 Ego
2189 2681 2318 2720 sum
2345 2662 2596 2722 mundus
2624 2663 2722 2722 vel

309 2741 683 2815 eonsuetud0‚
714 2740 819 2799 sed
846 2759 957 2816 ego
986 2759 1114 2798 sum
1142 2740 1256 2813 via,
1286 2740 1520 2814 veritas,
1552 2747 1611 2798 et
1638 2740 1820 2811 vita,''
1851 2739 2040 2815 inquit
2068 2741 2297 2817 Cypria.
2329 2741 2460 2800 Viae
2485 2742 2722 2800 Domini

308 2841 425 2880 non
482 2833 615 2880 sunt
662 2820 813 2879 sicut
864 2820 978 2876 vise
1033 2826 1261 2894 nostrae,
1292 2838 1399 2877 nec
1454 2817 1505 2876 si
1546 2817 1878 2876 hominibus
1917 2818 2200 2877 nonlicet
2226 2820 2498 2879 continuo
2527 2841 2562 2878 a
2593 2823 2720 2880 Deo

308 2901 435 2960 fieri
478 2920 596 2958 non
644 2898 855 2972 decet3
900 2898 1156 2974 Disting.
1207 2916 1347 2972 ergo
1376 2901 1587 2971 forum,
1605 2899 1714 2956 soli
1738 2904 1798 2954 et
1808 2899 2010 2970 sorum
2049 2899 2189 2972 poli,
2219 2899 2282 2954 in
2307 2898 2411 2956 illo
2439 2901 2719 2959 substitu-

310 2981 393 3038 tio
447 2979 572 3036 dari
621 2977 920 3036 commode
974 2995 1092 3034 non
1145 2984 1338 3053 potest
1390 2984 1625 3052 propter
1678 2975 1932 3033 rationes
1975 2975 2149 3044 modo
2177 2977 2400 3051 allatas,
2431 2985 2492 3036 at
2519 2977 2580 3034 in
2608 2979 2720 3039 hoc

310 3077 488 3136 penes
521 3058 709 3115 Deum
736 3057 882 3114 nihil
904 3055 1113 3114 obstat.
1156 3055 1383 3113 Rursus
1409 3055 1525 3113 alia
1552 3062 1642 3113 est
1667 3074 1872 3113 norma
1909 3057 2108 3113 veteris
2131 3056 2386 3131 faederis,
2419 3057 2534 3114 alia
2559 3060 2693 3118 novi
2696 3084 2721 3133 ;

310 3138 471 3198 aliud
496 3137 785 3196 Judicium
813 3135 1044 3212 Leqale,
1076 3133 1236 3192 aliud
1262 3135 1685 3210 Evanyelicum,
1712 3133 1841 3192 Lex
1869 3134 2338 3194 substitutionem
2365 3136 2524 3195 illam
2553 3139 2718 3216 igno-

312 3225 416 3295 rat,
468 3217 573 3278 sed
628 3215 997 3292 evangelium
1049 3213 1325 3292 patefacit
1380 3223 1439 3273 et
1484 3213 1724 3290 revelat,
1779 3214 1904 3273 Lex
1931 3215 2171 3292 praecise
2200 3224 2259 3275 et
2285 3217 2555 3294 primario
2585 3239 2718 3278 son-

310 3308 429 3360 tem
476 3299 667 3377 ipsum
692 3296 965 3375 postulat,
1014 3295 1119 3354 sed
1150 3295 1251 3372 jus
1278 3294 1569 3373 evangelii
1610 3295 1837 3373 ἐπιεικείᾳ
1876 3303 2254 3373 temperatum
2291 3298 2503 3356 vadem
2529 3309 2742 3378 potest-

312 3380 631 3439 admittere.
677 3377 823 3436 Cum
866 3394 1006 3453 ergo
1051 3375 1123 3434 de
1172 3375 1583 3452 redemptionis
1640 3395 1809 3454 opere
1864 3376 2116 3434 mirabili
2156 3397 2273 3436 non
2323 3397 2396 3436 ex
2428 3379 2586 3458 Lege
2617 3381 2721 3440 sed

310 3479 387 3520 ex
416 3459 721 3537 evangelio
771 3457 847 3516 sit
896 3454 1279 3529 statuendum,
1323 3455 1531 3514 mirum
1576 3456 1763 3514 videri
1817 3476 1933 3514 non
1969 3455 2142 3516 debet
2169 3457 2218 3517 si
2247 3459 2581 3520 substitutio
2611 3462 2720 3520 sub

314 3541 473 3618 Lege
502 3539 765 3598 inaudita
804 3537 901 3595 hic
945 3535 1255 3610 doceatur3
1301 3536 1587 3595 Caeterum
1612 3536 1754 3595 licet
1782 3538 1908 3595 Lex
1937 3557 2012 3596 ex
2042 3557 2105 3596 se
2133 3546 2190 3597 et
2217 3547 2423 3598 natura
2451 3561 2557 3599 sua
2584 3542 2718 3600 sub-

310 3621 672 3698 rogationem
720 3618 879 3675 illam
928 3635 1045 3674 non
1092 3624 1389 3694 proponat,
1436 3635 1553 3674 non
1596 3617 1858 3676 excludit
1885 3625 2078 3676 tamen
2104 3619 2202 3676 vel
2229 3619 2472 3696 impedit
2498 3621 2719 3679 miseri-

313 3701 567 3759 cordiam
616 3699 680 3755 in
728 3696 1053 3774 Evangelio
1100 3695 1445 3774 patefactam
1492 3717 1607 3774 qua
1648 3705 1869 3756 reatum
1897 3707 2263 3776 peccatorum
2303 3707 2630 3758 nostrorum
2657 3701 2722 3760 in

316 3780 531 3838 Filium
558 3777 867 3837 transferre
896 3777 1171 3836 decrevit.
1202 3777 1297 3835 Ita
1323 3776 1433 3836 erit
1452 3777 1687 3854 quidem
1704 3787 1924 3854 proeter
1951 3786 2009 3838 et
2029 3799 2226 3854 supra,
2246 3779 2350 3838 sed
2377 3799 2495 3837 non
2523 3790 2722 3840 contra

316 3859 553 3934 Legem,
584 3877 713 3916 cum
742 3857 832 3915 illi
858 3857 1087 3916 abunde
1116 3857 1472 3917 satisfactum
1502 3857 1578 3916 sit
1602 3877 1708 3935 per
1733 3858 2092 3935 fidejussoris
2113 3858 2476 3918 solutionem.

396 3939 605 3998 XLII.
670 3937 819 4013 Quia
866 3957 1004 3996 vero
1058 3937 1195 3996 huie
1251 3937 1552 3996 sententiae
1601 3958 1719 3997 non
1774 3938 2249 3998 consuetudinem
2296 3947 2522 3998 tantum
2577 3960 2720 4016 gen-

312 4020 457 4078 tium
488 4019 592 4078 sed
638 4018 827 4096 ipsum
885 4018 996 4076 Dei
1025 4017 1267 4077 verbum
1323 4025 1637 4096 opponunt,
1695 4039 1764 4077 ac
1811 4018 2091 4096 imprimis
2129 4019 2243 4078 duo
2285 4018 2414 4077 loca
2453 4019 2718 4098 illustria,

316 4099 488 4159 Deut.
535 4097 701 4157 xxiv.
756 4101 849 4174 16,
900 4107 959 4158 et
1008 4099 1221 4157 Ezech.
1250 4098 1415 4156 xviii.
1446 4101 1502 4174 4,
1534 4099 1747 4175 quibus
1776 4106 1834 4157 et
1881 4098 2054 4156 alieni
2081 4099 2304 4175 peccati
2330 4099 2636 4176 imputatio
2664 4111 2721 4161 et

312 4180 486 4239 unius
538 4180 601 4237 in
656 4179 893 4238 alterius
946 4181 1139 4238 locum
1184 4179 1519 4238 substitutio
1568 4178 1840 4238 videntur
1881 4187 2076 4255 aperte
2105 4177 2341 4254 destrui,
2373 4199 2562 4255 operae
2589 4202 2719 4259 pre-

312 4261 455 4319 tium
498 4268 588 4319 est
627 4267 695 4318 ut
734 4260 845 4318 hoc
888 4258 1165 4337 quicquid
1204 4266 1293 4317 est
1335 4259 1660 4335 argumenti
1722 4257 1894 4335 paulo
1937 4258 2276 4334 diligentius
2317 4259 2718 4324 excutiamus:

312 4341 709 4400 Vexatissima
749 4340 903 4399 enim
947 4349 1081 4398 sunt
1127 4339 1257 4397 loca
1285 4347 1344 4396 et
1371 4339 1583 4414 quibus
1608 4357 1728 4395 non
1766 4337 1944 4395 semel
1983 4338 2150 4396 abusi
2178 4347 2312 4397 sunt
2338 4339 2596 4399 haeretici
2623 4345 2721 4402 vel

313 4419 389 4479 ad
436 4420 895 4498 impugnandam
938 4419 1161 4496 peccati
1204 4418 1581 4494 propaginem
1618 4424 1678 4475 et
1723 4417 2177 4494 imputationem,
2209 4418 2304 4477 vel
2353 4418 2428 4477 ad
2457 4431 2718 4482 everten-

312 4500 447 4559 dam
474 4521 775 4578 poenarum
804 4501 865 4557 in
895 4498 1187 4558 Christum
1224 4497 1698 4572 translationem;
1741 4506 1943 4556 notum
1981 4508 2070 4557 est
2113 4519 2188 4557 ex
2230 4500 2566 4577 Augustino
2608 4505 2719 4565 Ju-

310 4580 527 4640 lianum
586 4589 939 4658 caeterosque
983 4577 1329 4656 Pelagianos
1376 4577 1488 4636 hoc
1535 4585 1826 4654 postremo
1873 4585 2148 4656 tanquam
2190 4580 2502 4641 fortissimo
2531 4604 2720 4646 causas

314 4679 434 4720 suae
476 4662 839 4721 firmamento
888 4658 1241 4736 triumphare
1289 4657 1491 4718 solitos
1533 4658 1712 4718 fuisse
1741 4659 1950 4737 etipse
1979 4661 2356 4738 quaestionem
2383 4663 2722 4726 molestissi-
