3234 5192
304 342 536 385 msru'r.
568 321 733 403 vnn]
1042 337 1273 379 nosraa
1304 337 1382 380 Aa
1412 337 1695 379 scemam
1722 338 1994 381 aonam.
2606 328 2717 386 197

297 484 479 543 vellet
521 482 713 543 adhuc
755 508 813 562 τῃ
860 506 1001 560 anm
1039 495 1308 561 λατςιυω,
1364 478 1517 539 Heb.
1561 479 1686 539 xiii.
1742 482 1836 559 10,
1885 480 2188 541 retinendo
2229 482 2450 541 cultum
2491 482 2716 543 Mosai-

300 584 450 623 cum.

383 642 709 701 XXVIII.
753 638 855 699 Ad
883 639 1215 717 exemplum
1240 636 1547 699 Nicodemi
1570 658 1720 719 resp.
1754 640 1808 699 N
1812 638 2058 699 icodemi
2099 640 2484 717 timiditatem,
2529 662 2710 719 quum

307 732 487 782 noctu
540 722 705 780 venit
747 720 824 779 ad
852 718 1163 795 Christum,
1192 719 1237 779 J
1240 720 1335 778 oh.
1365 719 1447 779 iii.
1482 723 1533 793 1,
1564 739 1683 778 non
1711 739 1883 797 posse
1911 720 2006 778 hic
2033 720 2230 779 favere
2257 722 2608 781 neutralium
2653 732 2713 781 et

313 799 1059 881 pseudo-Nicodemitarum
1098 798 1313 876 tepori;
1370 799 1507 875 quia
1526 799 1577 859 si
1596 799 1670 858 ab
1699 800 1865 858 initio
1892 798 2146 877 aliquam
2179 800 2712 877 pusillanimitatem

298 882 579 956 exhibuit,
600 901 732 958 quae
753 878 1041 956 culpanda
1057 878 1291 938 omnino
1313 877 1439 954 fuit,
1470 898 1594 937 eam
1627 878 1878 955 tandem,
1900 880 2244 957 contemptis
2273 880 2540 940 omnibus
2557 882 2707 958 peri-

303 962 469 1038 eulis,
494 979 773 1038 generose
802 958 1114 1037 superavit,
1176 977 1315 1017 uum
1344 959 1619 1035 sejunxit
1635 958 1899 1036 Josepho
1927 958 2357 1019 Arimatheensi
2385 960 2459 1017 ad
2480 960 2718 1020 Domini

310 1042 685 1119 sepulturam,
742 1038 787 1099 J
790 1040 885 1097 oh.
946 1038 1071 1097 xix.
1184 1037 1302 1097 Hic
1370 1036 1563 1115 itaque
1635 1038 2081 1115 distinguendus
2148 1038 2318 1098 nobis
2371 1041 2714 1099 Nicodemum

306 1124 643 1194 Judatzam,
674 1128 733 1178 et
772 1118 962 1177 adhuc
983 1117 1037 1176 N
1042 1116 1345 1195 eophytus,
1370 1125 1429 1176 et
1454 1118 1798 1177 Nicodamus
1843 1118 2194 1177 Chr-eanum
2221 1126 2282 1177 et
2323 1120 2712 1179 confirmatus.

312 1200 423 1260 Ille
464 1198 793 1277 ignorantia
818 1198 1009 1257 adhuc
1052 1197 1321 1257 detentus
1350 1196 1531 1273 timet,
1562 1205 1622 1257 et
1665 1206 1841 1257 noctu
1869 1206 2092 1259 tantum
2114 1197 2189 1256 ad
2211 1198 2503 1257 Christum
2532 1200 2712 1259 venit.

310 1280 399 1339 At
435 1288 743 1356 postquam
783 1278 899 1337 fide
945 1276 1303 1337 illuminatus
1357 1276 1483 1353 fuit,
1526 1278 1720 1353 palam
1774 1286 1832 1335 et
1885 1276 2138 1336 interdiu
2178 1278 2498 1353 confitetur,
2541 1279 2717 1356 idque

311 1368 572 1435 tempore
597 1358 785 1435 magis
824 1356 1214 1431 formidolosO,
1244 1376 1418 1433 quam
1458 1355 1664 1416 fuisset
1689 1364 1876 1431 antea,
1905 1358 1968 1415 in
2007 1364 2190 1415 morte
2231 1357 2454 1417 scilicet
2482 1358 2714 1433 Christi,

356 1458 495 1497 uum
548 1436 661 1515 ipsi
714 1436 981 1515 discipuli
1035 1436 1351 1513 fugiebant,
1409 1443 1469 1494 et
1512 1436 1706 1494 omnia
1749 1436 2052 1513 desperata
2097 1434 2460 1496 videbantur.
2551 1438 2716 1497 Tunc

357 1517 487 1577 dem
514 1516 811 1595 profitetur
839 1535 1033 1576 coram
1060 1515 1347 1593 omnibus,
1388 1534 1509 1574 11011
1550 1514 1766 1593 refugit
1791 1516 2007 1589 odium,
2037 1514 2314 1593 probrum
2333 1525 2394 1575 et
2418 1514 2715 1575 infamiam

312 1617 431 1657 non
458 1596 681 1673 metuit,
710 1595 1139 1675 persecutiones
1160 1614 1281 1653 non
1306 1594 1660 1655 reformidat.
1733 1595 1866 1654 Hoc
1895 1594 2116 1654 scilicet
2141 1603 2232 1655 est
2261 1595 2714 1671 Nicodemizare,

314 1677 363 1737 si
393 1674 771 1737 Nicodemum
801 1675 1191 1735 Christianum
1212 1675 1541 1753 aspicimus.
1582 1676 1700 1735 Cur
1715 1694 1855 1753 ergo
1883 1676 1998 1750 isti,
2030 1674 2188 1752 quod
2209 1674 2346 1733 fecit
2365 1675 2718 1735 Nicodamus

311 1757 654 1835 ignorantias
682 1776 802 1815 suas
842 1764 1117 1833 tempore,
1140 1754 1357 1815 imitari
1380 1755 1604 1832 volunt,
1637 1755 1966 1834 exemplum
2005 1764 2216 1831 autem,
2261 1755 2418 1833 quod
2445 1755 2560 1815 fide
2593 1756 2718 1835 jam

308 1835 556 1897 donatus
582 1836 791 1915 prodit,
821 1832 1191 1895 dissimulant
1216 1834 1291 1893 ad
1331 1854 1395 1895 se
1422 1836 1707 1913 pertinere
1727 1837 1756 1893 Ρ

398 1915 661 1976 XXIX.
703 1914 805 1974 Ad
854 1914 1101 1974 Paulum
1141 1914 1299 1991 quod
1341 1916 1567 1991 attinet,
1616 1914 1988 1975 caeremonias
2047 1914 2238 1975 adhuc
2286 1916 2718 1992 observantem,

315 2015 471 2075 resp.
531 1996 844 2056 discrimen
918 2014 1046 2053 esse
1099 1995 1275 2073 longe
1315 1994 1636 2055 maximum
1681 1996 1745 2054 in
1785 2016 1954 2055 exem
1993 1994 2086 2055 lis.
2171 1996 2322 2054 Nam
2365 1997 2722 2055 caeremoniae

319 2076 437 2134 illae
496 2076 737 2153 legaleS,
782 2094 927 2150 quas
987 2074 1205 2133 Paulus
1248 2075 1612 2149 observabat,
1659 2084 1823 2134 erant
1863 2095 1900 2133 a
2007 2094 2078 2133 eo
2119 2074 2422 2150 institutae,
2475 2084 2536 2134 at
2579 2076 2726 2135 ritus

318 2155 569 2232 Papales
598 2163 736 2213 sunt
760 2153 1093 2213 humanitus
1119 2154 1365 2231 conficti,
1397 2163 1457 2214 et
1498 2154 1561 2212 in
1588 2154 1912 2215 Ecclesiam
1939 2154 2270 2213 introducti.
2354 2155 2725 2214 Caeremoniae

322 2235 461 2309 illae,
491 2233 631 2293 licet
650 2234 676 2309 j
683 2253 775 2291 am
803 2234 1095 2310 abrogatas
1122 2243 1316 2294 essent
1343 2236 1564 2311 dejure
1589 2254 1694 2312 per
1709 2244 1952 2295 mortem
1984 2233 2215 2309 Christi,
2245 2234 2502 2293 nondum
2530 2242 2726 2293 tamen

321 2322 489 2373 erant
536 2316 606 2371 de
616 2315 799 2387 [αι-ιο.
910 2312 1115 2390 Itaque
1159 2322 1415 2392 tempore
1466 2314 1738 2392 Apostoli
1779 2313 2170 2374 indifferentes
2216 2322 2380 2374 erant
2407 2322 2466 2372 et
2499 2313 2724 2389 mediae,

320 2413 507 2471 usque
536 2392 675 2451 dum
701 2392 871 2469 plene
910 2392 1341 2471 abrogarentur,
1371 2414 1480 2453 nec
1522 2394 1942 2455 damnabantur
1969 2394 2030 2453 in
2057 2394 2383 2471 evangelio,
2427 2394 2541 2453 nisi
2582 2414 2724 2471 qua·

321 2482 492 2533 tenus
520 2493 651 2531 cum
675 2471 942 2549 opinione
969 2473 1331 2533 necessitatis
1359 2482 1418 2533 et
1444 2473 1635 2534 meriti
1661 2474 2135 2534 observabantur.
2195 2474 2282 2534 At
2308 2474 2453 2533 ritus
2483 2474 2732 2552 Papales

324 2561 461 2613 sunt
486 2552 693 2627 illiciti,
726 2560 785 2611 et
811 2552 991 2611 verbo
1036 2552 1146 2611 Dei
1176 2553 1451 2630 damnati,
1481 2555 1694 2631 quibus
1719 2554 1960 2632 proinde
1988 2574 2282 2631 nunquam
2308 2554 2446 2613 lieet
2471 2574 2730 2613 commu-

331 2633 545 2693 nicare.
627 2632 767 2691 Tria
813 2652 952 2709 ergo
996 2632 1093 2690 hic
1120 2633 1590 2693 caeremoniarum
1639 2642 1899 2711 tempora
1939 2633 2368 2711 distinguenda.
2450 2634 2728 2708 Primum,

325 2731 441 2789 quo
467 2712 605 2771 vivae
633 2720 693 2772 et
734 2712 1075 2771 necessariae
1104 2720 1269 2772 erant
1295 2733 1371 2771 ex
1412 2714 1615 2772 ordine
1647 2714 1776 2773 Dei.
1864 2714 2212 2787 Secundum,
2241 2732 2358 2789 quo
2401 2712 2570 2771 factae
2598 2721 2735 2773 sunt

328 2800 562 2850 mortuoe
588 2800 649 2850 et
676 2790 1005 2869 adiaphorae
1058 2799 1193 2870 post
1231 2800 1475 2853 mortem
1518 2793 1751 2869 Christi,
1797 2813 1926 2871 quae
1967 2793 2140 2851 finem
2181 2791 2400 2849 umbris
2439 2793 2734 2868 imposuit.

332 2870 614 2947 Tertium,
665 2890 781 2948 quo
829 2872 1136 2946 mortzferoe
1162 2881 1299 2931 sunt
1345 2882 1405 2931 et
1456 2872 1742 2949 exitiales,
1799 2880 1932 2949 post
1983 2870 2451 2949 praedicationem
2504 2870 2736 2947 plenam

332 2950 641 3027 evangelii.
726 2950 801 3009 In
846 2951 1034 3029 primo
1082 2950 1373 3011 debebant
1418 2952 1672 3011 retineri.
1739 2952 1811 3010 In
1854 2950 2109 3011 secundo
2155 2956 2422 3026 poterant
2449 2951 2733 3027 usurpari,

333 3029 509 3087 modo
536 3029 597 3087 id
638 3029 801 3090 fieret
848 3051 925 3089 ex
953 3029 1249 3090 charitate.
1336 3031 1409 3089 In
1456 3031 1628 3090 tertio
1671 3030 1836 3089 nefas
1881 3038 1971 3089 est
1997 3030 2068 3088 iis
2097 3028 2343 3107 amplius
2389 3029 2493 3088 uti.
2580 3029 2737 3089 Hinc

331 3108 550 3167 factum
596 3117 663 3169 ut
702 3110 975 3187 Apostoli
1014 3110 1078 3168 111
1120 3110 1373 3171 seeundo
1413 3111 1526 3169 1100
1566 3110 1874 3169 intervallo
1903 3108 2258 3169 caeremoniis
2283 3108 2566 3169 Mosai'cis
2593 3128 2736 3168 non-

331 3208 629 3266 nunquam
647 3188 741 3248 usi
786 3191 1058 3267 legantur
1102 3209 1208 3267 per
1252 3190 1638 3249 Christianam
1679 3200 2090 3263 somensac-u,
2121 3197 2188 3248 ut
2241 3188 2284 3249 J
2287 3188 2470 3249 udaeis
2496 3189 2740 3249 infirmis

335 3288 464 3328 sese
492 3269 1007 3344 accommodarent,
1040 3277 1099 3328 et
1144 3270 1519 3347 Synagogam
1544 3270 1857 3329 honorifice
1887 3270 2224 3347 sepelirent;
2269 3269 2426 3347 quod
2453 3270 2740 3348 praecipue

338 3348 585 3407 Paulum
632 3347 836 3408 fecisse
880 3350 1273 3425 observamus,
1320 3350 1423 3426 qui
1465 3349 1660 3407 omnia
1701 3350 1970 3409 omnibus
2013 3359 2072 3408 et
2098 3348 2328 3409 Judaeis
2375 3349 2652 3410 Judaeum
2681 3370 2744 3410 se

338 3424 603 3502 faciebat,
633 3436 701 3487 ut
727 3428 805 3487 ali
845 3448 953 3488 uos
980 3429 1313 3503 lucraretur,
1362 3433 1391 3489 l
1428 3428 1557 3489 Cor.
1587 3429 1669 3488 ix.
1699 3432 1796 3487 20.
1883 3428 2000 3487 Sed
2027 3438 2150 3487 tum
2176 3429 2426 3505 demum,
2447 3449 2624 3507 quum
2653 3449 2748 3489 res

339 3506 426 3565 illi
454 3515 577 3566 erat
624 3528 756 3566 cum
799 3448 1073 3568 {atribus
1106 3508 1387 3584 infirmis;
1451 3528 1586 3567 nam
1635 3510 1776 3568 alibi
1803 3527 1981 3586 quum
2029 3507 2321 3585 agendum
2347 3509 2434 3567 illi
2479 3509 2588 3567 fuit
2615 3530 2747 3568 cum

340 3586 922 3664 Pseudo-Apostolis,
952 3597 1286 3647 constanter
1312 3608 1412 3647 eas
1438 3589 1722 3665 repudiat,
1753 3608 1826 3647 110
1848 3588 1921 3646 ad
1949 3596 2300 3647 momentum
2331 3587 2562 3664 quidem
2605 3588 2748 3665 ipsis

339 3665 512 3740 cedit,
547 3666 716 3727 Gala.
746 3666 807 3725 ii.
852 3670 909 3726 5.
996 3668 1171 3727 Unde
1219 3668 1322 3745 qui
1346 3668 1535 3727 voluit
1563 3667 1896 3727 circumcidi
1939 3668 2323 3741 Timotheum,
2369 3667 2506 3725 Act.
2536 3667 2658 3726 xvi.
2689 3671 2746 3744 3,

340 3745 527 3805 noluit
548 3754 744 3805 tamen
770 3746 1107 3807 circumcidi
1136 3748 1351 3821 Titum,
1384 3748 1516 3808 Gal.
1547 3748 1607 3807 ii.
1645 3751 1701 3807 3.
1788 3748 1954 3806 Idem
1997 3747 2068 3806 de
2117 3754 2356 3805 tonsura
2383 3754 2444 3805 et
2481 3745 2748 3823 purifica-

342 3823 499 3883 tione
545 3825 733 3901 Pauli,
782 3826 918 3885 Act.
966 3828 1131 3886 xviii.
1192 3837 1251 3887 et
1294 3828 1418 3887 xxi.
1468 3832 1564 3903 26,
1611 3828 1939 3888 dicendum.
2024 3827 2170 3885 Haec
2219 3826 2373 3884 enim
2413 3834 2654 3902 usurpat
2691 3835 2754 3886 ut

344 3922 439 3962 res
466 3904 687 3963 medias
713 3925 791 3964 ex
832 3906 1127 3984 charitate,
1158 3907 1331 3966 sociis
1374 3908 1493 3967 suis
1522 3928 1583 3969 se
1612 3907 2116 3981 accommodandO,
2147 3925 2220 3966 ne
2247 3905 2543 3964 videretur
2571 3904 2757 3964 Mosis

344 3981 535 4061 legem
562 3984 715 4043 velle
742 3994 1089 4062 pervertere.
1176 3986 1293 4046 Sed
1346 3988 1486 4065 quid
1528 3990 1642 4047 hoc
1685 3988 1761 4047 ad
1803 3987 2190 4047 idololatriam
2234 3984 2552 4064 Papalem?
2591 3986 2758 4061 quasi

346 4061 494 4120 nihil
547 4062 832 4138 differant,
876 4066 1116 4125 tondere
1165 4086 1243 4142 se,
1296 4074 1355 4126 et
1408 4088 1599 4145 genua
1625 4067 1856 4128 flectere
1885 4088 2078 4127 eoram
2104 4066 2279 4126 idolo·
2365 4064 2456 4123 De
2497 4064 2758 4141 patribus

349 4149 489 4201 ante
516 4142 980 4204 reformationem
1010 4145 1245 4221 dictum,
1280 4146 1447 4223 Disp.
1491 4146 1605 4205 VI.
1636 4148 1746 4207 Th.
1789 4151 1885 4223 32,
1917 4144 2027 4205 &c.

430 4220 658 4285 XXX.
704 4222 837 4281 Non
888 4224 1205 4284 omittenda
1232 4234 1323 4285 est
1348 4227 1447 4284 hic
1474 4226 1742 4303 objectio,
1787 4246 1917 4303 quae
1947 4227 2096 4285 solet
2130 4223 2449 4283 identidem
2478 4222 2760 4283 adversus

352 4301 735 4361 secessionem
755 4311 1029 4379 nostram,
1048 4313 1115 4363 ut
1131 4306 1553 4365 schismaticam
1576 4316 1636 4364 et
1661 4305 2118 4382 injustissimam,
2142 4303 2283 4377 fieri,
2308 4324 2437 4380 quas
2457 4303 2672 4381 petitur
2687 4324 2764 4363 ex

347 4380 639 4441 schismate
669 4384 1125 4459 Donatistarum,
1150 4384 1317 4461 quasi
1343 4385 1428 4442 rei
1470 4384 1650 4443 simus
1691 4384 1964 4455 criminis,
1995 4383 2151 4459 quod
2179 4384 2384 4442 merito
2411 4384 2528 4443 illis
2555 4384 2764 4462 impin-

351 4458 527 4535 gitur.
615 4460 732 4519 Sed
776 4462 907 4539 quis
954 4482 1071 4523 non
1098 4462 1261 4522 videt
1296 4462 1535 4539 longum
1577 4464 1871 4540 latumque
1899 4462 2209 4521 discrimen
2237 4462 2589 4523 intercedere
2617 4464 2768 4525 inter

348 4557 457 4597 nos
473 4550 533 4598 et
560 4540 719 4617 ipsos
745 4540 855 4600 hac
884 4542 945 4600 in
972 4551 1133 4620 parte
1152 4545 1183 4600 ⁴?
1265 4542 1460 4600 Primo
1487 4543 1626 4618 quia
1655 4542 1975 4601 Donatistae
1997 4562 2112 4600 non
2134 4543 2484 4603 accusabant
2513 4545 2768 4605 Ecclesi-

344 4636 457 4693 am,
478 4639 513 4677 a
542 4639 658 4696 qua
685 4621 1070 4681 secessionem
1095 4622 1365 4698 fecerant,
1394 4622 1567 4681 ullius
1596 4621 1806 4681 erroris
1827 4622 1884 4681 in
1913 4622 2191 4699 doctrina,
2213 4624 2310 4681 vel
2337 4623 2768 4701 depravationis
