3234 5192
217 363 444 404 msru'r.
479 345 658 428 xva]
873 362 950 403 ns
982 361 1457 404 sarm-'Acmona
1486 361 1721 403 cumen
1756 363 2073 405 vnaius-s.
2508 353 2625 412 549

209 513 345 581 tate,
377 517 444 564 ut
469 506 618 564 bene
645 505 852 564 Thom.
881 525 936 584 p.
969 508 1024 566 3.
1055 525 1110 582 q.
1144 505 1238 564 50.
1269 512 1376 564 art.
1407 507 1463 563 2.
1552 505 1644 564 Ita
1670 513 1935 582 respectu
1980 506 2185 566 animae
2234 509 2479 570 dicimus
2520 528 2621 590 po-

208 587 387 644 tuisse
417 586 779 644 divinitatem
809 586 1030 644 unitam
1060 585 1144 643 illi
1189 603 1418 643 manere
1449 584 1642 662 quoad
1684 586 1963 644 vinculum
1995 591 2437 663 personalitatis,
2483 591 2621 654 licet

209 684 332 724 eam
363 665 682 728 deseruerit
710 666 899 742 quoad
929 667 1202 743 influa-um
1229 665 1524 724 suavitatis
1544 688 1562 722 .·
1609 664 1811 744 Neque
1840 665 1935 723 hic
1961 668 2353 745 reponendum
2378 673 2617 748 partici-

207 745 500 822 pationem
532 745 642 804 Dei
671 745 730 803 in
759 745 992 805 Christo
1023 746 1336 804 consistere
1367 744 1426 802 in
1447 743 1668 804 effectis
1696 747 1913 822 absque
1944 766 2187 823 quorum
2216 751 2617 812 communione

204 825 342 883 unio
371 825 614 884 duarum
641 835 975 885 naturarum
1002 827 1061 883 in
1081 826 1312 885 Christo
1333 845 1449 883 non
1511 825 1655 885 ossit
1684 825 1995 886 subsistere
2022 849 2035 886 :
2064 827 2213 886 Nam
2247 831 2299 888 1.
2324 829 2507 889 Aliud
2530 840 2620 893 est

127 979 132 982 Ι
203 905 420 982 privari
448 925 622 964 sensu
651 907 818 966 istius
858 906 1294 981 communionis,
1343 845 1508 963 aliud
1551 925 1745 964 carere
1790 908 2191 967 communione
2240 909 2381 986 ipsa,
2434 913 2619 971 caruit

203 1003 412 1062 corpus
439 986 498 1043 in
529 995 710 1046 morte
739 1005 912 1046 sensu
941 987 1098 1044 omni
1125 985 1548 1064 conjunctionis
1568 985 1800 1062 divinae,
1833 985 2034 1063 quidni
2056 995 2114 1048 et
2140 989 2333 1048 anima
2359 993 2420 1049 in
2446 1009 2620 1070 poena

206 1064 316 1123 hac
346 1085 450 1124 sua
478 1087 671 1125 carere
699 1067 809 1124 hoc
839 1085 1012 1125 sensu
1059 1067 1324 1144 potuerit,
1355 1073 1422 1124 ut
1469 1065 1699 1125 interim
1728 1067 1831 1124 illa
1876 1087 2137 1144 personae
2186 1069 2323 1130 unio
2350 1089 2467 1128 non
2496 1071 2615 1130 dis-

205 1144 528 1205 solveret-ur
553 1150 583 1205 ⁴?
623 1151 680 1208 2.
711 1145 897 1206 Aliud
924 1155 1013 1205 est
1029 1165 1223 1205 carere
1252 1145 1519 1204 omnibus
1541 1145 1761 1206 effectis
1788 1147 1957 1206 istius
1984 1149 2424 1227 conjunctionis,
2457 1151 2617 1211 aliud

206 1225 554 1302 quibusdam
575 1235 816 1303 tantum,
829 1226 931 1285 ubi
952 1234 1041 1285 est
1057 1227 1311 1285 carentia
1327 1226 1582 1284 omnium
1602 1225 1952 1303 effectorum,
1966 1227 2048 1286 ibi
2065 1231 2239 1288 etiam
2257 1231 2613 1308 conjunctio-

205 1324 338 1362 nem
367 1325 493 1364 esse
521 1325 638 1365 non
685 1326 855 1384 posse
900 1307 1068 1364 facile
1117 1305 1336 1382 damuS,
1370 1305 1473 1364 sed
1519 1306 1614 1364 hic
1644 1306 1909 1384 quaedam
1957 1307 2162 1367 effecta
2206 1329 2432 1388 semper
2459 1319 2611 1388 sunt,

207 1385 258 1444 si
306 1404 425 1443 non
473 1387 700 1461 omnia;
757 1385 1015 1445 influxus
1069 1387 1408 1460 sanctitatis,
1466 1388 1811 1446 sustentatio
1866 1387 2116 1464 virtutis,
2172 1389 2311 1448 licet
2365 1389 2617 1452 defuerit

206 1466 650 1525 communicatio
677 1466 1011 1526 felicitatis:
1053 1466 1148 1524 Ita
1174 1468 1467 1525 derelictus
1514 1475 1604 1526 est
1654 1468 2021 1544 dispensative
2068 1477 2127 1528 et
2173 1468 2247 1528 ad
2290 1475 2521 1548 tempus
2548 1480 2616 1532 ut

203 1546 474 1621 Sponsor,
507 1546 611 1605 sed
637 1555 860 1605 amatus
898 1565 1124 1624 semper
1147 1547 1488 1606 naturaliter
1514 1555 1580 1605 ut
1607 1547 1807 1607 Filius.

287 1625 444 1683 XII.
491 1626 608 1685 Hic
637 1647 775 1686 vero
821 1627 1066 1686 ulterius
1110 1628 1386 1706 quaeritur
1433 1627 1723 1704 quomodo
1763 1627 1913 1687 hanc
1942 1627 2369 1688 derelictionem
2403 1631 2615 1692 sentire

202 1707 456 1782 potuerit
485 1706 770 1766 Dominus
799 1707 922 1766 sine
947 1717 1204 1786 peccam,
1235 1727 1364 1768 cum
1396 1727 1472 1766 ex
1501 1727 1671 1767 sensu
1692 1706 1977 1784 ejusmodi
2006 1709 2280 1788 consequi
2326 1710 2611 1786 videatur,

203 1795 268 1844 ut
296 1787 356 1844 in
377 1798 676 1864 peccatum
707 1787 1038 1847 diffidentiae
1066 1796 1125 1847 et
1153 1788 1568 1866 desperationis
1595 1787 1900 1866 prolapsus
1930 1789 2023 1848 sit.
2090 1789 2247 1849 Hinc
2296 1787 2617 1851 adversarii

202 1874 366 1925 tanta
394 1867 532 1944 styli
561 1868 790 1927 diritate
819 1868 1120 1946 exagitant
1147 1868 1304 1945 quod
1331 1887 1366 1927 a
1392 1867 1605 1926 nostris
1634 1867 1706 1926 de
1735 1869 1844 1929 hac
1873 1868 2243 1928 derelictione
2282 1870 2611 1932 Christidi-

202 1945 367 2023 citur,
399 1948 564 2025 quasi
594 1957 652 2007 et
679 1947 968 2008 fremitum
999 1949 1228 2008 Christo
1256 1957 1315 2006 et
1341 1947 1801 2024 desperationem
1827 1948 2227 2008 tribueremus.
2295 1949 2412 2009 Sed
2440 1971 2613 2028 quam

201 2025 400 2103 iniqua
427 2045 496 2086 ea
525 2028 600 2086 sit
627 2029 917 2088 accusatio
937 2029 1180 2105 Jamjam
1207 2027 1488 2105 liquebit;
1535 2027 1589 2085 N
1594 2036 1704 2084 un‘c
1744 2027 1816 2084 de
1844 2037 2081 2104 peccato
2128 2030 2328 2106 paucis
2376 2049 2611 2107 respon-

203 2106 424 2182 demus,
457 2107 746 2166 Christum
779 2108 1207 2166 derelictionem
1247 2108 1396 2164 hanc
1446 2104 1569 2164 sine
1616 2115 1855 2182 peccato
1903 2106 2136 2164 omnino
2180 2107 2327 2166 ferre
2356 2111 2613 2185 potuisse

201 2194 268 2244 ut
294 2187 440 2244 alios
469 2199 714 2263 angores
741 2186 876 2245 tulit
903 2187 964 2244 in
985 2187 1176 2244 anima
1193 2194 1252 2244 et
1268 2185 1498 2245 dolores
1524 2185 1585 2242 in
1607 2203 1861 2261 corpore,
1884 2205 2113 2260 poenam
2131 2186 2399 2244 nimirum
2410 2191 2615 2262 ferens

200 2269 304 2324 sed
325 2267 570 2324 nesciens
597 2269 821 2342 culpam
851 2265 942 2346 (ut
970 2267 1144 2325 Bern.
1163 2265 1465 2344 loquitur).
1535 2264 1802 2342 Separari
1828 2285 1864 2323 a
1882 2265 2007 2324 Deo
2030 2285 2133 2343 per
2152 2265 2385 2326 virtutis
2403 2276 2463 2326 et
2490 2269 2613 2328 offi-

202 2346 278 2404 cii
306 2345 592 2406 defectum
623 2347 835 2405 crimen
882 2353 986 2423 est,
1019 2347 1104 2406 At
1150 2347 1224 2406 ab
1253 2366 1322 2406 eo
1371 2346 1624 2424 separari
1664 2365 1767 2422 per
1810 2344 2099 2404 defectum
2147 2344 2458 2423 beatitatis,
2508 2368 2613 2427 per

202 2445 435 2485 sensum
459 2427 708 2504 aliquem
737 2427 987 2486 tristitiae
1015 2436 1074 2487 et
1100 2428 1432 2506 ignominias
1461 2446 1578 2486 non
1616 2425 1834 2486 crimen
1862 2433 1967 2502 est,
2014 2425 2117 2486 sed
2154 2445 2353 2504 poena.
2400 2427 2612 2488 pecca·-

199 2516 324 2565 tum
353 2514 443 2565 est
470 2509 696 2584 privare
727 2527 788 2566 se
821 2507 932 2566 Dei
959 2509 1146 2586 gratia
1172 2528 1275 2586 per
1302 2509 1547 2587 culpam,
1581 2506 1684 2566 sed
1712 2525 1815 2586 per
1858 2525 1920 2566 se
1966 2525 2141 2567 sensu
2190 2507 2373 2567 divini
2394 2507 2615 2570 favoris

199 2605 392 2646 carere
420 2597 720 2666 peccatum
748 2607 864 2647 non
893 2601 999 2665 est,
1029 2591 1141 2648 etsi
1167 2591 1228 2646 in
1255 2590 1423 2648 nobis
1445 2588 1652 2648 vitium
1684 2589 1775 2664 sit,
1807 2588 1906 2665 qui
1929 2589 2079 2648 hanc
2108 2589 2418 2648 carentiam
2442 2590 2613 2670 culpa

196 2677 394 2727 nostra
423 2669 830 2744 contrahimus,
863 2670 1076 2747 quique
1105 2669 1242 2728 fidei
1263 2669 1561 2728 debilitate
1589 2668 1831 2727 eandem
1853 2669 2182 2745 polluimus,
2214 2680 2273 2728 et
2298 2670 2360 2728 in
2389 2689 2457 2728 ea
2484 2672 2613 2748 ipsa

200 2765 426 2826 semper
479 2769 718 2826 peccare
782 2749 1033 2807 solemus
1088 2749 1368 2808 adversus
1411 2749 1822 2826 promissiones
1876 2747 2105 2806 divinas
2153 2769 2283 2826 quae
2337 2751 2505 2808 nobis
2548 2751 2611 2810 in

199 2826 428 2887 Christo
457 2829 822 2888 exhibentur.
889 2829 1104 2888 Christi
1131 2829 1245 2886 alia
1281 2829 1428 2887 ratio
1455 2828 1580 2902 suit,
1611 2845 1729 2884 non
1757 2827 1905 2884 hanc
1947 2828 2261 2886 carentiam
2307 2847 2412 2888 sua
2439 2830 2611 2907 culpa

198 2909 503 2982 contraxit,
537 2909 638 2967 sed
667 2927 790 2966 eam
822 2917 1056 2986 propter
1083 2909 1282 2984 culpas
1311 2916 1536 2966 nostras
1573 2905 1803 2983 perfert,
1836 2925 1949 2963 nou
1980 2906 2313 2965 debilitatus
2342 2907 2455 2967 fide
2485 2918 2609 2969 erat

196 2987 260 3044 in
287 2987 387 3043 illa
413 2997 634 3045 naturae
661 2988 910 3063 puritate
940 3005 1054 3064 qua
1080 2987 1354 3064 pollebat,
1385 3005 1502 3044 non
1530 2985 1965 3062 promissionem
1989 2985 2084 3045 hic
2122 2985 2373 3063 aliquam
2404 2987 2607 3048 habuit

196 3083 312 3143 qua
340 3077 540 3124 contra
559 3066 845 3143 ejusmodi
888 3066 1318 3126 derelictionem
1363 3087 1424 3124 se
1469 3065 1597 3139 ejus
1638 3063 1785 3123 fides
1824 3065 2088 3142 erigeret,
2120 3065 2222 3124 sed
2270 3065 2606 3128 mandatum

197 3146 392 3224 potius
421 3145 672 3205 habebat
699 3154 763 3205 ut
791 3145 867 3203 ad
895 3165 1029 3226 eam,
1067 3145 1397 3224 patiendam
1428 3165 1489 3204 se
1530 3165 1636 3222 per
1664 3143 2049 3203 obedientiam
2099 3145 2463 3206 submitteret
2488 3167 2607 3208 non

199 3245 305 3285 sua
332 3226 518 3303 culpa,
551 3227 654 3285 sed
683 3226 887 3284 merito
915 3235 1112 3286 nostro
1155 3246 1399 3304 quorum
1429 3243 1603 3284 causa
1632 3243 1873 3302 sponsor
1910 3235 2049 3284 erat.
2098 3223 2261 3286 Sicut
2284 3226 2343 3285 in
2374 3225 2605 3289 Adamo

197 3307 428 3366 labente
457 3306 566 3367 fuit
615 3305 964 3366 desiderium
1005 3307 1384 3366 beatitudinis
1414 3324 1546 3365 cum
1579 3323 1805 3364 summa
1839 3305 2141 3381 injustitia,
2173 3305 2257 3366 ita
2282 3307 2344 3365 in
2372 3307 2603 3370 Christo

194 3387 360 3445 illum
388 3397 446 3448 et
473 3407 580 3446 nos
609 3389 864 3465 erigente
893 3387 1146 3465 oportuit
1174 3407 1300 3447 esse
1323 3387 1749 3446 damnationem
1772 3403 1873 3444 seu
1900 3386 2189 3446 miseriam
2219 3407 2349 3446 cum
2380 3409 2604 3450 summa

185 3469 448 3546 justitia:
496 3468 779 3528 Caeterum
808 3468 944 3544 quia
971 3468 1264 3527 horribilis
1293 3469 1403 3528 fuit
1428 3467 1657 3526 ille-irae
1680 3485 1785 3526 seu
1812 3465 2201 3527 derelictionis
2229 3467 2443 3527 divinae
2471 3489 2600 3528 seu·

198 3567 315 3624 sus,
349 3549 630 3622 Christus,
665 3549 796 3607 Non
824 3567 900 3606 ex
928 3548 1302 3626 impatientia,
1323 3549 1420 3608 vel
1441 3547 1768 3626 ignorantia
1789 3547 1925 3622 ulla,
1956 3547 2124 3625 quasi
2149 3548 2442 3624 ignoraret
2471 3569 2604 3614 cau·

192 3647 316 3686 sam
339 3647 458 3687 sues
485 3629 787 3706 passionis,
819 3636 919 3687 aut
945 3647 1061 3687 non
1089 3629 1336 3688 libenter
1362 3628 1536 3688 ferret
1585 3647 1647 3686 se
1676 3647 1711 3686 a
1739 3627 1911 3686 Patre
1939 3627 2000 3685 in
2028 3628 2144 3686 illis
2174 3627 2469 3687 doloribus
2498 3629 2599 3688 de-

189 3708 456 3784 relinqui,
490 3709 709 3768 sciebat
737 3709 888 3767 enim
916 3709 1027 3768 hoc
1055 3709 1137 3769 ita
1165 3711 1538 3769 constitutum
1572 3729 1699 3767 esse
1727 3716 1961 3785 propter
2008 3707 2302 3766 hominurn
2334 3709 2597 3785 salutem,

195 3787 312 3847 Sed
329 3789 390 3846 in
413 3787 854 3848 declarationem
869 3789 1252 3848 acerbissimae
1265 3798 1323 3849 et
1345 3789 1667 3847 durissimae
1688 3787 1973 3864 passionis
1992 3807 2128 3864 suae,
2154 3788 2457 3860 exclamat,
2478 3788 2601 3848 Cur

189 3887 278 3926 me
304 3870 692 3946 dereliquisti!
732 3869 974 3946 vulgata
1001 3871 1060 3928 in
1093 3871 1404 3947 Scripturis
1448 3868 1627 3928 sacris
1652 3867 1928 3945 loquendi
1968 3869 2191 3928 ratione
2218 3868 2328 3927 hac
2354 3869 2597 3927 interro·

190 3949 442 4026 gationis
462 3949 710 4008 formula
737 3967 772 4008 a
801 3950 928 4008 Deo
957 3969 1018 4009 se
1047 3951 1386 4009 derelictum
1413 3947 1836 4026 conquerendo,

270 4029 461 4088 XIII.
509 4030 593 4089 Ut
620 4038 812 4089 autem
841 4031 995 4088 omni
1023 4039 1260 4108 peccato
1289 4029 1540 4089 caruisse
1569 4049 1699 4088 eum
1730 4027 1992 4101 dicimus,
2022 4026 2106 4086 ita
2133 4026 2493 4104 potissimum
2523 4028 2597 4088 ab

187 4109 315 4186 ipso
325 4110 622 4183 fremitum
652 4119 711 4168 et
737 4111 1178 4186 desperationem
1219 4110 1627 4168 alienissimam
1656 4107 1833 4167 fuisse
1876 4107 2179 4183 credimuS,
2209 4108 2293 4165 ita
2319 4114 2384 4165 ut
2410 4127 2599 4184 neque

189 4188 289 4248 ille
317 4209 506 4266 neque
535 4191 647 4250 ista
674 4190 735 4248 in
763 4211 833 4249 eo
861 4191 1052 4250 locum
1080 4190 1292 4250 habere
1319 4191 1588 4268 potuerit.
1654 4189 1785 4246 Non
1799 4187 2083 4262 fremitus,
2115 4187 2253 4263 quia
2280 4187 2465 4246 sicubi
2494 4207 2595 4246 ex-

189 4269 388 4343 oritur,
419 4289 496 4328 ex
523 4269 658 4329 odio
689 4271 800 4329 Dei
829 4279 888 4330 et
917 4271 1272 4349 impatientia
1298 4281 1486 4348 poe‘nse
1513 4277 1788 4346 tanquam
1815 4286 1933 4325 non
1953 4267 2110 4344 juste
2130 4265 2362 4325 inflictse
2384 4267 2593 4346 oritur;

189 4349 276 4409 At
303 4351 569 4410 Christus
597 4369 714 4410 non
763 4351 902 4427 odit,
935 4351 1035 4410 sed
1066 4351 1273 4409 dilexit
1316 4368 1541 4427 semper
1591 4350 1777 4407 Deum
1808 4347 1870 4405 in
1894 4344 2102 4404 mediis
2130 4347 2301 4405 etiam
2332 4347 2597 4407 cruciati·

186 4429 316 4506 bus,
348 4432 608 4508 quinimo
654 4451 814 4490 mera
844 4425 955 4490 Dei
973 4431 1280 4490 dilectione
1309 4430 1580 4488 inductus
1605 4429 1814 4487 lubens
1836 4426 2152 4503 volensque
2182 4435 2424 4486 mortem
2454 4427 2599 4488 adiit

187 4519 246 4570 et
275 4512 470 4587 subiit,
501 4521 568 4571 ut
596 4513 718 4589 ipse
764 4520 1024 4587 testatur,
1056 4512 1101 4572 J
1104 4511 1194 4570 oh.
1247 4511 1367 4572 xiv.
1401 4513 1496 4585 31,
1545 4511 1582 4542 ‘⁶
1605 4508 1689 4569 Ut
1734 4507 1887 4566 norit
1913 4505 2164 4566 mundus
2191 4518 2412 4586 patrem
2441 4528 2477 4567 a
2502 4519 2597 4568 me‘

186 4591 372 4669 diligi,
394 4601 452 4652 et
479 4602 652 4672 prout
677 4592 952 4671 praecepit
977 4591 1120 4650 mihi
1147 4601 1312 4670 pater
1327 4589 1530 4666 facere,
1556 4589 1793 4667 surgite,
1815 4587 2147 4646 abeamus3’
2178 4587 2313 4648 Non
2329 4587 2595 4668 despera·

185 4672 285 4747 tio,
333 4673 468 4732 inde
514 4675 668 4732 euim
697 4683 802 4751 est,
833 4673 928 4732 vel
958 4671 1116 4750 quod
1147 4672 1258 4731 Dei
1285 4671 1566 4731 auxilium
1583 4671 1809 4730 nullum
1828 4666 2141 4729 sentientes
2165 4667 2341 4730 fidem
2368 4687 2598 4729 omnem
