3234 5192
293 323 522 370 msru'r.
556 308 714 393 xva]
923 329 998 372 ns
1029 324 1508 372 sarrsracrtoms
1537 324 1776 368 camsi-1
1804 319 2123 368 vsarrArs.
2584 301 2697 364 531

284 479 533 546 nentem,
565 469 814 551 denique
836 473 880 532 J
885 472 1140 532 ustitiam
1162 472 1346 551 ipsam
1388 469 1807 528 inexorabilem
1830 476 1889 527 et
1916 466 2151 545 rigidiss
2162 486 2314 524 mam
2364 465 2457 524 cui
2507 464 2580 523 ad
2611 465 2701 523 ul·

283 551 488 610 timum
517 571 701 629 usque
743 552 1124 631 quadrantem
1169 550 1436 611 satisfieri
1480 549 1773 628 oportuit:
1820 549 1965 606 Haec
2000 555 2135 607 sunt
2161 567 2291 625 quae
2321 546 2551 606 Christo
2580 565 2701 604 me-

285 639 409 690 tum
456 651 844 710 pavoremque
889 653 1006 692 non
1048 630 1334 692 immerito
1382 631 1764 705 incusserunt,
1794 629 1919 687 haec
1962 647 2091 704 quse
2133 626 2401 705 gemitus,
2434 626 2697 704 suspiria,

285 711 610 790 lachrymas
639 721 1063 791 expresserunt.
1147 709 1428 771 Timuerit
1455 729 1595 787 ergo
1616 718 1877 782 mortem,
1902 706 2192 786 quomodo
2220 706 2471 765 solemus
2499 723 2701 765 omnes

285 809 361 850 ex
388 791 664 851 instinctu
692 801 913 852 naturae
956 794 1240 868 humanae,
1285 788 1370 850 ut'
1391 789 1720 849 ostenderet
1748 791 1807 845 τὸ
1848 787 2163 863 ἀνθρώπινον,
2194 795 2260 846 ut
2287 785 2368 846 ait
2396 785 2697 863 Chrysost.

283 891 401 930 non
430 871 754 948 diffitemur,
786 872 890 932 sed
917 882 984 932 ut
1024 881 1188 932 tanta
1230 869 1617 930 consternatio
1663 869 1917 928 animum
1960 868 2086 945 ejus
2134 867 2353 927 subiret
2379 875 2445 926 ut
2471 864 2699 924 nullum

283 971 538 1028 unquam
582 953 718 1011 talis
762 953 1163 1012 commotionis
1210 951 1536 1028 exemplum
1587 968 1831 1026 usquam
1882 956 2159 1023 occurrat,
2211 964 2505 1024 nunquam
2550 946 2698 1004 ratio

285 1030 576 1090 sufficiens
603 1032 766 1090 reddi
795 1034 1006 1110 poterit
1050 1033 1164 1092 nisi
1207 1029 1586 1090 ascendamus
1631 1027 1708 1087 ad
1740 1028 1849 1088 Dei
1869 1027 2155 1105 judicium
2184 1027 2279 1086 cui
2307 1024 2697 1086 satisfaciendi

283 1130 388 1188 pro
417 1111 584 1170 nobis
612 1132 756 1170 onus
786 1113 847 1170 in
875 1133 936 1172 se
963 1119 1258 1189 receperat
1283 1134 1296 1170 :
1341 1111 1473 1169 Non
1521 1109 1687 1168 illum
1731 1107 2071 1186 premebant
2112 1107 2347 1167 vincula
2390 1115 2448 1166 et
2476 1114 2697 1166 eatenae

285 1191 627 1250 Judaeorum
671 1192 883 1269 quibus
930 1191 1138 1251 vinciri
1183 1191 1398 1266 debuit,
1449 1190 1553 1248 sed
1596 1189 1832 1247 vincula
1874 1196 1933 1247 et
1976 1187 2283 1266 compedes
2329 1196 2695 1264 peccatorum

285 1279 611 1329 nostrorum
661 1272 870 1348 quibus
919 1271 1244 1330 onerandus
1287 1270 1428 1345 fuit;
1475 1270 1607 1328 Non
1656 1269 1947 1328 terrebant
1991 1269 2255 1328 cohortes
2301 1267 2695 1326 Romanorum

284 1369 414 1426 quae
443 1370 574 1408 eum
602 1351 896 1428 captivum
941 1351 1272 1411 abducturos
1317 1358 1497 1425 erant,
1529 1370 1627 1409 eas
1672 1348 1825 1407 enim
1874 1349 1923 1408 si
1967 1346 2232 1406 libuisset
2267 1347 2552 1425 potuisset
2578 1367 2696 1406 uno

165 1501 174 1506 -
284 1430 438 1489 oculi
459 1431 618 1489 nictu
640 1439 998 1506 prosternere
1019 1440 1078 1492 et
1098 1431 1316 1509 fugare,
1339 1439 1511 1509 prout
1537 1430 1661 1508 ipse
1681 1429 1821 1488 satis
1838 1427 2271 1503 demonstravit,
2292 1428 2336 1487 J
2338 1428 2429 1486 oh.
2450 1426 2615 1485 xviii.
2637 1431 2693 1503 6,

283 1509 387 1568 sed
413 1509 770 1587 principatus
798 1519 858 1570 et
911 1520 1242 1590 potestates,
1273 1511 1538 1589 princeps
1579 1509 1783 1568 mortis
1820 1529 1952 1568 cum
2000 1507 2183 1586 copiis
2227 1508 2495 1567 omnibus
2521 1507 2696 1566 infer·

283 1589 514 1648 nalibus
541 1609 672 1649 cum
700 1591 911 1668 quibus
939 1592 1274 1652 certandum
1302 1591 1448 1666 fuit;
1495 1591 1627 1650 Non
1669 1589 1901 1668 angitur
1939 1596 2173 1667 propter
2212 1587 2488 1665 injustam
2519 1587 2697 1648 Pilati

288 1671 648 1746 sententiam,
680 1680 924 1730 noverat
950 1673 1104 1731 enim
1137 1671 1355 1732 nullam
1405 1671 1515 1750 ipsi
1560 1690 1687 1730 esse
1732 1677 2093 1748 potestatem,
2124 1668 2237 1727 nisi
2284 1669 2513 1727 coelitus
2560 1667 2697 1728 data

283 1757 452 1826 esset,
497 1750 602 1810 sed
629 1760 862 1829 propter
889 1753 1316 1812 severissimum
1339 1759 1398 1811 et
1436 1751 1821 1829 justissimum
1864 1750 2059 1809 Patris
2106 1748 2357 1808 coelestis
2388 1748 2693 1826 judicium,

282 1830 384 1906 qui
401 1849 600 1906 poenas
621 1851 656 1889 a
682 1831 851 1890 nobis
873 1832 1098 1892 debitas
1118 1833 1340 1910 abipso
1361 1832 1715 1908 exposcebat
1736 1851 1750 1905 3
1784 1830 1915 1888 Non
1942 1831 2139 1888 horret
2164 1849 2369 1888 manus
2396 1829 2694 1888 hominum

281 1911 654 1986 quantumvis
681 1911 854 1970 duras
883 1921 942 1971 et
968 1913 1246 1986 crudeles,
1278 1911 1381 1970 sed
1423 1911 1606 1988 ipsam
1651 1910 1763 1968 Dei
1808 1930 2041 1968 manum
2081 1909 2141 1966 in
2170 1929 2343 1985 quam
2372 1909 2576 1969 eadere
2605 1916 2695 1968 est

283 1990 632 2049 horrendum
655 2013 670 2066 ;
717 1991 850 2051 Non
875 1991 1068 2051 fremit
1093 2000 1327 2070 propter
1354 1991 1771 2067 separationem
1794 1990 1999 2047 animae
2022 1997 2079 2048 et
2100 1988 2371 2067 corporiS,
2397 1989 2500 2047 sed
2518 2009 2689 2067 prop-

284 2077 372 2127 ter
399 2070 781 2128 desertionem
813 2071 1002 2130 Patris
1030 2091 1203 2148 quam
1231 2069 1395 2128 brevi
1423 2077 1765 2146 experturus
1794 2076 1934 2126 erat.

369 2149 558 2207 XIX.
605 2149 753 2206 Rem
791 2158 984 2208 autem
1007 2150 1088 2209 ita
1110 2170 1170 2208 se
1191 2149 1404 2207 habere
1426 2168 1542 2206 non
1563 2167 1680 2206 uno
1702 2155 2041 2224 argumento
2070 2144 2449 2206 demonstrari
2477 2151 2685 2225 potest,

283 2224 408 2286 sive
435 2228 772 2305 prophetica
798 2226 868 2286 de
897 2237 1080 2289 morte
1110 2237 1168 2288 et
1195 2227 1460 2307 passione
1492 2227 1706 2286 Christi
1734 2227 2023 2299 vaticinia,
2056 2227 2181 2287 sive
2208 2227 2691 2304 complementum

285 2306 596 2365 eorundem
653 2307 986 2368 historicum
1037 2308 1192 2387 apud
1241 2308 1651 2386 Evangelistas
1704 2307 2045 2384 intueamur,
2096 2308 2321 2386 legatur
2370 2308 2466 2366 vel
2494 2327 2691 2384 unum,

283 2387 400 2445 Isa.
431 2407 480 2446 c.
509 2386 614 2446 liii.
645 2386 717 2447 de
745 2408 860 2465 quo
889 2398 1074 2449 antea.
1160 2388 1260 2448 An
1287 2409 1405 2448 non
1432 2388 1622 2467 majus
1650 2387 1791 2466 quid
1817 2397 1917 2449 aut
1945 2389 2197 2448 atrocius
2224 2387 2381 2448 omni
2410 2389 2695 2466 corporali

282 2467 646 2527 communive
675 2471 949 2540 cruciatu,
981 2471 1139 2548 quod
1179 2474 1214 2504 ‘⁴
1239 2471 1532 2530 Christum
1560 2477 1794 2548 propter
1821 2470 2338 2548 transgressionem
2370 2476 2428 2528 et
2478 2469 2689 2545 iniqui·

284 2555 434 2606 tates
462 2557 688 2608 nostras
715 2550 891 2628 plaga
917 2551 1206 2628 affectum,
1238 2572 1273 2611 a
1305 2552 1428 2611 Deo
1451 2570 1807 2628 percussum,
1838 2551 2248 2610 vulneratum”
2277 2557 2538 2624 testatur,
2570 2568 2693 2609 ver.

287 2631 343 2704 4,
375 2631 432 2698 5,
465 2628 622 2705 quod
677 2629 1046 2708 iniquitatum
1095 2633 1352 2691 omnium
1396 2640 1721 2691 nostrarum
1784 2651 2015 2708 poenam
2058 2639 2231 2708 atque
2280 2629 2361 2687 ita
2391 2627 2579 2687 Deum
2608 2628 2695 2706 ip·

282 2727 408 2765 sum
439 2709 768 2786 punientem
798 2712 1086 2771 hostiliter
1103 2713 1160 2772 in
1179 2713 1355 2789 ipsum
1381 2711 1522 2770 dicit
1543 2711 1860 2784 incurrisse,
1892 2711 2116 2787 ipsique
2146 2718 2211 2768 ut
2240 2708 2503 2785 sponsori
2528 2709 2693 2767 luen-

283 2787 416 2846 dam
445 2808 571 2847 eam
600 2789 794 2865 fuisse,
826 2810 946 2850 ver.
980 2795 1034 2866 6,
1068 2796 1122 2866 7,
1154 2791 1311 2869 quod
1349 2792 1627 2848 sublatum
1665 2790 1834 2848 docet
1861 2809 1935 2847 ex
1962 2791 2222 2864 anqustia
2251 2788 2375 2845 sive
2402 2787 2697 2847 anxietate

282 2868 490 2926 animae
517 2876 750 2944 propter
777 2889 1009 2929 sensum
1051 2871 1152 2928 irae
1204 2870 1332 2946 Dei,
1379 2869 1633 2945 itemque
1678 2889 1751 2927 ex
1782 2869 2021 2942 judicio,
2069 2887 2190 2926 ver.
2222 2869 2276 2942 8,
2307 2867 2466 2942 quod
2493 2867 2695 2942 depre-

285 2954 488 3005 cantur
515 2947 717 3005 fideles
745 2956 803 3006 et
830 2949 890 3006 in
918 2949 1076 3026 quod
1103 2969 1396 3026 nunquam
1427 2948 1657 3006 venturi
1698 2957 1847 3023 sunt,
1880 2947 1923 3006 J
1926 2947 2019 3004 oh.
2050 2967 2107 3004 v.
2138 2949 2235 3021 24,
2266 2945 2404 3022 quia
2431 2947 2697 3006 Christus

281 3026 342 3082 in
370 3025 517 3082 illud
548 3026 755 3084 venit?
784 3027 884 3085 An
905 3047 1058 3087 mors
1081 3029 1202 3086 ulla
1223 3028 1595 3104 quantumvis
1617 3045 1819 3103 aspera
1841 3034 1899 3085 et
1919 3026 2176 3084 violenta
2196 3024 2331 3084 talis
2352 3045 2479 3084 esse
2507 3027 2701 3104 potuit

283 3113 348 3163 ut
377 3103 437 3161 in
455 3123 523 3162 ea
540 3104 806 3164 adeunda
823 3115 882 3166 et
898 3107 1134 3166 ferenda
1151 3107 1274 3184 ipse
1292 3107 1447 3166 filius
1467 3107 1580 3164 Dei
1601 3106 1659 3163 in
1678 3125 1925 3184 persona
1944 3105 2191 3165 Davidis
2220 3116 2571 3182 conquestus
2600 3107 2693 3184 sit,

283 3186 319 3217 “
342 3182 633 3244 desertum
662 3204 722 3243 se
753 3205 882 3245 esse
922 3187 1121 3263 aDe0,
1158 3187 1346 3246 Deum
1388 3185 1773 3264 longinquum
1823 3207 1859 3244 a
1895 3187 2081 3245 salute
2123 3205 2228 3244 sua
2254 3187 2579 3262 recessisse,
2633 3207 2697 3248 se

281 3266 462 3323 verba
489 3265 716 3343 rugitus
738 3285 942 3327 sonare
971 3277 1030 3326 et
1056 3286 1172 3326 non
1191 3267 1516 3344 exaudiri,'’
1561 3266 1715 3326 Psal.
1735 3267 1881 3324 xxii.
1924 3270 1975 3341 1,
2001 3270 2059 3342 2,
2105 3264 2231 3342 &c.,
2279 3275 2336 3325 et
2361 3267 2515 3327 Psal.
2546 3267 2694 3329 lxix.

285 3347 322 3378 “
344 3364 406 3403 se
435 3364 600 3405 coeno
641 3346 1088 3424 profundissimo
1130 3348 1479 3424 immersum,
1511 3346 1728 3425 flue-nto
1763 3347 2081 3406 inundante
2130 3346 2332 3426 abripi,
2363 3349 2699 3427 pervenisse

279 3444 489 3500 aquam
506 3447 689 3503 usque
707 3427 780 3486 ad
801 3429 1065 3502 animam,
1093 3436 1150 3488 et
1171 3449 1302 3506 quse
1322 3447 1438 3488 non
1460 3428 1651 3506 rapuit
1678 3428 1990 3506 rependere
2012 3428 2199 3504 cogi,'⁷
2226 3448 2348 3489 ver.
2379 3433 2429 3507 1,
2455 3435 2510 3506 2,
2536 3428 2645 3490 ἕω.
2670 3435 2700 3490 Ρ

285 3504 403 3564 Sed
425 3504 771 3566 dubitationi
790 3509 980 3566 locum
999 3529 1114 3566 non
1135 3509 1409 3588 relinquit
1430 3507 1753 3587 Apostolus
1770 3529 1899 3568 cum
1919 3507 2061 3567 dicit
2076 3508 2292 3568 factum
2320 3509 2496 3569 fuisse
2520 3513 2697 3570 κατά-

285 3606 394 3660 ραν,
427 3585 559 3644 Gal.
589 3585 670 3646 iii.
707 3589 798 3661 13,
829 3587 1158 3647 maledictio
1201 3590 1354 3647 enim
1377 3589 1479 3647 illa
1520 3601 1653 3647 cum
1695 3588 2005 3667 opponitur
2030 3590 2396 3648 benedictioni
2421 3589 2695 3665 Abrahae,

281 3663 344 3722 id
372 3671 461 3723 est
481 3665 884 3741 justificationi
911 3677 971 3728 et
999 3669 1136 3727 vitae
1181 3678 1408 3728 aeternae
1452 3668 1709 3727 Abrahae
1736 3669 2050 3746 promissae,
2081 3689 2197 3728 non
2226 3677 2417 3747 potest
2444 3669 2517 3727 ad
2546 3689 2695 3728 mor·

283 3751 400 3801 tem
429 3765 760 3822 corpoream
808 3754 1030 3808 tantum
1076 3749 1344 3827 restringi
1370 3772 1384 3826 3
1431 3749 1535 3808 sed
1583 3748 1756 3808 simul
1801 3749 1975 3808 etiam
2022 3757 2298 3810 aeternum
2339 3751 2437 3808 vel
2466 3757 2696 3812 aeternae

283 3824 728 3900 aequivalentem
759 3829 1062 3906 complecti
1085 3829 1275 3889 debet.

325 3903 480 3961 XX.
503 3903 676 3964 Unde
684 3906 810 3982 jam
820 3908 1042 3986 liquido
1053 3919 1212 3987 patet
1221 3910 1363 3988 qnid
1373 3907 2210 3970 discriminisintercedatinter
2219 3919 2459 3969 mortem
2485 3908 2699 3972 Christi

285 3991 343 4042 et
369 3991 610 4043 mortem
631 3993 966 4064 martyrum,
994 3999 1054 4049 et
1081 4010 1183 4049 cur
1211 3999 1506 4068 tantopere
1536 3989 1610 4048 ad
1633 3990 1761 4067 ejus
1783 3991 2148 4067 praesentiam
2176 4000 2573 4050 consternatus
2602 3991 2695 4066 sit,

283 4083 413 4122 cum
431 4063 544 4140 ipsi
562 4085 630 4123 ea
639 4065 831 4144 potius
852 4069 1032 4128 laetati
1055 4079 1112 4129 et
1134 4071 1366 4147 gloriati
1386 4070 1614 4129 fuerint.
1642 4069 1955 4130 Nimirum:
1983 4071 2340 4147 LMartyres
2360 4070 2495 4129 licet
2506 4081 2701 4132 essent

281 4152 630 4220 peccatores,
663 4147 922 4207 sciebant
941 4158 1136 4208 tamen
1159 4170 1220 4209 se
1245 4150 1370 4209 Deo
1393 4169 1519 4209 esse
1541 4169 1645 4226 per
1673 4149 1964 4208 Christum
1991 4151 2407 4223 reconciliatos,
2439 4151 2700 4229 adeoque

283 4222 430 4281 nihil
459 4225 955 4287 condemnationis
983 4230 1044 4286 in
1072 4249 1134 4289 se
1151 4230 1364 4289 habere
1387 4251 1402 4306 3
1426 4229 1583 4306 quod
1605 4229 1655 4288 si
1681 4229 2017 4307 patiendum
2044 4229 2186 4306 ipsis
2204 4230 2421 4307 aliquid
2442 4230 2696 4308 impone-

283 4311 458 4378 retur,
489 4323 606 4363 non
634 4316 869 4384 propter
897 4329 1002 4367 sua
1027 4319 1266 4386 peccata
1293 4330 1354 4369 se
1394 4309 1515 4386 pati
1555 4317 1623 4367 ut
1658 4329 1763 4386 pro
1791 4309 1864 4367 iis
1893 4308 2304 4385 satisfacerent,
2336 4310 2440 4369 sed
2464 4320 2703 4390 propter

283 4383 528 4460 gloriam
574 4385 687 4445 Dei
748 4395 814 4445 nt
886 4389 1167 4464 sanguine
1233 4410 1338 4449 suo
1385 4389 1691 4448 veritatem
1748 4388 2059 4465 Evangelii
2104 4388 2497 4465 obsignarent.
2607 4392 2694 4454 At

287 4463 551 4524 Christus
577 4465 716 4526 licet
743 4467 802 4526 in
839 4489 900 4528 se
943 4477 1176 4528 sanctus
1219 4480 1277 4529 et
1315 4470 1611 4543 innocens,
1643 4469 1793 4527 inter
1818 4477 2150 4545 pcccatores
2178 4477 2370 4528 tamen
2398 4480 2699 4550 reputatus

285 4551 389 4616 est,
423 4545 538 4604 Isa.
569 4546 672 4606 liii.
708 4548 799 4624 12,
833 4557 892 4608 et
919 4557 1193 4627 tanquam
1237 4570 1369 4610 reus
1411 4569 1602 4608 coram
1652 4549 1925 4608 tribunali
1972 4548 2085 4609 Dei
2110 4549 2361 4626 habitus,
2391 4560 2457 4611 ut
2485 4551 2698 4613 alieno-

283 4641 410 4680 rum
439 4636 804 4702 peccatorum
835 4629 943 4690 sibi
973 4630 1371 4708 impositorum
1415 4649 1618 4707 peenas
1658 4629 1863 4688 lueret.
1944 4633 2000 4688 2.
2034 4629 2324 4709 Martyres
2354 4632 2427 4691 ab
2455 4634 2701 4692 homini-
