3234 5192
567 356 685 419 722
1373 372 1451 413 ns
1494 372 1749 416 cmcmo
1790 371 2147 415 romu-mio.
2495 353 2756 425 [msrur.
2787 368 2968 410 xxiv.

562 514 721 592 quia,
775 512 839 573 1.
860 514 993 573 Non
1014 522 1241 575 tantum
1268 515 1565 593 arguimus
1586 514 1952 575 adversarios
1974 511 2130 592 quod
2151 510 2508 571 circulariter
2532 511 2978 589 progrediantur

563 604 764 655 contra
791 614 893 655 eos
919 596 1022 673 qui
1048 597 1147 655 vel
1177 595 1507 674 Scripturae,
1536 596 1636 655 vel
1679 596 1956 655 Ecclesiae
2001 591 2408 652 authoritatem
2451 600 2668 669 negant
2714 593 2972 667 seorsim,

566 675 669 735 sed
696 675 871 735 etiam
898 676 961 734 in
990 676 1335 736 stabilienda
1364 694 1469 735 sua
1494 675 1609 735 fide
1639 684 1698 735 et
1725 677 1785 733 in
1811 673 2109 735 reddenda
2136 673 2262 750 ejus
2289 672 2528 747 ratione,
2577 671 2713 730 dum
2743 672 2979 732 credere

566 776 628 816 se
672 757 1015 835 profitentur
1062 756 1372 834 Scripturas
1416 756 1824 815 authoritatem
1866 762 2100 832 propter
2141 752 2420 811 Ecclesiae
2459 752 2866 827 testimonium,
2919 764 2981 813 et

565 856 767 896 rursus
785 836 1063 895 Ecclesiae
1084 836 1389 896 infallibile
1406 836 1796 895 testimonium
1819 844 2053 913 propter
2081 832 2458 910 scripturam,
2475 833 2742 909 quamvis
2761 842 2980 892 utram·

567 937 680 995 que
728 912 1037 975 admittant
1078 925 1140 975 et
1182 925 1445 975 neutram
1488 924 1721 993 negent.
1805 920 1862 974 2.
1908 914 2054 972 Haec
2092 912 2390 990 responsio
2420 913 2691 989 supponit
2717 932 2846 971 eum
2878 914 2978 990 qui

568 998 797 1057 dubitat
824 995 921 1054 vel
962 1004 1140 1073 negat
1185 995 1463 1056 Ecclesiae
1501 994 1971 1054 infallibilitatem
2015 1012 2186 1071 posse
2231 1013 2306 1051 ex
2348 993 2645 1070 Scriptura
2691 994 2980 1069 convinci,

570 1077 674 1137 sed
700 1078 812 1137 hoc
839 1094 1111 1155 expresse
1139 1084 1426 1155 repugnat
1451 1075 1762 1152 hypothesi
1789 1073 2250 1133 adversariorum
2271 1072 2373 1150 qui
2400 1082 2594 1151 aperte
2622 1072 2980 1151 profitentur,

568 1157 790 1216 nullam
840 1158 1292 1216 controversiam
1342 1156 1690 1215 sufficienter
1734 1176 1812 1214 ex
1861 1154 2159 1233 scripturis
2207 1152 2594 1227 determinari,
2653 1164 2710 1213 et
2757 1154 2982 1213 nullum

572 1238 787 1314 dogma
815 1237 890 1296 ob
924 1237 1220 1315 scripturae
1249 1236 1656 1295 authoritatem
1683 1235 1924 1295 firmiter
1949 1234 2107 1294 credi
2134 1252 2322 1311 posse,
2365 1232 2480 1291 nisi
2508 1232 2744 1293 accedat
2769 1234 2984 1293 infalli-

572 1317 708 1376 bilis
738 1315 1016 1376 Ecclesiae
1061 1317 1387 1377 testificatio
1432 1324 1492 1376 et
1534 1316 1970 1395 interpretatio:
2015 1314 2093 1373 Et
2137 1332 2274 1372 sane
2318 1312 2367 1371 si
2408 1313 2716 1372 audiantur
2757 1314 2984 1375 nullum

572 1396 712 1456 fidei
755 1397 1192 1457 fundamentum
1233 1398 1529 1475 assignare
1569 1404 1814 1475 possunt
1841 1396 1901 1453 in
1929 1415 2044 1473 quo
2074 1414 2272 1453 eorum
2299 1392 2444 1452 fides
2471 1394 2574 1470 qui
2601 1392 2674 1452 de
2703 1394 2984 1455 Ecclesiae

576 1476 987 1538 infallibilitate
1034 1478 1303 1537 dubitant
1350 1479 1553 1538 sistere
1602 1486 1662 1536 et
1709 1476 2073 1554 acquiescere
2115 1474 2338 1552 possit;
2382 1473 2500 1533 Vel
2539 1473 2692 1532 enim
2721 1474 2831 1533 erit
2856 1476 2986 1554 ipsa

580 1558 861 1633 Ecclesia,
893 1558 989 1617 vel
1015 1558 1329 1636 Scriptura,
1356 1558 1455 1617 vel
1482 1556 1744 1616 Traditio
1771 1576 1890 1615 non
1917 1556 2167 1633 scripta3
2211 1554 2298 1613 At
2323 1562 2592 1613 neutrum
2620 1554 2735 1613 dici
2761 1564 2985 1633 potest:

580 1638 715 1695 Non
743 1637 1023 1709 Ecclesia,
1055 1638 1193 1714 quia
1220 1638 1346 1715 ejus
1374 1637 1757 1695 infallibilitas
1797 1644 1888 1695 est
1914 1636 1974 1694 id
2003 1634 2076 1694 de
2103 1654 2220 1711 quo
2249 1634 2581 1709 dubitatur;
2627 1634 2760 1693 Non
2793 1636 2984 1714 Scrip-

576 1724 709 1775 tura
734 1725 836 1775 aut
863 1716 1123 1775 Traditio
1150 1736 1267 1775 non
1296 1718 1525 1795 scripta,
1570 1717 1710 1794 quia
1748 1717 1950 1774 harum
1987 1714 2307 1773 authoritas
2347 1722 2407 1772 et
2445 1714 2742 1791 legitimus
2785 1734 2990 1776 sensus

579 1796 654 1854 ab
683 1794 973 1854 infallibili
1001 1796 1279 1855 Ecclesiae
1320 1796 1652 1856 testimonio
1699 1816 1776 1854 ex
1824 1794 2284 1854 adversariorum
2333 1794 2618 1853 sententia
2665 1797 2990 1856 necessario

578 1874 851 1953 pendent,
881 1894 951 1933 ac
976 1874 1215 1952 proinde
1242 1874 1390 1933 nihil
1418 1877 1493 1934 ob
1522 1894 1717 1935 earum
1747 1874 2150 1934 authoritatem
2175 1874 2385 1951 simpli.
2409 1874 2640 1933 credere
2661 1894 2988 1955 possumuS,

580 1954 695 2014 nisi
723 1954 883 2033 prius
910 1954 1212 2031 credamus
1239 1955 1561 2014 Ecclesiam
1592 1975 1721 2034 quac
1749 1956 1868 2015 illis
1895 1953 2288 2014 testimonium
2323 1954 2590 2031 perhibet
2625 1974 2752 2014 esse
2780 1955 2990 2015 infalli-

581 2034 761 2095 bilem
783 2057 798 2109 3
840 2036 995 2095 unde
1023 2044 1183 2114 patet
1208 2055 1395 2113 neque
1422 2036 1519 2096 hic
1545 2036 1762 2095 habere
1789 2036 1946 2114 ipsos
1973 2035 2075 2095 ubi
2101 2035 2307 2113 pedem
2335 2033 2513 2112 figere
2539 2036 2782 2112 possint.

668 2116 858 2175 XIX.
908 2116 1025 2177 Sed
1067 2136 1183 2176 non
1226 2118 1409 2177 tutius
1451 2117 1670 2176 habent
1712 2116 2044 2196 praesidium
2085 2135 2276 2175 causae
2303 2135 2423 2174 suae
2451 2115 2512 2173 in
2538 2116 2701 2174 vario
2728 2124 2997 2193 respectu

586 2198 913 2275 regularum
946 2197 1217 2257 credendi
1245 2218 1374 2276 quae
1402 2207 1462 2257 et
1491 2198 1603 2257 sibi
1629 2206 1830 2257 mutuo
1860 2197 1976 2256 sint
2017 2216 2206 2256 causae
2249 2204 2308 2255 et
2351 2216 2454 2274 per
2495 2214 2556 2254 se
2598 2195 2848 2255 invicem
2894 2195 2996 2255 de-

586 2286 994 2336 monstrentur.
1057 2278 1224 2352 Nam,
1262 2281 1314 2335 1.
1346 2278 1544 2337 Gratis
1572 2278 1916 2354 supponitur
1940 2277 2098 2353 quod
2119 2276 2488 2335 falsissimum
2517 2283 2622 2350 est,
2655 2274 2780 2335 dari
2801 2276 3000 2354 plures

588 2356 858 2417 credendi
893 2356 1141 2431 regulas,
1172 2356 1346 2413 unica
1372 2356 1523 2413 enim
1552 2365 1746 2431 potest
1773 2374 1900 2414 esse
1927 2356 2124 2413 totalis
2152 2364 2210 2414 et
2236 2356 2505 2432 perfecta,
2551 2356 2696 2414 alias
2723 2356 2774 2415 si
2799 2356 3000 2433 plures

588 2434 799 2492 dantur
841 2442 1045 2491 neutra
1088 2434 1197 2491 erit
1236 2434 1455 2508 regula.
1534 2438 1590 2491 2.
1639 2434 1961 2510 Reciproca
2000 2433 2416 2492 demonstratio
2461 2454 2760 2494 causarum
2805 2444 3004 2513 potest

586 2511 811 2570 institui
860 2511 921 2569 in
968 2530 1099 2569 eum
1146 2510 1337 2585 finem,
1388 2518 1453 2569 ut
1499 2531 1576 2570 ex
1624 2511 2050 2586 comparatione
2097 2518 2314 2584 mutua,
2366 2530 2481 2569 non
2527 2513 2759 2588 quidem
2811 2516 3004 2592 primo

586 2599 648 2651 et
673 2591 960 2668 praecipue
987 2599 1231 2669 utraque
1257 2589 1532 2667 probetur
1572 2610 1607 2648 a
1645 2589 1839 2668 priori,
1885 2589 1988 2647 sed
2027 2596 2093 2648 ut
2133 2590 2322 2666 magis
2362 2590 2722 2649 illustrentur
2748 2601 3004 2671 tantum,

588 2690 899 2748 earumque
941 2690 1256 2731 consensus
1297 2680 1607 2748 appareat:
1656 2669 1774 2729 Sed
1803 2668 2092 2727 Pontificii
2129 2666 2304 2746 longe
2333 2668 2500 2727 aliter
2525 2671 3004 2751 progrediuntur,

588 2752 837 2831 probant
868 2752 1221 2829 Scripturam
1248 2770 1375 2811 esse
1407 2750 1519 2811 Dei
1546 2750 1789 2811 verbum
1817 2770 1894 2810 ex
1923 2748 2200 2809 Ecclesiae
2227 2748 2556 2808 testimonio
2592 2768 2710 2808 non
2741 2758 2810 2809 ut
2851 2752 3008 2815 fides

582 2832 705 2911 jam
734 2832 1005 2892 inchoata
1030 2830 1217 2910 magis
1244 2832 1630 2907 confirmetur,
1674 2830 1777 2891 sed
1817 2838 1884 2890 ut
1923 2829 2220 2908 scripturae
2265 2849 2370 2889 sua
2404 2835 2631 2889 constet
2657 2831 3004 2910 authoritas,

592 2932 723 2991 quae
760 2912 1017 2990 alioquin
1058 2914 1115 2972 ei
1159 2920 1421 2971 constare
1448 2931 1565 2970 non
1593 2918 1807 2990 posset,
1853 2918 1914 2970 et
1955 2930 2154 2969 rursus
2182 2930 2258 2969 ex
2289 2909 2586 2987 Scriptura
2609 2910 2859 2988 probant
2887 2912 3004 2973 Ec-

592 2993 785 3053 clesiae
825 2992 1311 3069 infallibilitatem,
1358 2999 1424 3051 ut
1461 2992 1740 3051 Ecclesiae
1785 3010 1891 3051 sua
1934 2999 2159 3051 constet
2201 2990 2538 3065 authoritas,
2589 3011 2719 3069 quae
2766 2991 3006 3053 aliunde

592 3072 941 3133 sufficienter
986 3073 1217 3150 probari
1262 3092 1381 3131 non
1428 3080 1659 3149 potest3
1703 3072 1800 3132 Ita
1836 3071 2042 3131 volunt
2089 3070 2398 3149 Scripturas
2443 3070 2852 3130 authoritatem
2899 3092 3004 3131 ne-

594 3151 845 3211 cessario
871 3152 1121 3228 pendere
1154 3152 1227 3212 ab
1258 3152 1539 3227 Ecclesia,
1589 3160 1651 3211 et
1677 3152 1805 3210 vice
1833 3170 2004 3209 versa
2032 3150 2310 3210 Ecclesiae
2353 3150 2758 3210 authoritatem
2799 3170 3004 3211 neces-

591 3230 745 3289 sario
772 3230 1022 3305 pendere
1050 3250 1086 3288 a
1117 3231 1448 3308 Scriptura3
1492 3230 1649 3309 quod
1677 3250 1750 3290 ne
1778 3230 2148 3308 imaginando
2177 3229 2410 3308 quidem
2449 3229 2594 3307 fingi
2631 3238 2838 3307 potest,
2863 3250 3004 3291 nam

590 3308 675 3367 sic
704 3318 1039 3383 sequeretur
1070 3310 1380 3385 Scripturas
1409 3310 1844 3369 Authoritatem
1880 3330 1996 3368 non
2023 3330 2194 3387 posse
2223 3308 2378 3369 credi
2405 3309 2519 3368 nisi
2547 3310 2706 3386 prius
2735 3310 3008 3370 credatur

480 3404 503 3427 ·
594 3386 873 3447 Ecclesiae
914 3386 1313 3463 infallibilitas,
1356 3389 1615 3447 vicissim
1646 3389 1924 3448 Ecclesiae
1961 3388 2430 3448 infallibilitatem
2469 3408 2587 3447 non
2628 3408 2798 3468 posse
2841 3392 3006 3451 credi

590 3466 705 3526 nisi
750 3466 912 3544 prius
960 3466 1225 3526 credatur
1276 3467 1587 3545 Scripturas
1637 3468 1973 3542 authoritas,
2004 3468 2164 3545 quod
2210 3468 2503 3527 ὀσῦστιτοι.
2590 3472 2645 3529 3.
2687 3471 3008 3546 Regem-ms

592 3546 1003 3606 Aristotelicus
1042 3547 1216 3625 longe
1254 3546 1446 3606 differt
1486 3568 1522 3605 a
1549 3547 1779 3607 Circulo
1809 3548 2113 3607 Pontificio
2139 3571 2154 3609 z
2197 3548 2348 3607 Nam
2380 3552 2432 3608 1.
2461 3549 2522 3606 in
2549 3568 2817 3626 regressu
2845 3570 3008 3610 nova

592 3626 909 3705 acquiritur
934 3627 1207 3705 cognitio,
1250 3627 1391 3687 dum
1436 3626 1769 3705 proceditur
1815 3646 1851 3685 a
1902 3628 2230 3705 cognitione
2259 3628 2499 3688 confusa
2525 3627 2599 3687 ad
2627 3628 2963 3688 distinctam
2990 3655 3006 3707 ;

596 3706 713 3768 Sed
760 3706 857 3765 hic
897 3707 1059 3766 nulla
1105 3726 1259 3766 nova
1306 3707 1546 3783 accedit,
1591 3706 1924 3785 proceditur
1969 3708 2122 3767 enim
2171 3708 2246 3766 ab
2293 3708 2641 3767 authoritate
2677 3710 2843 3768 verbi
2883 3710 3006 3770 fide

590 3787 791 3847 divina
818 3787 1054 3859 credita,
1084 3786 1157 3845 ad
1188 3786 1427 3845 eandem
1456 3786 1622 3847 verbi
1651 3786 2058 3848 authoritatem
2085 3786 2198 3847 fide
2227 3785 2427 3846 divina
2453 3788 2750 3847 creditam.
2823 3792 2881 3849 2.
2931 3790 3010 3849 In

588 3885 857 3945 regressu
886 3874 977 3925 est
1003 3866 1268 3925 diversus
1294 3886 1599 3944 processus
1629 3867 1703 3925 ab
1731 3866 1939 3926 effectu
1967 3866 2040 3925 ad
2069 3886 2320 3943 causam,
2351 3886 2387 3925 a
2407 3886 2581 3926 causa
2608 3868 2684 3926 ad
2711 3866 3006 3945 effectum,

590 3966 629 4006 a
646 3946 1133 4006 demonstratione
1182 3945 1253 4005 ’ὅτι
1292 3946 1368 4005 ad
1409 3946 1954 4005 demonstrationem
1982 3972 2070 4005 του
2096 3943 2234 4020 διὲκ-ι,
2275 3956 2338 4005 et
2363 3948 2492 4006 vice
2519 3966 2706 4024 versa,
2737 3947 3006 4026 adeoque

590 4046 707 4085 non
734 4033 927 4103 potest
952 4025 1107 4084 idem
1148 4044 1275 4085 esse
1318 4046 1506 4085 causae
1534 4045 1758 4104 genus;
1807 4026 1924 4086 Sed
1951 4025 2012 4085 in
2042 4027 2270 4085 Circulo
2301 4026 2606 4086 Pontificio
2647 4047 2764 4086 non
2793 4036 2882 4087 est
2911 4029 3008 4086 di-

589 4125 795 4166 versus
821 4124 1141 4183 processus,
1192 4105 1296 4164 sed
1324 4105 1581 4183 ejusdem
1612 4105 1832 4165 ordinis
1858 4114 1918 4164 et
1944 4106 2192 4184 generis,
2240 4106 2381 4165 nim.
2420 4126 2457 4165 a
2497 4126 2672 4167 eausa
2708 4107 3010 4185 objectiva

587 4185 725 4245 fidei
772 4194 1008 4263 propter
1046 4203 1220 4262 quam
1268 4184 1574 4260 credimus,
1618 4184 1696 4243 ad
1733 4184 1976 4244 eandem
2005 4204 2238 4244 causam
2281 4186 2646 4264 objectivam,
2691 4187 3008 4265 utrobique

588 4266 741 4325 enim
772 4266 1051 4402 ‹fluaeritur
1083 4274 1320 4343 propter
1359 4264 1501 4343 quid
1540 4265 1640 4324 vel
1679 4264 1949 4325 credatur
1978 4264 2288 4343 Scriptura
2318 4266 2640 4327 authoritas
2667 4268 2763 4325 vel
2793 4267 3008 4327 Eccle-

590 4345 692 4404 siae
720 4345 780 4401 in
804 4345 1122 4405 anibilitas.

668 4424 822 4481 XX.
867 4428 923 4484 6.
970 4424 1235 4503 Denique
1268 4424 1509 4504 Staplet.
1552 4425 1614 4484 in
1643 4424 1974 4485 defensione
2003 4424 2368 4485 authoritatis
2398 4424 2693 4503 Ecclesiae,
2723 4424 2825 4484 lib.
2859 4428 2916 4502 3,
2951 4448 3008 4487 c.

587 4502 643 4574 3,
686 4500 931 4562 affirmat
974 4505 1119 4563 nihil
1165 4524 1293 4565 esse
1348 4506 1584 4565 absurdi
1612 4506 1662 4565 si
1691 4506 1968 4565 Ecclesiae
1995 4505 2314 4565 authoritas
2348 4504 2539 4582 quoad
2567 4524 2674 4564 nos
2701 4526 2774 4563 ex
2808 4506 3010 4584 Scrip-

584 4586 731 4638 turas
758 4581 1107 4641 authoritate
1154 4584 1420 4661 pendeat,
1472 4593 1533 4646 et
1578 4605 1779 4645 rursus
1830 4585 2140 4662 Scripturas
2185 4586 2503 4645 authoritas
2551 4584 2743 4661 quoad
2789 4604 2898 4643 nos
2927 4588 3012 4645 ab

580 4656 865 4722 Ecclesiae
884 4662 1241 4721 authoritate
1258 4664 1524 4740 pendeat,
1544 4674 1854 4742 utrumque
1884 4665 2055 4723 simul
2077 4683 2277 4724 verum
2301 4684 2428 4723 esse
2455 4684 2644 4743 posse,
2677 4664 3010 4723 Ecclesiam
