3234 5192
482 294 599 353 528
1090 309 1169 349 ns
1198 308 1677 353 sarisracrroms
1705 309 1942 352 cnms'rr
1969 308 2289 350 vsm‘rA-rs.
2475 288 2734 371 [maru-r.
2767 308 2894 351 xm.

476 450 653 530 mus,)
685 456 904 509 certum
932 458 1021 509 est
1062 449 1173 509 hoc
1222 449 1489 517 effectum
1538 449 1718 509 fuisse
1761 448 1871 507 diri
1916 449 2217 527 cujusdam
2247 458 2304 508 et
2331 448 2550 509 insoliti
2575 448 2799 509 timoris
2825 460 2888 511 et

478 530 807 603 anxietatis.
852 530 1001 587 Nam
1031 548 1162 589 cum
1192 530 1369 588 sudor
1394 550 1615 607 aqueus
1650 536 1970 589 extremum
2000 539 2234 605 metum,
2265 538 2325 588 et
2351 529 2526 587 animi
2555 530 2884 607 angustiam

470 610 595 687 jam
625 616 847 686 arguat,
879 628 1052 686 quam
1080 610 1388 669 immanem
1415 610 1593 669 fuisse
1620 609 1879 668 dolorem
1921 609 2084 667 illum
2113 628 2348 669 necesse
2376 620 2466 669 est
2485 609 2586 686 qui
2613 609 2884 671 sudorem

479 690 859 767 sanguineum
888 688 999 765 ipsi
1029 689 1314 765 expressit
1332 692 1361 747 P

559 768 749 827 XIII.
798 768 915 827 Sed
942 777 1001 827 et
1026 769 1181 827 hunc
1228 788 1346 827 non
1392 767 1583 827 minus
1627 768 1927 827 evidenter
1965 775 2211 828 testatur
2237 768 2430 847 angeli
2457 789 2588 828 eum
2617 770 2885 829 corrobo-

475 849 658 908 rantis
698 848 1023 925 praesentia,
1054 847 1210 925 quod
1252 856 1341 907 est
1368 848 1611 907 alterum
1643 849 1810 907 istius
1840 852 2076 925 ἀγωνίας
2104 849 2458 926 adjunctum,
2490 849 2562 907 de
2591 869 2706 925 quo
2735 849 2881 911 Luc.

477 928 625 987 xxii.
654 930 771 1003 433
819 936 1096 1005 quantum
1140 928 1294 986 enim
1339 936 1398 987 et
1440 928 1670 1003 qualem
1721 928 1974 1005 oportuit
2015 948 2142 987 esse
2185 928 2339 988 hunc
2383 948 2656 1007 angorem
2685 930 2744 987 in
2767 949 2884 1007 quo

478 1008 687 1085 angelo
716 1007 1073 1066 consolatore
1118 1026 1263 1084 opus
1306 1006 1526 1082 habuit,
1577 1008 1863 1066 Dominus
1909 1028 1946 1065 a
1997 1008 2194 1083 Servo,
2243 1009 2480 1068 Creator
2523 1030 2558 1067 a
2587 1010 2879 1085 Creatura,

478 1088 640 1147 Deus
668 1088 740 1145 ab
770 1086 1004 1163 Angelo
1032 1087 1289 1145 solamen
1316 1087 1483 1164 petiit
1502 1090 1531 1145 Ρ
1572 1086 1838 1165 Angelos
1877 1087 2110 1165 quidem
2153 1096 2219 1147 ut
2244 1090 2392 1148 tanti
2417 1088 2575 1167 regis
2603 1089 2882 1148 satellites

474 1176 533 1227 et
561 1167 852 1225 ministros
881 1167 955 1225 ab
994 1166 1159 1225 initio
1202 1166 1613 1226 incarnationis
1657 1167 1885 1227 Christo
1927 1166 2178 1227 adfuisse
2207 1167 2488 1245 videmus,
2519 1168 2880 1228 nativitatem

472 1248 786 1320 nuntiasse,
814 1254 947 1324 post
986 1246 1361 1305 tentationem
1402 1246 1777 1324 ministrasse,
1809 1246 1912 1305 sed
1948 1256 2014 1307 ut
2041 1248 2268 1307 coelitus
2295 1249 2370 1308 ad
2397 1248 2880 1307 corroborandum

476 1327 791 1386 Dominum
820 1345 988 1385 suum
1029 1334 1088 1385 et
1113 1326 1431 1404 principem
1478 1326 1893 1386 descenderent
1939 1347 2235 1405 nunquam
2284 1337 2453 1387 antea
2495 1330 2704 1405 visum,
2735 1348 2881 1387 nun-

475 1426 649 1484 quam
698 1414 869 1465 antea
922 1405 1181 1465 auditum
1236 1405 1441 1465 fuerat.
1534 1406 1742 1485 Itaque
1791 1407 2135 1484 gravissima
2183 1407 2398 1467 Christi
2444 1408 2603 1467 lucta
2651 1416 2880 1467 notatur

474 1495 535 1547 et
560 1484 1009 1563 profundissima
1034 1486 1162 1562 ejus
1190 1485 1509 1545 exinanitio
1557 1502 1676 1563 qua
1717 1506 1834 1564 prae
1877 1487 2100 1563 angelis
2147 1486 2290 1562 ipsis
2335 1487 2412 1544 ad
2440 1496 2666 1564 tempus
2693 1488 2879 1547 mino·

476 1575 636 1625 ratus
664 1565 787 1639 fuit,
818 1573 883 1624 ut
926 1564 1151 1623 Psaltes
1188 1566 1312 1642 jam
1350 1573 1522 1624 antea
1546 1566 1909 1643 praedixerat,
1945 1565 2098 1623 Psal.
2128 1564 2250 1623 viii.
2279 1568 2333 1639 5,
2365 1574 2423 1624 et
2450 1566 2532 1624 ita
2557 1566 2878 1625 minoratus

474 1654 541 1705 ut
566 1664 763 1704 eorum
792 1644 965 1702 etiam
1010 1644 1216 1703 solatio
1259 1644 1591 1722 indiguerit.
1657 1644 1825 1719 Quod
1866 1644 1948 1703 ita
1994 1652 2188 1703 tamen
2223 1645 2665 1721 intelligendum
2692 1654 2780 1703 est
2811 1653 2878 1705 ut

472 1745 591 1783 non
618 1723 1026 1782 confortaverit
1071 1743 1205 1782 eum
1246 1724 1736 1783 communicatione
1775 1723 1993 1781 virtutt's
2039 1733 2099 1782 et
2133 1724 2400 1799 potentioe
2438 1724 2604 1801 quasi
2651 1732 2874 1801 partem

476 1804 666 1865 oneris
696 1803 924 1862 Christo
952 1803 1278 1880 impositam
1306 1802 1547 1880 angelus
1573 1802 1635 1860 in
1665 1821 1726 1860 se
1753 1803 2066 1879 recepisset
2092 1804 2188 1861 vel
2214 1803 2370 1861 vires
2406 1804 2481 1863 ad
2508 1802 2656 1861 illud
2683 1804 2868 1863 feren·

476 1884 611 1943 dum
644 1883 873 1942 Christo
902 1883 1339 1960 suppeditasset,
1370 1882 1452 1941 sic
1480 1882 1634 1939 enim
1665 1880 1929 1940 Christus
1957 1883 2116 1941 solus
2165 1883 2412 1942 calcavit
2453 1884 2720 1961 torcular,
2754 1884 2873 1944 Isa.

473 1964 621 2023 lxiii.
653 1966 709 2037 3,
740 1963 899 2022 solus
927 1962 1059 2021 tulit
1084 1970 1321 2040 peccata
1359 1960 1577 2037 mundi,
1610 1959 1790 2040 (unde
1810 1962 2066 2021 ·Veteres
2096 1965 2132 1995 ‘⁴
2151 1960 2422 2041 Angelus
2449 1963 2734 2023 confortat
2769 1965 2876 2024 sed

475 2064 591 2103 non
638 2042 916 2120 portat,'')
968 2041 1071 2101 sed
1116 2041 1618 2119 repraesentatione
1674 2036 2072 2101 efficacissima
2124 2044 2328 2102 auxilii
2376 2044 2561 2102 divini
2608 2045 2876 2122 promissi

471 2132 531 2183 et
558 2124 756 2201 gloriae
784 2142 851 2181 ac
880 2122 1137 2181 victorias
1165 2142 1295 2199 quae
1325 2120 1539 2180 Christi
1566 2129 1858 2181 certamen
1886 2123 2204 2183 certissime
2229 2132 2355 2184 erat
2383 2133 2665 2184 secutura.

553 2204 734 2262 XIV.
781 2202 1045 2279 Denique
1072 2202 1249 2279 hujus
1277 2200 1524 2261 tristitiae
1553 2210 1613 2261 et
1659 2202 1896 2280 angoris
1923 2204 2134 2261 summi
2181 2205 2574 2264 testimonium
2615 2204 2873 2265 luculen-

470 2291 591 2341 tum
622 2282 853 2341 fuerunt
877 2301 1077 2358 preces
1105 2281 1220 2339 iuae
1248 2290 1307 2340 et
1334 2281 1784 2359 supplicationes
1809 2281 2251 2342 ferventissimae
2279 2304 2425 2362 quas
2469 2306 2598 2343 cum
2629 2286 2876 2343 clamore

471 2361 666 2420 valido
695 2370 754 2419 et
780 2360 1091 2437 lachrymis
1122 2361 1281 2420 Patri
1308 2360 1519 2420 obtulit
1545 2361 1624 2420 ad
1649 2360 1712 2419 id
1737 2370 1803 2420 ut
1831 2361 1985 2418 calix
2025 2361 2126 2420 ille
2154 2363 2228 2421 ab
2257 2363 2384 2439 ipso
2421 2364 2708 2437 transiret,
2739 2384 2872 2421 nam

471 2441 523 2499 si
548 2441 861 2499 necessitas
888 2440 1083 2516 aliqua
1129 2440 1224 2499 vel
1262 2440 1647 2517 impendentis
1688 2439 1825 2497 mali
1873 2458 2076 2498 sensus
2132 2440 2227 2498 vel
2274 2450 2464 2500 metus
2507 2442 2771 2501 homines
2799 2442 2874 2500 ad

470 2518 823 2598 precandum
848 2519 1109 2597 impellit,
1160 2520 1359 2597 utique
1406 2520 1808 2597 gravissimum
1846 2518 2023 2577 fuisse
2052 2518 2314 2577 timorem
2357 2540 2594 2579 necesse
2638 2530 2728 2579 est
2754 2539 2871 2596 quo

472 2600 736 2659 Christus
764 2608 1011 2658 aeternus
1044 2600 1155 2658 Dei
1179 2599 1334 2659 filius
1362 2599 1437 2658 ad
1464 2598 1742 2659 orandum
1770 2598 2050 2675 impulsus
2078 2606 2182 2673 est,
2229 2607 2288 2657 et
2314 2599 2545 2676 quidem
2587 2599 2670 2657 ita
2697 2617 2865 2657 oran-

470 2679 611 2739 dum
636 2687 703 2739 ut
730 2700 845 2739 non
875 2680 1052 2739 semel
1080 2680 1378 2755 iterumve,
1422 2680 1525 2739 sed
1568 2689 1659 2739 ter
1701 2679 1928 2738 easdem
1955 2698 2154 2755 preces
2181 2678 2414 2751 iterarit,
2445 2698 2560 2737 non
2597 2678 2865 2737 manibus

472 2760 531 2819 in
560 2760 769 2819 coelum
799 2760 981 2836 elatis,
1014 2759 1118 2819 sed
1146 2778 1381 2837 corpore
1410 2760 1469 2817 in
1498 2768 1709 2818 terram
1743 2768 2044 2837 prostrato,
2072 2777 2188 2817 non
2217 2758 2498 2817 submisse
2527 2767 2627 2817 aut
2669 2758 2862 2835 tacite,

472 2841 575 2901 sed
603 2862 733 2901 cum
764 2841 1009 2901 clamore
1038 2839 1251 2914 valido,
1282 2858 1411 2897 cum
1460 2839 1778 2917 lachrymis
1815 2846 1874 2898 et
1903 2858 2124 2897 summa
2151 2839 2396 2915 quadam
2425 2838 2602 2896 animi
2631 2846 2864 2897 conten-

470 2922 662 2982 tione:
705 2942 833 2999 quae
879 2921 1071 2981 omnia
1116 2940 1235 2980 non
1282 2918 1636 2979 ordinarium
1665 2928 1722 2977 et
1749 2918 1956 2993 levem,
1987 2917 2092 2977 sed
2117 2918 2430 2977 maximum
2461 2925 2521 2976 et
2547 2918 2866 2977 intensissi-

468 3022 625 3061 mum
654 3002 912 3061 dolorem
940 3010 999 3061 et
1015 3000 1366 3060 anxietatem
1394 3005 1598 3058 notant
1616 3018 1692 3056 ex
1720 2998 2022 3076 praesentis
2043 2998 2138 3056 vel
2167 2998 2518 3057 imminentis
2541 2998 2871 3075 gravissimi

472 3082 719 3159 alicujus
748 3082 885 3139 mali
927 3080 1379 3159 apprehensione
1408 3086 1610 3137 ortam.
1695 3077 1866 3152 Quod
1895 3086 1954 3137 et
1982 3076 2194 3136 Calicis
2223 3098 2338 3135 vox
2367 3098 2486 3136 non
2513 3078 2756 3138 obscure
2783 3079 2866 3137 in·

470 3160 644 3231 dicat,
674 3159 1013 3219 tralatitium
1036 3160 1187 3219 enim
1211 3168 1316 3235 est,
1338 3167 1402 3219 ut
1421 3178 1523 3237 per
1551 3157 1788 3216 calicem
1812 3159 2063 3235 metaph.
2087 3176 2213 3217 sors
2240 3156 2492 3217 hominis
2513 3177 2867 3234 quaecunque

470 3238 569 3297 vel
594 3239 747 3296 bona
768 3239 862 3297 vel
890 3240 1059 3314 mala,
1091 3240 1187 3299 vel
1233 3258 1507 3318 prospera
1544 3237 1642 3296 vel
1689 3236 1951 3313 adversa,
1984 3238 2304 3313 denotetur,
2337 3238 2668 3313 metaphora
2695 3237 2865 3295 ducta

472 3338 507 3377 a
534 3336 691 3375 more
720 3317 780 3374 in
808 3317 1093 3377 conviviis
1114 3318 1249 3377 olim
1279 3318 1493 3378 usitato
1519 3317 1581 3375 in
1610 3316 1822 3395 quibus
1861 3317 2290 3394 patrisfamilias
2307 3318 2402 3376 vel
2423 3314 2859 3393 symposiarchae

471 3399 583 3456 hoc
631 3416 841 3457 munus
889 3407 1011 3457 erat
1056 3398 1302 3475 singulis
1330 3398 1447 3457 cibi
1490 3406 1549 3457 et
1588 3406 1761 3475 potus
1802 3396 2141 3455 demensum
2185 3398 2514 3475 assignare3
2555 3395 2690 3473 quia
2721 3413 2858 3452 vero

470 3477 643 3537 modo
670 3476 747 3536 ad
774 3478 1172 3537 necessitatem
1200 3486 1425 3537 tantum
1452 3478 1550 3537 vel
1576 3476 1898 3536 modestam
1927 3476 2275 3536 hilaritatem
2306 3476 2709 3555 apponebatur,
2740 3492 2858 3533 mo·

469 3560 544 3619 do
569 3558 813 3617 ulterius
860 3558 1213 3635 urgebantur
1259 3558 1523 3617 convivas
1566 3558 1644 3616 ad
1687 3557 2078 3633 intemperiem
2109 3576 2293 3635 usque
2322 3556 2480 3634 quod
2504 3575 2620 3615 non
2644 3562 2870 3633 poterat

470 3660 585 3699 non
614 3658 743 3698 esse
764 3638 905 3716 ipsis
932 3638 1222 3714 ingratum
1250 3646 1309 3695 et
1336 3638 1661 3712 molestum,
1691 3636 1828 3695 hinc
1853 3634 2068 3695 factu'm
2089 3645 2156 3695 ut
2183 3636 2338 3695 calix
2355 3637 2452 3696 vel
2468 3636 2654 3713 portio
2677 3634 2870 3694 calicis

468 3720 641 3779 modo
670 3719 732 3777 in
774 3720 1001 3793 bonam,
1034 3716 1205 3777 modo
1234 3718 1294 3775 in
1340 3717 1553 3775 malam
1598 3726 1822 3795 partem
1872 3724 2208 3791 sumeretur,
2238 3717 2334 3775 vel
2369 3717 2443 3775 ad
2471 3718 2604 3775 bene
2682 3716 2730 3773 ‘a
2760 3712 2870 3773 Dei

469 3820 611 3878 erga
655 3799 935 3873 homines,
967 3799 1063 3856 vel
1106 3797 1182 3856 ad
1210 3798 1554 3855 calamitates
1598 3804 1658 3855 et
1685 3816 1886 3874 poenas
1913 3795 1986 3853 ab
2015 3794 2219 3854 eodem
2247 3796 2536 3855 immissas
2603 3796 2867 3873 esignan-

468 3880 590 3955 das,
622 3880 775 3940 unde
804 3878 1049 3957 duplicis
1077 3878 1273 3937 calicis
1300 3876 1455 3955 apud
1484 3876 1792 3954 scriptores
1819 3895 2012 3934 sacros
2033 3877 2265 3947 menti0,
2300 3878 2337 3909 “
2359 3875 2572 3935 Calicis
2594 3876 2795 3954 gratiae
2815 3882 2874 3934 et
2921 3906 2928 3915 ·

468 3960 881 4037 benignitatis'‘
900 3958 973 4017 de
993 3978 1109 4037 quo
1133 3956 1285 4015 Psal.
1308 3956 1427 4015 xvi.
1449 3959 1503 4031 5,
1540 3960 1575 3989 “
1599 3956 1886 4014 Dominus
1907 3964 1996 4014 est
2015 3956 2202 4033 portio
2225 3955 2459 4015 calicis”
2482 3957 2613 4031 mei,
2639 3964 2698 4015 et
2717 3955 2868 4014 Psal.

471 4041 638 4099 xxiii.
659 4044 713 4115 5,
738 4044 773 4074 “
798 4039 967 4099 Calix
986 4058 1149 4097 meus
1170 4036 1486 4112 exundat,''
1510 4044 1569 4095 et
1581 4036 1794 4095 Calicis
1815 4035 1914 4093 irae
1943 4044 2002 4094 et
2030 4035 2446 4112 indignationis
2469 4035 2540 4094 de
2557 4056 2674 4113 quo
2695 4036 2868 4094 toties

470 4121 792 4198 Prophetae,
826 4120 940 4179 Isa.
968 4119 1031 4177 li.
1058 4122 1150 4193 1⁷,
1182 4118 1307 4177 Jer.
1349 4137 1492 4175 xxv.
1528 4118 1619 4190 15,
1670 4119 1763 4190 16,
1810 4118 1901 4191 17,
1947 4115 2158 4174 Thren.
2190 4115 2269 4173 iv.
2299 4119 2396 4190 21,
2431 4116 2586 4175 Psal.
2617 4116 2782 4173 lxxv.
2807 4116 2862 4173 8.

471 4199 690 4259 Eadem
720 4200 914 4278 phrasi
942 4200 1123 4259 utitur
1152 4198 1415 4257 Christus
1444 4196 1656 4274 saepius
1697 4194 1772 4255 ad
1800 4195 2125 4272 passionem
2154 4203 2212 4254 et
2239 4206 2482 4256 mortem
2511 4195 2820 4254 notandam
2847 4216 2862 4268 ;

468 4280 510 4339 J
514 4282 609 4339 oh.
638 4279 802 4339 xviii.
837 4284 929 4353 ll,
964 4282 999 4312 ‘³
1018 4280 1223 4338 Nonne
1251 4277 1445 4336 bibam
1463 4296 1535 4335 ex
1561 4276 1800 4352 calice,”
1831 4273 1958 4350 δια,
1985 4283 2044 4334 et
2070 4275 2164 4333 hic
2191 4274 2252 4333 in
2281 4278 2538 4335 oratione
2571 4278 2606 4308 “
2627 4273 2874 4333 transfer

468 4378 505 4414 a
528 4378 620 4417 me
648 4360 919 4435 poc'ulum
946 4358 1140 4418 istud!
1148 4360 1160 4385 ¹
1207 4355 1544 4433 Cujusmodi
1572 4366 1764 4415 autem
1787 4354 2000 4414 fuerint
2027 4354 2154 4414 istae
2181 4374 2381 4434 preces
2409 4365 2469 4415 et
2495 4354 2784 4433 quomodo
2811 4354 2873 4413 in

470 4435 651 4494 filium
682 4436 793 4495 Dei
821 4438 1039 4513 absque
1066 4437 1187 4495 ulla
1212 4436 1433 4512 peccati
1476 4436 1609 4495 labe
1657 4436 1754 4496 vel
1803 4433 2018 4511 ἀταξίᾳ
2061 4436 2267 4496 cadere
2295 4436 2586 4515 potuerint
2612 4434 2874 4494 dicemus

464 4514 717 4573 inferius.

548 4592 692 4651 XV.
740 4592 833 4649 Ex
880 4592 1022 4667 ipsis
1066 4612 1203 4651 vero
1252 4594 1475 4669 agonias
1522 4594 1736 4653 Christi
1773 4593 1994 4655 effectis
2042 4595 2296 4655 omnium
2351 4594 2622 4655 maximis
2669 4594 2880 4653 merito
