3234 5192
559 362 637 420 50
1284 371 1364 411 m:
1394 371 1763 412 unci-:sunm
1792 366 2140 410 sncsssloss
2634 345 2893 428 [msru'r.
2924 367 2989 408 11.

562 518 706 596 Quis
733 537 872 578 vero
900 518 1130 595 ignorat
1161 513 1502 577 Sanctorum
1531 513 1753 575 meritis
1780 513 1947 572 inniti
1988 529 2190 590 preces
2220 509 2530 583 Romanas,
2562 527 2875 586 eorumque
2902 508 2989 567 in·

561 599 914 674 tercessioni,
965 597 1189 672 merit0,
1246 596 1471 670 virtuti,
1527 602 1766 672 accepta
1818 592 1954 652 ferri
2008 589 2303 665 beneficia,
2363 598 2420 648 et
2474 589 2735 647 invocari
2789 609 2989 648 eorum

561 699 774 740 nomen
788 682 818 738 Ρ
917 677 1071 754 Quin
1105 677 1168 736 in
1208 675 1494 754 precibus,
1532 673 1896 753 juramentis,
1940 672 2111 747 votis,
2157 669 2628 744 confessionibus,
2675 671 2991 746 gratiarum

563 761 906 836 actionibus,
944 757 1254 817 missaticis
1295 758 1490 830 sacris,
1544 756 1831 832 Paparum
1872 753 2066 827 bullis,
2112 751 2317 810 sociari
2357 769 2569 809 nomen
2606 749 2886 827 Virginis,
2933 759 2993 810 et

568 842 910 902 Sanctorum
937 839 1187 912 nomina,
1219 835 1536 895 collaterali
1565 835 1741 908 cultu,
1772 833 2102 892 nominibus
2126 831 2236 890 Dei
2266 839 2323 890 et
2352 830 2610 889 Christi?
2690 831 2835 905 Quis
2850 849 2993 889 vero

563 939 682 982 non
709 920 871 979 videt
895 920 1008 976 hoc
1035 926 1204 994 pacto
1249 916 1528 992 grandem
1575 914 1703 972 fieri
1746 913 2014 991 injuriam
2056 912 2302 986 Christe,
2350 911 2453 988 qui
2498 911 2903 970 Intercessoris
2932 922 2993 970 et

565 998 972 1078 Redemptoris
993 996 1054 1054 in
1087 995 1401 1072 Scripturis
1430 995 1587 1053 solus
1615 1013 1827 1052 nomen
1854 993 2045 1068 habet,
2077 1001 2136 1051 et
2162 991 2501 1068 dignitatem
2534 990 2836 1068 possidet?
2892 993 2990 1050 Ex

564 1101 682 1160 quo
709 1078 878 1138 facile
899 1077 1172 1154 colligere
1200 1075 1354 1150 licet,
1388 1075 1636 1136 Romam
1655 1074 1794 1153 pati,
1825 1073 2151 1136 devotionis
2178 1081 2239 1130 et
2264 1071 2652 1130 venerationis
2680 1070 2906 1145 affectu,
2938 1073 2989 1130 si

565 1181 682 1223 non
709 1158 932 1236 majori,
969 1157 1210 1215 Sanctos
1240 1175 1402 1232 seque
1431 1175 1500 1214 ac
1533 1155 1721 1214 Deum
1750 1164 1809 1213 et
1831 1155 2121 1212 Christum
2152 1152 2356 1210 colere.
2444 1153 2533 1210 De
2560 1159 2675 1229 quo
2696 1153 2819 1228 jam
2849 1152 2989 1210 olim

575 1239 824 1317 Veryt'lii,
860 1237 1191 1312 Cassandri,
1233 1236 1410 1312 Vives,
1435 1235 1749 1313 Espmcoei,
1781 1243 1841 1294 et
1868 1234 1967 1292 alii
1986 1233 2177 1311 questi
2204 1240 2386 1291 erant.
2448 1232 2569 1290 Nec
2598 1231 2827 1291 diffiteri
2854 1251 2986 1309 pos-

565 1327 716 1395 sunt,
747 1319 850 1398 qui
878 1318 1098 1378 sincere
1125 1337 1202 1376 ex
1229 1317 1314 1375 rei
1341 1317 1584 1376 veritate
1611 1317 1944 1393 loquuntur,
1974 1321 2134 1392 patet
2161 1333 2236 1371 ex
2256 1312 2406 1370 libro
2432 1313 2806 1373 Consiliorum
2831 1315 2986 1370 salu-

565 1401 776 1461 tarium
801 1401 863 1461 S.
903 1399 1150 1477 Virginis
1197 1400 1282 1457 ad
1321 1398 1648 1459 indiscretos
1694 1397 1785 1455 sui
1828 1398 2081 1469 cultores,
2129 1393 2383 1452 Coloniae
2422 1392 2594 1465 edite,
2642 1391 2743 1450 ubi
2786 1401 2988 1452 auctor

562 1482 776 1542 fatetur
815 1480 1108 1560 populum,
1153 1479 1440 1556 praelatos,
1481 1477 1746 1536 doctores
1783 1485 1842 1535 et
1880 1474 2287 1554 praedicatores
2333 1474 2520 1532 colere
2559 1471 2880 1549 Virginem,
2926 1482 2992 1532 ut

566 1564 807 1623 alteram
862 1559 1242 1632 divinitatem,
1301 1558 1388 1616 illi
1436 1555 1603 1615 reddi
1653 1557 1872 1614 cultum
1922 1555 2030 1614 soli
2088 1555 2215 1612 Deo
2282 1553 2558 1629 debitum,
2610 1551 2668 1609 in
2712 1571 2781 1610 ea
2828 1571 2989 1630 spem

563 1662 794 1702 omnem
821 1639 1108 1713 collocari,
1139 1657 1266 1695 eam
1297 1655 1470 1714 supra
1499 1636 1715 1694 Filium
1744 1635 1975 1711 elevari,
2007 1643 2066 1693 et
2093 1634 2178 1692 illi
2208 1634 2333 1697 dari
2363 1651 2591 1692 omnem
2620 1632 2823 1692 salutis
2851 1653 2983 1693 nos-

563 1727 670 1780 trae
737 1721 961 1778 loriam.

649 1741 980 1858 XgXXHL
1025 1797 1158 1855 Hoc
1207 1815 1346 1854 vero
1393 1815 1466 1854 ne
1515 1795 1785 1873 cuiquam
1833 1795 2074 1855 dubium
2123 1795 2215 1871 sit,
2267 1794 2653 1854 consulendus
2708 1803 2797 1853 est
2851 1801 2986 1854 ante

561 1880 773 1948 citatus
808 1878 1066 1940 Crassett’
1089 1877 1254 1953 liber,
1288 1875 1386 1934 ubi
1417 1884 1620 1940 auctor
1647 1875 1772 1934 fuse
1793 1876 1904 1934 hoc
1922 1885 2327 1953 argumentum
2354 1883 2578 1950 tractat,
2610 1881 2668 1934 et
2694 1874 2845 1934 inter
2870 1875 2987 1934 alia

627 1999 794 2050 mmet.
813 1997 845 2044 i.
874 2013 923 2058 P·
946 1997 991 2046 2,
1090 1957 1313 2050 asserit,
1328 1957 1383 2050 ’⁴‘
1404 1956 1593 2050 Deum
1634 1955 1855 2050 nullam
1897 1956 2141 2051 gratiam
2186 1955 2495 2092 ordinariler
2511 1954 2843 2091 homiinibus
2868 1955 2985 2012 lar-

565 2118 698 2194 dici,
734 2121 770 2152 ιι
788 2037 2359 2196 „mnipoteffiffssssfssgffigffifflssssssssffiffiss⁵2¹3„
2380 2035 2725 2190 ωηῗῗιωῗ
2740 2045 2985 2172 ἓῗιῖἳίἷῗ

565 2197 844 2277 possibile
872 2219 1017 2276 esse,
1040 2216 1212 2275 posse
1229 2215 1354 2255 eam
1379 2215 1610 2255 servare
1640 2196 1990 2274 desperatos,
2023 2195 2293 2255 accedere
2322 2195 2397 2254 ad
2429 2195 2539 2253 Dei
2566 2194 2835 2269 tribunal,
2866 2213 2985 2252 non

808 2331 868 2378 28
1087 2276 1261 2335 modo
1289 2285 1354 2336 ut
1382 2293 1627 2350 servam,
1658 2297 1788 2355 quse
1816 2285 1942 2336 orat
1962 2277 2275 2338 Dominum
2294 2295 2479 2352 suum,
2501 2273 2604 2334 sed
2630 2283 2697 2332 ut
2722 2283 2981 2350 matrem,

738 2347 790 2392 ¹³⁹
869 2363 884 2376 ⁹
1089 2376 1218 2433 quae
1246 2355 1491 2434 imperat
1519 2357 1690 2415 Filio.
1777 2357 1870 2415 Ita
1906 2365 1971 2416 ut
2004 2357 2167 2414 nulla
2210 2363 2471 2415 creatura
2512 2355 2691 2414 ullam
2738 2354 2984 2432 gratiam

566 2445 669 2497 aut
694 2437 968 2498 virtutem
998 2436 1298 2513 acceperit,
1339 2455 1469 2513 quae
1511 2455 1631 2494 non
1674 2436 2004 2514 dispensata
2046 2437 2218 2496 fuerit
2266 2436 2530 2494 manibus
2578 2435 2987 2495 misericordiis

563 2516 734 2577 istius
752 2517 979 2582 Matris,
1049 2516 1229 2575 Posse
1251 2535 1378 2574 eam
1399 2516 1680 2594 imperare
1702 2517 1747 2576 J
1750 2537 1851 2575 esu
1875 2517 2103 2578 Christo
2124 2517 2463 2577 auctoritate
2487 2515 2711 2575 Matris.
2770 2515 2847 2574 Et
2867 2535 2983 2573 ser-

739 2651 786 2691 p,
805 2633 866 2682 30
1085 2615 1223 2655 vare
1245 2596 1435 2654 adhue
1457 2596 1709 2673 speciem
1736 2597 2093 2657 auctoritatis
2124 2617 2297 2676 super
2313 2598 2439 2674 ejus
2465 2615 2786 2674 personam,
2812 2615 2987 2672 super

867 2667 880 2688 '
1089 2675 1260 2752 bona,
1281 2685 1341 2735 et
1358 2695 1531 2754 super
1550 2676 2041 2753 omnipotentiam.
2086 2678 2267 2736 Posse
2284 2677 2400 2735 dici
2416 2677 2613 2752 libere,
2627 2695 2796 2754 posse
2816 2675 2978 2752 quic-

739 2751 789 2797 Ρ·
806 2735 881 2784 ⁵⁸·
1087 2755 1230 2834 quid
1245 2765 1438 2835 potest
1460 2755 1665 2831 Filius,
1686 2757 1821 2834 quia
1842 2775 1973 2816 cum
1996 2757 2185 2818 Filius
2204 2767 2262 2817 et
2285 2758 2477 2817 Mater
2492 2756 2733 2816 eandem
2756 2775 2986 2814 carnem

563 2827 832 2914 habeant,
857 2836 1098 2898 eandem
1121 2837 1294 2902 etiam
1311 2836 1628 2915 potentiam
1646 2837 1941 2896 indivisim
1963 2839 2313 2916 possideant,
2340 2839 2554 2896 Filium
2580 2857 2682 2914 per
2697 2845 2983 2910 naturam,

565 2916 817 2978 Matrem
833 2939 937 2998 per
953 2918 1256 2996 gratiam.''
1340 2917 1499 2977 Hinc
1521 2918 1663 2976 istas
1692 2917 1768 2976 ad
1795 2937 1921 2982 eam
1943 2937 2143 2996 preces
2160 2919 2377 2996 dirigit,
2413 2921 2449 2952 ‘⁶
2468 2918 2519 2979 Ο
2550 2919 2739 2977 Mater
2765 2916 2987 2974 miseri-

563 2999 794 3076 ·eordiae,
815 3001 1085 3060 miserere
1107 2999 1257 3076 me13
1289 3019 1458 3059 serva
1485 3019 1578 3060 me
1606 2998 1667 3057 in
1697 2997 1915 3058 familia
1934 3009 2067 3076 tua3
2098 2999 2149 3058 si
2170 3000 2331 3075 cad0,
2361 2998 2519 3077 erige
2540 3017 2667 3074 me3
2699 2997 2749 3056 si
2766 2996 2987 3071 aberro,

720 3145 767 3190 1>-
798 3131 902 3183 101,
1089 3080 1311 3217 coil-nrige
1339 3099 1432 3219 nze
1456 3103 1470 3158 3
1501 3087 1566 3188 et,
1589 3079 1880 3219 sikilplgn‘p,
1904 3089 2143 3218 pii-gtegle
2164 3101 2256 3138 me
2280 3102 2294 3156 ;
2318 3079 2509 3218 recipe
2530 3079 2988 3216 amgagtmgm

563 3232 901 3308 religiosam
931 3235 1003 3293 B.
1033 3179 1566 3314 Vissginaizisarligtsis
1599 3247 1659 3296 et
1688 3181 2085 3316 Adgelsssss'edlt
2113 3179 2546 3314 ἓῧὶιιθξὲθὲθὲζιὲ,
2582 3178 2712 3311 (1ηὲ
2740 3177 2991 3298 τοιῐῖιιῗεὶἓ

565 3311 910 3369 sententiam
939 3313 1218 3372 Ecclesiae
1249 3315 1322 3376 R.
1355 3316 1510 3374 circa
1545 3315 1767 3374 cultum
1798 3317 1869 3374 B.
1900 3318 2164 3393 Virginis
2194 3317 2541 3392 exprimunt.
2653 3313 2797 3388 Quis
2832 3317 2990 3375 enim

565 3387 765 3446 credat
791 3390 966 3448 talem
993 3391 1186 3450 virum
1213 3393 1287 3451 de
1317 3401 1659 3470 argumento
1686 3395 1861 3453 toties
1888 3395 2107 3470 agitato
2146 3395 2508 3469 scribentem,
2558 3393 2837 3454 Ecclesiae
2867 3417 2990 3459 suae

563 3465 740 3526 fidem
768 3467 1084 3546 ignorasse,
1115 3472 1214 3531 vel
1241 3469 1440 3532 dedita
1479 3491 1657 3550 opera
1703 3471 1765 3530 in
1807 3493 1876 3532 ea
1918 3473 2201 3532 tradenda
2240 3473 2553 3534 lectoribus
2598 3474 2940 3552 imposuisse
2960 3481 2994 3536 Ρ

565 3546 679 3606 Vel
709 3549 841 3624 quis
869 3547 980 3609 sibi
1006 3551 1352 3628 persuadeat
1392 3552 1622 3628 librum,
1655 3553 1770 3630 qui,
1819 3573 1950 3612 eum
1980 3553 2455 3613 Examinatorum
2485 3557 2897 3634 approbatione
2926 3567 2987 3617 et

561 3627 890 3707 privilegio,
941 3628 1179 3691 Parisiis
1221 3632 1530 3692 excuditur
1572 3652 1666 3691 an.
1714 3635 1886 3710 1679,
1931 3634 2145 3714 quique
2186 3635 2417 3713 publice
2458 3645 2695 3714 prostat,
2726 3657 2833 3695 nec
2860 3637 2985 3696 ulla

561 3725 808 3770 censura
833 3718 1082 3786 notatur,
1113 3720 1402 3790 receptam
1446 3709 1768 3773 doctrinam
1810 3713 2175 3775 dissimulare
2203 3722 2262 3775 et
2289 3735 2652 3796 corrumpere
2667 3721 2697 3776 ⁸?
2764 3716 2983 3776 Videat

556 3790 682 3870 jam
710 3789 894 3868 lector
929 3806 1104 3869 quam
1140 3792 1294 3852 belle
1321 3791 1410 3850 illi
1437 3793 1761 3871 conveniat,
1792 3815 1921 3855 eum
1954 3795 2159 3856 fucatis
2180 3805 2239 3856 et
2266 3796 2485 3857 dolosis
2510 3798 2647 3857 fidei
2676 3797 2846 3856 Rom.
2876 3816 2979 3855 ex-

559 3869 963 3950 positionibus,
1035 3870 1206 3933 uibus
1223 3872 1449 3932 falsitas
1475 3875 1601 3953 ejus
1623 3873 1953 3935 incrustrari
1984 3877 2147 3937 solet.

644 3950 966 4010 XXXIV.
1063 3962 1220 4013 osset
1259 3953 1502 4012 ulterius
1541 3954 1759 4016 crimen
1787 3956 2128 4017 idololatriae
2159 3957 2328 4017 Rom.
2358 3957 2418 4016 in
2447 3957 2606 4016 cultu
2640 3957 2981 4016 Sanctorum

557 4030 770 4108 evinci,
801 4051 878 4092 ex
919 4031 1202 4092 sacrificio
1246 4031 1558 4110 missaticO,
1600 4036 1757 4111 quod
1798 4037 1860 4094 in
1900 4037 2177 4097 honorem
2206 4057 2403 4097 eorum
2434 4039 2560 4096 Deo
2594 4037 2785 4096 offerri
2812 4035 2979 4096 solet.

561 4111 710 4170 Cum
737 4111 894 4171 enim
935 4113 1126 4173 honor
1163 4111 1432 4173 sacrificii
1475 4113 1550 4172 ad
1600 4114 1791 4174 Deum
1834 4117 2021 4176 solum
2062 4118 2362 4194 pertineat,
2410 4125 2469 4177 et
2514 4135 2609 4176 res
2652 4117 2848 4176 oblata
2892 4116 2982 4174 in-

559 4189 736 4250 ferior
788 4192 998 4253 debeat
1053 4213 1179 4255 esse
1235 4213 1322 4270 ee,
1375 4193 1437 4252 in
1492 4195 1661 4274 cujus
1714 4193 1992 4255 honorem
2048 4197 2300 4274 offertur,
2370 4217 2489 4256 non
2545 4205 2736 4275 potest
2789 4194 2985 4255 offerri

561 4267 828 4331 Ohristus
853 4273 916 4332 in
941 4275 1122 4334 missa
1145 4274 1208 4334 in
1233 4275 1514 4334 honorem
1544 4274 1763 4352 Sancti,
1794 4277 1936 4353 quin
1976 4277 2225 4337 Sanctus
2266 4297 2335 4338 eo
2380 4277 2522 4355 ipse,
2574 4277 2844 4336 horresco
2891 4296 2980 4335 re-

558 4345 768 4424 ferens,
819 4355 1004 4430 major
1047 4363 1335 4416 statuatur
1377 4355 1625 4432 Christo,
1670 4365 1730 4416 et
1768 4356 1954 4416 honor
1996 4357 2105 4416 soli
2136 4359 2262 4418 Deo
2290 4357 2521 4418 debitus
2548 4357 2609 4431 in
2636 4375 2767 4416 eum
2796 4363 2981 4416 trans-

557 4423 794 4486 foratur.
881 4431 998 4490 Sed
1025 4436 1162 4511 qula
1189 4435 1329 4496 alibi
1359 4435 1434 4496 de
1461 4455 1531 4496 eo
1551 4445 1745 4497 aetum
1767 4445 1873 4514 est,
1902 4436 2072 4516 plura
2096 4457 2213 4498 non
2235 4437 2520 4499 addimus.
