3234 5192
500 308 617 367 748
1101 324 1181 365 ns
1222 324 1559 369 comosum
1600 325 1782 367 raum
1823 326 1900 366 nr
1939 324 2164 384 Jacosx,
2196 324 2325 366 nro.
2479 302 2738 386 [msrur.
2767 324 2930 366 xxv.

496 465 881 542 declaratur,”
924 466 1021 527 vcl
1049 466 1363 543 perfectam
1404 486 1468 527 se
1510 467 1706 545 aliquo
1743 467 2076 527 testimonio
2101 467 2344 545 probat3
2375 466 2460 527 sic
2487 470 2524 525 2
2555 464 2686 525 Cor.
2714 466 2819 525 xii.
2850 468 2918 543 9,

498 548 535 579 “
556 546 743 607 virtus
773 548 887 607 Dei
914 548 974 606 in
1001 546 1333 608 infirmitate
1362 548 1717 625 perficitur,'’
1756 548 1820 607 id
1848 556 1937 607 est
1963 548 2218 626 perfecta
2245 546 2568 607 ostenditur
2611 554 2670 605 et
2712 547 2918 606 decla-

495 634 670 701 ratur,
708 628 767 686 in
794 629 1114 707 infirmitate
1138 637 1417 707 tanquam
1461 629 1522 687 in
1548 630 1802 704 subjecto,
1833 648 1950 687 non
1970 648 2083 705 per
2109 628 2488 701 infirmitatem
2514 636 2786 703 tanquam
2803 648 2918 704 per

495 708 761 781 effictam,
794 728 910 767 non
937 706 1097 785 quod
1126 708 1340 768 Christi
1367 709 1628 786 potentia
1655 708 1972 785 quidquam
2013 716 2308 767 mutuetur
2350 728 2385 765 a
2426 716 2625 766 nostra
2667 706 2912 765 infirmi-

494 794 631 862 tate,
664 788 769 847 sed
795 789 932 865 quia
958 790 1019 847 in
1048 808 1118 847 ea
1155 807 1217 847 se
1245 789 1469 865 exerit5
1500 790 1583 849 sic
1612 790 1657 849 J
1659 808 1744 847 ac.
1789 788 1871 847 iii.
1903 793 1958 865 2,
2010 791 2046 823 ‘⁴
2055 791 2342 865 perfectus
2367 787 2494 847 vir”
2545 786 2757 847 dicitur
2803 788 2914 865 qui

492 866 557 925 in
594 887 857 927 sermone
886 888 1004 927 non
1028 868 1261 945 labitur,
1292 870 1354 927 in
1380 888 1449 928 eo
1479 870 1634 929 enim
1661 889 1778 928 non
1807 868 2072 928 consistit
2097 868 2374 945 perfectio
2401 867 2516 927 nisi
2542 874 2816 944 tanquam
2842 869 2914 926 in

496 946 665 1025 signo
694 968 769 1007 ex
797 969 913 1027 quo
955 969 1025 1007 ea
1052 947 1259 1008 deduci
1300 957 1492 1027 potest
1514 972 1529 1025 ς
1560 949 1646 1009 sic
1673 949 1818 1008 fides
1837 948 2048 1008 dicitur
2087 949 2286 1026 perfici
2312 968 2416 1025 per
2442 967 2617 1025 opera
2643 947 2780 1024 quia
2803 968 2917 1024 per

494 1046 565 1086 ea
592 1048 653 1087 se
681 1028 901 1106 prodit;
931 1037 998 1088 ut
1018 1037 1183 1088 actus
1202 1029 1422 1106 primus
1444 1029 1657 1089 dicitur
1682 1050 1717 1087 a
1739 1029 2112 1107 Philosophis
2138 1029 2336 1107 perfici
2363 1029 2438 1087 ab
2466 1036 2602 1086 actu
2629 1027 2908 1105 secundo,

494 1116 560 1167 ut
586 1108 857 1186 voluptas
886 1108 1112 1185 dicitur,
1138 1108 1323 1168 Arist.
1342 1110 1499 1168 Ethi.
1531 1130 1589 1167 x.
1613 1114 1670 1182 4,
1701 1109 1974 1186 perficere
2003 1110 2288 1168 actionem
2309 1108 2414 1167 sed
2445 1110 2481 1141 “
2501 1108 2562 1173 ὃς
2591 1107 2908 1183 iaeeyaro'pmw

492 1189 551 1247 τί
568 1188 722 1264 τέλος,
752 1200 819 1249 ut
844 1189 977 1247 finis
1004 1188 1292 1267 quispiam
1318 1189 1659 1264 acceden8,”
1688 1198 1748 1248 et
1773 1188 2182 1267 perfectionem
2209 1188 2454 1248 actionis
2479 1188 2903 1265 demonstrans,

492 1268 639 1329 fides
667 1269 819 1329 enim
848 1290 918 1329 eo
946 1268 1253 1346 perfectior
1280 1270 1664 1347 cognoscitur,
1695 1289 1874 1346 quum
1901 1268 2190 1329 efficacius
2211 1269 2366 1327 vires
2395 1288 2530 1329 suas
2557 1267 2744 1327 exerit
2769 1288 2906 1345 quse

492 1350 655 1426 prius
683 1370 799 1409 non
818 1350 903 1409 ita
930 1349 1297 1427 apparebant,
1323 1349 1461 1428 quia
1488 1350 1644 1409 enim
1671 1350 1744 1408 de
1767 1370 1942 1409 causa
1960 1349 2294 1427 judicamus
2310 1368 2386 1407 cx
2407 1348 2645 1423 effectis,
2670 1348 2908 1408 videtur

492 1429 920 1505 quodammodo
958 1450 1147 1489 causae
1174 1430 1267 1489 vis
1308 1430 1492 1488 minui
1518 1428 1614 1490 vel
1642 1429 1844 1507 augeri
1871 1450 1947 1488 ex
1975 1428 2309 1489 effectorum
2346 1428 2714 1507 proportione
2737 1450 2752 1505 3
2795 1428 2904 1488 sed

493 1509 605 1568 hoc
650 1530 727 1568 ex
770 1508 990 1569 effectis
1034 1510 1380 1588 intelligitur
1420 1510 1656 1587 quidem
1699 1517 1759 1569 et
1802 1510 2135 1587 aestimatur,
2181 1518 2244 1570 at
2269 1529 2388 1568 non
2415 1510 2598 1569 oritur
2621 1516 2814 1567 tamen
2843 1517 2908 1569 et

493 1598 741 1648 emanat.

575 1668 801 1727 XXX.
828 1668 927 1726 Ad
955 1672 1063 1728 3²¹⁰
1089 1669 1161 1728 de
1185 1669 1392 1728 Rahab
1408 1669 1726 1728 meretrice.
1756 1669 1971 1741 Primo,
1998 1672 2138 1728 ατὰ
2167 1674 2218 1727 τὶ
2245 1673 2423 1746 βίαιοι,
2443 1669 2494 1729 si
2523 1668 2730 1727 Rahab
2758 1668 2903 1728 dici·

492 1755 589 1805 tur
616 1767 691 1806 ex
719 1748 988 1825 operibus
1010 1748 1345 1825 justificata,
1390 1749 1529 1825 quia
1568 1768 1646 1806 ex
1681 1748 1904 1807 infideli
1938 1749 2129 1808 fidelis
2156 1757 2246 1808 est
2272 1749 2444 1822 facta,
2470 1768 2610 1827 ergo
2637 1750 2681 1809 J
2683 1749 2902 1808 acobus

492 1846 611 1885 non
636 1827 893 1905 loquitur
919 1827 993 1886 de
1020 1827 1374 1887 incremento
1395 1827 1659 1904 justitiae,
1703 1828 1809 1887 sed
1837 1828 1910 1887 de
1936 1829 2125 1906 prima
2144 1828 2579 1907 justificatione,
2610 1829 2754 1888 alias
2778 1848 2900 1888 non

492 1926 569 1967 ex
596 1906 817 1965 infideli
842 1905 1033 1965 fidelis
1059 1906 1213 1966 facta
1238 1906 1457 1983 fuisset,
1490 1906 1595 1967 sed
1622 1927 1698 1966 ex
1725 1907 1902 1985 fideli,
1921 1907 2019 1967 vel
2039 1910 2200 1987 justa
2218 1908 2450 1987 ju‘stior.
2499 1909 2783 1984 Secundo,
2810 1909 2896 1968 di·

492 1994 647 2046 recte
672 2006 778 2064 per
803 1988 1170 2064 negationem
1198 1987 1608 2063 antecedentis»,
1642 1988 1849 2048 Rahab
1879 1989 2100 2050 scilicet
2126 2010 2244 2049 non
2271 1989 2450 2049 fuisse
2478 1989 2748 2067 operibus
2777 1990 2900 2049 suis

483 2066 705 2145 justam
727 2066 1092 2142 declaratam,
1118 2067 1221 2127 sed
1246 2068 1439 2145 reipsa
1464 2067 1747 2144 effectam,
1771 2071 1888 2128 imo
1916 2090 2046 2129 cum
2077 2089 2252 2149 opera
2277 2078 2593 2147 sequantur
2612 2069 2895 2147 justifica-

488 2155 629 2223 tum,
654 2168 771 2207 non
788 2148 1117 2225 praecedant
1130 2148 1586 2225 justificandum,
1611 2168 1689 2207 ex
1711 2148 1986 2228 August„
2007 2151 2292 2229 siquidem
2313 2150 2476 2209 nulla
2491 2150 2750 2227 praestari
2765 2170 2900 2229 pos—

485 2238 621 2287 sunt
648 2229 803 2287 bona
827 2228 941 2287 nisi
968 2248 1045 2287 ex
1072 2229 1294 2305 spiritu,
1326 2229 1563 2307 spiritus
1590 2230 1839 2289 conferri
1865 2251 1982 2290 non
2008 2239 2201 2308 potest
2221 2231 2334 2291 nisi
2361 2251 2398 2290 a
2427 2230 2554 2289 Deo
2581 2230 2806 2307 placato
2835 2238 2898 2289 et

484 2308 755 2385 propiti0,
782 2328 1078 2387 nunquam
1106 2308 1209 2367 illa
1236 2309 1532 2369 charitatis
1560 2318 1620 2369 et
1646 2310 2056 2387 hospitalitatis
2079 2331 2254 2389 opera
2271 2310 2442 2370 edere
2469 2310 2753 2387 potuisset
2779 2308 2896 2369 nisi

478 2390 603 2465 jam
624 2389 980 2466 justificata;
1024 2388 1181 2448 unde
1208 2389 1577 2448 statuendum
1606 2398 1697 2449 est
1725 2390 1960 2449 omnino
1987 2410 2114 2449 cam
2139 2391 2264 2467 jam
2293 2398 2426 2448 ante
2453 2389 2732 2466 peculiari
2763 2389 2895 2467 Spi-

483 2468 627 2527 ritus
656 2468 841 2527 sancti
868 2468 1122 2545 impulsu
1148 2489 1225 2528 ex
1251 2468 1576 2527 rumoribus
1604 2470 1706 2545 qui
1733 2469 2176 2545 percrebuerant
2205 2468 2276 2527 de
2304 2470 2581 2527 mirandis
2613 2469 2726 2527 Dei
2753 2489 2894 2547 ope-

482 2548 643 2607 ribus
672 2568 811 2627 erga
828 2548 1103 2607 Israelem
1133 2557 1192 2608 et
1211 2548 1450 2626 judiciis
1477 2548 1604 2624 ejus
1631 2548 1694 2606 in
1720 2548 1918 2607 hostes
1945 2547 2119 2605 fidem
2138 2566 2256 2624 qua
2269 2547 2588 2623 justificata
2613 2548 2724 2606 fuit
2751 2570 2894 2608 con-

483 2628 723 2705 cepisse,
762 2628 920 2705 quod
960 2629 1124 2688 innui
1152 2628 1382 2687 videtur
1408 2646 1485 2686 ex
1512 2628 1556 2687 J
1558 2646 1642 2685 os.
1673 2626 1734 2685 ii.
1764 2630 1820 2704 8,
1853 2630 1907 2702 9,
1943 2629 2036 2703 10,
2065 2627 2170 2687 ubi
2223 2626 2334 2685 sibi
2363 2634 2518 2685 certo
2546 2646 2890 2703 persuasum

484 2728 613 2767 esse
655 2708 956 2786 profitetur
998 2709 1157 2786 quod
1192 2709 1354 2768 Deus
1389 2707 1670 2767 Israelitis
1710 2708 2066 2785 promiserat,
2113 2710 2150 2741 ‘⁴
2173 2706 2384 2783 Novi,”
2415 2705 2622 2784 inquit,
2672 2708 2706 2740 ‘⁴
2726 2708 2894 2783 quod

484 2788 771 2848 Dominus
798 2789 1099 2849 tradiderit
1119 2789 1289 2848 vobis
1310 2788 1581 2864 terram,’'
1602 2785 1729 2864 Sto„
1764 2787 2170 2847 “Audivimus
2192 2786 2350 2866 quod
2376 2786 2680 2846 siccaverit
2707 2807 2892 2865 aquas

482 2870 657 2928 maris
699 2869 857 2929 rubri
883 2870 959 2929 ad
986 2877 1242 2929 vestrum
1270 2869 1628 2943 introitum,'‘
1659 2866 1786 2944 &c.‚
1821 2870 1857 2903 “
1882 2869 2169 2928 Dominus
2199 2869 2361 2927 Deus
2395 2876 2591 2927 vester
2631 2868 2756 2945 ipse
2797 2877 2889 2929 est

483 2950 645 3009 Deus
671 2950 731 3007 in
760 2950 907 3009 coelo
930 2970 1158 3009 sursum
1186 2957 1245 3009 et
1272 2950 1332 3007 in
1362 2958 1513 3008 terra
1533 2948 1862 3023 deorsum,’'
1884 2948 2174 3026 fidemque
2197 2968 2323 3008 eam
2345 2948 2738 3008 confirmatam
2761 2968 2886 3007 esse

480 3050 556 3089 ex
584 3030 1015 3107 exploratorum
1043 3029 1403 3089 sermonibus
1430 3028 1531 3106 qui
1557 3028 1939 3105 proculdubio
1967 3029 2179 3088 clarius
2207 3037 2267 3088 et
2303 3030 2515 3087 certius
2541 3029 2667 3088 haec
2695 3028 2885 3088 omnia

479 3118 539 3168 et
564 3110 817 3168 maxime
845 3130 975 3186 quae
1002 3110 1367 3187 pertinebant
1396 3109 1472 3168 ad
1498 3108 1908 3186 promissiones
1937 3110 2138 3186 gratiae
2166 3109 2380 3185 populo
2421 3108 2604 3168 factas
2643 3110 2756 3187 ipsi
2795 3128 2883 3167 re·

478 3190 772 3263 tulerunt3
816 3209 889 3247 ne
918 3188 1049 3265 quis
1078 3208 1217 3247 vero
1245 3189 1617 3248 arbitraretur
1645 3188 1874 3248 inanem
1901 3188 2078 3249 fuisse
2106 3188 2280 3248 fidem
2308 3188 2486 3265 illam,
2518 3188 2747 3247 eximiis
2783 3187 2882 3247 be·

477 3267 825 3326 nevolentiae
862 3276 921 3326 et
960 3267 1372 3345 hospitalitatis
1401 3269 1672 3345 operibus
1698 3268 1759 3326 in
1788 3269 2148 3328 occultandis
2175 3277 2235 3328 et
2261 3269 2498 3346 pacifice
2527 3267 2884 3328 dimittendis

478 3346 941 3423 exploratoribus
969 3365 1073 3405 suo
1102 3346 1275 3405 etiam
1303 3348 1559 3423 periculo
1581 3369 1709 3407 eam
1731 3349 2134 3427 comprobasse
2156 3349 2527 3424 demonstrat,
2549 3348 2631 3407 ita
2651 3368 2725 3407 ex
2748 3368 2883 3425 ope-

476 3427 639 3485 ribus
666 3426 783 3485 illis
812 3445 928 3485 non
954 3426 1190 3503 quidem
1210 3427 1374 3503 justa
1400 3426 1509 3485 fuit
1537 3430 1867 3505 constituta,
1911 3448 2047 3487 nam
2079 3430 2202 3507 jam
2231 3436 2364 3487 ante
2395 3448 2498 3505 per
2524 3428 2697 3487 fidem
2722 3430 2886 3505 justa

477 3527 605 3567 esse
634 3505 851 3578 debuit,
896 3507 1040 3565 alias
1066 3506 1283 3566 bonum
1312 3525 1457 3585 opus
1496 3510 1742 3568 nuncios
1783 3508 2112 3569 occultandi
2152 3516 2214 3568 et
2253 3508 2580 3567 dimittendi
2611 3516 2885 3587 praestare

476 3608 593 3647 non
621 3587 920 3665 potuisset,
967 3587 1072 3646 sed
1101 3587 1264 3666 justa
1291 3587 1597 3663 declarata,
1644 3589 1781 3666 quia
1807 3589 1981 3647 fidem
2009 3608 2169 3648 suam
2200 3596 2260 3647 et
2280 3587 2754 3666 justificationem
2781 3608 2885 3665 per

479 3690 549 3728 ea
570 3688 745 3747 opera
771 3668 911 3727 foris
938 3668 1210 3728 ostendit.
1253 3668 1467 3743 Tertio,
1499 3688 1688 3747 neque
1715 3668 1812 3727 hic
1841 3669 2071 3728 obstare
2096 3676 2289 3746 potest
2317 3668 2472 3746 quod
2499 3670 2772 3729 meretrix
2798 3669 2884 3741 di—

476 3758 655 3825 catur,
686 3769 819 3808 nam
846 3756 915 3809 ut
940 3769 1093 3809 nunc
1120 3767 1237 3807 non
1265 3748 1525 3807 dicamus
1552 3748 1711 3825 quod
1737 3748 2083 3827 quibusdam
2104 3757 2236 3827 post
2256 3748 2300 3809 J
2303 3747 2501 3807 udaeos
2519 3749 2739 3826 placuit
2765 3768 2882 3808 non

477 3838 597 3891 tam
634 3829 833 3890 vocari
876 3829 1233 3890 meretricem
1269 3848 1443 3907 quam
1472 3829 1908 3905 Cauponariam,
1939 3837 2005 3888 ut
2039 3828 2216 3888 vertit
2258 3828 2582 3906 Chaldaeus,
2622 3830 2760 3907 quia
2802 3853 2882 3891 mr

476 3911 634 3989 quod
664 3910 931 3969 Hebraeis
974 3918 1064 3969 est
1107 3908 1346 3968 scortari
1373 3916 1463 3968 est
1488 3908 1664 3968 etiam
1693 3909 2020 3985 cauponari,
2066 3908 2214 3969 forte
2255 3908 2393 3987 quia
2431 3928 2549 3967 non
2589 3929 2718 3967 raro
2756 3910 2881 3969 haec

478 3991 595 4050 duo
638 3990 1106 4067 conjunguntur;
1151 4008 1282 4048 cum
1324 3988 1479 4047 enim
1534 3988 1575 4048 J
1580 3988 1796 4048 acobus
1832 3998 1964 4065 post
2027 3990 2154 4047 lxx.
2185 3988 2398 4048 diserte
2427 4009 2553 4048 eam
2582 3989 2750 4069 πέρην
2777 4009 2880 4048 vo-

477 4080 585 4147 cet,
633 4070 873 4129 dubium
900 4070 1124 4129 nullum
1152 4076 1241 4128 est
1266 4068 1407 4145 quin
1436 4068 1712 4127 meretrix
1738 4087 1875 4127 vere
1903 4069 2091 4143 fuerit,
2139 4070 2244 4130 sed
2283 4068 2366 4128 ita
2405 4088 2526 4127 non
2561 4069 2884 4148 appellatur

479 4151 636 4230 quod
664 4159 788 4211 tum
814 4150 1089 4227 temporis
1117 4168 1249 4209 cum
1268 4148 1684 4227 justificaretur
1712 4168 1786 4207 ex
1815 4150 2085 4226 operibus
2113 4149 2388 4208 meretrix
2423 4148 2614 4209 adhuc
2641 4158 2795 4209 esset
2821 4151 2883 4208 in

477 4252 641 4291 sensu
680 4231 997 4307 composito,
1029 4229 1133 4289 sed
1158 4226 1488 4311 >amesa-1235,
1519 4229 1658 4306 quia
1685 4229 1958 4288 meretrix
1999 4239 2170 4289 antea
2195 4229 2383 4290 fuerat
2407 4229 2470 4287 in
2495 4250 2658 4289 sensu
2686 4232 2880 4307 diviso,

479 4312 795 4371 secundum
824 4310 1024 4370 tritum
1045 4311 1319 4389 loquendi
1346 4308 1582 4369 modum
1612 4310 1927 4387 scripturae,
1959 4329 2088 4387 quae
2126 4312 2162 4343 ‘⁴
2183 4318 2405 4369 mutato
2435 4318 2590 4370 statu
2617 4311 2702 4369 rei
2729 4330 2883 4388 saepe

476 4391 721 4450 retinere
753 4391 901 4451 solet
928 4411 1137 4451 nomen
1166 4390 1527 4468 antiquum,”
1564 4390 1648 4449 sic
1674 4388 1737 4447 in
1765 4390 2090 4467 Evangelio
2119 4388 2390 4449 dicuntur
2433 4393 2470 4424 “
2497 4392 2636 4449 caeci
2661 4391 2880 4467 videre,

475 4470 669 4529 claudi
695 4470 1050 4547 ambulare,’'
1093 4471 1155 4530 id
1198 4480 1289 4531 est
1330 4471 1432 4549 qui
1458 4470 1605 4531 tales
1635 4478 1796 4529 erant
1831 4479 2018 4545 antea,
2066 4470 2150 4529 sic
2181 4470 2592 4549 Hierosolyma
2639 4480 2882 4531 vocatur

478 4552 514 4584 “
534 4550 692 4610 Urbs
720 4549 891 4627 plena
910 4552 1118 4628 judicii
1140 4561 1199 4612 et
1226 4553 1433 4613 civitas
1460 4551 1712 4627 fidelis,’'
1742 4552 1857 4611 Isa.
1887 4552 1926 4610 i.
1949 4550 2044 4627 21,
2075 4551 2212 4628 quia
2233 4551 2366 4610 talis
2393 4552 2530 4610 olim
2559 4552 2761 4629 fixerat,
2795 4552 2880 4611 sic

472 4630 685 4692 Matth.
728 4630 915 4688 xxvii.
960 4634 1055 4707 53,
1101 4636 1138 4692 2
1168 4634 1370 4693 Thess.
1400 4633 1461 4692 ii.
1490 4636 1546 4710 4,
1606 4632 2003 4693 Antichristus
2031 4630 2243 4692 dicitur
2267 4651 2533 4692 sessurus
2561 4631 2623 4690 in
2653 4634 2883 4709 Templo
