3234 5192
465 324 582 380 248
1083 336 1164 377 ns
1197 332 1535 376 scalarum-2
1565 336 1771 376 suna-1
1812 328 2264 375 Avi-nonnus.
2542 317 2800 400 [msrtrr.
2828 339 2891 382 ιι.

469 490 670 556 gestus
697 487 758 536 et
783 478 997 535 solium
1032 476 1311 551 Regium,
1333 478 1392 533 in
1425 495 1546 553 quo
1569 478 1769 535 sedere
1798 476 2069 533 solebant
2097 476 2293 551 Reges
2320 478 2555 552 quoties
2582 479 2677 535 vel
2706 478 2879 537 inau-

469 560 860 635 gurabantur,
891 564 960 613 ut
985 558 1060 613 de
1108 556 1150 613 J
1155 574 1296 612 oaso
1323 555 1560 625 dicitur,
1590 574 1727 612 cum
1778 555 1911 613 Rex
1940 554 1999 610 in
2028 556 2231 613 locum
2259 556 2545 613 Achaziae
2574 565 2883 633 cooptare-

469 647 586 707 tur,
616 639 655 694 2
683 636 832 709 Reg.
883 636 962 692 xi.
997 636 1090 705 14,
1119 635 1216 691 vel
1244 633 1438 691 foedus
1475 652 1612 691 cum
1641 634 1773 691 Deo
1818 642 2163 709 pangerent,
2193 642 2253 691 et
2294 635 2527 691 cultum
2556 635 2669 693 Dei
2698 638 2882 693 refor-

469 717 759 774 mandum
787 715 850 770 in
879 714 1094 771 melius
1121 720 1415 782 curarent,
1447 720 1516 769 ut
1542 714 1616 770 de
1656 711 1699 769 J
1704 712 1831 769 osia
1858 719 2154 782 narratur,
2186 714 2223 769 2
2251 712 2401 787 Reg.
2432 714 2597 770 xxiii.
2630 714 2685 785 3,
2716 718 2877 789 quod

470 803 505 829 “
529 802 697 853 stans
744 794 820 851 ad
869 794 1212 850 columnam
1259 792 1553 866 pepigerit
1595 790 1790 847 foedus
1840 808 1975 847 cum
2024 790 2065 847 J
2068 792 2321 861 ehova‚”
2369 795 2491 863 &c.,
2520 794 2617 849 vel
2647 793 2879 867 quoties

470 875 714 931 solenne
762 870 991 945 aliquid
1041 876 1411 944 praestarent,
1457 877 1528 926 ut
1577 868 1863 926 Salomon
1906 868 1998 924 illi
2036 869 2278 927 innixus
2304 870 2523 927 dicitur
2548 871 2612 927 in
2642 872 2876 929 dedica-

469 953 633 1010 tione
681 950 932 1025 Templi,
964 950 1002 1005 2
1045 948 1264 1007 Chron.
1314 948 1392 1005 vi.
1447 947 1538 1017 12,
1568 966 1704 1021 quae
1752 948 1887 1005 ideo
1917 947 2111 1021 Regia
2153 948 2194 1005 J
2200 948 2387 1005 udaeis
2414 950 2697 1007 columna
2721 951 2877 1007 dice-

469 1031 663 1089 batur.
749 1028 846 1087 Sic
892 1028 1224 1102 Apostolus
1270 1026 1528 1100 eleganti
1556 1026 1851 1083 allusione
1900 1026 2070 1083 nobis
2098 1027 2403 1084 exhibebit
2434 1027 2765 1085 Veritatem
2788 1029 2877 1085 in-

469 1119 592 1167 star
620 1107 889 1181 Reginae,
921 1104 1198 1163 Ecclesiae
1226 1111 1512 1180 tanquam
1563 1105 1859 1161 columnae
1887 1110 1948 1162 et
1975 1104 2124 1161 solio
2165 1105 2533 1163 insistentem
2558 1129 2570 1181 3
2618 1106 2709 1163 Ut
2734 1126 2874 1164 vero

467 1189 752 1245 columna
779 1186 887 1242 illa
929 1192 990 1242 et
1015 1190 1332 1258 suggestus
1381 1182 1610 1257 Regem
1640 1184 1883 1258 quidem
1928 1184 2275 1253 sustinebat,
2305 1190 2365 1240 et
2392 1184 2451 1239 in
2482 1184 2675 1241 altum
2704 1187 2875 1243 tolle-

465 1268 588 1335 bat,
635 1272 703 1321 ut
749 1284 788 1322 a
829 1264 1054 1339 populo
1083 1261 1549 1337 conspiceretur;
1592 1261 1696 1319 sed
1737 1262 1849 1337 ipsi
1896 1262 2323 1319 authoritatem
2352 1280 2471 1318 non
2502 1263 2871 1340 conciliabat,

469 1346 571 1403 Ita
600 1344 866 1402 Ecclesia
909 1341 1222 1399 veritatem
1269 1342 1570 1415 proponit,
1599 1348 1909 1397 conservat
1935 1347 1997 1396 et
2024 1346 2299 1409 ostentat,
2332 1348 2400 1396 ut
2428 1342 2504 1397 ab
2531 1342 2875 1402 hominibus

464 1422 880 1497 conspiciatur,
932 1422 1034 1477 sed
1078 1420 1310 1476 nullam
1354 1426 1555 1477 tamen
1603 1418 1696 1474 illi
1723 1419 1821 1475 vel
1848 1420 2271 1477 authoritatem
2300 1420 2395 1477 vel
2420 1422 2655 1495 pondus
2682 1421 2873 1481 affert.

468 1503 674 1577 Atque
697 1520 768 1558 eo
792 1500 1000 1556 referri
1019 1505 1230 1573 potest,
1256 1498 1418 1572 quod
1433 1496 1893 1571 chrysostomus
1910 1503 1971 1554 et
1990 1505 2125 1572 post
2145 1515 2285 1555 eum
2302 1496 2632 1571 'PheophyL
2657 1501 2877 1559 volunt

463 1580 806 1639 antithesim
835 1577 1069 1634 institui
1097 1596 1234 1633 cum
1259 1575 1526 1633 Ecclesia
1545 1575 1588 1633 J
1592 1576 1825 1645 udai'ca,
1856 1583 1916 1633 et
1944 1595 2081 1633 cum
2110 1576 2335 1633 umbris
2361 1576 2670 1649 legalibuS,
2702 1586 2771 1634 ut
2798 1578 2870 1637 iis

466 1664 804 1733 opponatur
828 1656 1072 1713 Veritas
1093 1653 1476 1727 Evangelica,
1499 1674 1635 1728 quae
1659 1654 1983 1711 clarissime
2010 1673 2171 1711 nunc
2194 1655 2269 1712 ob
2290 1654 2493 1711 oculos
2522 1654 2693 1728 ponit
2712 1674 2875 1731 mys-

463 1738 630 1805 teria,
677 1754 812 1810 quae
862 1732 1170 1790 obscurius
1217 1732 1326 1789 sub
1377 1734 1605 1790 umbris
1657 1733 1933 1791 Mosaicis
1982 1733 2482 1808 proponebantur,
2528 1750 2649 1807 quo
2694 1752 2870 1793 sensu

467 1815 704 1873 Veritas
726 1812 1000 1881 sumitur,
1031 1810 1072 1867 J
1077 1812 1173 1867 oh.
1220 1811 1257 1867 i.
1306 1810 1396 1873 17.
1481 1812 1687 1887 Atque
1736 1812 1822 1869 ita
1868 1812 2014 1869 sciat
2036 1812 2403 1881 TimotheuS,
2433 1811 2628 1885 qualis
2656 1814 2871 1872 sancti-

461 1901 552 1951 tas
579 1895 786 1951 deceat
811 1892 966 1947 hanc
994 1889 1262 1947 Domum
1306 1889 1438 1960 Dei,
1491 1908 1612 1947 non
1647 1891 1779 1965 jam
1806 1890 2017 1965 legalis
2043 1896 2105 1948 et
2125 1890 2475 1962 umbratica,
2506 1892 2609 1948 sed
2638 1910 2782 1949 vcra
2809 1900 2869 1951 et

463 1974 789 2109 1ὑρλέἓξξΧΙ.
835 2049 1003 2109 Licet
1029 2057 1230 2109 autem
1257 2050 1432 2109 facile
1461 2052 1833 2109 adducamur
1880 2052 1958 2109 ad
2002 2051 2381 2119 credendum,
2414 2048 2776 2124 Apostolum
2800 2068 2870 2107 eo

461 2130 805 2207 respexisse,
839 2129 1002 2197 Quia
1029 2136 1225 2187 tamen
1255 2148 1379 2187 non
1407 2139 1496 2189 est
1521 2131 1851 2200 insolitum,
1884 2130 2209 2203 Scriptores
2239 2128 2451 2187 Sacros
2479 2131 2555 2186 ad
2586 2128 2870 2203 majorem

458 2209 797 2283 argumenti
823 2209 985 2283 quod
1013 2213 1273 2266 tractant
1297 2208 1758 2266 illustrationem
1778 2210 1855 2265 ad
1883 2209 2053 2265 varia
2096 2226 2247 2281 saepe
2276 2207 2545 2265 alludere
2574 2207 2637 2263 in
2664 2208 2869 2265 eadem

457 2290 780 2357 locutione,
825 2286 1211 2359 rejiciendam
1257 2305 1379 2344 non
1425 2295 1709 2361 putamus
1760 2286 2049 2343 Virorum
2092 2289 2407 2344 doctorum
2449 2286 2871 2360 conjecturam,

457 2367 563 2441 qui
591 2368 668 2425 ad
701 2363 1035 2423 Gentilium
1063 2364 1314 2440 Templa
1340 2365 1438 2422 hic
1467 2364 1729 2423 Paulum
1757 2365 1937 2422 etiam
1988 2366 2258 2423 allusisse
2286 2365 2502 2421 volunt
2526 2386 2537 2422 :
2626 2364 2869 2423 Certum

457 2445 678 2519 quippe
705 2462 780 2500 ex
827 2441 1120 2499 Veterum
1168 2444 1587 2514 monumentis,
1638 2443 1746 2500 illa
1792 2443 1970 2501 variis
2016 2443 2313 2501 columnis
2338 2444 2557 2517 passim
2584 2453 2872 2501 exornata

455 2522 655 2592 fuisse,
686 2538 944 2597 quarum
974 2519 1152 2576 variae
1182 2520 1400 2595 species
1428 2528 1600 2579 erant
1628 2528 1687 2579 et
1732 2522 2051 2597 multiplex
2079 2540 2241 2593 usus,
2272 2539 2392 2578 non
2410 2523 2592 2579 modo
2622 2522 2699 2579 ad
2728 2524 2870 2581 aedi-

453 2601 571 2657 ficii
597 2600 1035 2665 fulcimentum,
1065 2600 1168 2655 sed
1196 2608 1258 2657 et
1299 2601 1377 2657 ad
1424 2600 1797 2675 majestatem
1844 2608 1905 2657 et
1950 2601 2349 2675 splendorem.
2434 2600 2597 2658 Hinc
2624 2620 2778 2677 saepe
2806 2603 2867 2659 in

453 2697 661 2737 earum
690 2677 942 2751 fastigiis
969 2675 1238 2734 Deorum
1271 2677 1574 2753 Imagines
1604 2680 1702 2735 vel
1729 2678 1950 2753 effigies
2000 2678 2346 2755 Principum
2388 2680 2866 2755 imponebantur,

454 2765 525 2815 ut
572 2759 847 2815 observat
890 2754 1148 2814 Pausan.
1195 2756 1462 2815 Corinth.
1505 2776 1643 2832 pag.
1688 2756 1781 2827 59,
1825 2764 1885 2815 et
1928 2757 2113 2815 Eliac.
2156 2776 2290 2833 pag.
2366 2758 2495 2828 174,
2546 2759 2868 2839 ἐπείρηται

453 2843 533 2898 ure*
593 2839 741 2903 κίονος
784 2840 1082 2910 ἀγάλματα-ι
1099 2857 1114 2906 ;
1160 2836 1318 2893 Aliis
1366 2855 1552 2905 arma,
1602 2836 1812 2911 clypei,
1860 2836 2099 2911 aliaque
2146 2837 2407 2895 victoriae
2448 2839 2717 2912 trophaea
2762 2856 2867 2913 ap-

448 2936 634 2993 pensa
659 2924 847 2988 erant,
877 2916 1036 2973 Aliis
1064 2916 1340 2991 quaedam
1369 2916 1842 2973 inscribebantur
1868 2923 1940 2971 ut
1969 2914 2203 2989 Elogia,
2232 2915 2471 2987 foedera,
2500 2917 2869 2975 narrationes

449 2998 742 3056 historicae
769 3014 970 3054 rerum
996 3002 1317 3068 gestarum,
1347 3002 1417 3051 ut
1445 3000 1903 3051 monumentum
1948 3002 2144 3051 essent
2170 2996 2438 3069 posteris,
2468 2996 2627 3070 quod
2658 2997 2733 3053 dc
2760 3012 2867 3053 au-

449 3094 553 3134 rea
579 3078 862 3134 columna
887 3074 947 3131 in
977 3073 1019 3130 J
1025 3073 1152 3131 ovis
1181 3072 1474 3147 Triphylii
1499 3073 1646 3130 fano
1674 3071 1865 3147 posita
1890 3073 1967 3129 ab
1988 3072 2241 3147 ipsomet
2257 3072 2415 3132 Jove
2432 3092 2506 3131 ex
2527 3074 2865 3131 Euhemero

451 3161 656 3211 narrat
685 3152 1049 3221 Lactantius,
1079 3152 1180 3207 lib.
1211 3152 1250 3208 i.
1271 3170 1396 3225 cap.
1429 3151 1522 3209 11.
1565 3151 1759 3225 Leges
1776 3151 1920 3207 item
1940 3158 2001 3209 et
2018 3150 2285 3222 Decreta,
2308 3172 2543 3210 morum
2572 3160 2868 3229 praecepta

451 3232 572 3289 imo
599 3238 660 3288 et
691 3231 966 3299 Oracula,
997 3236 1144 3286 teste
1175 3227 1428 3287 Pansan.
1477 3230 1543 3286 in
1570 3228 1785 3286 Boeoti.
1860 3228 1957 3286 Sic
1988 3230 2335 3302 Athenaeus,
2364 3232 2467 3289 lib.
2495 3232 2573 3287 iv.
2604 3238 2777 3289 notat
2801 3232 2863 3289 in

451 3308 724 3365 Delubro
753 3306 1049 3376 HerculiS,
1080 3308 1242 3380 quod
1271 3307 1629 3381 Cynosargis
1678 3307 2000 3379 dicebatur,
2051 3310 2126 3366 ad
2176 3311 2515 3367 columnam
2560 3312 2866 3386 quandam

450 3404 782 3461 appensum
793 3383 974 3442 fuisse
991 3383 1242 3459 ψήφισμα
1250 3404 1356 3442 seu
1383 3388 1687 3441 decretum
1705 3387 2013 3460 quoddam
2033 3386 2383 3459 Alcibiadis,
2404 3396 2463 3445 et
2478 3388 2863 3446 Demosthen.

450 3470 600 3521 orat.
638 3463 700 3519 in
730 3461 794 3520 Ν
797 3479 1016 3520 eaeram
1062 3464 1125 3520 in
1169 3463 1586 3538 antiquissimo
1637 3462 1856 3521 Bacchi
1906 3464 2173 3540 Templo,
2224 3467 2390 3541 quod
2440 3466 2669 3525 Limnis
2718 3476 2863 3539 erat,

447 3561 634 3619 prope
661 3560 844 3611 aram,
875 3541 1178 3617 lapideam
1206 3543 1546 3599 columnam
1592 3541 1775 3599 fuisse
1824 3544 2116 3614 observat,
2147 3545 2209 3601 in
2238 3563 2359 3620 qua
2388 3545 2514 3604 Lex
2542 3546 2866 3620 perscripta

447 3630 577 3681 erat
603 3623 677 3679 de
706 3638 895 3678 uxore
922 3638 958 3678 a
986 3620 1152 3695 Rege
1194 3620 1322 3678 cive
1370 3620 1722 3696 virgineque
1766 3622 2077 3694 ducenda;
2126 3624 2305 3691 Quod
2332 3624 2529 3699 ipsum
2558 3624 2739 3681 variis
2766 3643 2867 3680 ex-

447 3702 658 3776 emplis
706 3717 1010 3776 possemus
1037 3700 1419 3775 comprobare
1447 3700 1495 3756 si
1525 3700 1785 3757 instituti
1820 3702 2008 3758 nostri
2056 3702 2207 3759 ratio
2236 3702 2295 3758 id
2324 3702 2542 3760 ferret:
2630 3701 2860 3760 Verum

444 3800 520 3839 ex
547 3781 640 3838 his
667 3798 832 3837 mens
857 3779 1136 3853 Apostoli
1165 3798 1282 3836 non
1316 3780 1568 3836 obscure
1597 3778 1799 3853 colligi
1830 3786 2057 3853 potest3
2100 3780 2405 3837 Nimirum
2435 3788 2505 3838 ut
2522 3780 2655 3855 jam
2676 3799 2861 3855 oppo-

444 3865 649 3918 suerat
680 3859 938 3918 Domum
970 3858 1082 3915 Dei
1113 3875 1233 3914 non
1268 3859 1449 3915 modo
1479 3856 1727 3932 Templo
1758 3858 2327 3933 Hierosolymitano,
2358 3862 2462 3916 sed
2491 3866 2551 3915 et
2579 3858 2861 3917 Delubris

443 3938 708 4015 profanis
760 3936 1154 3995 Ethnicorum
1178 3956 1192 3993 ι
1259 3936 1360 3994 Ita
1407 3936 1589 3993 aliam
1635 3936 1973 3994 antithesim
2024 3938 2281 3995 instituit
2326 3938 2483 3996 inter
2526 3938 2755 3994 cultum
2800 3946 2861 3995 et

441 4024 721 4075 ornatum
750 4024 1141 4089 utrorumque
1165 4037 1178 4085 ;
1227 4014 1388 4083 Quia
1415 4015 1462 4071 si
1490 4014 1550 4071 in
1575 4014 1697 4072 illis
1724 4015 2020 4073 columnae.
2049 4017 2198 4074 miro
2242 4017 2489 4075 artificio
2538 4016 2859 4073 elaboratas

439 4096 817 4168 visebantur3
862 4094 1037 4153 Nihil
1082 4093 1250 4153 aliud
1299 4101 1470 4152 erant
1511 4112 1695 4168 quam
1743 4094 2037 4152 columnae
2083 4095 2377 4153 mendacii
2404 4103 2466 4152 et
2492 4094 2724 4164 erroris,
2756 4095 2861 4151 ubi

438 4174 587 4231 nihil
619 4176 789 4232 aliud
819 4192 1002 4250 quam
1032 4190 1209 4231 merae
1253 4172 1496 4242 fabulae,
1541 4180 1602 4230 et
1628 4172 1769 4249 μῦθοι
1796 4170 1923 4230 ὅσιοι
1951 4180 2011 4229 et
2056 4173 2347 4232 falsorum
2395 4172 2662 4231 Deorum
2709 4173 2857 4231 ima·

436 4254 604 4327 gines
628 4253 1141 4329 proponebantur:
1174 4255 1264 4310 At
1288 4252 1350 4309 in
1381 4251 1632 4327 'Petnplo
1654 4254 1769 4310 isto
1786 4252 2037 4326 mystico
2056 4253 2399 4310 columnam
2422 4254 2508 4310 ait
2528 4270 2653 4309 esse
2674 4252 2854 4325 longe

435 4328 910 4402 diversissimam,
933 4349 1055 4389 non
1086 4330 1396 4402 mendacii,
1427 4332 1530 4389 sed
1559 4332 1843 4401 veritatis,
1894 4338 1956 4389 et
2000 4330 2064 4387 in
2113 4350 2235 4405 qua
2280 4338 2403 4389 'non
2454 4330 2855 4389 exhibeantur

434 4407 727 4465 falsorum
769 4410 1034 4468 Deorum
1087 4410 1502 4480 simulachara,
1555 4411 1658 4467 sed
1701 4410 1837 4467 viva
1878 4418 1939 4467 et
1986 4410 2425 4485 expressissima
2466 4410 2591 4468 veri
2636 4409 2749 4466 Dei
2791 4408 2854 4464 in

437 4486 630 4545 Carne
671 4488 1030 4545 manifestati
1072 4485 1290 4564 imago,
1333 4489 1438 4564 qui
1480 4490 1602 4564 ipse
1632 4490 1761 4548 aad,
1790 4516 1875 4548 του
1909 4497 2037 4549 Θιοῧ
2054 4494 2283 4570 ἀοράτου,
2338 4489 2466 4547 Col.
2510 4488 2549 4545 i.
2598 4488 2689 4557 15,
2734 4506 2853 4545 non

431 4570 844 4640 proponantur
895 4562 1038 4638 pu'eooa
1081 4570 1424 4644 σεσοφισμένοι,
1455 4568 1662 4643 quales
1690 4570 2045 4645 prostabant
2084 4569 2141 4626 in
2176 4568 2470 4625 columnis
2495 4566 2853 4633 Gentilium,

427 4644 528 4701 sel
561 4645 710 4715 σοφία
740 4667 780 4700 υ
804 4648 1068 4726 μυστηρίῳ,
1098 4647 1223 4704 imo
1267 4665 1556 4721 magnum
1598 4648 1837 4723 pietatis
1880 4646 2259 4721 Mysterium,
2298 4650 2322 4703 1
2360 4645 2509 4704 Tim.
2556 4646 2635 4703 iii.
2684 4645 2777 4719 16,
2825 4644 2853 4701 1
