3234 5192
324 361 554 404 msrur.
583 340 721 423 xm]
886 361 965 400 nn
993 359 1471 404 sures-sorrow·
1497 361 1738 404 cums-rr
1765 361 2181 404 necessu-Are.
2351 343 2374 358 “
2613 349 2732 408 413

322 501 595 562 haeretico
622 507 975 582 proponatur
1021 501 1331 581 quiequam
1367 505 1495 580 ejus
1538 522 1774 564 eausam
1793 504 2004 581 juvere
2029 509 2238 582 potest.
2285 505 2341 563 1.
2373 502 2606 582 conseq.
2629 525 2734 564 va-

322 581 522 642 cillat:
565 583 689 642 Nec
731 583 888 642 enim
924 582 975 642 si
1002 591 1199 660 posset
1238 585 1399 644 Deus
1426 582 1500 642 de
1537 583 1676 660 jure
1698 582 2009 658 remittere,
2053 590 2252 660 posset
2275 584 2450 642 etiam
2495 593 2737 662 peecata

325 661 451 722 sine
478 661 869 722 satisfactione
895 662 1221 722 condonare
1242 684 1260 736 ς
1289 661 1449 722 aliud
1476 673 1567 722 est
1576 665 1696 739 jus,
1727 661 1889 722 aliud
1900 663 2128 738 ,γίιείίῠήι
2151 662 2280 736 Dei,
2303 662 2451 722 illud
2476 672 2735 740 potestas

325 748 433 816 est,
462 741 588 802 haee
614 743 819 818 virtus,
845 761 953 801 nee
980 742 1033 802 si
1060 741 1135 800 de
1146 744 1279 820 jure
1305 742 1597 807 remittere
1623 742 1826 802 liceret
1851 742 2135 838 ponti-nuo·
2151 741 2370 836 liceret·
2380 741 2454 801 de
2468 743 2738 836 justitiag

325 822 1736 980 ffiffissmfflssssnssxssmffitssffffissz
1754 829 1972 960 1³53?
1991 821 2440 979 ssffinssrffl
2445 822 2650 974 {¹2:135
2669 831 2737 962 ’ἐξ

326 979 485 1057 quod
511 981 679 1041 alteri
720 1001 839 1040 non
873 980 1067 1040 reddit
1111 999 1299 1052 suum,
1345 985 1403 1040 3.
1446 980 1602 1058 quod
1639 981 1754 1058 ipsi
1799 1000 1966 1058 aquo
1993 989 2056 1040 et
2079 981 2234 1040 bono
2259 982 2605 1060 opponitur3
2650 981 2738 1042 At

328 1057 379 1118 si
406 1070 703 1136 peccatum
732 1061 981 1120 inultum
1008 1069 1257 1136 maneat,
1286 1061 1387 1120 lex
1417 1060 1529 1118 Dei
1570 1059 1842 1136 violatur,
1886 1060 2142 1139 peccatis
2181 1079 2301 1119 non
2347 1059 2608 1121 redditur
2635 1062 2736 1121 de·

325 1137 451 1198 bita
477 1159 665 1217 poena,
703 1140 921 1201 bonum
967 1140 1265 1218 publicum
1313 1139 1688 1199 memorabile
1733 1139 2142 1200 detrimentum
2213 1140 2412 1200 atitur.
2453 1142 2736 1201 Remittat

328 1235 471 1294 ergo
498 1219 749 1279 creditor
774 1219 847 1279 de
868 1218 1113 1298 credite,
1144 1219 1413 1278 dominus
1439 1218 1511 1277 de
1534 1219 1897 1296 proprietate,
1946 1219 2050 1279 sed
2091 1221 2162 1297 ju
2323 1228 2383 1288 et
2429 1222 2734 1298 magistra·

328 1303 427 1354 tus
453 1297 528 1356 de
556 1297 743 1356 officio
770 1299 927 1375 quod
953 1307 1077 1357 tum
1104 1298 1204 1356 lex
1232 1307 1355 1358 tum
1384 1299 1626 1376 aequitas
1652 1298 1780 1375 ipsa
1805 1299 2080 1377 postulat,
2109 1299 2577 1378 haudquaquam.

414 1376 537 1436 XI.
579 1380 655 1436 2:
679 1379 827 1438 Min.
854 1377 1119 1438 absolute
1145 1387 1203 1440 et
1232 1378 1567 1456 simpliciter
1592 1386 1822 1456 sumpta
1848 1378 1999 1438 falsa.
2021 1387 2128 1453 est,
2155 1398 2292 1436 nam
2331 1380 2382 1437 si
2405 1379 2737 1457 *unicuique

332 1453 469 1516 lieet
496 1456 570 1515 de
589 1457 723 1534 jure
751 1475 855 1516 suo
877 1457 1098 1533 cedere,
1130 1459 1289 1536 Ergo
1308 1458 1683 1536 magistratus
1711 1458 1994 1535 subditos,
2015 1466 2286 1537 parentes
2309 1459 2542 1534 liberos,
2573 1460 2738 1519 Deus

331 1533 457 1626 ipse
479 1544 770 1596 creaturas
791 1536 1123 1616 dispensare
1148 1538 1361 1617 poterit
1387 1557 1424 1597 a
1449 1537 1651 1610 debita
1675 1537 2019 1614 obedientia,
2045 1539 2206 1616 Ergo
2237 1537 2400 1598 nulla
2425 1539 2536 1598 erit
2575 1539 2734 1616 judi-

331 1633 551 1674 ciorum
579 1617 960 1677 criminalium
1007 1616 1068 1676 in
1096 1637 1217 1696 rep.
1238 1618 1315 1678 de
1352 1619 1489 1697 jure
1530 1618 1866 1693 necessitas,
1911 1618 2080 1693 furta,
2126 1617 2360 1696 rapinae,
2406 1618 2735 1696 homicidia,

331 1693 441 1756 &e-
470 1695 756 1774 impunita
780 1696 995 1758 dimitti
1019 1705 1309 1775 poterunt,
1358 1717 1547 1775 neque
1574 1700 1705 1756 Lex
1744 1699 1912 1758 Julia
1951 1699 2276 1776 majestatis
2302 1697 2376 1758 de
2419 1697 2736 1774 adulteriis,

334 1783 435 1834 aut
465 1774 731 1835 Gor-nezab
752 1776 825 1835 de
846 1777 1087 1854 sicariis,
1138 1785 1241 1841 aut
1270 1778 1542 1855 Pompeia
1582 1777 1656 1837 de
1703 1777 2028 1856 parricidiis
2051 1785 2154 1838 aut
2199 1778 2328 1836 alim
2374 1777 2739 1856 publicorum

325 1854 678 1932 judiciorum
705 1855 867 1932 leges
894 1857 1297 1918 necessitatem
1325 1857 1506 1917 ullam
1534 1877 1709 1934 quam
1746 1858 1918 1936 plane
1965 1857 2326 1918 arbitrariam
2374 1857 2740 1918 obtinebunt.

332 1933 402 1992 E.
432 1933 557 2012 ipse
587 1935 751 1994 Deus
777 1935 991 2013 poterit
1036 1937 1465 2014 impoenitentes
1492 1944 1555 1996 et
1579 1945 1952 1998 contumaees
1977 1937 2298 1997 absolvere.
2366 1936 2516 2005 Quae
2543 1939 2740 1997 omnia

332 2031 465 2072 cum
493 2013 611 2074 sint
636 2013 949 2076 falsissima
975 2023 1033 2074 et
1062 2016 1321 2092 aequitati
1346 2015 1462 2094 ipsi
1484 2016 1734 2076 naturali
1763 2025 2104 2095 repugnent,
2133 2016 2262 2094 ipso
2288 2016 2504 2078 fatente
2531 2017 2737 2076 adver-

332 2093 500 2169 sario,
526 2093 759 2152 omnino
790 2095 1049 2170 sequitur
1074 2094 1441 2154 limitandum
1485 2114 1611 2154 esse
1641 2096 1752 2154 hoe
1797 2096 2237 2172 pronunciatum
2277 2097 2453 2172 juxta
2477 2097 2740 2156 diversas

327 2171 479 2249 juris
506 2173 889 2248 acceptiones.
950 2172 1239 2232 Nimirum
1266 2172 1479 2232 dentur
1503 2174 1681 2232 variae
1712 2175 1866 2251 juris
1908 2175 2146 2251 speeies,
2178 2174 2366 2233 Aliud
2391 2183 2480 2234 est
2491 2177 2594 2250 jus
2609 2177 2740 2252 pri-

333 2259 543 2324 vatum,
573 2250 731 2308 aliud
745 2254 847 2326 jus
890 2252 1193 2328 public-mn,
1225 2251 1298 2312 de
1324 2253 1427 2312 ino
1472 2251 1678 2312 cedere
1705 2253 1836 2330 quis
1878 2259 2088 2331 potest,
2133 2272 2250 2312 non
2295 2253 2368 2312 de
2395 2253 2524 2328 hoc,
2555 2254 2741 2314 Aliud

319 2332 429 2405 jus
472 2331 628 2405 quod
650 2333 735 2390 ad
782 2333 1121 2407 voluptatem
1167 2341 1219 2392 et
1244 2333 1537 2392 utilitatem
1589 2331 1811 2394 domini
1851 2341 2078 2394 tantum
2127 2341 2366 2412 spectet,
2396 2332 2555 2394 aliud
2583 2335 2742 2413 quod

335 2410 683 2469 honestatem
706 2419 760 2468 et
799 2411 1035 2484 officium
1062 2413 1311 2490 respicit,
1361 2413 1435 2474 de
1484 2412 1585 2472 illo
1610 2413 1826 2492 poterit
1871 2411 2140 2474 dominus
2185 2414 2494 2492 remittere,
2525 2422 2586 2475 at
2621 2435 2742 2474 non

335 2489 408 2549 dc
440 2489 582 2564 hoc;
630 2489 779 2549 Nam
808 2499 873 2551 ut
900 2491 951 2551 is
978 2492 1079 2570 qui
1104 2492 1255 2570 legis
1274 2493 1565 2566 mandata,
1594 2514 1728 2555 cum
1753 2495 1884 2574 ejus
1911 2495 1988 2554 sit
2013 2494 2242 2572 exequi,
2271 2513 2390 2554 non
2409 2495 2744 2572 exequitur,
2833 2562 2838 2567 p

332 2569 483 2646 legis
511 2578 572 2630 et
595 2569 948 2648 legislatoris
976 2573 1382 2634 authoritatem
1411 2573 1627 2652 violat;
1673 2575 1754 2635 ita
1779 2574 1994 2652 pariter
2029 2574 2082 2633 is
2124 2573 2226 2652 qni
2253 2575 2664 2652 promissiones
2684 2582 2746 2635 et

335 2649 807 2712 comminationes
832 2651 983 2729 legis
1012 2673 1143 2714 cum
1171 2654 1246 2714 ad
1272 2675 1407 2714 eum
1432 2653 1495 2713 id
1522 2661 1747 2732 spectat
1789 2673 1906 2712 non
1941 2653 2182 2714 mandat
2215 2653 2546 2712 executioni
2573 2655 2746 2731 culpa

335 2748 541 2790 vacare
568 2749 687 2790 non
706 2739 915 2808 potest.
997 2733 1221 2794 Rursus
1242 2732 1401 2792 aliud
1430 2741 1519 2792 est
1546 2735 1649 2807 jus
1685 2733 2042 2804 dominicum,
2090 2731 2250 2791 aliud
2277 2733 2570 2809 judiciale,
2594 2733 2744 2793 illud

334 2809 735 2886 quadantenus
761 2811 977 2870 remitti
1004 2812 1151 2870 nihil
1177 2821 1355 2886 vetat,-
1379 2811 1611 2888 quando
1640 2831 1710 2871 ea
1737 2819 1826 2872 est
1851 2819 2062 2869 natura
2095 2808 2338 2868 dominii
2363 2819 2430 2869 ut
2456 2831 2526 2870 eo
2551 2811 2744 2889 possis

334 2889 421 2948 uti
442 2890 539 2946 vel
564 2909 685 2948 non
711 2890 797 2950 uti
824 2909 928 2966 pro
970 2889 1157 2966 libitu,
1208 2899 1270 2950 at
1316 2891 1431 2948 hoe
1456 2909 1573 2948 non
1608 2891 1770 2964 item,
1817 2889 1956 2966 quia
1981 2907 2100 2946 non
2142 2887 2371 2965 privata
2395 2907 2490 2948 res
2517 2895 2742 2948 tantum

334 2967 546 3042 agitur,
578 2967 681 3026 sed
705 2969 923 3026 bonum
950 2969 1129 3028 totius
1176 2968 1645 3044 communitatis3
1679 2969 1752 3025 In
1800 2968 1912 3026 hoc
1959 2974 2154 3025 autem
2179 2966 2430 3044 negotio,
2461 2975 2528 3026 ut
2571 2987 2748 3046 supra

334 3045 639 3122 probatum
668 3054 773 3121 est,
808 3046 971 3106 Deus
996 3066 1117 3106 non
1142 3054 1233 3107 est
1254 3046 1603 3124 spectandus
1647 3045 1986 3140 simpliciter
2030 3053 2099 3105 ut
2132 3045 2400 3105 dominus
2427 3047 2524 3106 vel
2549 3047 2742 3124 priva-

336 3131 449 3199 tus,
482 3124 587 3184 sed
606 3131 672 3184 ut
698 3143 999 3202 supremus
1018 3125 1207 3202 judex
1248 3135 1308 3184 et
1335 3125 1644 3202 imperator
1671 3145 1772 3202 qui
1810 3125 1950 3184 boni
1986 3123 2204 3203 publici
2223 3133 2412 3185 rector
2437 3135 2528 3186 est
2553 3136 2613 3187 et
2640 3127 2742 3188 ad-

338 3204 707 3280 ministrator,
738 3205 841 3281 qui
865 3204 1063 3282 legum
1084 3225 1119 3264 a
1146 3224 1209 3266 se
1224 3205 1473 3264 latarum
1495 3205 1794 3266 custodem
1812 3223 1876 3264 se
1893 3203 2214 3282 profitetur.
2295 3205 2561 3285 Denique
2583 3207 2744 3268 aliud

337 3291 427 3344 est
438 3287 541 3360 jus
567 3287 835 3344 naturale
862 3284 1022 3362 quod
1046 3284 1121 3344 ab
1148 3283 1277 3363 ipsa
1322 3291 1529 3344 natura
1556 3284 1686 3345 fluit
1711 3305 1894 3363 eaque
1931 3284 2152 3361 nititur,
2191 3283 2349 3345 aliud
2379 3289 2484 3362 jus
2509 3288 2747 3350 liberum

335 3374 391 3424 et
405 3366 709 3442 positivum
736 3364 895 3442 quod
922 3385 958 3425 a
984 3364 1110 3424 sola
1148 3365 1449 3425 voluntate
1489 3365 1721 3442 pendet,
1748 3365 1909 3426 istud
1945 3365 2180 3425 omnino
2216 3366 2432 3427 remitti
2466 3377 2660 3448 potest
2687 3377 2746 3430 et

337 3445 604 3520 relaxari,
635 3445 775 3523 quia
813 3444 1063 3504 liberum
1098 3453 1189 3505 est
1214 3453 1275 3506 et
1299 3444 1593 3520 mutabile,
1623 3445 1782 3506 istud
1824 3445 1965 3505 vero
2011 3464 2373 3524 nequaquam
2396 3449 2610 3528 quippe
2637 3450 2744 3508 im-

338 3524 617 3584 mutabile
644 3533 705 3584 et
731 3531 1047 3600 aeternum
1078 3525 1166 3584 At
1191 3525 1293 3604 jus
1318 3523 1601 3604 puniendi
1623 3533 1862 3604 peccata
1885 3533 1954 3586 ut
1979 3525 2244 3604 superius
2290 3526 2746 3589 demonstratum

338 3611 429 3662 est
454 3623 573 3662 non
600 3612 691 3663 est
716 3611 940 3663 tantum
968 3603 1213 3664 liberum
1240 3615 1301 3666 et
1334 3604 1650 3682 positivum
1679 3605 1837 3684 quod
1871 3604 2086 3683 pendet
2106 3625 2141 3668 a
2167 3604 2418 3682 decreto,
2448 3608 2552 3667 sed
2577 3617 2746 3668 natu-

339 3683 459 3741 rale
478 3691 539 3742 et
562 3682 951 3743 necessarium
977 3685 1135 3762 quod
1160 3685 1287 3745 fluit
1314 3685 1388 3744 ab
1415 3685 1544 3763 ipsa
1568 3685 1613 3746 J
1616 3685 1816 3746 ustitia
1841 3695 1901 3746 et
1927 3686 2249 3746 sanctitate.

424 3761 581 3820 XII.
624 3762 867 3822 Frustra
892 3782 1031 3822 vero
1059 3765 1253 3842 arguit
1278 3764 1646 3826 adversarius
1691 3765 1882 3825 Deum
1923 3765 2082 3843 juste
2129 3765 2191 3824 id
2215 3783 2406 3842 posse,
2435 3765 2574 3842 qnia
2621 3764 2748 3825 sive

339 3839 488 3898 illud
530 3839 705 3901 faciat
746 3841 871 3902 sive
914 3843 1143 3905 omittat
1188 3845 1405 3904 nemini
1451 3843 1591 3906 facit
1637 3845 1908 3923 injuriam
1955 3844 2242 3923 siquidem
2281 3843 2356 3902 de
2384 3863 2490 3902 suo
2519 3851 2754 3904 tantum·

341 3919 568 3996 agitur:
611 3921 761 3980 Nam
794 3925 847 3981 1.
879 3923 1121 4001 Major-is
1146 3923 1371 3984 falsitas
1399 3924 1642 3984 evidens
1667 3933 1774 4002 est,
1822 3925 2007 3985 multa
2041 3923 2257 4002 quippe
2301 3929 2438 3982 sunt
2463 3941 2593 3999 quae
2620 3923 2746 3982 fieri

339 4009 625 4077 repugnat
644 4001 891 4079 justitiae
917 4011 976 4063 et
1002 4003 1297 4064 sanctitati
1343 4004 1577 4081 divinae,
1627 4023 1758 4082 quse
1801 4012 1996 4065 tamen
2043 4005 2094 4062 si
2135 4003 2340 4062 fierent
2367 4021 2500 4061 cum
2527 4001 2746 4062 nullius

338 4087 507 4140 extra
526 4081 717 4140 Deum
746 4082 959 4159 injuria
984 4085 1296 4161 conjuncta
1320 4092 1515 4145 essent
1535 4107 1552 4158 ;
1597 4084 1884 4162 Ita-Deus
1909 4103 2028 4142 non
2055 4089 2248 4160 potest
2287 4081 2542 4158 seipsum
2567 4081 2744 4142 abne·

336 4179 501 4236 gare,
524 4165 561 4218 2
590 4161 741 4220 Tim.
770 4160 830 4220 ii.
860 4171 963 4222 aut
982 4185 1045 4223 se
1072 4183 1285 4225 exuere
1311 4164 1563 4226 naturali
1584 4163 1841 4222 dominio
1862 4162 2020 4240 quod
2037 4161 2214 4220 habet
2231 4160 2294 4220 in
2316 4167 2624 4235 creaturas,
2645 4171 2748 4222 aut

332 4239 499 4318 leges
526 4240 729 4301 virtuti
757 4250 817 4301 et
841 4243 1133 4304 honestati
1158 4244 1477 4304 contrarias
1507 4242 1839 4304 hominibus
1925 4261 2116 4314 onere,
2163 4239 2320 4318 quod
2359 4245 2555 4299 tamen
2583 4240 2634 4300 si
2660 4241 2745 4301 fa-

332 4327 491 4380 ceret
516 4321 735 4380 nemini
762 4331 917 4382 esset
943 4323 1208 4400 injurius.
1252 4327 1309 4383 2.
1356 4324 1419 4384 Si
1448 4323 1671 4382 valeret
1696 4321 1846 4381 ratio
1923 4320 2154 4396 serefiei,
2201 4339 2278 4378 ex
2305 4338 2375 4378 ea
2421 4319 2596 4378 etiam
2623 4322 2742 4381 col-

331 4400 516 4477 ligere
540 4401 744 4463 lieeret
770 4421 940 4480 posse
971 4403 1160 4462 Deum
1188 4403 1617 4481 impoenitentes
1645 4408 1704 4460 et
1731 4407 2099 4460 contumaees
2137 4404 2470 4477 peccatores
2496 4400 2743 4479 impuni-

331 4487 425 4540 tos
446 4479 752 4558 dimittere,
783 4482 941 4561 quod
967 4491 1161 4544 tamen
1188 4502 1306 4541 non
1332 4482 1509 4542 audet
1543 4481 1670 4559 ipse
1699 4479 2096 4558 pronunciare,
2127 4479 2244 4538 imo
2271 4477 2485 4541 diserte
2511 4482 2743 4560 profite—

330 4567 427 4620 tur
456 4561 647 4620 Deum
690 4581 807 4622 non
834 4581 1005 4640 posse
1054 4563 1379 4622 condonare
1428 4560 1557 4620 istis
1600 4579 1848 4638 poenam,
1898 4558 2041 4637 quid
2067 4559 2150 4622 ita
2167 4562 2197 4619 P
2235 4579 2352 4621 non
2400 4581 2538 4622 sane
2586 4563 2746 4640 quod

332 4640 600 4718 cuiquam
628 4648 797 4702 extra
824 4660 887 4700 se
914 4640 1088 4702 faciat
1134 4640 1423 4719 injuriam,
1473 4641 1578 4700 sed
1625 4639 1764 4719 quia
1806 4640 2081 4720 majestas
2121 4640 2320 4720 legum
2366 4640 2635 4716 violatur,
2683 4649 2746 4699 et
