3234 5192
546 315 665 376 416
1094 331 1173 372 ns
1203 329 1684 372 sArrsrAcrroms
1710 329 1948 371 cums-rr
1973 326 2395 372 mserum.
2559 311 2822 394 [meru-r.
2850 335 2959 377 111.

546 474 727 534 simus
748 472 1009 533 Twissus
1024 474 1087 532 in
1107 471 1365 532 Vindici.
1394 471 1517 532 suis
1537 471 1774 548 Gratiae,
1801 470 1930 548 &c.,
1953 491 2072 531 non
2093 472 2197 532 ebs
2217 492 2282 532 re
2301 469 2558 532 futurum
2576 481 2667 534 est
2687 475 2738 534 si
2757 476 2962 552 paucis

543 553 862 633 praecipuas
879 554 1006 631 ejus
1021 552 1275 612 rationes
1291 551 1367 612 ad
1384 571 1631 613 examen
1646 571 2003 611 revocemus.
2031 555 2108 610 1⁰.
2125 551 2188 611 Si
2202 551 2380 628 Deus,
2402 552 2608 630 inquit,
2626 573 2746 613 non
2765 563 2962 632 potest

542 633 832 694 remittere
871 641 1109 711 peccata
1149 632 1273 692 sine
1316 630 1724 706 satisfactione,
1767 631 1831 690 id
1871 631 2006 691 inde
2045 631 2129 708 fit,
2175 631 2272 691 vel
2312 630 2454 708 quia
2489 651 2608 692 non
2634 641 2828 711 potest
2853 655 2960 712 per

541 714 876 791 potentiam,
906 713 1005 772 vel
1030 733 1133 791 per
1152 711 1475 790 justitiam3
1506 710 1593 771 At
1618 719 1886 772 neutrum
1915 711 2031 770 dici
2057 719 2282 789 potest;
2328 711 2462 770 Non
2487 731 2592 790 per
2616 713 2954 792 potentiam,

540 793 678 870 quia
698 793 749 852 si
775 812 893 852 non
920 800 1132 872 posset,
1162 801 1287 851 tum
1314 800 1614 869 peccatum
1643 790 1956 850 condonari
1985 791 2110 850 sive
2130 811 2247 850 non
2273 791 2468 868 puniri
2487 792 2599 852 erit
2619 792 2960 870 simpliciter

537 872 911 950 impossibile,
942 881 1001 931 et
1027 871 1342 950 propositio
1369 872 1495 930 haec
1520 872 1822 930 Peccatum
1849 891 1960 930 non
1977 871 2220 947 punitur
2259 871 2550 931 constabit
2589 890 2666 930 ex
2693 873 2958 934 terminis

542 951 1038 1012 contradictoriis:
1082 953 1216 1010 Non
1244 950 1418 1010 etiam
1444 970 1549 1029 per
1567 950 1874 1028 justitiam,
1905 949 2044 1028 quia
2072 951 2123 1009 si
2152 951 2314 1010 Deus
2354 959 2553 1028 posset
2589 951 2812 1030 aliquid
2849 973 2958 1030 per

541 1031 876 1110 potentiam,
926 1039 985 1090 et
1032 1051 1149 1090 non
1188 1039 1386 1108 posset
1424 1047 1530 1108 per
1559 1030 1866 1108 justitiam,
1913 1038 2248 1106 sequeretur
2289 1030 2480 1089 Deum
2521 1030 2742 1109 aliquid
2781 1053 2955 1110 posse

546 1111 704 1188 quod
731 1111 807 1170 sit
836 1110 1131 1188 injustum,
1152 1110 1311 1188 quod
1338 1110 1613 1188 implicat.
1659 1110 1858 1187 Resp.,
1880 1109 2190 1188 Perperam
2217 1109 2312 1170 hic
2341 1119 2682 1188 separantur
2708 1113 2952 1189 conjun-

544 1190 752 1267 genda,
773 1191 1031 1267 potentia
1049 1191 1317 1250 nimirum
1348 1198 1407 1249 et
1412 1190 1654 1266 justitia,
1685 1189 1978 1248 hoc.enim
2005 1189 2298 1266 quaeritur,
2323 1188 2424 1247 An
2451 1192 2611 1248 Deus
2628 1193 2812 1267 possit
2839 1212 2954 1268 per

528 1271 828 1348 justitiam,
860 1291 962 1330 seu
992 1290 1067 1329 an
1092 1290 1209 1330 non
1230 1270 1460 1348 justitia
1484 1269 1732 1328 laedatur
1758 1288 1827 1328 eo
1855 1269 1982 1346 ipso
2009 1288 2126 1346 quo
2151 1278 2453 1348 peccatum
2481 1268 2730 1328 inultum
2758 1271 2952 1330 dimit·-

543 1351 719 1412 titur:
762 1350 974 1410 frustra
1020 1371 1160 1429 ergo
1208 1350 1465 1428 disputat
1505 1349 1577 1408 de
1618 1349 1879 1427 potentia
1918 1348 2158 1410 seorsim
2200 1368 2238 1407 a
2253 1348 2486 1426 justitia
2525 1358 2770 1428 sumpts,
2813 1351 2954 1428 quia

545 1430 709 1491 Deus
736 1430 847 1490 etsi
874 1431 1069 1490 omnia
1094 1430 1296 1510 possit,
1327 1429 1471 1488 nihil
1500 1436 1695 1488 tamen
1721 1437 1914 1506 potest
1929 1427 2088 1506 quod
2110 1427 2186 1487 sit
2211 1428 2511 1506 injustum.
2596 1428 2765 1503 Quod
2788 1429 2949 1490 Deus

538 1531 658 1569 non
698 1518 890 1588 potest
928 1519 1195 1588 respectu
1236 1509 1408 1570 unius
1448 1509 1726 1584 attributi,
1771 1515 2038 1585 respectu
2077 1507 2298 1566 nullius
2333 1507 2398 1568 id
2437 1516 2644 1585 potest,
2688 1529 2745 1570 v.
2791 1529 2854 1586 g.
2899 1509 2951 1568 si

543 1591 707 1649 Deus
732 1610 851 1648 non
870 1598 1062 1666 potest
1088 1588 1311 1667 aliquid
1336 1597 1601 1666 respectu
1620 1587 1901 1662 veritatis,
1931 1587 1994 1646 id
2014 1587 2126 1646 sub
2151 1587 2313 1648 nullo
2333 1596 2596 1666 respectu
2621 1597 2828 1666 potest.
2873 1589 2950 1646 In

538 1669 766 1728 actibus
794 1669 1112 1728 voluntatis
1148 1668 1365 1726 divinas
1403 1687 1545 1745 pure
1585 1666 1785 1753 liffris
1823 1666 1941 1725 alia
1965 1685 2062 1725 res
2099 1675 2205 1744 est,
2249 1667 2312 1725 in
2351 1685 2528 1727 sensu
2565 1667 2712 1726 enim
2753 1666 2946 1726 diviso

538 1747 759 1826 aliquid
788 1756 979 1826 potest
1006 1747 1210 1823 facere,
1240 1767 1298 1806 v.
1318 1767 1376 1824 g.
1404 1748 1601 1825 plures
1629 1747 1880 1806 mundos
1905 1765 2116 1822 creare,
2147 1746 2304 1824 quod
2330 1747 2392 1805 in
2420 1767 2592 1806 sensu
2607 1745 2944 1824 compositO,

540 1836 601 1888 et
649 1828 947 1905 supposito
996 1827 1229 1886 decreto
1274 1846 1393 1886 non
1438 1833 1648 1904 potest.
1757 1823 1846 1885 At
1891 1845 2024 1903 quae
2063 1826 2343 1886 attributo
2383 1827 2558 1886 alicui
2597 1826 2950 1886 conveniunt

538 1906 733 1966 varios
760 1926 877 1966 non
904 1906 1217 1966 admittunt
1244 1914 1554 1984 respectuS,
1599 1904 1704 1965 sed
1744 1911 1880 1964 sunt
1919 1905 1980 1964 in
2009 1925 2116 1965 suo
2153 1925 2364 1984 genere
2391 1907 2750 1984 necessaria3
2793 1905 2948 1966 unde

539 1986 679 2065 quia
696 2007 813 2046 non
840 1995 1033 2064 potest
1058 1987 1183 2046 fieri
1222 2005 1325 2064 per
1356 1985 1644 2064 justitiam
1672 1993 1737 2045 ut
1768 1985 1930 2045 Deus
1955 1993 2256 2064 peccatum
2283 2006 2400 2046 non
2427 1986 2645 2064 puniat,
2691 1987 2950 2064 sequitur

543 2067 734 2126 Deum
760 2067 871 2127 hoc
898 2087 1007 2126 nec
1034 2086 1205 2146 posse
1231 2085 1339 2125 nec
1366 2065 1537 2124 velle.
1623 2069 1680 2124 2.
1724 2065 1854 2125 Etsi
1883 2065 2262 2125 contradictio
2302 2085 2421 2125 non
2447 2065 2716 2126 videatur
2740 2065 2950 2124 forma-

537 2148 673 2207 liter
697 2148 760 2206 in
786 2147 1047 2208 terminis
1074 2147 1245 2207 istius
1269 2146 1679 2226 propositionis
1705 2147 2008 2205 Peccatum
2046 2165 2159 2204 non
2173 2146 2436 2224 puniam,
2480 2145 2730 2206 occurrit
2755 2154 2947 2205 tamen

540 2228 866 2288 virtualiter
912 2228 971 2285 in
1014 2228 1219 2305 reipsa.
1304 2227 1453 2286 Nam
1498 2227 1547 2284 si
1588 2234 1781 2303 potest
1825 2227 1988 2284 Deus
2025 2233 2326 2303 peceatum
2369 2244 2486 2284 non
2523 2225 2678 2285 velle
2723 2225 2943 2302 punire,

538 2316 733 2384 potest
758 2327 875 2366 non
904 2306 1113 2377 odisse,
1157 2325 1289 2366 nam
1332 2305 1525 2364 odisse
1564 2306 1714 2363 nihil
1741 2304 1901 2363 aliud
1928 2313 2016 2364 est
2045 2323 2218 2382 quem
2245 2305 2401 2364 velle
2425 2305 2648 2382 punire,
2678 2305 2728 2363 si
2755 2313 2948 2382 potest

540 2393 841 2463 peccatum
870 2405 988 2443 non
1016 2384 1225 2460 odisse,
1255 2391 1448 2462 potest
1475 2403 1685 2460 amare,
1717 2383 1764 2442 si
1805 2392 1998 2461 potest
2023 2403 2232 2460 amare,
2263 2393 2456 2461 potest
2481 2385 2636 2444 velle
2675 2403 2790 2443 non
2817 2403 2948 2443 esse

542 2472 777 2524 sanctus
806 2472 863 2522 et
881 2465 1096 2541 justus,
1124 2471 1189 2522 et
1216 2464 1299 2522 sic
1340 2471 1532 2539 potest
1573 2464 1826 2540 seipsum
1869 2463 2158 2540 abnegare
2191 2472 2250 2524 et
2277 2465 2430 2524 velle
2457 2483 2573 2522 non
2601 2483 2728 2524 esse
2761 2465 2938 2538 Deus,

542 2543 699 2622 quod
743 2542 1019 2622 implicat.
1123 2543 1351 2602 Deinde
1398 2542 1658 2621 implicat
1708 2543 1897 2602 Deum
1943 2561 2072 2602 esse
2112 2544 2410 2604 hominnm
2457 2543 2770 2602 Dominum
2810 2544 2946 2621 jure

536 2624 787 2683 naturali
816 2630 875 2683 et
902 2622 1356 2702 indispensabili,
1385 2622 1652 2682 homines
1677 2630 1870 2682 autem
1899 2622 1953 2682 ei
1979 2641 2094 2682 non
2123 2643 2250 2683 esse
2279 2623 2590 2701 subjectos,
2621 2642 2728 2683 nec
2753 2623 2946 2700 quoad

540 2704 927 2763 obedientiam
956 2723 1064 2762 nec
1102 2703 1296 2782 quoad
1320 2722 1571 2782 poenam,
1609 2701 1768 2780 quod
1809 2703 2026 2762 directe
2053 2703 2218 2763 fieret
2259 2703 2311 2761 si
2347 2711 2646 2780 peccatum
2675 2702 2946 2762 evaderet

537 2785 789 2862 impune.
901 2785 958 2844 3.
1003 2783 1394 2843 contradictio
1440 2803 1559 2842 non
1606 2783 1922 2861 spectanda
1973 2790 2064 2842 est
2109 2782 2450 2861 simpliciter
2501 2783 2562 2840 in
2616 2783 2815 2842 ordine
2869 2781 2944 2840 sd

536 2865 871 2942 potentiam,
896 2863 1000 2924 sed
1027 2864 1103 2923 ad
1118 2865 1163 2924 J
1164 2864 1437 2939 ustitiam,
1470 2883 1644 2941 quam
1661 2863 1890 2940 proprie
1907 2881 2080 2940 poena
2100 2871 2338 2942 spectat,
2361 2862 2518 2922 unde
2533 2883 2649 2921 non
2672 2861 2946 2939 quaeritur

536 2945 873 3025 simpliciter
900 2944 1001 3003 An
1031 2945 1191 3005 Deus
1218 2945 1419 3023 possit,
1451 2944 1555 3003 sed
1583 2943 1684 3001 An
1711 2943 1896 3022 possit
1930 2943 2090 3020 juste
2124 2951 2426 3020 peccatum
2467 2942 2790 3002 condonare
2819 2942 2946 3000 sine

536 3025 945 3101 satisfactione,
970 3025 1125 3104 quod
1147 3025 1271 3084 fieri
1298 3045 1415 3084 non
1440 3043 1613 3102 posse
1641 3042 1710 3082 su
1751 3043 1816 3081 ra
1843 3022 2139 3082 evicimus.

644 3105 862 3164 XVII.
906 3109 985 3164 2⁰.
1038 3105 1135 3164 Sic
1188 3105 1396 3182 arguit,
1457 3103 1660 3164 Potest
1773 3121 1878 3162 eus
1923 3102 2210 3161 mitiorem
2263 3121 2493 3180 poenam
2549 3100 2758 3161 inferre
2811 3121 2946 3179 pec-

535 3184 717 3242 catori
760 3203 933 3260 quam
980 3191 1279 3260 peccatum
1326 3191 1594 3259 meretur,
1655 3183 1814 3260 Ergo
1857 3189 2048 3262 potest
2087 3201 2194 3260 pro
2230 3182 2498 3242 absoluta
2541 3201 2650 3241 sua
2687 3181 2948 3259 potentia

536 3281 764 3338 posnam
793 3262 1121 3320 universam
1164 3263 1553 3339 suspendere:
1588 3281 1729 3319 nam
1769 3268 2074 3338 ponentur,
2117 3261 2320 3340 inquit,
2364 3269 2484 3320 tres
2515 3261 2734 3338 gradus
2757 3280 2944 3338 poenae

536 3339 879 3418 promeritae,
922 3339 1059 3399 huic
1086 3345 1137 3400 si
1176 3341 1361 3418 possit
1390 3341 1553 3400 Deus
1579 3341 1916 3400 subtrahere
1941 3360 2120 3399 unum
2149 3341 2411 3418 gradum,
2443 3361 2546 3400 cur
2569 3360 2689 3400 non
2715 3349 2774 3399 et
2801 3339 2944 3399 elte-

536 3439 683 3493 rum,
714 3427 774 3479 et
801 3418 851 3477 si
880 3418 1026 3477 duos
1052 3419 1253 3498 possit,
1285 3439 1389 3480 cur
1412 3439 1531 3478 non
1558 3427 1618 3480 et
1643 3420 1878 3479 tertium
1907 3419 2240 3496 reliquum?
2281 3420 2508 3479 Deinde
2535 3427 2728 3502 potest
2755 3439 2941 3478 remu-

538 3499 728 3558 nerari
774 3498 927 3558 ultra
974 3498 1343 3576 condignum,
1386 3499 1458 3558 E.
1507 3506 1702 3576 potest
1748 3499 1950 3576 punire
1995 3501 2140 3558 citra
2183 3499 2552 3578 condignum,
2609 3508 2670 3559 et
2717 3499 2767 3558 si
2809 3501 2940 3574 hoc,

536 3579 788 3659 aliquem
816 3578 1061 3657 gradum
1102 3578 1323 3656 peccati
1351 3578 1603 3638 dimittet
1647 3579 2010 3656 impunitum.
2091 3579 2268 3657 Resp.
2297 3579 2374 3638 ad
2401 3579 2664 3657 primum,
2709 3579 2946 3656 Negant

536 3661 631 3720 hic
659 3659 897 3740 quidam
929 3659 1163 3736 Gomeq.
1194 3660 1461 3735 Major-is,
1487 3679 1624 3718 nam
1665 3659 1774 3718 etsi
1815 3659 2184 3736 aliquomodo
2225 3659 2492 3737 mitigare
2517 3668 2714 3737 posset
2739 3679 2942 3736 poenas

534 3741 775 3819 peccati,
818 3759 936 3799 non
978 3747 1252 3817 sequetur
1276 3747 1470 3799 tamen
1497 3759 1670 3818 posse
1697 3758 1796 3798 ess
1822 3738 2056 3798 omnino
2083 3739 2288 3798 tollere
2315 3739 2412 3798 vel
2450 3739 2672 3798 auferre
2696 3761 2710 3814 ;
2757 3737 2944 3796 Nimi-

536 3841 663 3880 rum
693 3829 757 3880 ut
784 3821 1055 3880 observat
1083 3819 1317 3878 Author
1356 3819 1637 3897 supplem.
1679 3819 1742 3877 in
1782 3819 1938 3878 Scot.
1981 3818 2043 3876 in
2082 3818 2163 3878 iv.
2193 3825 2440 3878 sentent.
2473 3819 2623 3878 Dist.
2655 3821 2750 3892 46,
2793 3837 2850 3896 q.
2880 3822 2938 3892 4,

539 3904 575 3936 “
597 3902 642 3961 J
644 3900 844 3960 ustitia
868 3899 1233 3982 latitudinem
1262 3899 1551 3977 quandam
1572 3899 1856 3978 graduum
1880 3918 2114 3959 suorum
2140 3898 2316 3958 habet
2333 3907 2499 3958 extre
2516 3917 2688 3976 quem
2711 3898 2760 3958 si
2781 3897 2941 3956 Deus

536 3981 766 4059 puniret
784 3980 1014 4058 justitia
1054 4000 1172 4039 non
1212 3979 1523 4055 uteretur,’'
1568 3979 1700 4039 ideo
1742 3979 1882 4039 licet
1920 3986 2118 4056 posset
2159 3978 2450 4038 dimittere
2489 3978 2735 4055 gradum
2761 3997 2938 4036 unum

533 4081 738 4140 poenae,
784 4081 903 4119 non
950 4060 1210 4138 sequitur
1256 4067 1450 4119 tamen
1496 4079 1639 4138 ergo
1686 4059 2018 4137 quemlibet,
2069 4066 2130 4119 et
2169 4077 2398 4118 omnem
2427 4057 2662 4118 omnino
2687 4075 2936 4136 poenam,

534 4143 673 4220 quia
699 4149 839 4200 tunc
866 4141 1053 4201 exiret
1078 4139 1443 4201 latitudine-m
1470 4139 1632 4198 illam
1659 4139 1736 4198 ad
1755 4138 2046 4217 justitiam
2086 4137 2424 4216 requisitam
2451 4146 2512 4197 et
2538 4137 2622 4198 sic
2650 4137 2937 4197 omittere·

534 4231 628 4282 tur
646 4220 893 4295 justitiae
921 4221 1261 4280 exercitium
1288 4219 1446 4297 quod
1472 4219 1642 4278 aliter
1667 4219 1882 4298 exponi
1907 4239 2044 4290 non,
2063 4226 2257 4298 potest
2283 4237 2456 4296 quam
2477 4237 2581 4296 per
2607 4215 2736 4296 ejus
2763 4217 2942 4276 abne-

534 4302 844 4380 gationem.
912 4301 1115 4380 Neque
1142 4301 1337 4361 obstat
1377 4299 1535 4378 quod
1582 4299 1800 4377 gradus
1843 4299 1952 4358 iste
2000 4319 2036 4357 a
2080 4298 2252 4358 nobis
2291 4297 2518 4358 definiri
2563 4318 2681 4357 non
2729 4304 2938 4375 potest,

534 4390 601 4438 ut
640 4381 718 4440 V.
751 4382 824 4439 D.
866 4383 1157 4459 postulare
1204 4379 1453 4456 videtur,
1499 4379 1644 4457 quid
1683 4379 1835 4438 enim
1878 4378 1929 4437 si
1969 4378 2032 4437 id
2069 4378 2240 4438 nobis
2279 4377 2763 4438 homuncionibus
2804 4395 2942 4436 con·

535 4477 763 4518 cessum
802 4479 921 4518 non
946 4469 1053 4556 est²
1099 4481 1175 4519 an
1202 4459 1275 4519 de
1305 4460 1435 4520 Deo
1474 4467 1778 4538 propterea
1815 4458 2124 4537 negabitur
2141 4460 2172 4517 P
2216 4459 2344 4518 hoec
2369 4477 2582 4518 arcana
2610 4457 2740 4518 Deo
2765 4456 2943 4516 relin-

534 4537 769 4614 quenda
794 4548 929 4596 sunt
994 4560 1055 4598 ιιι
1084 4538 1197 4600 sibi
1224 4540 1383 4600 solus
1423 4540 1714 4616 sapienter
1751 4538 1968 4598 limites
2004 4537 2170 4598 finire
2197 4539 2365 4598 novit
2389 4547 2450 4598 et
2477 4547 2716 4598 eatenus
2742 4537 2940 4596 remit-

532 4625 654 4677 tere
702 4617 804 4694 jus
840 4559 993 4676 illud
1020 4639 1307 4678 summum
1362 4628 1421 4679 et
1473 4616 1822 4698 &goeio-mm
1868 4627 2154 4697 quatenus
2197 4617 2446 4692 justitiae
2501 4626 2560 4678 et
2615 4617 2946 4678 sanctitatis
