3234 5192
302 492 532 533 msrur.
565 472 637 554 1.]
1073 494 1299 535 mosi-aa
1330 494 1406 533 AB
1437 494 1715 534 scemam
1746 495 2011 536 nomam.
2639 479 2711 536 21

298 635 449 694 viter
476 634 570 692 hic
595 633 900 712 impegerit
930 634 1191 693 Ecclesia
1222 635 1499 710 Romana,
1531 643 1588 694 et
1611 655 1783 712 quam
1805 637 1963 714 juste
1993 636 2289 711 Lutlzerua,
2321 637 2630 713 Zuinqliua,
2656 645 2715 697 et

295 715 396 772 alii
422 722 659 792 propter
685 714 840 773 hunc
867 714 1040 772 etiam
1083 715 1387 775 articulum
1431 715 1878 774 Reformationis
1920 735 2064 792 opus
2102 715 2218 773 sint
2245 716 2522 792 aggressi,
2555 725 2613 775 et
2641 718 2713 776 de

295 794 623 853 secessione
653 793 962 872 cogitarint
980 797 1010 852 ‘r‘

381 873 712 933 XXXIX.
798 873 967 949 Quod
995 875 1044 932 si
1075 875 1314 934 ulterius
1347 875 1636 952 inquirere
1665 876 1726 932 in
1766 875 1895 952 ejus
1924 874 2241 934 doctrinam
2271 882 2423 934 esset
2465 875 2708 951 animus,

294 962 514 1031 quanta
553 955 649 1012 hic
692 972 946 1013 errorum
991 954 1271 1014 colluvies
1299 964 1451 1014 esset
1480 954 1805 1032 detegenda
1830 958 1859 1013 ?
1941 953 2094 1028 Quid
2120 974 2237 1013 non
2265 954 2337 1013 de
2365 955 2709 1014 absurdissi-

295 1053 392 1092 mo
434 1034 1087 1093 'I'ransubstantiationis
1121 1043 1179 1093 et
1211 1035 1489 1093 Sacrificii
1511 1035 1796 1093 Missatici
1839 1043 2163 1093 commento
2184 1034 2492 1093 dicendum
2514 1039 2712 1095 esset?

294 1113 368 1172 de
397 1114 681 1191 sacrilega
701 1113 910 1172 Calicis
950 1115 1331 1174 Eucharistici
1365 1114 1734 1189 detractione,
1760 1113 1832 1173 de
1854 1114 2100 1192 superba
2136 1114 2503 1193 perfectionis
2525 1124 2584 1173 et
2601 1115 2706 1173 im-

295 1195 607 1271 peccantiae
649 1193 906 1253 fidelium
954 1195 1417 1272 praesumptione,
1463 1194 1534 1253 de
1577 1194 1887 1253 salsissima
1946 1194 2120 1272 Papae
2176 1195 2603 1270 infallibilitate,
2649 1204 2707 1255 et

291 1274 422 1331 aliis
451 1272 784 1349 innumeris,
815 1292 943 1350 quae
973 1273 1127 1353 apud
1155 1295 1255 1333 eos
1295 1274 1571 1351 paulatim
1612 1274 1996 1349 invaluenmt,
2041 1283 2100 1334 et
2128 1276 2394 1334 omnibus
2423 1274 2709 1335 credenda

295 1361 695 1431 proponuntur
712 1356 742 1411 P
826 1354 943 1412 Sed
969 1374 1041 1413 ne
1071 1353 1238 1431 plura
1265 1374 1588 1431 congeram,
1622 1354 1853 1412 unicum
1882 1362 2105 1413 tantum
2132 1355 2591 1432 praecedentibus
2619 1366 2703 1415 at-

293 1442 495 1493 texere
523 1453 640 1491 non
674 1432 911 1510 pigebit,
942 1455 1018 1493 ex
1045 1454 1161 1511 quo
1190 1434 1493 1507 constabit,
1523 1432 1861 1509 religionem
1890 1441 2070 1492 totam
2101 1434 2463 1492 Pontificiam
2490 1435 2573 1493 ita
2600 1434 2702 1493 du-

295 1512 457 1570 biam
498 1532 624 1571 esse
651 1521 710 1570 et
737 1513 1029 1590 incertam,
1061 1523 1126 1573 ut
1163 1533 1278 1572 non
1307 1522 1530 1572 tantum
1559 1513 1631 1572 de
1662 1512 1846 1572 salute
1876 1531 1981 1572 sua
2007 1513 2251 1589 quisque
2279 1513 2543 1571 haesitare
2571 1534 2701 1590 pos-

296 1591 377 1650 sit
430 1600 489 1651 et
543 1591 764 1667 debeat,
819 1591 910 1670 (ut
951 1594 1076 1671 jam
1121 1603 1254 1652 ante
1283 1592 1680 1672 observatum)
1713 1593 1816 1652 sed
1864 1601 1923 1652 et
1966 1593 2315 1669 quotidianae
2364 1591 2704 1651 idololatriae

292 1672 601 1749 objiciatur
640 1673 926 1750 periculo;
972 1674 1088 1732 imo
1125 1693 1232 1733 nec
1272 1674 1428 1734 ullus
1455 1674 1516 1731 in
1543 1694 1611 1732 ea
1637 1671 1969 1751 persuaderi
1997 1692 2249 1749 unquam
2277 1673 2461 1750 possit
2489 1692 2549 1731 se
2578 1692 2706 1731 esse

292 1751 698 1811 Christianum.
785 1754 938 1811 Mira
979 1773 1114 1812 sane
1157 1774 1249 1812 res
1290 1763 1348 1813 et
1389 1753 1742 1813 incredibilis
1765 1799 1780 1828 ,
1811 1752 1914 1812 sed
1954 1761 2147 1812 tamen
2188 1753 2490 1811 verissima
2530 1772 2704 1830 quam

291 1851 462 1891 nemo
498 1839 689 1909 potest
722 1831 967 1908 diffiteri,
997 1834 1048 1892 si
1085 1834 1413 1892 memineris
1453 1834 1563 1892 hoc
1600 1834 1783 1910 vulgo
1814 1841 2107 1910 receptum
2144 1852 2270 1892 esse
2305 1832 2518 1910 dogma
2550 1833 2705 1910 apud

297 1911 648 1986 Pontificios,
687 1912 1038 1972 intentionem
1065 1914 1308 1972 ministri
1325 1932 1438 1972 ease
1486 1916 1556 1972 de
1582 1914 1816 1971 essentia
1842 1913 2213 1989 Sacramenti,
2235 1914 2318 1971 ita
2346 1922 2411 1971 ut
2436 1913 2548 1971 nisi
2577 1913 2702 1973 haec

291 1991 460 2065 adsit,
491 1992 652 2051 nulla
691 1991 766 2050 sit
798 1993 1151 2052 Sacramenti
1201 1994 1571 2052 consecratio.
1657 1992 1858 2051 Verba
1902 2002 2036 2052 sunt
2083 1992 2322 2052 Concilii
2369 1994 2697 2070 Tridentini,

296 2071 451 2130 Sese.
481 2071 581 2129 vii.
608 2072 823 2130 Canon.
860 2075 952 2131 11.
1039 2076 1075 2106 “
1102 2073 1163 2132 Si
1192 2074 1323 2150 quis
1344 2072 1557 2132 dixerit
1573 2074 1634 2130 in
1663 2073 1955 2148 ministriS,
1981 2072 2118 2131 dum
2148 2082 2504 2131 sacramenta
2525 2072 2698 2132 confi-

291 2151 450 2209 ciunt
468 2158 526 2209 et
547 2151 865 2227 conferunt,
886 2172 1002 2211 non
1023 2153 1237 2230 requiri
1254 2153 1630 2212 intentionem
1653 2153 1857 2211 saltem
1879 2152 2141 2229 faciendi,
2162 2153 2317 2230 quod
2340 2152 2477 2212 facit
2499 2153 2699 2211 Eccle-

292 2230 394 2305 sia,
415 2232 722 2290 anathema
743 2232 878 2291 sit.''
944 2233 1029 2292 At
1051 2234 1096 2292 si
1127 2234 1237 2292 hoc
1259 2252 1460 2293 verum
1489 2241 1593 2306 est,
1627 2253 1758 2291 cum
1785 2232 2027 2290 intentio
2051 2232 2125 2292 sit
2146 2252 2353 2290 arcana
2375 2241 2433 2291 et
2455 2233 2696 2307 occulta,

293 2308 366 2368 de
407 2331 522 2388 qua
561 2309 780 2369 nemini
821 2321 1083 2372 constare
1123 2322 1315 2391 potest
1357 2321 1522 2373 extra
1562 2313 1853 2371 hominem
1896 2313 2103 2390 ipsum,
2134 2312 2329 2371 nullus
2370 2313 2698 2371 mortalium

290 2389 464 2448 etiam
492 2390 566 2448 de
594 2391 837 2450 veritate
871 2393 1226 2452 Sacramenti
1252 2393 1585 2472 persuaderi
1612 2393 1840 2470 poterit.
1927 2393 2102 2452 Putat
2130 2392 2227 2450 ille
2250 2412 2311 2450 se
2333 2392 2547 2451 bonum
2572 2412 2699 2452 esse

294 2469 679 2529 Christianum
721 2480 780 2530 et
808 2471 1184 2547 Catholicum,
1217 2473 1320 2532 sed
1346 2493 1419 2532 ne
1448 2473 1683 2550 quidem
1713 2473 1857 2532 scire
1885 2480 2092 2550 potest,
2124 2493 2199 2530 an
2226 2492 2428 2531 revera
2456 2473 2532 2532 sit
2558 2472 2697 2550 bap-

284 2549 512 2625 tizatus,
544 2570 675 2608 cum
717 2551 829 2610 hoc
871 2552 1210 2630 pependerit
1251 2574 1324 2611 ex
1368 2553 1687 2613 intentione
1730 2552 1994 2627 ministri,
2025 2572 2199 2630 quam
2241 2553 2487 2629 ignorat.
2575 2552 2696 2611 Iste

289 2628 602 2689 arbitratur
642 2651 704 2689 se
745 2631 1006 2708 legitimo
1049 2633 1412 2692 matrimonio
1455 2633 1787 2711 copulatum
1830 2652 1973 2707 esse,
2017 2631 2120 2691 sed
2161 2631 2508 2690 adulterium
2550 2632 2697 2691 forte

289 2710 615 2784 committit,
646 2711 698 2769 si
739 2712 980 2770 intentio
1024 2711 1207 2772 defuit
1247 2713 1307 2770 in
1350 2712 1665 2772 sacerdote.
1752 2712 1949 2770 Credit
1988 2712 2084 2770 hie
2113 2731 2174 2770 se
2204 2711 2413 2770 devote
2458 2711 2697 2770 adorare

287 2789 579 2848 Christum
621 2790 682 2846 in
722 2790 912 2849 hostia
953 2801 1301 2868 consecrata,
1335 2792 1437 2851 sed
1473 2812 1581 2851 nec
1611 2793 1758 2851 scire
1787 2800 1942 2851 certo
1970 2799 2177 2869 potest,
2208 2811 2283 2849 an
2311 2791 2395 2849 ibi
2439 2792 2515 2850 sit
2561 2811 2699 2851 vere

290 2868 571 2944 Christus,
603 2869 741 2946 quia
780 2872 965 2930 nescit
1005 2891 1078 2929 an
1122 2873 1497 2932 intentionem
1525 2871 1792 2930 habuerit
1834 2871 2208 2930 consecrandi
2255 2871 2558 2946 sacerdos;
2602 2873 2700 2930 vel

288 2967 363 3006 an
391 2947 660 3007 sacerdos
703 2949 812 3009 iste
851 2952 1062 3010 habeat
1102 2972 1306 3010 revera
1347 2951 1721 3011 consecrandi
1748 2959 2125 3028 potestatem;
2170 2969 2244 3007 an
2295 2950 2634 3026 EpiscopuS,
2666 2971 2701 3008 a

289 3047 404 3104 quo
442 3028 552 3087 fuit
580 3028 895 3105 ordinatuS‚
927 3030 1192 3090 habuerit
1219 3032 1594 3091 intentionem
1624 3030 1686 3088 id
1714 3031 1901 3107 ipsum
1932 3038 1991 3087 et
2021 3049 2137 3086 non
2179 3029 2339 3085 aliud
2366 3026 2508 3103 quid
2553 3049 2698 3104 prae-

288 3107 496 3165 standi.
557 3108 651 3167 Ita
687 3109 748 3168 in
785 3110 1020 3187 ancipiti
1052 3111 1309 3169 haereant
1347 3130 1570 3187 semper
1597 3127 1832 3167 necesse
1862 3116 1967 3179 est,
1997 3127 2105 3164 nec
2133 3125 2388 3183 unquam
2415 3106 2699 3167 immunes

291 3205 420 3244 esse
446 3195 714 3262 poterunt
741 3209 776 3246 a
800 3190 1056 3266 periculo
1086 3189 1455 3248 crassissimae
1485 3187 1844 3246 idololatriae.
1929 3186 2061 3243 Non
2090 3185 2338 3244 absimili
2360 3194 2700 3262 argumento

293 3265 430 3324 olim
471 3266 804 3327 Donatistas
851 3270 1096 3346 urgebat
1125 3269 1378 3345 August.
1411 3267 1597 3345 Epist.
1631 3265 1763 3340 166,
1808 3266 1909 3343 qui
1935 3273 2235 3342 peccatum
2263 3267 2563 3343 personale
2591 3269 2698 3325 mi-

288 3345 455 3404 nistri
484 3356 901 3406 sacramentum
922 3349 1147 3407 irritum
1177 3348 1415 3407 reddere
1444 3346 1791 3407 statuebant.
1877 3346 2019 3421 Quis
2048 3347 2261 3405 dixerit
2287 3366 2425 3405 vero
2468 3347 2699 3425 religio-

290 3444 437 3500 nem,
469 3437 589 3484 tam
611 3428 777 3486 vanis
799 3436 858 3487 et
884 3428 1133 3487 ruinosis
1150 3428 1539 3488 fundamentis
1561 3427 1776 3501 nixam,
1801 3426 1875 3484 ab
1891 3426 2123 3485 homine
2152 3427 2248 3504 pio
2270 3427 2501 3486 retineri
2529 3448 2701 3505 posse

292 3505 415 3563 sine
457 3506 623 3582 gravi
667 3507 868 3565 salutis
910 3507 1211 3585 dispendio
1231 3512 1260 3566 Ῥ
1306 3508 1389 3568 Ut
1443 3527 1582 3584 ergo
1633 3506 1812 3566 semel
1855 3506 2102 3583 primum
2143 3506 2254 3565 hoc
2296 3516 2700 3584 argumentum

290 3585 716 3660 concludamus,
749 3606 880 3644 cum
929 3596 1046 3646 tam
1089 3588 1345 3664 graviter
1372 3596 1430 3645 et
1457 3585 1608 3644 foede
1637 3586 1984 3663 impegerint
2026 3586 2088 3642 in
2126 3588 2381 3661 Verbum,
2414 3586 2475 3644 in
2508 3588 2698 3647 Chris-

289 3674 403 3722 tum
431 3672 490 3723 et
517 3666 577 3721 in
605 3665 889 3741 Gratiam,
912 3666 1070 3726 illius
1098 3667 1484 3726 auctoritatem
1506 3664 1791 3742 negando,
1816 3663 1983 3724 istius
2004 3666 2261 3724 meritum
2279 3666 2697 3744 interpolando,

288 3744 461 3820 hujus
499 3744 801 3816 efficat-&zm
835 3746 1179 3822 enervando,
1216 3747 1349 3824 jure
1379 3746 1708 3822 colligimus
1736 3744 2195 3804 fundamentales
2222 3754 2282 3804 et
2309 3745 2584 3822 capitales
2612 3766 2699 3802 er-

287 3843 446 3882 rores
468 3822 701 3898 fovisse,
733 3833 905 3902 atque
946 3825 1251 3892 adeo,cum
1292 3825 1663 3903 pertinaciter
1690 3843 1790 3883 eos
1818 3832 2130 3898 tuerentur,
2161 3833 2220 3883 et
2246 3825 2549 3901 quibusvis
2579 3844 2697 3882 cre-

284 3901 506 3962 dendos
548 3903 921 3980 imponerent,
952 3905 1277 3964 necessario
1310 3903 1658 3963 deserendos
1699 3903 1894 3979 fuisse,
1939 3904 1988 3961 si
2026 3903 2200 3961 saluti
2237 3903 2563 3962 consultum
2596 3922 2699 3961 vo-

286 3982 517 4041 luimus.

364 4062 505 4120 XL.
550 4062 704 4136 Quid
731 4065 806 4122 ad
833 4066 943 4124 hoc
971 4073 1372 4142 argumentum
1401 4064 1693 4142 excipient
1740 4062 2097 4121 adversarii?
2146 4061 2245 4119 An
2272 4059 2702 4138 respondebunt

283 4140 395 4200 ista
422 4142 713 4218 dogmata,
745 4145 854 4203 etsi
881 4164 1119 4203 erronea
1146 4145 1222 4203 foi
1235 4153 1308 4220 te,
1340 4164 1455 4202 non
1483 4164 1609 4202 esse
1639 4152 1831 4202 tamen
1859 4141 2309 4200 fundamentalia
2335 4152 2394 4198 et
2415 4139 2698 4218 capitalia,

286 4241 415 4297 quae
447 4222 668 4299 justam
711 4224 1021 4282 accessioni
1065 4244 1296 4283 causam
1329 4223 1584 4300 praebere
1632 4222 1939 4300 potuerint,
1985 4221 2089 4280 sed
2129 4221 2268 4279 talia
2294 4239 2423 4296 quae
2470 4219 2700 4278 tolerari

283 4301 592 4376 potuerint,
625 4310 684 4361 et
711 4303 920 4381 quibus
949 4323 1065 4362 non
1094 4304 1474 4377 obstantibus,
1507 4303 1755 4361 charitas
1803 4302 1954 4359 inter
1999 4321 2107 4358 nos
2137 4300 2361 4374 integra
2407 4300 2699 4374 potuerint

286 4399 514 4439 manere
534 4383 565 4438 Ρ
625 4382 721 4440 Sic
752 4403 888 4441 sane
917 4393 1113 4442 censet
1140 4386 1226 4442 M.
1251 4385 1380 4441 Ant.
1402 4386 1471 4441 de
1499 4382 1760 4440 Dominis
1780 4380 2128 4455 Spalatensis
2154 4379 2494 4454 Archiepisc.
2526 4379 2615 4438 lib.
2641 4385 2695 4440 7.

283 4461 353 4517 de
378 4462 596 4536 Repub.
628 4463 843 4520 Eccles.
874 4483 998 4538 cap.
1035 4465 1126 4538 11,
1157 4464 1258 4521 ubi
1287 4482 1524 4540 operose
1553 4469 1793 4519 conatur
1812 4458 2072 4535 probare,
2104 4456 2377 4537 dogmata
2403 4458 2530 4534 ista,
2561 4460 2699 4520 licet

283 4538 429 4597 salsa
456 4548 516 4597 et
563 4559 816 4617 erronea,
864 4561 980 4600 non
1030 4563 1155 4601 esse
1205 4551 1396 4601 tamen
1445 4538 1915 4599 fundamentalia.
2000 4537 2122 4594 Nec
2150 4537 2393 4595 multum
2423 4538 2696 4598 abludere

282 4617 515 4677 videtur
567 4619 897 4679 Cardinale'a
945 4622 1226 4680 Richelius
1254 4623 1314 4679 in
1344 4629 1507 4680 tract.
1564 4620 1720 4679 Gall.
1765 4616 1836 4674 de
1871 4618 2240 4676 Conuersione
2268 4638 2458 4676 eorum
2500 4620 2599 4693 qui
2623 4622 2694 4676 ab

283 4699 540 4756 Ecclesia
569 4701 837 4758 Romami
862 4702 1214 4760 secessionem
1225 4705 1505 4775 jecerunt,
1531 4698 1633 4775 qui
1673 4698 1772 4756 lib.
1805 4697 1885 4754 iii.
1930 4717 1978 4754 c.
2029 4700 2079 4772 1,
2112 4697 2326 4755 multus
2356 4705 2443 4752 est
2474 4696 2530 4751 in
2559 4717 2691 4772 pro-

272 4775 465 4835 bando
494 4774 800 4855 plerosque
829 4781 1116 4857 articuIOS,
1148 4801 1294 4857 quos
1337 4789 1610 4856 tanquam
1637 4777 1955 4854 praecipuas
1997 4776 2335 4835 secessionis
2364 4793 2565 4830 causas
2593 4773 2694 4832 ob-
