3234 5192
483 272 606 334 260
1108 287 1188 337 ns
1217 286 1558 329 semp-‘rusae
1583 282 1792 329 sAcss:
1818 284 2263 327 Amnem-rus.
2524 265 2786 348 [msrur.
2816 286 2907 329 ιιι.

489 427 554 485 in
581 444 652 485 ea
678 426 971 485 sententia
986 430 1128 483 sunt
1153 423 1404 497 (ἔοι-εσυ,
1427 422 1677 498 Driedo,
1699 423 2067 497 Durandus;
2110 424 2233 484 Vel
2252 424 2469 483 volunt
2484 423 2906 499 Augustinum

492 522 616 563 non
643 504 813 579 loqui
860 505 936 563 de
981 503 1296 580 principali
1341 502 1758 574 fundamento,
1801 510 2043 578 propter
2084 503 2245 577 quod
2274 503 2537 561 creditur
2584 502 2906 578 Scriptum

493 583 844 653 authoritas,
872 584 976 641 sed
1003 583 1079 640 de
1105 584 1287 641 medio
1305 602 1420 658 per
1446 584 1600 658 quod
1624 580 1895 641 homines
1940 582 2209 639 infideles
2237 588 2298 639 et
2322 582 2387 639 in
2412 582 2529 639 fide
2558 580 2767 641 novitii
2786 583 2905 656 pri-

491 660 1354 798 ff⁰ffiss⁰⁰tffitffl
1385 659 1706 753 &¹³¹²th
1734 659 2155 795 ⁰9⁸¹¹³¹²³2¹²⁶1¹¹²²
2234 660 2395 797 3¹3²}
2412 659 2909 797 Ἑθᾜξὲᾋῖῒῗ

534 758 568 797 e
711 757 840 797 iaco
1263 756 1669 810 ameracensis,
1735 756 1800 795 ul
1856 756 2026 795 uses.
2096 756 2202 795 ,in
2274 783 2286 795 .
2386 757 2425 795 n
2488 756 2527 793 n
2820 782 2835 795 .
2896 783 2915 811 ,

493 819 660 878 sicde
671 816 1372 891 TestimonioAugustini
1383 816 1636 875 disserit.
1674 756 2909 891 ‘flPer‘ituthoritatemAugustiniyinquit,

497 904 533 932 “
551 914 676 955 non
701 895 958 953 habetur
985 895 1150 985 quod
1175 894 1302 969 ipse
1329 894 1646 953 crediderit
1674 893 2007 969 Evangelio
2035 910 2143 969 per
2168 894 2595 953 authoritatem
2625 893 2907 953 Ecclesiae

493 983 786 1049 tanquam
810 988 916 1047 per
941 972 1298 1050 principium
1327 972 1777 1048 Theologicum,
1808 990 1883 1031 ex
1929 989 2051 1047 quo
2102 972 2503 1048 Evangelium
2548 970 2911 1047 Theologice

493 1054 781 1129 probetur
806 1067 930 1108 esse
956 1068 1184 1123 verum,
1212 1052 1317 1109 sed
1364 1052 1562 1109 solum
1603 1057 1897 1127 tanquam
1922 1067 1999 1109 ex
2050 1068 2230 1109 causa
2274 1056 2551 1108 movente
2596 1050 2795 1125 ipsum
2828 1052 2907 1109 ad

495 1133 678 1191 fidem
731 1127 1065 1203 Evangelii,
1093 1146 1164 1185 ac
1190 1128 1240 1187 si
1267 1128 1390 1203 ipse
1411 1136 1520 1187 aut
1544 1130 1702 1187 alius
1749 1128 2014 1201 dixisset,
2054 1128 2201 1187 Non
2244 1130 2545 1187 crederem
2574 1128 2907 1203 Evangelio

493 1209 726 1269 nisime
744 1204 1022 1265 Ecclesiae
1046 1206 1342 1266 Sanctitas
1361 1213 1470 1267 aut
1491 1206 1711 1267 Christi
1731 1206 2023 1266 miracula
2040 1212 2496 1265 commoverent.
2542 1205 2620 1263 In
2643 1224 2765 1281 quo
2784 1206 2915 1266 dic-

495 1294 562 1349 to
587 1286 731 1345 licet
754 1283 894 1342 fidei
922 1283 1240 1359 Evangelii
1266 1303 1450 1345 causa
1474 1286 1685 1362 aliqua
1708 1285 2065 1361 assignatur,
2092 1302 2214 1343 non
2242 1291 2441 1343 tamen
2468 1283 2720 1359 aliquod
2744 1284 2911 1359 prin-

497 1365 719 1442 cipium
745 1364 929 1438 prius,
959 1364 1134 1437 cujus
1160 1364 1308 1423 fides
1335 1382 1516 1423 causa
1542 1364 1622 1422 sit
1646 1368 1719 1421 ut
1748 1362 2082 1439 Evangelio
2110 1363 2450 1421 credatur.''
2494 1362 2594 1422 Sic
2618 1370 2680 1421 et
2708 1360 2909 1423 Canus

497 1443 585 1509 lib
613 1443 674 1501 ii.
725 1440 906 1499 Loco,
951 1442 1070 1498 the.
1101 1459 1150 1500 c.
1179 1441 1234 1499 8.
1320 1446 1357 1477 “
1374 1440 1439 1500 N
1442 1460 1521 1499 on
1569 1442 1744 1500 docet
1788 1441 2109 1501 fundatam
2156 1458 2281 1499 esse
2331 1441 2609 1499 Ecclesiae
2634 1442 2817 1498 fidem
2842 1441 2907 1499 in

501 1520 780 1583 Ecclesiae
807 1518 1188 1591 authoritate,
1237 1520 1344 1577 sed
1371 1519 1715 1595 simpliciter
1754 1519 1991 1578 nullam
2032 1536 2155 1577 esse
2182 1524 2405 1577 certam
2430 1519 2610 1591 viam,
2640 1537 2763 1593 qua
2788 1519 2911 1577 sive

497 1598 786 1667 infideles,
815 1596 940 1655 sive
967 1596 1031 1653 in
1057 1597 1176 1655 fide
1202 1597 1417 1654 novitii
1443 1598 1522 1655 ad
1550 1613 1748 1655 sacros
1792 1596 1978 1655 libros
2022 1597 2459 1671 ingrediantur,
2486 1597 2602 1656 nisi
2630 1596 2911 1657 Ecclesiae

501 1676 824 1736 Catholicae
851 1692 1043 1731 unum
1070 1681 1130 1731 et
1157 1675 1416 1732 eundem
1434 1692 1795 1733 consensum
1818 1675 1873 1733 :”
1914 1674 2008 1733 At
2034 1675 2330 1734 utrumvis
2348 1675 2605 1735 istorum
2630 1693 2911 1735 sensuum

497 1772 560 1815 se
602 1771 838 1823 namur,
865 1751 1018 1807 nihil
1043 1749 1184 1809 inde
1211 1754 1449 1811 accedet
1476 1751 1925 1811 Pontificiorum
1954 1753 2278 1811 sententiae.

648 1830 764 1890 IV.
809 1828 1104 1901 Secunde,
1133 1837 1363 1888 certum
1389 1837 1479 1889 est
1505 1830 1927 1905 Augustinum
1953 1831 2053 1888 hic
2098 1831 2173 1889 de
2221 1850 2281 1889 se
2309 1830 2496 1907 loqui,
2546 1848 2671 1889 non
2716 1831 2915 1905 qualis

499 1915 630 1971 erat
653 1914 800 1966 tunc
830 1906 1188 1979 catholicus,
1218 1910 1326 1966 sed
1351 1908 1450 1966 vel
1484 1915 1557 1965 ut
1598 1908 1747 1966 olim
1790 1908 1986 1967 fuerat
2024 1908 2417 1979 Manichacus,
2446 1910 2545 1967 vel
2570 1910 2631 1967 in
2660 1927 2917 1983 persona

503 1984 966 2056 Catechumeni3
1011 1984 1180 2043 Licet
1221 2003 1363 2061 ergo
1411 1993 1697 2063 agnoscat
1738 2004 1801 2044 se
1846 1986 2125 2045 Ecclesiae
2174 1987 2536 2047 authoritate
2583 1987 2917 2045 adductum

497 2067 682 2127 fuisse
709 2065 786 2123 ad
807 2064 1170 2123 credendum
1200 2062 1568 2139 Evangeli03
1609 2082 1733 2122 non
1762 2064 1901 2122 inde
1923 2064 2193 2141 sequitur
2217 2066 2399 2123 fidem
2414 2066 2491 2123 ab
2519 2065 2649 2140 ejus
2669 2064 2913 2123 Autho-

499 2146 678 2205 ritate
705 2143 982 2218 pendere,
1011 2142 1156 2217 quia
1181 2142 1302 2199 alia
1335 2149 1426 2200 est
1471 2142 1625 2201 ratio
1673 2142 2105 2217 incipientium,
2150 2142 2271 2201 alia
2316 2143 2754 2219 proficientium
2802 2161 2915 2203 seu

499 2222 936 2303 perfectiorum.
991 2218 1257 2277 Ecclesia
1281 2226 1478 2295 potest
1502 2219 1746 2296 quidem
1773 2227 2048 2295 respectu
2068 2220 2339 2296 priorum
2366 2239 2490 2279 esse
2518 2222 2906 2280 manuductio

501 2304 580 2361 ad
607 2301 788 2357 fidem
817 2296 1154 2371 Scripturae,
1185 2304 1256 2355 ut
1281 2304 1456 2357 antea
1497 2297 1777 2369 diximus,
1822 2299 1925 2355 sed
1968 2317 2091 2356 non
2137 2305 2334 2374 potest
2359 2299 2560 2357 statim
2588 2317 2711 2357 esse
2738 2300 2915 2357 moti-

498 2395 646 2437 vum
671 2401 830 2456 nvem
857 2381 918 2432 et
942 2374 1292 2449 primarium
1319 2382 1588 2451 respectu
1613 2375 1905 2434 fidelium.
1985 2376 2087 2433 Ne
2132 2393 2275 2434 vero
2330 2378 2465 2453 quis
2492 2383 2745 2451 regerat,
2777 2376 2908 2435 Au-

501 2456 816 2533 gustinum
857 2452 1048 2509 videri
1075 2453 1151 2509 de
1187 2471 1250 2511 se
1292 2453 1460 2529 loqui
1479 2452 1612 2527 jam
1656 2451 1983 2526 catholice,
2011 2472 2087 2511 ex
2128 2471 2199 2510 eo
2244 2457 2409 2531 quod
2451 2454 2515 2511 in
2559 2454 2905 2529 imperfecto

501 2534 651 2593 dicit
677 2540 1064 2601 commoveret,
1094 2532 1401 2604 crederem,
1429 2550 1551 2589 non
1592 2531 1657 2589 in
1704 2532 2027 2608 plusquam
2067 2531 2327 2608 perfecto
2354 2533 2737 2603 credidissem,
2768 2552 2915 2591 com-

503 2611 768 2670 movisset
791 2632 816 2675 ‚·
857 2608 1119 2686 proclive
1146 2616 1236 2670 est
1260 2611 1633 2685 respondere,
1681 2610 1949 2684 phrasim
1982 2610 2141 2669 hanc
2166 2610 2281 2687 ipsi
2308 2630 2432 2669 esse
2458 2610 2815 2670 familiarem
2840 2630 2917 2669 ex

504 2690 936 2751 Africanorum
962 2706 1144 2746 more.
1231 2688 1330 2746 Sic
1345 2688 1515 2746 Tom.
1541 2687 1596 2759 1,
1619 2686 1695 2745 de
1722 2687 1847 2746 vita
1872 2688 2065 2761 beata,
2095 2695 2131 2723 ‘⁴
2146 2688 2245 2749 Sic
2270 2690 2523 2762 exarsi,”
2562 2689 2778 2764 inquit,
2800 2694 2917 2747 “ut

501 2786 706 2830 omnes
751 2768 888 2827 illas
929 2768 1217 2826 anchoras
1258 2784 1538 2842 rumpere
1583 2766 1821 2839 vellem,
1866 2766 1982 2824 nisi
2024 2785 2119 2825 me
2144 2769 2578 2826 nonnullorum
2602 2766 2917 2825 hominum

501 2846 860 2909 existimatio
887 2850 1289 2904 commoveret
1309 2846 1366 2916 ;’'
1393 2845 1492 2903 hic
1517 2846 1708 2904 vellem
1736 2850 1797 2902 et
1823 2856 2191 2905 commoveret
2213 2846 2461 2923 ponitur
2484 2864 2593 2922 pro
2630 2847 2919 2905 voluissem

501 2934 564 2986 et
589 2926 976 2987 commovisset.
1037 2923 1136 2983 Sic
1161 2925 1265 2984 lib.
1295 2924 1352 2996 2,
1383 2922 1647 2983 Confess.
1678 2942 1726 2982 c.
1755 2922 1813 2995 8,
1836 2927 1875 2959 “
1894 2924 1959 2984 Si
1978 2931 2123 2983 tunc
2151 2943 2411 2983 amarem
2428 2941 2611 3001 poma
2630 2925 2755 2997 illa,
2778 2942 2914 3002 quae

501 3006 738 3064 furatus
763 3022 915 3074 sum,
965 3008 1027 3060 et
1050 3002 1172 3061 frui
1208 3019 1502 3077 cuperem,
1531 3019 1765 3077 possem
1792 3002 1972 3062 etiam
1998 3004 2222 3075 solus,”
2249 3021 2359 3079 pro
2386 3005 2732 3079 amavissem,
2764 3004 2916 3081 cupi-

499 3086 712 3159 venem,
735 3083 1057 3159 pomi-esem.
1145 3081 1245 3139 Ita
1291 3078 1552 3139 Reiz-act.
1581 3081 1688 3138 lib.
1717 3079 1755 3137 i.
1785 3098 1910 3155 cap.
1942 3082 1997 3153 3,
2054 3082 2247 3141 “Nec
2290 3088 2494 3141 tamen
2536 3083 2779 3141 nomine
2804 3083 2921 3141 isto

505 3168 824 3231 uteremur,
853 3160 904 3217 si
941 3159 1075 3233 jam
1101 3159 1244 3218 satis
1269 3176 1536 3217 essemus
1561 3159 1751 3216 literis
1773 3158 2197 3218 Ecclesiasticis
2222 3160 2503 3233 eruditi,''
2530 3180 2641 3237 pro
2668 3163 2915 3238 misici-3·

501 3260 684 3299 scmus
709 3238 1100 3312 etfitt‘ssemus.
1185 3235 1286 3293 Ita
1317 3236 1574 3310 Optatus
1598 3236 1700 3293 lib.
1730 3235 1772 3294 i.
1813 3242 1848 3271 ‘⁴
1863 3236 1991 3295 Pax
2018 3238 2068 3295 si
2094 3244 2165 3296 ut
2192 3238 2335 3297 data
2373 3246 2517 3312 erat,
2566 3239 2649 3297 sic
2688 3241 2923 3317 integra

499 3317 906 3390 inviolataque
933 3314 1369 3390 permansisset,
1418 3331 1531 3371 neo
1579 3313 1657 3371 ab
1689 3312 2069 3373 Authoribus
2098 3315 2443 3376 Schismatis
2492 3318 2838 3377 turbaretur
2855 3320 2916 3390 ;’'

503 3413 615 3471 pro
645 3394 886 3451 turbata
897 3392 1133 3470 suisset.
1217 3390 1550 3449 Innumera
1573 3390 1910 3451 istiusmodi
1938 3394 2137 3452 afferri
2178 3402 2421 3470 possent
2445 3396 2523 3455 ad
2545 3396 2922 3471 loquutiouis

505 3473 678 3533 istius
696 3471 1070 3545 ftequentem
1097 3486 1274 3527 usum
1291 3470 1453 3543 apud
1478 3468 1893 3543 Augustinum
1913 3472 2326 3532 evincendum.
2394 3474 2513 3533 Sed
2538 3474 2680 3535 licet
2704 3493 2777 3533 eo
2798 3494 2925 3537 non

507 3550 913 3621 deveniamus,
955 3547 1178 3624 optime
1213 3564 1420 3605 sensus
1461 3547 1774 3621 constabit,
1824 3551 2005 3607 modo
2052 3558 2328 3609 notemus
2373 3552 2791 3627 Augustinum
2838 3554 2924 3613 ihi

505 3630 765 3692 alienam
791 3644 1106 3703 personam
1129 3625 1397 3697 induere,
1425 3626 1687 3685 hominis
1702 3634 1853 3701 puta
1868 3628 2081 3686 novitii
2108 3636 2169 3687 et
2192 3628 2617 3689 catechumeni
2637 3633 2714 3691 ad
2740 3634 2923 3690 fidem

506 3706 862 3768 adducendi.
946 3705 1123 3763 Patet
1147 3721 1224 3761 ex
1250 3722 1424 3779 soopo
1473 3709 1535 3762 et
1560 3704 1879 3763 verborum
1926 3707 2073 3765 serie
2094 3727 2111 3779 ;
2152 3706 2488 3783 Negotium
2514 3710 2607 3766 illi
2634 3715 2761 3768 erat
2786 3728 2925 3768 cum

506 3784 882 3857 manichaeis,
911 3783 1018 3859 qui
1043 3783 1266 3857 absque
1293 3782 1697 3841 controversia
1721 3784 1882 3842 credi
1911 3785 2026 3844 sibi
2052 3786 2355 3859 volebant,
2392 3805 2583 3863 quum
2610 3789 2923 3847 veritatem

507 3885 574 3929 se
599 3864 820 3924 habere
846 3861 1289 3939 pollicerentur,
1317 3878 1441 3919 non
1469 3862 1887 3935 ostenderent3
1930 3864 2075 3940 quia
2120 3882 2279 3935 vero,
2327 3871 2399 3923 ut
2443 3865 2785 3925 Manichaeo
2812 3884 2922 3925 suo

505 3946 686 4005 fidem
713 3944 1108 4011 adstruerent,
1138 3938 1540 4015 Evangelium
1567 3941 1991 4014 obtendebant,
2018 3949 2193 4017 rogat
2220 3942 2509 4019 quidnam
2545 3943 2761 4003 facturi
2788 3944 2925 4017 sint,

507 4023 558 4087 si
583 4023 648 4081 in
673 4020 980 4079 hominem
1005 4017 1292 4089 incidant,
1341 4018 1447 4094 qui
1489 4036 1566 4076 ne
1615 4018 1949 4095 Evangelio
1998 4020 2243 4096 quidem
2284 4024 2503 4093 credat,
2546 4029 2617 4080 ut
2662 4022 2723 4079 in
2753 4040 2927 4081 suam

507 4100 862 4167 sententiam
887 4115 1029 4155 eum
1055 4097 1394 4169 adducant;
1436 4103 1472 4134 ‘⁸
1501 4096 1566 4155 si
1591 4097 1891 4155 invenires
1939 4100 2219 4174 aliquem,
2270 4100 2377 4177 qui
2426 4098 2757 4175 Evangelio
2800 4116 2925 4157 non

506 4180 788 4249 crederet,
811 4176 959 4253 quid
979 4174 1206 4235 faceres
1231 4175 1452 4233 dicenti
1477 4175 1605 4248 tibi,
1636 4194 1757 4233 non
1788 4178 1966 4235 credo
1984 4178 2041 4249 ;”
2069 4179 2273 4235 statim
2299 4178 2425 4256 ipse
2452 4178 2774 4255 suscipiens
2800 4194 2925 4233 non

507 4256 802 4317 credentis
861 4272 1196 4331 personam,
1246 4253 1526 4329 subjicit3
1583 4252 1719 4331 qu
1761 4274 1895 4314 vero
1938 4254 2259 4333 Evanqelio
2304 4279 2421 4317 non
2463 4260 2765 4327 crederem,
2808 4259 2927 4331 &c.,

508 4334 681 4410 quasi
727 4334 904 4405 dicat,
933 4332 1100 4392 Pone
1128 4333 1206 4391 ob
1233 4333 1438 4391 oculos
1485 4332 1770 4408 aliquem,
1800 4334 1905 4409 qui
1931 4337 2205 4394 nondum
2232 4338 2441 4409 credit,
2468 4356 2524 4395 v.
2553 4354 2610 4411 g.
2640 4336 2801 4409 finge
2827 4352 2924 4393 me

505 4430 633 4471 non
658 4412 912 4483 credere,
943 4411 1115 4470 Certe
1143 4411 1478 4487 Evangelio
1503 4430 1629 4469 non
1652 4414 1966 4484 crederem,
1985 4414 2100 4474 nisi
2116 4434 2213 4473 me
2232 4414 2511 4475 Ecclesiae
2530 4418 2933 4475 commoveret

507 4488 858 4549 authoritas.
943 4489 1342 4549 confirmatur
1367 4508 1442 4547 ex
1468 4508 1596 4565 cap.
1626 4491 1682 4564 3,
1712 4492 1817 4550 ubi
1862 4492 2210 4571 priusquam
2240 4496 2318 4552 ad
2346 4512 2474 4553 rem
2521 4494 2780 4566 accedat,
2811 4498 2931 4551 sta-

506 4567 628 4627 tuit
651 4582 716 4627 se
740 4583 1056 4643 personam
1081 4566 1320 4627 Novitii
1347 4584 1560 4643 agere:
1609 4576 1646 4605 “
1668 4569 1869 4629 Nemo
1904 4579 2179 4631 nostrum
2207 4572 2367 4632 dicat
2382 4572 2517 4649 jam
2544 4590 2606 4633 se
2632 4569 2931 4630 invenisse
