3234 5192
314 340 685 425 oxsrcr.v1.]
1040 358 1271 404 Rosa-na
1316 362 1393 403 aa
1437 360 1719 403 nccnssra
1763 362 2034 403 sonans.
2607 350 2724 407 133

304 515 499 566 menta
546 505 739 583 impiis
784 504 1255 583 superstitionum
1298 505 1638 564 commentis
1680 512 2046 579 commutata,
2091 505 2282 563 omnia
2321 524 2484 565 sacra
2511 508 2721 585 turpis-

304 589 449 647 simo
478 596 705 665 quaestu
754 585 1159 661 contaminata,
1206 585 1571 663 evangelium
1614 585 1869 645 anilibus
1909 585 2119 643 fabulis
2167 584 2454 661 obrutum,
2499 589 2720 647 consci-

304 668 461 727 entia
504 666 879 727 traditionum
924 665 1149 743 laqueis
1198 672 1259 724 et
1310 666 1507 742 legum
1569 666 1948 724 humanarum
1996 665 2246 724 vinculis
2291 666 2617 743 constricta,
2663 676 2722 728 et

302 749 552 827 populus
585 748 698 805 Dei
726 745 1034 804 dirissimae
1064 746 1521 824 servitutisjugo
1551 764 1880 823 oppressus·

386 828 566 887 XVI.
628 827 895 903 Longum
926 825 1074 883 foret
1100 826 1397 903 sigillatim
1428 826 1622 883 omnia
1649 824 1932 903 persequi,
1979 825 2082 884 sed
2109 826 2310 902 paucis
2336 844 2454 883 rem
2487 834 2718 887 notasse

305 908 566 968 sufficiet.
650 907 840 965 Vetus
884 906 1155 982 Babylon
1188 906 1654 983 Hierosolymam
1683 914 1744 965 et
1769 906 2050 983 templum
2093 906 2202 963 Dei
2251 908 2520 980 vastavit,
2564 927 2720 967 nova

303 988 626 1047 Ecclesiam
656 986 1059 1061 Christianam,
1105 1005 1233 1063 quse
1282 986 1391 1044 Dei
1434 985 1558 1044 vivi
1596 986 1876 1062 templum
1904 994 2008 1059 est,
2041 986 2310 1063 corrupit.
2397 986 2510 1044 Illa
2536 1007 2716 1064 popu·

302 1070 423 1129 lum
456 1068 565 1127 Dei
594 1068 885 1145 captivum
916 1066 1177 1141 abduxit,
1222 1075 1279 1124 et
1325 1066 1432 1125 sub
1462 1066 1807 1143 gravissimo
1849 1065 2172 1143 tyrannidis
2206 1068 2356 1143 jugo
2394 1076 2718 1143 gementem

301 1150 404 1209 diu
448 1147 715 1207 detinuit.
801 1147 925 1205 Ista
970 1146 1290 1204 Ecclesiam
1338 1147 1551 1205 Christi
1597 1147 1886 1223 captivam
1932 1145 2041 1205 sub
2087 1146 2394 1205 durissima
2438 1148 2716 1207 servitute

300 1230 540 1289 detinet.
626 1228 740 1286 Illa
780 1226 931 1285 fastu
972 1226 1334 1287 intolerando
1376 1246 1501 1285 sese
1546 1246 1720 1303 supra
1760 1234 1970 1285 caetera
2008 1225 2210 1285 mundi
2257 1246 2438 1305 regna
2485 1228 2713 1303 extulit,

298 1310 469 1387 quasi
498 1308 765 1367 omnibus
794 1308 1050 1384 superior
1078 1315 1231 1365 esset
1258 1314 1319 1365 et
1346 1306 1489 1364 nulli
1520 1306 1790 1365 secunda.
1825 1309 1861 1337 ‘⁶
1882 1306 2160 1381 Dixisti,”
2191 1306 2379 1383 inquit
2402 1307 2516 1366 Isa.
2547 1308 2714 1367 xlvii.

306 1394 361 1462 7,
396 1392 433 1422 “
456 1390 515 1445 in
545 1388 799 1447 seculum
829 1404 926 1445 ero
971 1387 1279 1461 Domina,”
1311 1396 1369 1445 et
1397 1406 1515 1445 ver.
1552 1389 1645 1462 10,
1681 1388 1716 1419 ‘⁴
1739 1385 1955 1445 confisa
1983 1406 2046 1445 es
2073 1386 2308 1445 malitiae
2336 1396 2468 1461 tuae,
2494 1387 2711 1461 dicenS,

302 1472 515 1527 Nullus
560 1469 709 1526 videt
752 1487 855 1525 me.
967 1467 1262 1545 Sapientia
1288 1476 1347 1525 et
1376 1466 1617 1525 scientia
1663 1476 1766 1526 tua
1812 1466 1938 1543 ipsa
1985 1467 2194 1525 evertit
2243 1474 2318 1540 tc,
2377 1476 2446 1525 ut
2493 1467 2714 1526 diceres

303 1570 435 1609 cum
476 1548 667 1605 animo
708 1556 825 1622 tuo,
871 1549 1001 1623 Eyo
1027 1568 1149 1605 sum
1195 1560 1249 1606 et
1294 1550 1455 1605 nulla
1490 1556 1709 1623 proeter
1761 1568 1848 1605 me
1902 1546 2201 1623 amplius.’'
2289 1547 2410 1605 Ista
2451 1566 2568 1605 non
2609 1548 2712 1606 ali·

298 1639 405 1689 ter.
492 1632 527 1661 “
550 1628 619 1685 In
648 1628 817 1686 corde
849 1648 953 1686 suo
982 1628 1139 1701 dicit,
1184 1628 1361 1687 Sedeo
1408 1628 1630 1705 reqina,
1659 1647 1760 1685 nec
1803 1648 1926 1685 sum
1979 1629 2169 1701 vidua,
2221 1648 2320 1689 nec
2365 1627 2557 1686 videbo
2599 1631 2713 1687 luc-

298 1710 475 1785 tum,”
520 1708 705 1785 Apoc.
736 1708 901 1767 xviii.
934 1712 987 1784 7,
1034 1707 1171 1765 dum
1212 1726 1275 1765 se
1308 1708 1495 1785 jactat
1530 1716 1820 1781 aeternam,
1865 1706 2244 1783 infallibilem,
2285 1708 2485 1765 mundi
2530 1708 2712 1767 domi-

296 1810 449 1865 nam,
481 1798 541 1848 et
572 1788 910 1848 Pontificem
946 1808 1110 1847 suum
1156 1807 1329 1865 supra
1369 1807 1537 1865 reges
1565 1796 1626 1846 et
1651 1788 1956 1865 principes,
2001 1798 2174 1865 atque
2216 1788 2362 1847 adeo
2407 1808 2580 1866 supra
2613 1815 2716 1849 rav

298 1881 537 1945 σιβασμα
576 1869 757 1928 effert.
844 1869 957 1926 Illa
998 1869 1215 1945 rapinis
1256 1875 1315 1927 et
1356 1867 1640 1945 injustitia
1681 1868 1924 1927 celebris
1965 1868 2090 1943 suit,
2137 1886 2252 1945 qua
2291 1868 2368 1927 ad
2409 1888 2470 1927 se
2513 1872 2714 1927 mundi

298 1970 439 2029 opes
486 1970 589 2027 per
616 1948 703 2007 fas
730 1958 791 2007 et
816 1948 977 2007 nefas
1006 1948 1333 2025 pertrahere
1361 1956 1451 2007 est
1480 1955 1702 2023 conata,
1745 1948 1788 2008 J
1791 1968 1870 2007 er.
1899 1948 1962 2006 li.
1992 1951 2088 2023 34,
2121 1952 2216 2024 35,
2265 1952 2300 1983 “
2325 1949 2542 2007 Exedit
2583 1970 2710 2025 me;

298 2032 485 2108 quatit
514 2050 603 2089 me
636 2029 1089 2088 Nebucadnezar
1114 2048 1221 2086 rex
1250 2028 1609 2105 Babyloniae,
1653 2028 1854 2088 statuit
1881 2048 1974 2086 me
2003 2036 2068 2086 ut
2111 2048 2218 2087 vas
2255 2029 2475 2104 inutile,
2507 2030 2710 2107 deglu-

296 2113 369 2171 tit
396 2131 487 2169 me
516 2120 581 2170 ut
608 2109 799 2183 draco,
848 2109 1046 2185 implet
1088 2108 1405 2185 ingluviem
1437 2128 1597 2167 suam
1628 2107 1852 2166 deliciis
1881 2109 2081 2182 meiS,”
2105 2108 2212 2167 διο.
2299 2109 2480 2167 Istam
2509 2109 2710 2169 eodem

296 2190 626 2268 rapacitatis
656 2197 714 2247 et
742 2188 999 2247 avaritiae
1028 2188 1265 2247 crimine
1296 2188 1493 2263 teneri,
1540 2206 1658 2246 non
1699 2186 2030 2263 diffitentur,
2076 2189 2176 2265 qui
2217 2188 2278 2247 in
2309 2190 2435 2266 ejus
2465 2190 2596 2248 sinu
2624 2191 2710 2247 vi-

296 2278 461 2331 vunt.
553 2272 857 2329 ,Mantuam
890 2267 963 2327 ad
993 2269 1159 2327 falco.
1190 2268 1262 2327 de
1292 2270 1501 2345 colloq.
1530 2268 1768 2347 inopum
1797 2288 1930 2328 cum
1957 2268 2200 2345 falcone,

702 2430 935 2505 obtinet,
966 2432 1202 2505 expulsa
1224 2430 1519 2507 probitate,
1541 2430 1789 2506 pecunia
1815 2431 2078 2505 Romam,

780 2513 903 2569 Nec
933 2513 1088 2569 Deus
1116 2510 1174 2568 θη
1204 2520 1319 2569 tota
1338 2511 1589 2587 possidet
1612 2512 1749 2569 urbe
1777 2512 1954 2570 locum
1973 2534 1996 2583 ;

704 2592 857 2658 Quot
880 2601 1010 2650 sant
1034 2593 1235 2649 Romae
1261 2592 1521 2665 homines,
1567 2600 1647 2649 tot
1669 2601 1798 2650 sunt
1815 2612 1930 2669 per
1956 2591 2196 2667 compita
2206 2594 2394 2666 fieres,

786 2672 1006 2738 Quosve
1032 2691 1197 2731 canes
1222 2690 1423 2749 speras
1450 2672 1744 2749 experiere
1771 2675 1947 2749 lupos.

294 2832 447 2892 Vide
490 2832 661 2891 etiam
706 2834 859 2892 Petr.
908 2834 1242 2891 Blaesensem
1279 2833 1341 2890 in
1386 2832 1552 2909 epist.
1588 2834 1722 2908 144,
1758 2834 1889 2907 145,
1927 2832 2058 2891 146.
2145 2830 2260 2889 Illa
2299 2832 2608 2908 praestigiis
2651 2843 2710 2892 et

295 2912 539 2991 magicis
568 2912 787 2971 artibus
816 2912 1013 2971 dedita
1040 2912 1165 2987 fuit,
1198 2921 1263 2972 ut
1305 2914 1416 2971 hoc
1445 2912 1531 2971 illi
1558 2932 1677 2970 non
1706 2912 1884 2971 semel
1911 2930 1946 2969 a
1973 2910 2268 2988 prophetis
2311 2912 2708 2987 exprobratur.

297 2993 426 3051 Has
455 3012 593 3051 vero
622 2993 682 3050 in
711 2993 821 3051 ista
848 2992 1021 3051 nimis
1062 2992 1323 3051 obtinere
1358 2993 1481 3069 jam
1520 2992 1624 3050 diu
1651 2998 2006 3068 compertum
2055 2999 2160 3065 est,
2207 3009 2334 3049 cum
2365 3010 2481 3048 non
2509 2993 2710 3069 paucis

294 3092 371 3133 ex
402 3072 781 3132 Pontificibus
800 3074 1017 3132 crimen
1050 3074 1161 3132 hoc
1190 3073 1501 3150 impactum
1532 3072 1624 3147 sit,
1655 3080 1722 3130 ut
1753 3071 2054 3147 Sylvestro
2083 3071 2189 3144 ΙΙ.,
2215 3070 2533 3130 Benedicto
2565 3073 2592 3129 Ι
2603 3072 2704 3145 X„

294 3154 581 3230 Gregorio
609 3153 775 3228 VII.,
808 3153 1067 3231 aliisque.
1126 3154 1413 3211 Videatur
1438 3152 1674 3211 Platina
1701 3151 1762 3209 in
1789 3151 1912 3209 vita
1944 3150 2230 3227 Sylvestri
2261 3151 2366 3223 ΙΙ.,
2409 3153 2506 3211 J0.
2530 3154 2708 3213 Stella

291 3234 353 3292 in
383 3234 656 3293 fasciculo
684 3254 877 3291 rerum
903 3233 1374 3311 expetendarum,
1406 3235 1567 3291 Beno
1594 3232 1656 3291 in
1686 3232 1810 3291 vita
1837 3231 2242 3290 Hildebrandi.
2318 3232 2431 3291 Illa
2458 3234 2708 3294 nominis

290 3323 503 3392 etymo,
536 3315 909 3389 conflationem
939 3323 1117 3372 notat.
1186 3314 1309 3373 Ista
1336 3334 1453 3373 non
1480 3313 1732 3387 nomine,
1757 3312 1860 3371 sed
1887 3312 2092 3389 reipsa,
2123 3332 2282 3371 mera
2308 3313 2568 3373 confusio
2597 3324 2703 3391 est,

290 3414 407 3453 non
429 3395 646 3471 linguae
666 3403 907 3466 tantum,
934 3394 1035 3453 sed
1054 3403 1111 3452 et
1133 3394 1427 3453 doctrinae.
1463 3396 1499 3427 ‘⁶
1516 3393 1738 3452 Turbat
1757 3393 1965 3468 omnia,
1989 3394 2366 3471 miscetque,''
2387 3396 2577 3472 inquit
2598 3395 2704 3455 Pe-

289 3476 534 3549 trarcha,
561 3476 621 3533 li.
644 3474 831 3552 Epist.
863 3474 985 3533 sine
1015 3474 1201 3549 titulo,
1226 3475 1412 3552 Epist.
1440 3478 1531 3550 13,
1566 3478 1603 3507 “
1627 3474 1926 3548 industria,
1947 3493 2120 3550 quam
2149 3483 2320 3551 putas
2347 3474 2424 3533 ob
2452 3496 2702 3551 causam,

287 3556 401 3614 nisi
430 3566 494 3615 ut
523 3555 927 3614 circulatorum
956 3573 1131 3627 more,
1162 3556 1259 3613 vel
1286 3555 1565 3632 perplexo
1591 3555 1735 3629 lor0,
1761 3554 1857 3611 vel
1885 3553 2125 3612 confuso
2167 3556 2406 3613 vulnere
2435 3555 2704 3615 licentius

286 3634 466 3710 fallat,
500 3644 559 3694 et
586 3635 743 3693 fraus
774 3635 881 3693 sub
909 3635 1140 3713 proprio
1184 3634 1519 3695 umbraculo
1560 3634 1808 3693 turbatas
1847 3635 1994 3711 reip.
2039 3634 2388 3694 delitescat?
2472 3636 2550 3694 Et
2605 3636 2704 3695 ille

286 3716 519 3794 quidem
550 3736 653 3793 pro
684 3716 961 3793 qualitate
1004 3715 1282 3791 propositi
1324 3714 1545 3773 artibus
1579 3716 1762 3773 utitur
1808 3734 1926 3772 non
1969 3714 2156 3789 novis,
2201 3734 2333 3772 nam
2365 3721 2422 3772 et
2449 3715 2510 3771 in
2539 3715 2702 3774 fruti·

288 3816 425 3856 coso
455 3796 671 3873 gaudet
709 3815 937 3872 aucep5,
982 3797 1235 3873 piscator
1260 3796 1323 3853 in
1351 3792 1599 3869 turbido,
1647 3794 1740 3853 fur
1767 3795 1826 3852 in
1855 3795 2165 3870 tenebris,’'
2212 3794 2320 3853 Sto.
2407 3794 2520 3852 Illa
2560 3794 2702 3853 mal-

283 3876 411 3935 leus
440 3876 548 3935 fuit
576 3884 635 3934 et
661 3876 829 3953 virga
856 3876 917 3933 in
944 3896 1119 3933 manu
1152 3875 1386 3933 Domini
1414 3874 1487 3932 ad
1516 3874 1894 3933 conterendas
1928 3883 2148 3951 gentes,
2179 3882 2238 3933 et
2269 3873 2378 3932 Dei
2406 3875 2700 3951 populum,

287 3957 404 4016 Isa.
447 3978 507 4013 x.
539 3958 592 4030 5,
630 3956 848 4014 Jerem.
893 3956 955 4014 li.
1002 3959 1097 4014 20.
1206 3956 1329 4014 Ista
1372 3956 1533 4014 Deus
1572 3956 1758 4013 utitur
1797 3954 1871 4012 ad
1913 3953 2282 4029 affligendum
2325 3954 2604 4013 mundum
2646 3964 2706 4015 et

286 4035 630 4095 Ecclesiam.
716 4035 828 4094 Illa
867 4035 1174 4113 tyrannide
1219 4044 1277 4094 et
1323 4034 1652 4094 idololatria
1692 4035 1934 4094 illustris
1975 4034 2100 4093 fuit.
2195 4035 2374 4093 Istam
2403 4034 2704 4111 utriusque

284 4136 399 4175 non
458 4116 647 4174 minus
684 4134 842 4174 ream
884 4136 1027 4192 esse,
1074 4116 1465 4194 superioribus
1508 4115 1997 4192 disputationibus
2042 4122 2334 4173 ostensum
2383 4112 2506 4171 fuit.
2592 4115 2704 4173 Illa

282 4198 534 4274 denique
564 4196 939 4273 gravissimas
982 4197 1283 4256 criminum
1316 4216 1547 4255 suorum
1578 4214 1780 4273 poenas
1809 4194 1970 4253 dedit
1997 4214 2072 4251 ex
2105 4196 2266 4271 justo
2311 4194 2418 4250 Dei
2457 4192 2698 4273 judicio,

281 4278 326 4339 J
330 4298 408 4337 er.
438 4278 499 4335 li.
590 4276 768 4334 Istam
798 4297 913 4335 non
941 4277 1190 4336 leviores
1216 4296 1448 4335 manere
1482 4276 1730 4353 Spiritus
1763 4275 1822 4334 S.
1853 4282 2113 4348 testatur,
2157 4272 2346 4349 Apoc.
2373 4274 2538 4332 xviii.

365 4356 581 4416 XVII.
628 4356 717 4415 Ne
744 4376 883 4417 vero
911 4357 1212 4415 videamur
1240 4358 1547 4434 quicquam
1599 4356 1802 4413 Romae
1844 4352 2116 4430 affingere
2163 4372 2238 4411 ex
2283 4354 2466 4429 nobie,
2499 4354 2706 4415 damus

282 4444 462 4497 testes
492 4438 857 4511 domesticos,
910 4446 969 4496 et
1012 4438 1299 4496 malumus
1328 4437 1389 4495 id
1416 4437 1605 4515 ipsum
1637 4436 1897 4509 aliorum,
1929 4452 2100 4510 quam
2121 4434 2336 4492 nostris
2377 4436 2574 4495 verbis
2601 4456 2702 4496 ex-

282 4517 549 4595 primere.
640 4514 969 4577 Petrai-cha
1011 4518 1231 4577 multus
1272 4518 1449 4577 estin
1492 4513 1874 4574 describendo
1903 4513 2334 4592 corruptissimo
2377 4518 2506 4593 ejus
2551 4526 2704 4577 statu

283 4617 390 4656 suo
420 4608 706 4677 tempore.
735 4601 773 4635 “
798 4598 849 4658 O
871 4597 1003 4656 fons
1046 4598 1373 4673 dolorum,”
1404 4598 1608 4673 inquit,
1639 4614 1696 4673 p.
1733 4598 1784 4671 1,
1817 4594 1983 4654 Cant.
2019 4598 2150 4671 106,
2187 4599 2318 4671 107,
2355 4599 2486 4673 108,
2541 4601 2578 4631 “
2600 4599 2702 4657 do-

279 4679 559 4739 micilium
592 4679 823 4755 irarum,
867 4678 1066 4737 schola
1104 4698 1378 4753 errorum,
1426 4678 1704 4754 templum
1735 4676 2058 4753 haeresium,
2107 4677 2244 4735 olim
2298 4678 2501 4753 Roma,
2549 4698 2702 4737 nunc
