3234 5192
332 352 571 394 maru-r.
603 338 739 411 vn.]
1112 352 1351 394 ΝΟΜ-ΒΑ
1380 354 1459 395 ss
1486 353 1772 395 sccnssu
1799 356 2074 398 nomm.
2632 346 2744 405 169

335 512 551 552 nomen
591 493 807 569 prioris
846 494 1081 565 Bestiae,
1104 514 1238 570 quse
1268 494 1613 554 Romanum
1655 504 1878 555 statum
1919 498 2206 574 designat,
2237 502 2492 578 ideoque
2521 520 2736 561 nomen

337 573 560 647 gentile
581 580 641 629 et
669 592 1000 643 commune,
1031 592 1151 631 non
1180 575 1506 649 proprium.

939 651 1291 711 XXXVII.
1336 653 1391 711 6.
1438 652 1799 715 Antichristi
1839 665 1974 715 nota
2020 659 2262 734 respicit
2300 661 2432 735 ejus
2460 665 2656 739 effecta
2681 668 2742 718 et

392 724 437 797 5:
494 727 631 799 ,Νοῐξ
668 728 816 773 Anti-
858 752 1054 806 opera,
1103 732 1311 806 qualia
1338 740 1483 789 sunt
1514 732 1803 807 inprimis,
1831 737 2114 795 miracula
2153 744 2216 796 et
2253 742 2438 817 siqua,
2467 760 2603 816 quae
2645 740 2738 797 illi

338 784 537 889 fflggsstss',
566 786 819 889 ιζ’,ᾖξξωῗξζ
857 809 1225 867 tribuuntur.
1241 816 1275 844 “
1292 810 1843 884 Cnjusadventus,'’
1867 814 2063 891 inquit
2086 816 2736 890 Paulus‚2Thess.ii.9,

860 889 1019 947 “erit
1044 888 1107 947 in
1125 888 1289 947 omni
1304 888 1546 961 virtute,
1556 898 1618 949 et
1639 891 1822 965 signis
1843 900 1904 950 et
1919 894 2262 971 prodigiis.''
2291 897 2392 955 Ita
2403 897 2594 972 Apoc.
2611 897 2736 954 xiii.

341 967 431 1037 13,
447 968 575 1027 “Et
591 970 771 1027 faciet
780 968 951 1043 signa
961 968 1242 1041 magna‚”
1266 968 1654 1027 confirmatur
1675 988 1749 1027 ex
1771 970 1992 1030 Matth.
2015 974 2177 1033 xxiv.
2199 976 2294 1047 24,
2321 982 2355 1011 “
2369 974 2734 1033 Exorientur

338 1044 823 1107 Pseudo-Christi
844 1052 905 1104 et
934 1044 1535 1121 Pseudo-Prophetae,
1552 1050 1847 1124 edentque
1874 1069 2095 1127 magna
2119 1054 2290 1129 signa
2317 1060 2378 1111 et
2402 1054 2736 1129 prodigia,”

336 1128 437 1183 Gne.
486 1128 653 1201 quod
699 1126 1111 1196 Belhrminus,
1155 1124 1498 1201 Malvenda,
1549 1134 1609 1184 et
1663 1127 1770 1185 alii
1821 1130 1900 1186 ad
1957 1129 2398 1191 Antichristum
2450 1132 2733 1191 referunt.

338 1202 561 1271 Qualia
586 1212 790 1264 autem
816 1204 1026 1263 futura
1052 1206 1171 1263 sint
1194 1204 1421 1263 Paulus
1442 1205 1720 1280 explicat,
1741 1208 1988 1281 quando
2009 1227 2084 1267 ea
2102 1218 2276 1269 vocat
2289 1236 2478 1292 τιςιτιι
2501 1208 2732 1283 daubus,

330 1283 603 1358 prodiqia
642 1284 946 1352 mendacii,
988 1284 1149 1358 quod
1196 1290 1393 1358 potest
1434 1282 1710 1358 intelligi,
1753 1294 1824 1343 ut
1870 1286 2020 1343 bene
2067 1288 2342 1349 observat
2387 1290 2732 1349 Bellarmin.

335 1360 439 1418 lib.
472 1362 551 1419 iii.
582 1363 659 1419 de
708 1362 993 1420 Pontifice
1034 1362 1208 1421 Rom.
1266 1380 1391 1437 cap.
1442 1361 1533 1433 15,
1576 1366 1666 1421 vel
1706 1365 2081 1441 oriqinaliter‚
2127 1369 2358 1427 ratione
2405 1371 2728 1441 efficientiS,

336 1440 481 1514 quia
506 1448 649 1499 sunt
675 1460 713 1499 a
740 1440 981 1512 Satana,
1008 1442 1299 1499 mendacii
1318 1440 1514 1512 Patre,
1534 1442 1641 1516 qui
1657 1446 1829 1503 nulla
1848 1452 2044 1519 potest
2065 1464 2206 1503 vera
2227 1448 2517 1507 miracula
2537 1451 2730 1520 edere,

331 1520 495 1592 quod
537 1518 765 1578 Paulus
805 1520 1025 1577 ibidem
1060 1526 1249 1590 notat,
1279 1521 1425 1577 dum
1472 1520 1559 1577 ait
1604 1522 1932 1581 adventum
1959 1522 2318 1583 Antichristi
2366 1532 2400 1561 ‘⁴
2422 1526 2550 1587 fore
2597 1548 2734 1587 cum

330 1596 593 1655 efficacia
636 1600 873 1657 Satanas
914 1599 977 1655 in
1032 1597 1197 1655 omni
1232 1598 1453 1657 virtute
1506 1606 1569 1657 et
1608 1600 1794 1675 signis
1839 1601 2132 1659 mendacii
2154 1604 2211 1673 ;’'
2252 1606 2348 1661 vel
2375 1606 2732 1683 formaliter,

331 1675 560 1735 ratione
586 1684 837 1749 naturae,
866 1678 1010 1752 quia
1029 1678 1127 1733 vel
1146 1677 1425 1735 fabulosa
1443 1686 1622 1737 erunt
1641 1686 1703 1737 et
1728 1680 2112 1755 praestigiosa,
2135 1683 2234 1741 vel
2258 1683 2544 1757 figmenta
2569 1706 2734 1745 men-

330 1754 569 1813 dacium
609 1757 941 1826 hominum,
970 1756 1067 1813 vel
1106 1762 1384 1830 portenta
1408 1755 1719 1816 fallacium
1745 1759 2083 1834 spirituum,
2112 1762 2272 1819 unde
2299 1762 2582 1823 dicuntur
2607 1768 2736 1825 fieri

328 1834 393 1891 in
414 1848 712 1911 conspectu
732 1836 1251 1911 homiuum,’Apoc.
1272 1833 1421 1906 xiii„
1442 1834 1505 1892 id
1524 1842 1632 1907 est,
1657 1845 1726 1896 ut
1745 1838 2094 1913 apparentia
2111 1845 2173 1897 et
2193 1842 2398 1899 oculos
2419 1842 2734 1903 hominum

329 1914 760 1990 persta-igentia,
788 1934 909 1972 non
954 1914 1145 1972 solida
1182 1920 1245 1970 et
1269 1930 1431 1983 vera,
1460 1920 1529 1971 ut
1556 1933 1702 1973 vera
1737 1916 2028 1975 miracula
2055 1939 2070 1987 ;
2112 1920 2212 1977 vel
2251 1919 2510 1996 denique
2539 1926 2733 1983 termi-

329 1995 537 2065 native,
564 1995 795 2053 ratione
834 1992 991 2063 finis,
1020 1992 1163 2066 quia
1202 1993 1279 2049 ad
1322 1991 1747 2053 stabiliendum
1785 1996 2164 2053 mendacium
2201 1998 2476 2069 tendunt,
2505 2008 2566 2059 et
2591 2010 2732 2061 sunt

330 2080 689 2149 comparata,
728 2076 805 2131 ὅτι
846 2098 965 2154 argu
996 2068 1177 2144 ψιυὸος
1204 2097 1401 2143 aoy-vn.
1488 2070 1633 2129 Non
1661 2073 1783 2131 alia
1818 2074 1976 2131 enim
2015 2075 2090 2132 de
2123 2092 2302 2135 causa
2319 2077 2728 2141 Antichristus

328 2152 499 2227 signa
540 2152 655 2210 ista
699 2158 1043 2227 patraturus
1068 2160 1175 2222 est,
1214 2168 1397 2225 quam
1446 2158 1517 2207 ut
1561 2152 1889 2210 mendaciis
1937 2154 2060 2213 suis
2099 2154 2280 2213 fidem
2327 2157 2617 2229 conciliet,
2667 2169 2728 2219 et

324 2252 365 2290 a
389 2234 643 2291 veritate
688 2234 768 2289 ad
816 2248 1079 2289 errorem
1116 2230 1387 2287 homines
1432 2230 1710 2301 abducat,
1761 2238 1830 2290 ut
1863 2231 2154 2309 Chrysost.
2177 2240 2238 2291 et
2263 2234 2518 2310 Auyust.
2547 2237 2728 2297 inter-

360 2319 649 2370 retantur.

320 2332 361 2387 P
406 2390 804 2449 XXXVIII.
847 2389 991 2448 Non
1035 2388 1273 2445 difficile
1305 2406 1447 2447 vero
1488 2395 1581 2447 est
1619 2391 2126 2466 complementum
2167 2394 2329 2469 apud
2380 2393 2726 2457 Pontificios

324 2470 780 2545 deprehendere.
814 2468 967 2537 Quis
993 2468 1153 2525 enim
1180 2466 1422 2541 ignorat
1442 2467 1870 2527 miraculorum
1899 2471 2358 2530 ostentationem
2385 2475 2462 2531 ab
2489 2475 2725 2551 aliquot

324 2549 539 2607 seculis
563 2548 867 2625 propriam
894 2565 1019 2605 esse
1046 2545 1424 2618 Latinorum,
1466 2564 1575 2605 nec
1602 2547 1718 2603 ulli
1748 2548 1882 2621 jam
1935 2548 2212 2623 religioni
2259 2560 2476 2626 praeter
2529 2556 2724 2629 papis-

322 2627 505 2685 ticam
531 2634 880 2703 competere.
922 2624 965 2683 J
970 2623 1127 2681 udaei
1156 2625 1317 2683 enim
1344 2624 1647 2683 miraculis
1674 2628 2085 2685 destituuntur
2107 2649 2122 2699 ;
2141 2628 2350 2687 Turcae
2373 2632 2724 2707 religionem

325 2722 514 2777 suam,
540 2724 665 2763 non
693 2707 915 2763 virtute
940 2703 1386 2774 miraculorum,
1416 2705 1519 2761 sed
1547 2704 1607 2760 vi
1635 2711 1697 2762 et
1723 2705 1908 2763 armis
1947 2709 2397 2781 propagandam
2425 2728 2548 2767 esse
2588 2730 2725 2787 pro-

322 2786 567 2843 fitentur
582 2788 609 2843 3
640 2783 993 2853 orthodoxi,
1023 2782 1163 2840 solis
1190 2781 1493 2840 miraculis
1518 2782 1740 2842 Christi
1761 2790 1822 2841 et
1840 2782 2278 2858 Apostolorum
2303 2790 2584 2859 contenti,
2603 2790 2725 2849 alia

323 2863 497 2920 nulla
523 2870 820 2937 quaerunt.
905 2860 987 2919 Et
1013 2860 1287 2936 quamvis
1312 2862 1577 2918 nascenti
1606 2859 1886 2919 Ecclesiae
1913 2862 2310 2921 necessarium
2336 2865 2518 2923 fuisse
2545 2884 2725 2925 usum

324 2940 749 2999 miraculorum
776 2946 1068 3008 censeant,
1098 2946 1171 2996 ut
1196 2956 1304 3015 per
1330 2958 1401 2997 ea
1424 2938 1696 2997 infideles
1722 2941 1801 2997 ad
1825 2941 2006 2997 fidem
2023 2948 2506 3001 converterentur
2527 2965 2544 3013 ;
2585 2963 2725 3002 con-

324 3019 511 3076 versis
536 3026 755 3091 tamen,
784 3028 845 3079 et
868 3021 1047 3079 fidem
1074 3018 1137 3074 in
1168 3017 1431 3075 Ecclesia
1450 3020 1802 3075 confirmata
1820 3018 2251 3091 profitentibus,
2268 3022 2574 3079 miraculis
2599 3041 2721 3081 non

324 3114 449 3155 esse
477 3116 629 3172 opus
654 3102 921 3171 credunt,
952 3106 1022 3156 ut
1050 3100 1087 3130 “
1110 3097 1217 3172 qui
1242 3097 1443 3153 adhuc
1469 3096 1762 3170 prodigia,
1791 3103 1862 3154 ut
1887 3097 2106 3167 credat,
2135 3097 2403 3173 inquirit,
2433 3119 2722 3175 magnum

321 3176 399 3233 sit
424 3176 547 3253 ipse
587 3178 945 3253 prodigium,
974 3176 1081 3251 qui
1120 3176 1351 3231 mundo
1378 3176 1654 3231 credente
1694 3194 1816 3232 non
1843 3175 2087 3245 credit,”
2129 3182 2200 3233 ut
2226 3176 2312 3235 ait
2341 3179 2724 3253 Augustinus

321 3256 396 3313 de
427 3255 599 3314 civit.
630 3254 761 3315 Dei.
792 3257 894 3314 lib.
924 3255 1069 3313 xxii.
1100 3272 1224 3328 cap.
1254 3254 1310 3311 8.
1396 3252 1477 3311 Et
1504 3253 1611 3327 qui
1635 3261 1669 3287 “
1687 3261 1929 3329 propter
1955 3254 2246 3313 miracula
2263 3257 2396 3332 jam
2411 3258 2571 3316 facta
2597 3279 2720 3319 non

318 3335 520 3405 credit,
547 3336 743 3393 multo
770 3335 969 3392 minus
997 3333 1278 3403 crederet,
1298 3333 1405 3391 etsi
1432 3332 1555 3389 alia
1574 3351 1736 3391 nova
1755 3333 2050 3391 miracula
2069 3334 2162 3391 illi
2181 3346 2656 3411 proponerentur
2668 3341 2723 3397 :”

320 3418 389 3469 ut
416 3414 563 3471 bene
593 3413 786 3473 Stella
823 3412 885 3469 in
917 3414 1063 3471 Luc.
1092 3412 1152 3469 ii.
1186 3411 1281 3483 29,
1310 3411 1605 3470 observat.
1693 3412 1782 3469 At
1820 3412 2108 3487 pontificii
2148 3416 2223 3472 de
2264 3416 2567 3475 miraculis
2597 3419 2720 3477 suis

320 3492 675 3565 gloriantur,
705 3492 825 3549 imo
848 3509 919 3549 ea
939 3492 1095 3547 inter
1122 3490 1450 3565 praecipuas
1474 3489 1756 3548 Ecclesiae
1777 3498 1953 3549 notas
1973 3510 2258 3566 reponere
2281 3497 2493 3554 solent.
2558 3495 2720 3554 Hinc

318 3569 524 3628 nullus
556 3570 810 3629 Sanctus
837 3571 997 3645 apud
1025 3570 1163 3627 illos
1184 3570 1457 3640 habetur,
1482 3569 1587 3644 qui
1614 3569 1918 3629 miraculis
1937 3588 2060 3627 non
2081 3570 2431 3631 inclaruisse
2453 3573 2719 3633 dicatur:

320 3650 505 3705 nullae
572 3649 861 3725 reliquiae,
916 3648 1089 3705 nulla
1130 3647 1459 3722 insigniora
1510 3648 1832 3707 simulacra
1883 3651 1962 3706 ad
2007 3668 2142 3724 quae
2213 3651 2720 3725 peregrinationes

316 3726 442 3784 fleri
471 3730 683 3798 solent,
712 3746 849 3803 quae
877 3728 1305 3785 miraculorum
1330 3726 1493 3784 fama
1517 3744 1638 3782 non
1669 3727 2056 3785 celebrentur.
2129 3728 2246 3787 Sed
2276 3729 2716 3803 qualiacunque

318 3804 413 3863 hic
438 3806 731 3864 miracula
759 3806 1178 3877 obtrudantur,
1206 3804 1460 3863 dicimus
1476 3822 1603 3861 esse
1631 3831 1818 3883 nemu
1842 3804 2071 3878 ψώδους.
2119 3806 2170 3864 1.
2205 3806 2369 3874 Quia
2395 3808 2471 3863 ad
2501 3808 2716 3865 erroris

315 3888 377 3941 et
402 3885 695 3943 mendacii
724 3884 1235 3942 confirmationem
1263 3884 1642 3955 adhibentur,
1671 3886 1759 3943 ita
1786 3894 1856 3941 ut
1883 3888 1979 3943 vel
2016 3888 2130 3942 hoc
2157 3885 2354 3942 solum
2393 3884 2715 3943 falsitatem

313 3960 581 4035 ipsorum
610 3963 753 4021 satis
777 3962 965 4038 possit
992 3978 1261 4036 arguere,
1290 3962 1429 4019 licet
1468 3964 1542 4018 de
1570 3970 1784 4021 caetero
1813 3964 2044 4040 aliquid
2073 3964 2200 4021 veri
2240 3963 2542 4033 haberent,
2573 3964 2717 4038 quia

312 4056 423 4096 nos
466 4041 775 4099 abducunt
814 4060 852 4098 a
896 4040 1115 4100 Christi
1157 4040 1407 4098 veritate
1450 4042 1527 4099 ad
1570 4043 1967 4100 mendacium.
2051 4043 2106 4099 2.
2153 4040 2316 4109 Quia
2355 4040 2617 4098 maxima
2641 4060 2716 4099 ex

312 4124 481 4191 parte
507 4136 687 4175 merse
712 4128 855 4177 sunt
880 4120 1205 4189 illusiones,
1236 4118 1585 4193 imposturae
1627 4128 1688 4177 et
1725 4121 2040 4197 praestigiae
2070 4120 2168 4177 vel
2207 4119 2505 4177 malorum
2545 4119 2717 4194 spiri-

312 4200 505 4265 tuum,
526 4197 620 4253 vel
646 4198 969 4274 impiorum
991 4198 1321 4268 hominum,
1342 4200 1419 4255 ad
1442 4207 1740 4273 quaestum
1769 4200 2091 4269 adornatae,
2110 4204 2180 4255 ut
2205 4196 2412 4254 multis
2431 4198 2718 4273 exemplis

310 4274 551 4348 probari
576 4284 789 4351 posset.
876 4277 929 4333 3.
965 4276 1127 4343 Quia
1154 4276 1203 4335 si
1229 4276 1357 4333 veri
1402 4277 1632 4351 aliquid
1679 4278 1898 4348 subest,
1927 4279 2043 4334 hoc
2084 4294 2206 4331 non
2251 4283 2492 4349 superat
2534 4276 2718 4335 totius

310 4360 542 4411 naturae
570 4355 741 4427 vireS,
764 4357 868 4413 sed
897 4354 1276 4413 referendum
1303 4362 1393 4412 est
1419 4357 1515 4413 vel
1543 4357 1619 4413 ad
1651 4361 1930 4430 portenta
1969 4356 2331 4423 daemonum,
2353 4354 2448 4410 vel
2478 4357 2554 4413 ad
2579 4374 2713 4431 pro-

309 4430 476 4505 digia
520 4452 856 4509 magorum,
902 4440 975 4491 ut
1024 4432 1381 4491 facillimum
1424 4439 1579 4491 esset
1620 4433 1978 4508 imposturas
2020 4439 2082 4489 et
2126 4431 2453 4490 vanitatem
2497 4436 2713 4493 talium

310 4509 739 4571 miraculorum
767 4520 1049 4587 retegere,
1084 4519 1157 4570 ut
1182 4512 1412 4570 avariis
1438 4512 1668 4570 factum
1693 4519 1799 4570 est.
1872 4512 1990 4569 Sed
2019 4518 2260 4586 praestat
2286 4512 2496 4570 audire
2535 4521 2712 4572 testes

309 4588 677 4663 domesticos,
705 4590 813 4667 qui
840 4592 917 4649 de
942 4589 1293 4667 gravissima
1318 4592 1433 4649 hac
1450 4591 1666 4649 fraude
1686 4597 2154 4667 conqueruntur.
2225 4596 2260 4623 ‘⁴
2274 4591 2628 4667 Aliquando
2649 4592 2718 4649 fit

312 4664 375 4723 in
400 4666 722 4743 Ecclesia,”
752 4670 952 4745 inquit
994 4670 1271 4744 Lyranus
1298 4669 1361 4727 in
1390 4668 1545 4729 Dan.
1576 4670 1716 4747 xiv„
1762 4670 2078 4747 “deceptio
2105 4670 2316 4747 populi
2361 4671 2625 4728 maxima
2649 4670 2714 4725 in
