<?xml version="1.0" encoding="UTF-8"?>
<!DOCTYPE html PUBLIC "-//W3C//DTD XHTML 1.0 Transitional//EN"
    "http://www.w3.org/TR/xhtml1/DTD/xhtml1-transitional.dtd">
<html xmlns="http://www.w3.org/1999/xhtml" xml:lang="en" lang="en">
 <head>
  <title>
</title>
<meta http-equiv="Content-Type" content="text/html;charset=utf-8" />
  <meta name='ocr-system' content='tesseract 3.04.00' />
  <meta name='ocr-capabilities' content='ocr_page ocr_carea ocr_par ocr_line ocrx_word'/>
</head>
<body>
  <div class='ocr_page' id='page_1' title='image "./denecessariasec00turrgoog_0778.png"; bbox 0 0 3234 5192; ppageno 0'>
   <div class='ocr_carea' id='block_1_1' title="bbox 578 288 2985 378">
    <p class='ocr_par' dir='ltr' id='par_1_1' title="bbox 578 288 2985 378">
     <span class='ocr_line' id='line_1_1' title="bbox 578 288 2985 378; baseline 0.001 -25"><span class='ocrx_word' id='word_1_1' title='bbox 578 288 696 353; x_wconf 85' lang='lat'><strong>708</strong></span> <span class='ocrx_word' id='word_1_2' title='bbox 1096 314 1177 355; x_wconf 79' lang='lat' dir='ltr'><strong>m:</strong></span> <span class='ocrx_word' id='word_1_3' title='bbox 1206 314 1689 357; x_wconf 67' lang='lat' dir='ltr'><strong>sursum-roms</strong></span> <span class='ocrx_word' id='word_1_4' title='bbox 1715 314 1952 357; x_wconf 72' lang='lat' dir='ltr'><strong>cnmsrx</strong></span> <span class='ocrx_word' id='word_1_5' title='bbox 1979 313 2406 357; x_wconf 61' lang='lat' dir='ltr'><strong>rsus-senous.</strong></span> <span class='ocrx_word' id='word_1_6' title='bbox 2517 294 2782 378; x_wconf 77' lang='lat' dir='ltr'><strong>[meror.</strong></span> <span class='ocrx_word' id='word_1_7' title='bbox 2813 312 2985 355; x_wconf 82' lang='lat' dir='ltr'><strong>xxm.</strong></span> 
     </span>
    </p>
   </div>
   <div class='ocr_carea' id='block_1_2' title="bbox 576 450 2993 935">
    <p class='ocr_par' dir='ltr' id='par_1_2' title="bbox 576 450 2993 935">
     <span class='ocr_line' id='line_1_2' title="bbox 576 450 2983 533; baseline 0.002 -24"><span class='ocrx_word' id='word_1_8' title='bbox 576 450 862 513; x_wconf 81' lang='lat' dir='ltr'><strong>rationem</strong></span> <span class='ocrx_word' id='word_1_9' title='bbox 890 456 1143 515; x_wconf 74' lang='lat' dir='ltr'><strong>Reor-um</strong></span> <span class='ocrx_word' id='word_1_10' title='bbox 1163 456 1265 533; x_wconf 90' lang='lat' dir='ltr'><strong>qui</strong></span> <span class='ocrx_word' id='word_1_11' title='bbox 1286 465 1422 517; x_wconf 89' lang='lat' dir='ltr'><strong>sunt</strong></span> <span class='ocrx_word' id='word_1_12' title='bbox 1440 456 1778 531; x_wconf 85' lang='lat' dir='ltr'><strong>redimendi,</strong></span> <span class='ocrx_word' id='word_1_13' title='bbox 1801 456 1900 517; x_wconf 77' lang='lat' dir='ltr'><strong>vel</strong></span> <span class='ocrx_word' id='word_1_14' title='bbox 1920 458 2306 517; x_wconf 75' lang='lat' dir='ltr'><strong>Membromm</strong></span> <span class='ocrx_word' id='word_1_15' title='bbox 2321 476 2452 533; x_wconf 77' lang='lat' dir='ltr'><strong>quae</strong></span> <span class='ocrx_word' id='word_1_16' title='bbox 2469 462 2605 515; x_wconf 78' lang='lat' dir='ltr'><strong>sunt</strong></span> <span class='ocrx_word' id='word_1_17' title='bbox 2625 454 2983 514; x_wconf 87' lang='lat' dir='ltr'><strong>sanctifican-</strong></span> 
     </span>
     <span class='ocr_line' id='line_1_3' title="bbox 582 530 2985 615; baseline 0.002 -26"><span class='ocrx_word' id='word_1_18' title='bbox 582 530 695 605; x_wconf 90' lang='lat' dir='ltr'><strong>da;</strong></span> <span class='ocrx_word' id='word_1_19' title='bbox 728 534 823 593; x_wconf 89' lang='lat' dir='ltr'><strong>Ita</strong></span> <span class='ocrx_word' id='word_1_20' title='bbox 850 534 1069 614; x_wconf 80' lang='lat' dir='ltr'><strong>duplex</strong></span> <span class='ocrx_word' id='word_1_21' title='bbox 1095 544 1185 596; x_wconf 86' lang='lat' dir='ltr'><strong>est</strong></span> <span class='ocrx_word' id='word_1_22' title='bbox 1210 538 1545 615; x_wconf 76' lang='lat' dir='ltr'><strong>passionum</strong></span> <span class='ocrx_word' id='word_1_23' title='bbox 1572 537 1787 598; x_wconf 83' lang='lat' dir='ltr'>Christi</span> <span class='ocrx_word' id='word_1_24' title='bbox 1815 536 1999 614; x_wconf 71' lang='grc' dir='ltr'><strong>ηάσις.</strong></span> <span class='ocrx_word' id='word_1_25' title='bbox 2047 538 2198 597; x_wconf 85' lang='lat' dir='ltr'><strong>Nam</strong></span> <span class='ocrx_word' id='word_1_26' title='bbox 2225 536 2323 595; x_wconf 86' lang='lat' dir='ltr'><strong>vel</strong></span> <span class='ocrx_word' id='word_1_27' title='bbox 2345 536 2559 595; x_wconf 86' lang='lat' dir='ltr'><strong>habent</strong></span> <span class='ocrx_word' id='word_1_28' title='bbox 2585 536 2864 595; x_wconf 87' lang='lat' dir='ltr'><strong>rationem</strong></span> <span class='ocrx_word' id='word_1_29' title='bbox 2893 534 2985 594; x_wconf 61' lang='lat'><strong>26-</strong></span> 
     </span>
     <span class='ocr_line' id='line_1_4' title="bbox 583 614 2983 695; baseline 0.001 -26"><span class='ocrx_word' id='word_1_30' title='bbox 583 637 701 693; x_wconf 67' lang='grc' dir='ltr'><strong>τςου</strong></span> <span class='ocrx_word' id='word_1_31' title='bbox 742 614 900 691; x_wconf 91' lang='lat' dir='ltr'><strong>quod</strong></span> <span class='ocrx_word' id='word_1_32' title='bbox 934 636 1039 695; x_wconf 89' lang='lat' dir='ltr'><strong>pro</strong></span> <span class='ocrx_word' id='word_1_33' title='bbox 1066 618 1236 677; x_wconf 88' lang='lat' dir='ltr'><strong>nobis</strong></span> <span class='ocrx_word' id='word_1_34' title='bbox 1264 618 1414 678; x_wconf 85' lang='lat' dir='ltr'><strong>solvi</strong></span> <span class='ocrx_word' id='word_1_35' title='bbox 1442 617 1660 693; x_wconf 80' lang='lat' dir='ltr'>debuit,</span> <span class='ocrx_word' id='word_1_36' title='bbox 1693 619 1906 677; x_wconf 86' lang='lat' dir='ltr'><strong>Matth.</strong></span> <span class='ocrx_word' id='word_1_37' title='bbox 1935 638 2038 677; x_wconf 84' lang='lat' dir='ltr'><strong>xx.</strong></span> <span class='ocrx_word' id='word_1_38' title='bbox 2069 621 2165 694; x_wconf 82' lang='lat'><strong>28,</strong></span> <span class='ocrx_word' id='word_1_39' title='bbox 2201 620 2231 675; x_wconf 90' lang='lat'>1</span> <span class='ocrx_word' id='word_1_40' title='bbox 2261 617 2385 676; x_wconf 92' lang='lat' dir='ltr'><strong>Pet.</strong></span> <span class='ocrx_word' id='word_1_41' title='bbox 2413 615 2453 674; x_wconf 90' lang='lat' dir='ltr'><strong>i.</strong></span> <span class='ocrx_word' id='word_1_42' title='bbox 2480 616 2574 691; x_wconf 87' lang='lat'><strong>18,</strong></span> <span class='ocrx_word' id='word_1_43' title='bbox 2615 618 2702 689; x_wconf 82' lang='lat'><strong>19,</strong></span> <span class='ocrx_word' id='word_1_44' title='bbox 2737 616 2834 674; x_wconf 83' lang='lat' dir='ltr'><strong>vel</strong></span> <span class='ocrx_word' id='word_1_45' title='bbox 2863 620 2983 675; x_wconf 69' lang='grc' dir='ltr'><strong>ὕπο-</strong></span> 
     </span>
     <span class='ocr_line' id='line_1_5' title="bbox 585 693 2986 776; baseline -0 -22"><span class='ocrx_word' id='word_1_46' title='bbox 585 701 832 774; x_wconf 56' lang='lat' dir='ltr'><strong>yeme-⁴2⁸2</strong></span> <span class='ocrx_word' id='word_1_47' title='bbox 851 704 909 755; x_wconf 89' lang='lat' dir='ltr'><strong>et</strong></span> <span class='ocrx_word' id='word_1_48' title='bbox 938 693 1299 774; x_wconf 54' lang='lat' dir='ltr'><strong>erasmum</strong></span> <span class='ocrx_word' id='word_1_49' title='bbox 1327 698 1482 776; x_wconf 91' lang='lat' dir='ltr'><strong>quod</strong></span> <span class='ocrx_word' id='word_1_50' title='bbox 1521 698 1694 757; x_wconf 89' lang='lat' dir='ltr'><strong>nobis</strong></span> <span class='ocrx_word' id='word_1_51' title='bbox 1737 697 1811 757; x_wconf 88' lang='lat' dir='ltr'><strong>ad</strong></span> <span class='ocrx_word' id='word_1_52' title='bbox 1831 697 2170 757; x_wconf 87' lang='lat' dir='ltr'><strong>imitandum</strong></span> <span class='ocrx_word' id='word_1_53' title='bbox 2200 697 2555 774; x_wconf 86' lang='lat' dir='ltr'>proponitur,</span> <span class='ocrx_word' id='word_1_54' title='bbox 2579 698 2609 754; x_wconf 93' lang='lat'><strong>1</strong></span> <span class='ocrx_word' id='word_1_55' title='bbox 2646 696 2771 755; x_wconf 90' lang='lat' dir='ltr'><strong>Pet.</strong></span> <span class='ocrx_word' id='word_1_56' title='bbox 2799 696 2859 755; x_wconf 88' lang='lat' dir='ltr'><strong>ii.</strong></span> <span class='ocrx_word' id='word_1_57' title='bbox 2889 699 2986 772; x_wconf 83' lang='lat'><strong>21,</strong></span> 
     </span>
     <span class='ocr_line' id='line_1_6' title="bbox 587 773 2990 855; baseline 0.001 -23"><span class='ocrx_word' id='word_1_58' title='bbox 587 773 729 834; x_wconf 82' lang='lat' dir='ltr'><strong>Joh.</strong></span> <span class='ocrx_word' id='word_1_59' title='bbox 758 776 882 834; x_wconf 81' lang='lat' dir='ltr'><strong>xiii.</strong></span> <span class='ocrx_word' id='word_1_60' title='bbox 917 776 1008 835; x_wconf 87' lang='lat'><strong>15.</strong></span> <span class='ocrx_word' id='word_1_61' title='bbox 1055 778 1241 836; x_wconf 90' lang='lat' dir='ltr'><strong>Priori</strong></span> <span class='ocrx_word' id='word_1_62' title='bbox 1269 798 1443 839; x_wconf 89' lang='lat' dir='ltr'><strong>sensu</strong></span> <span class='ocrx_word' id='word_1_63' title='bbox 1462 778 1633 837; x_wconf 86' lang='lat' dir='ltr'><strong>nobis</strong></span> <span class='ocrx_word' id='word_1_64' title='bbox 1659 776 2070 837; x_wconf 86' lang='lat' dir='ltr'><strong>communicari</strong></span> <span class='ocrx_word' id='word_1_65' title='bbox 2093 785 2388 855; x_wconf 87' lang='lat' dir='ltr'><strong>nequeunt</strong></span> <span class='ocrx_word' id='word_1_66' title='bbox 2415 775 2701 835; x_wconf 70' lang='lat' dir='ltr'><strong><em>transitive</em></strong></span> <span class='ocrx_word' id='word_1_67' title='bbox 2727 784 2787 835; x_wconf 90' lang='lat' dir='ltr'><strong>et</strong></span> <span class='ocrx_word' id='word_1_68' title='bbox 2811 776 2990 834; x_wconf 84' lang='lat' dir='ltr'><strong>inhae·</strong></span> 
     </span>
     <span class='ocr_line' id='line_1_7' title="bbox 586 854 2993 935; baseline 0.002 -25"><span class='ocrx_word' id='word_1_69' title='bbox 586 862 797 931; x_wconf 87' lang='lat' dir='ltr'><strong>renter,</strong></span> <span class='ocrx_word' id='word_1_70' title='bbox 830 854 933 913; x_wconf 89' lang='lat' dir='ltr'><strong>sed</strong></span> <span class='ocrx_word' id='word_1_71' title='bbox 980 864 1204 917; x_wconf 89' lang='lat' dir='ltr'><strong>tantum</strong></span> <span class='ocrx_word' id='word_1_72' title='bbox 1232 858 1553 934; x_wconf 76' lang='lat' dir='ltr'><strong><em>imputative</em></strong></span> <span class='ocrx_word' id='word_1_73' title='bbox 1570 882 1596 930; x_wconf 92' lang='lat'><strong>,·</strong></span> <span class='ocrx_word' id='word_1_74' title='bbox 1643 858 1782 935; x_wconf 88' lang='lat' dir='ltr'><strong>quia</strong></span> <span class='ocrx_word' id='word_1_75' title='bbox 1807 858 1917 917; x_wconf 87' lang='lat' dir='ltr'><strong>sub</strong></span> <span class='ocrx_word' id='word_1_76' title='bbox 1945 858 2048 917; x_wconf 88' lang='lat' dir='ltr'><strong>illa</strong></span> <span class='ocrx_word' id='word_1_77' title='bbox 2073 860 2238 933; x_wconf 66' lang='lat' dir='ltr'><strong>enim</strong></span> <span class='ocrx_word' id='word_1_78' title='bbox 2265 857 2342 915; x_wconf 89' lang='lat' dir='ltr'><strong>ad</strong></span> <span class='ocrx_word' id='word_1_79' title='bbox 2383 856 2676 916; x_wconf 81' lang='lat' dir='ltr'><strong>Christum</strong></span> <span class='ocrx_word' id='word_1_80' title='bbox 2703 856 2993 933; x_wconf 79' lang='lat' dir='ltr'><strong>pertinent</strong></span> 
     </span>
    </p>
   </div>
   <div class='ocr_carea' id='block_1_3' title="bbox 469 932 2986 1030">
    <p class='ocr_par' dir='ltr' id='par_1_3' title="bbox 469 932 2986 1030">
     <span class='ocr_line' id='line_1_8' title="bbox 469 932 2986 1030; baseline 0.001 -39"><span class='ocrx_word' id='word_1_81' title='bbox 469 1010 477 1017; x_wconf 29' lang='grc' dir='ltr'>ι</span> <span class='ocrx_word' id='word_1_82' title='bbox 590 932 1055 1012; x_wconf 81' lang='lat' dir='ltr'><strong>Satissactorem3</strong></span> <span class='ocrx_word' id='word_1_83' title='bbox 1084 936 1201 995; x_wconf 89' lang='lat' dir='ltr'><strong>Sed</strong></span> <span class='ocrx_word' id='word_1_84' title='bbox 1214 936 1519 1030; x_wconf 68' lang='lat' dir='ltr'><strong>posteriori</strong></span> <span class='ocrx_word' id='word_1_85' title='bbox 1536 937 2032 997; x_wconf 74' lang='lat' dir='ltr'><strong>communicantur</strong></span> <span class='ocrx_word' id='word_1_86' title='bbox 2047 937 2354 997; x_wconf 86' lang='lat' dir='ltr'><strong>efficaciter</strong></span> <span class='ocrx_word' id='word_1_87' title='bbox 2379 945 2439 996; x_wconf 89' lang='lat' dir='ltr'><strong>et</strong></span> <span class='ocrx_word' id='word_1_88' title='bbox 2463 955 2568 1014; x_wconf 90' lang='lat' dir='ltr'><strong>per</strong></span> <span class='ocrx_word' id='word_1_89' title='bbox 2593 936 2986 1009; x_wconf 75' lang='lat' dir='ltr'><strong>Imitationem,</strong></span> 
     </span>
    </p>
   </div>
   <div class='ocr_carea' id='block_1_4' title="bbox 588 1012 3010 3731">
    <p class='ocr_par' dir='ltr' id='par_1_4' title="bbox 588 1012 2990 1635">
     <span class='ocr_line' id='line_1_9' title="bbox 588 1012 2988 1095; baseline 0.002 -24"><span class='ocrx_word' id='word_1_90' title='bbox 588 1012 727 1088; x_wconf 90' lang='lat' dir='ltr'><strong>quia</strong></span> <span class='ocrx_word' id='word_1_91' title='bbox 752 1015 1006 1092; x_wconf 88' lang='lat' dir='ltr'><strong>pendent</strong></span> <span class='ocrx_word' id='word_1_92' title='bbox 1032 1037 1067 1076; x_wconf 90' lang='lat' dir='ltr'><strong>a</strong></span> <span class='ocrx_word' id='word_1_93' title='bbox 1096 1016 1325 1075; x_wconf 73' lang='lat' dir='ltr'><strong>Christo</strong></span> <span class='ocrx_word' id='word_1_94' title='bbox 1358 1016 1790 1076; x_wconf 87' lang='lat' dir='ltr'><strong>Sanctificatore</strong></span> <span class='ocrx_word' id='word_1_95' title='bbox 1817 1018 1918 1095; x_wconf 87' lang='lat' dir='ltr'><strong>qui</strong></span> <span class='ocrx_word' id='word_1_96' title='bbox 1945 1018 2184 1095; x_wconf 89' lang='lat' dir='ltr'><strong>implere</strong></span> <span class='ocrx_word' id='word_1_97' title='bbox 2211 1015 2386 1076; x_wconf 87' lang='lat' dir='ltr'><strong>debet</strong></span> <span class='ocrx_word' id='word_1_98' title='bbox 2411 1017 2474 1075; x_wconf 91' lang='lat' dir='ltr'><strong>in</strong></span> <span class='ocrx_word' id='word_1_99' title='bbox 2509 1014 2802 1089; x_wconf 82' lang='lat' dir='ltr'><strong>membris,</strong></span> <span class='ocrx_word' id='word_1_100' title='bbox 2831 1015 2988 1093; x_wconf 91' lang='lat' dir='ltr'><strong>quod</strong></span> 
     </span>
     <span class='ocr_line' id='line_1_10' title="bbox 588 1094 2988 1175; baseline 0 -22"><span class='ocrx_word' id='word_1_101' title='bbox 588 1094 831 1170; x_wconf 74' lang='lat' dir='ltr'><strong>perfecit</strong></span> <span class='ocrx_word' id='word_1_102' title='bbox 854 1094 919 1153; x_wconf 88' lang='lat' dir='ltr'><strong>in</strong></span> <span class='ocrx_word' id='word_1_103' title='bbox 946 1098 1151 1175; x_wconf 87' lang='lat' dir='ltr'><strong>capite.</strong></span> <span class='ocrx_word' id='word_1_104' title='bbox 1196 1096 1291 1155; x_wconf 89' lang='lat' dir='ltr'><strong>Ita</strong></span> <span class='ocrx_word' id='word_1_105' title='bbox 1309 1096 1479 1156; x_wconf 88' lang='lat' dir='ltr'><strong>nobis</strong></span> <span class='ocrx_word' id='word_1_106' title='bbox 1494 1098 1730 1173; x_wconf 88' lang='lat' dir='ltr'><strong>quidem</strong></span> <span class='ocrx_word' id='word_1_107' title='bbox 1759 1107 1848 1157; x_wconf 88' lang='lat' dir='ltr'><strong>est</strong></span> <span class='ocrx_word' id='word_1_108' title='bbox 1874 1097 2210 1175; x_wconf 87' lang='lat' dir='ltr'><strong>patiendum</strong></span> <span class='ocrx_word' id='word_1_109' title='bbox 2237 1116 2368 1156; x_wconf 89' lang='lat' dir='ltr'><strong>cum</strong></span> <span class='ocrx_word' id='word_1_110' title='bbox 2397 1096 2646 1171; x_wconf 76' lang='lat' dir='ltr'><strong>Christo,</strong></span> <span class='ocrx_word' id='word_1_111' title='bbox 2677 1098 2729 1153; x_wconf 89' lang='lat' dir='ltr'><strong>si</strong></span> <span class='ocrx_word' id='word_1_112' title='bbox 2753 1114 2882 1154; x_wconf 90' lang='lat' dir='ltr'><strong>cum</strong></span> <span class='ocrx_word' id='word_1_113' title='bbox 2903 1096 2988 1174; x_wconf 89' lang='lat' dir='ltr'><strong>ip-</strong></span> 
     </span>
     <span class='ocr_line' id='line_1_11' title="bbox 590 1174 2988 1255; baseline 0.001 -24"><span class='ocrx_word' id='word_1_114' title='bbox 590 1192 657 1231; x_wconf 89' lang='lat' dir='ltr'><strong>so</strong></span> <span class='ocrx_word' id='word_1_115' title='bbox 686 1174 998 1251; x_wconf 86' lang='lat' dir='ltr'><strong>glorificari</strong></span> <span class='ocrx_word' id='word_1_116' title='bbox 1040 1176 1329 1251; x_wconf 87' lang='lat' dir='ltr'><strong>volumus,</strong></span> <span class='ocrx_word' id='word_1_117' title='bbox 1359 1176 1498 1255; x_wconf 89' lang='lat' dir='ltr'><strong>quia</strong></span> <span class='ocrx_word' id='word_1_118' title='bbox 1524 1177 1601 1236; x_wconf 88' lang='lat' dir='ltr'><strong>ad</strong></span> <span class='ocrx_word' id='word_1_119' title='bbox 1645 1177 1706 1237; x_wconf 91' lang='lat' dir='ltr'><strong>id</strong></span> <span class='ocrx_word' id='word_1_120' title='bbox 1753 1178 2144 1255; x_wconf 62' lang='lat' dir='ltr'><strong>praedestinati</strong></span> <span class='ocrx_word' id='word_1_121' title='bbox 2181 1196 2398 1253; x_wconf 88' lang='lat' dir='ltr'><strong>snmus,</strong></span> <span class='ocrx_word' id='word_1_122' title='bbox 2429 1184 2495 1235; x_wconf 90' lang='lat' dir='ltr'><strong>ut</strong></span> <span class='ocrx_word' id='word_1_123' title='bbox 2521 1194 2690 1235; x_wconf 88' lang='lat' dir='ltr'><strong>nemo</strong></span> <span class='ocrx_word' id='word_1_124' title='bbox 2719 1194 2988 1234; x_wconf 90' lang='lat' dir='ltr'><strong>coronam</strong></span> 
     </span>
     <span class='ocr_line' id='line_1_12' title="bbox 590 1253 2990 1336; baseline 0.001 -25"><span class='ocrx_word' id='word_1_125' title='bbox 590 1253 791 1329; x_wconf 72' lang='lat' dir='ltr'><strong>gloriae</strong></span> <span class='ocrx_word' id='word_1_126' title='bbox 818 1275 951 1315; x_wconf 89' lang='lat' dir='ltr'><strong>cum</strong></span> <span class='ocrx_word' id='word_1_127' title='bbox 989 1256 1219 1316; x_wconf 88' lang='lat' dir='ltr'><strong>Christo</strong></span> <span class='ocrx_word' id='word_1_128' title='bbox 1246 1254 1393 1317; x_wconf 85' lang='lat' dir='ltr'><strong>ferat</strong></span> <span class='ocrx_word' id='word_1_129' title='bbox 1417 1256 1481 1316; x_wconf 87' lang='lat' dir='ltr'><strong>in</strong></span> <span class='ocrx_word' id='word_1_130' title='bbox 1507 1257 1688 1333; x_wconf 80' lang='lat' dir='ltr'><strong>ecelis,</strong></span> <span class='ocrx_word' id='word_1_131' title='bbox 1719 1258 1860 1335; x_wconf 88' lang='lat' dir='ltr'><strong>quin</strong></span> <span class='ocrx_word' id='word_1_132' title='bbox 1903 1278 2034 1317; x_wconf 89' lang='lat' dir='ltr'><strong>cum</strong></span> <span class='ocrx_word' id='word_1_133' title='bbox 2061 1258 2190 1336; x_wconf 87' lang='lat' dir='ltr'><strong>ipso</strong></span> <span class='ocrx_word' id='word_1_134' title='bbox 2215 1275 2485 1317; x_wconf 85' lang='lat' dir='ltr'><strong>coronam</strong></span> <span class='ocrx_word' id='word_1_135' title='bbox 2513 1255 2770 1333; x_wconf 86' lang='lat' dir='ltr'><strong>spineam</strong></span> <span class='ocrx_word' id='word_1_136' title='bbox 2799 1263 2990 1332; x_wconf 86' lang='lat' dir='ltr'><strong>gesta-</strong></span> 
     </span>
     <span class='ocr_line' id='line_1_13' title="bbox 590 1332 2990 1413; baseline 0.001 -21"><span class='ocrx_word' id='word_1_137' title='bbox 590 1332 667 1393; x_wconf 88' lang='lat' dir='ltr'><strong>rit</strong></span> <span class='ocrx_word' id='word_1_138' title='bbox 693 1334 753 1392; x_wconf 93' lang='lat' dir='ltr'><strong>in</strong></span> <span class='ocrx_word' id='word_1_139' title='bbox 780 1337 983 1397; x_wconf 86' lang='lat' dir='ltr'><strong>terris:</strong></span> <span class='ocrx_word' id='word_1_140' title='bbox 1028 1336 1147 1397; x_wconf 86' lang='lat' dir='ltr'><strong>Sed</strong></span> <span class='ocrx_word' id='word_1_141' title='bbox 1172 1356 1291 1396; x_wconf 88' lang='lat' dir='ltr'><strong>non</strong></span> <span class='ocrx_word' id='word_1_142' title='bbox 1316 1336 1449 1396; x_wconf 89' lang='lat' dir='ltr'><strong>ideo</strong></span> <span class='ocrx_word' id='word_1_143' title='bbox 1468 1356 1706 1397; x_wconf 89' lang='lat' dir='ltr'><strong>necesse</strong></span> <span class='ocrx_word' id='word_1_144' title='bbox 1734 1345 1822 1397; x_wconf 85' lang='lat' dir='ltr'><strong>est</strong></span> <span class='ocrx_word' id='word_1_145' title='bbox 1845 1345 1915 1397; x_wconf 91' lang='lat' dir='ltr'><strong>ut</strong></span> <span class='ocrx_word' id='word_1_146' title='bbox 1942 1336 2358 1397; x_wconf 84' lang='lat' dir='ltr'><strong>satisfaciamus</strong></span> <span class='ocrx_word' id='word_1_147' title='bbox 2380 1334 2864 1413; x_wconf 79' lang='lat' dir='ltr'><strong>quemadmodum</strong></span> <span class='ocrx_word' id='word_1_148' title='bbox 2891 1334 2990 1395; x_wconf 92' lang='lat' dir='ltr'><strong>ille</strong></span> 
     </span>
     <span class='ocr_line' id='line_1_14' title="bbox 592 1414 2989 1495; baseline 0.001 -23"><span class='ocrx_word' id='word_1_149' title='bbox 592 1414 903 1492; x_wconf 82' lang='lat' dir='ltr'><strong>satisfecit3</strong></span> <span class='ocrx_word' id='word_1_150' title='bbox 946 1417 1059 1477; x_wconf 88' lang='lat' dir='ltr'><strong>hoc</strong></span> <span class='ocrx_word' id='word_1_151' title='bbox 1084 1416 1239 1476; x_wconf 90' lang='lat' dir='ltr'><strong>enim</strong></span> <span class='ocrx_word' id='word_1_152' title='bbox 1268 1425 1357 1475; x_wconf 91' lang='lat' dir='ltr'><strong>est</strong></span> <span class='ocrx_word' id='word_1_153' title='bbox 1384 1417 1780 1495; x_wconf 79' lang='lat' dir='ltr'><strong>imputationis</strong></span> <span class='ocrx_word' id='word_1_154' title='bbox 1807 1417 2259 1491; x_wconf 85' lang='lat' dir='ltr'><strong>fundamentum,</strong></span> <span class='ocrx_word' id='word_1_155' title='bbox 2288 1435 2406 1475; x_wconf 90' lang='lat' dir='ltr'><strong>non</strong></span> <span class='ocrx_word' id='word_1_156' title='bbox 2434 1414 2772 1474; x_wconf 76' lang='lat' dir='ltr'><strong>imitationis</strong></span> <span class='ocrx_word' id='word_1_157' title='bbox 2799 1415 2989 1493; x_wconf 88' lang='lat' dir='ltr'><strong>objec-</strong></span> 
     </span>
     <span class='ocr_line' id='line_1_15' title="bbox 591 1494 2988 1632; baseline 0 -79"><span class='ocrx_word' id='word_1_158' title='bbox 591 1500 735 1632; x_wconf 52' lang='lat' dir='ltr'><strong>tuin.</strong></span> <span class='ocrx_word' id='word_1_159' title='bbox 820 1496 949 1555; x_wconf 90' lang='lat' dir='ltr'><strong>Imo</strong></span> <span class='ocrx_word' id='word_1_160' title='bbox 994 1506 1299 1575; x_wconf 87' lang='lat' dir='ltr'><strong>propterea</strong></span> <span class='ocrx_word' id='word_1_161' title='bbox 1327 1496 1589 1557; x_wconf 86' lang='lat' dir='ltr'><strong>Christus</strong></span> <span class='ocrx_word' id='word_1_162' title='bbox 1618 1496 1900 1557; x_wconf 74' lang='lat' dir='ltr'><strong>satisfecit</strong></span> <span class='ocrx_word' id='word_1_163' title='bbox 1923 1505 1990 1559; x_wconf 91' lang='lat' dir='ltr'><strong>ut</strong></span> <span class='ocrx_word' id='word_1_164' title='bbox 2036 1517 2073 1556; x_wconf 87' lang='lat' dir='ltr'><strong>a</strong></span> <span class='ocrx_word' id='word_1_165' title='bbox 2099 1494 2490 1557; x_wconf 82' lang='lat' dir='ltr'><strong>satisfaciendi</strong></span> <span class='ocrx_word' id='word_1_166' title='bbox 2515 1496 2860 1555; x_wconf 85' lang='lat' dir='ltr'><strong>necessitate</strong></span> <span class='ocrx_word' id='word_1_167' title='bbox 2887 1516 2988 1555; x_wconf 85' lang='lat' dir='ltr'><strong>ex·</strong></span> 
     </span>
     <span class='ocr_line' id='line_1_16' title="bbox 592 1592 966 1635; baseline 0.011 -4"><span class='ocrx_word' id='word_1_168' title='bbox 592 1592 659 1631; x_wconf 90' lang='lat' dir='ltr'><strong>so</strong></span> <span class='ocrx_word' id='word_1_169' title='bbox 686 1594 966 1635; x_wconf 83' lang='lat' dir='ltr'><strong>veremur.</strong></span> 
     </span>
    </p>

    <p class='ocr_par' dir='ltr' id='par_1_5' title="bbox 589 1652 3010 3075">
     <span class='ocr_line' id='line_1_17' title="bbox 672 1652 2990 1735; baseline 0.001 -24"><span class='ocrx_word' id='word_1_170' title='bbox 672 1652 1000 1715; x_wconf 86' lang='lat' dir='ltr'>XXXIV.</span> <span class='ocrx_word' id='word_1_171' title='bbox 1046 1658 1129 1717; x_wconf 82' lang='lat'><strong>3⁰.</strong></span> <span class='ocrx_word' id='word_1_172' title='bbox 1172 1656 1674 1735; x_wconf 86' lang='lat' dir='ltr'><strong>Argumentantur</strong></span> <span class='ocrx_word' id='word_1_173' title='bbox 1710 1675 1747 1714; x_wconf 92' lang='lat' dir='ltr'><strong>a</strong></span> <span class='ocrx_word' id='word_1_174' title='bbox 1771 1655 2047 1733; x_wconf 63' lang='lat' dir='ltr'><strong>Reliquias</strong></span> <span class='ocrx_word' id='word_1_175' title='bbox 2077 1655 2306 1733; x_wconf 76' lang='lat' dir='ltr'><strong>peccati</strong></span> <span class='ocrx_word' id='word_1_176' title='bbox 2347 1674 2476 1733; x_wconf 76' lang='lat' dir='ltr'><strong>quoe</strong></span> <span class='ocrx_word' id='word_1_177' title='bbox 2511 1654 2576 1713; x_wconf 89' lang='lat' dir='ltr'><strong>in</strong></span> <span class='ocrx_word' id='word_1_178' title='bbox 2609 1654 2781 1714; x_wconf 86' lang='lat' dir='ltr'><strong>nobis</strong></span> <span class='ocrx_word' id='word_1_179' title='bbox 2807 1674 2990 1714; x_wconf 87' lang='lat' dir='ltr'><strong>rema-</strong></span> 
     </span>
     <span class='ocr_line' id='line_1_18' title="bbox 589 1733 2994 1814; baseline 0.002 -25"><span class='ocrx_word' id='word_1_180' title='bbox 589 1740 747 1791; x_wconf 84' lang='lat' dir='ltr'><strong>nent.</strong></span> <span class='ocrx_word' id='word_1_181' title='bbox 798 1734 863 1793; x_wconf 83' lang='lat' dir='ltr'><strong>Si</strong></span> <span class='ocrx_word' id='word_1_182' title='bbox 887 1742 1207 1811; x_wconf 85' lang='lat' dir='ltr'><strong>peccatum,</strong></span> <span class='ocrx_word' id='word_1_183' title='bbox 1233 1736 1521 1814; x_wconf 88' lang='lat' dir='ltr'><strong>inquiunt,</strong></span> <span class='ocrx_word' id='word_1_184' title='bbox 1550 1735 1832 1813; x_wconf 83' lang='lat' dir='ltr'><strong>quasdam</strong></span> <span class='ocrx_word' id='word_1_185' title='bbox 1858 1736 1950 1795; x_wconf 89' lang='lat' dir='ltr'><strong>sui</strong></span> <span class='ocrx_word' id='word_1_186' title='bbox 1969 1736 2244 1813; x_wconf 87' lang='lat' dir='ltr'><strong>reliquias</strong></span> <span class='ocrx_word' id='word_1_187' title='bbox 2270 1736 2333 1794; x_wconf 91' lang='lat' dir='ltr'><strong>in</strong></span> <span class='ocrx_word' id='word_1_188' title='bbox 2353 1734 2546 1794; x_wconf 88' lang='lat' dir='ltr'><strong>anima</strong></span> <span class='ocrx_word' id='word_1_189' title='bbox 2570 1733 2880 1813; x_wconf 86' lang='lat' dir='ltr'><strong>impressas</strong></span> <span class='ocrx_word' id='word_1_190' title='bbox 2907 1734 2994 1794; x_wconf 90' lang='lat' dir='ltr'><strong>di-</strong></span> 
     </span>
     <span class='ocr_line' id='line_1_19' title="bbox 590 1810 2999 1893; baseline 0.003 -25"><span class='ocrx_word' id='word_1_191' title='bbox 590 1810 785 1887; x_wconf 86' lang='lat' dir='ltr'><strong>mittit,</strong></span> <span class='ocrx_word' id='word_1_192' title='bbox 814 1822 875 1874; x_wconf 88' lang='lat' dir='ltr'><strong>et</strong></span> <span class='ocrx_word' id='word_1_193' title='bbox 900 1814 1165 1891; x_wconf 59' lang='lat' dir='ltr'><strong>quiedam</strong></span> <span class='ocrx_word' id='word_1_194' title='bbox 1190 1816 1355 1875; x_wconf 83' lang='lat' dir='ltr'><strong>velut</strong></span> <span class='ocrx_word' id='word_1_195' title='bbox 1375 1816 1626 1893; x_wconf 83' lang='lat' dir='ltr'><strong>vestigia</strong></span> <span class='ocrx_word' id='word_1_196' title='bbox 1645 1835 1774 1893; x_wconf 75' lang='lat' dir='ltr'><strong>quae</strong></span> <span class='ocrx_word' id='word_1_197' title='bbox 1793 1815 2034 1875; x_wconf 88' lang='lat' dir='ltr'><strong>remisso</strong></span> <span class='ocrx_word' id='word_1_198' title='bbox 2049 1822 2288 1893; x_wconf 87' lang='lat' dir='ltr'><strong>peccato</strong></span> <span class='ocrx_word' id='word_1_199' title='bbox 2312 1823 2628 1890; x_wconf 85' lang='lat' dir='ltr'><strong>remanent,</strong></span> <span class='ocrx_word' id='word_1_200' title='bbox 2651 1834 2888 1874; x_wconf 87' lang='lat' dir='ltr'><strong>neccsse</strong></span> <span class='ocrx_word' id='word_1_201' title='bbox 2904 1823 2999 1875; x_wconf 86' lang='lat' dir='ltr'><strong>est</strong></span> 
     </span>
     <span class='ocr_line' id='line_1_20' title="bbox 590 1890 2995 1971; baseline 0.002 -21"><span class='ocrx_word' id='word_1_202' title='bbox 590 1890 666 1950; x_wconf 89' lang='lat' dir='ltr'><strong>ad</strong></span> <span class='ocrx_word' id='word_1_203' title='bbox 694 1891 825 1953; x_wconf 87' lang='lat' dir='ltr'><strong>illas</strong></span> <span class='ocrx_word' id='word_1_204' title='bbox 850 1894 1125 1971; x_wconf 79' lang='lat' dir='ltr'><strong>reliquias</strong></span> <span class='ocrx_word' id='word_1_205' title='bbox 1152 1894 1467 1957; x_wconf 84' lang='lat' dir='ltr'><strong>abolendas</strong></span> <span class='ocrx_word' id='word_1_206' title='bbox 1487 1915 1563 1956; x_wconf 83' lang='lat' dir='ltr'><strong>ex</strong></span> <span class='ocrx_word' id='word_1_207' title='bbox 1590 1896 1870 1955; x_wconf 83' lang='lat' dir='ltr'><strong>charitate</strong></span> <span class='ocrx_word' id='word_1_208' title='bbox 1891 1896 2239 1971; x_wconf 82' lang='lat' dir='ltr'><strong>satisfacere,</strong></span> <span class='ocrx_word' id='word_1_209' title='bbox 2269 1903 2329 1956; x_wconf 84' lang='lat' dir='ltr'><strong>et</strong></span> <span class='ocrx_word' id='word_1_210' title='bbox 2355 1902 2518 1955; x_wconf 88' lang='lat' dir='ltr'><strong>actus</strong></span> <span class='ocrx_word' id='word_1_211' title='bbox 2538 1894 2656 1954; x_wconf 88' lang='lat' dir='ltr'><strong>illis</strong></span> <span class='ocrx_word' id='word_1_212' title='bbox 2675 1895 2995 1955; x_wconf 87' lang='lat' dir='ltr'><strong>contrarios</strong></span> 
     </span>
     <span class='ocr_line' id='line_1_21' title="bbox 590 1960 2994 2055; baseline 0.001 -24"><span class='ocrx_word' id='word_1_213' title='bbox 590 1960 887 2052; x_wconf 45' lang='lat' dir='ltr'><strong>exos-cerm</strong></span> <span class='ocrx_word' id='word_1_214' title='bbox 920 1974 1007 2035; x_wconf 90' lang='lat' dir='ltr'><strong>At</strong></span> <span class='ocrx_word' id='word_1_215' title='bbox 1032 1995 1234 2037; x_wconf 80' lang='lat' dir='ltr'><strong>verum</strong></span> <span class='ocrx_word' id='word_1_216' title='bbox 1262 1976 1458 2055; x_wconf 81' lang='lat' dir='ltr'><strong>prius:</strong></span> <span class='ocrx_word' id='word_1_217' title='bbox 1486 1977 1559 2035; x_wconf 90' lang='lat' dir='ltr'><strong>E.</strong></span> <span class='ocrx_word' id='word_1_218' title='bbox 1610 1976 1808 2055; x_wconf 71' lang='lat' dir='ltr'><strong>Resp„</strong></span> <span class='ocrx_word' id='word_1_219' title='bbox 1836 1979 1888 2036; x_wconf 92' lang='lat'><strong>1.</strong></span> <span class='ocrx_word' id='word_1_220' title='bbox 1916 1978 2138 2037; x_wconf 88' lang='lat' dir='ltr'><strong>Damus</strong></span> <span class='ocrx_word' id='word_1_221' title='bbox 2164 1975 2437 2054; x_wconf 85' lang='lat' dir='ltr'><strong>reliquias</strong></span> <span class='ocrx_word' id='word_1_222' title='bbox 2462 1974 2686 2054; x_wconf 90' lang='lat' dir='ltr'><strong>peccati</strong></span> <span class='ocrx_word' id='word_1_223' title='bbox 2712 1975 2904 2034; x_wconf 82' lang='lat' dir='ltr'><strong>varias</strong></span> <span class='ocrx_word' id='word_1_224' title='bbox 2928 1974 2994 2033; x_wconf 91' lang='lat' dir='ltr'><strong>in</strong></span> 
     </span>
     <span class='ocr_line' id='line_1_22' title="bbox 590 2053 2998 2136; baseline 0.002 -25"><span class='ocrx_word' id='word_1_225' title='bbox 590 2053 761 2113; x_wconf 87' lang='lat' dir='ltr'><strong>nobis</strong></span> <span class='ocrx_word' id='word_1_226' title='bbox 788 2075 1019 2116; x_wconf 87' lang='lat' dir='ltr'><strong>manere</strong></span> <span class='ocrx_word' id='word_1_227' title='bbox 1046 2057 1221 2117; x_wconf 89' lang='lat' dir='ltr'><strong>etiam</strong></span> <span class='ocrx_word' id='word_1_228' title='bbox 1247 2057 1490 2117; x_wconf 86' lang='lat' dir='ltr'><strong>remisso</strong></span> <span class='ocrx_word' id='word_1_229' title='bbox 1532 2065 1790 2135; x_wconf 81' lang='lat' dir='ltr'><strong>peccate,</strong></span> <span class='ocrx_word' id='word_1_230' title='bbox 1813 2065 1874 2117; x_wconf 92' lang='lat' dir='ltr'><strong>et</strong></span> <span class='ocrx_word' id='word_1_231' title='bbox 1889 2056 2124 2136; x_wconf 88' lang='lat' dir='ltr'><strong>quidem</strong></span> <span class='ocrx_word' id='word_1_232' title='bbox 2153 2076 2304 2135; x_wconf 82' lang='lat' dir='ltr'><strong>saepe</strong></span> <span class='ocrx_word' id='word_1_233' title='bbox 2331 2056 2478 2116; x_wconf 83' lang='lat' dir='ltr'><strong>tales</strong></span> <span class='ocrx_word' id='word_1_234' title='bbox 2505 2076 2636 2133; x_wconf 82' lang='lat' dir='ltr'><strong>quae</strong></span> <span class='ocrx_word' id='word_1_235' title='bbox 2663 2055 2910 2132; x_wconf 82' lang='lat' dir='ltr'><strong>suspiria</strong></span> <span class='ocrx_word' id='word_1_236' title='bbox 2935 2065 2998 2117; x_wconf 89' lang='lat' dir='ltr'><strong>et</strong></span> 
     </span>
     <span class='ocr_line' id='line_1_23' title="bbox 593 2134 2996 2211; baseline 0.001 -18"><span class='ocrx_word' id='word_1_237' title='bbox 593 2134 845 2210; x_wconf 86' lang='lat' dir='ltr'><strong>gemitus</strong></span> <span class='ocrx_word' id='word_1_238' title='bbox 871 2155 908 2194; x_wconf 89' lang='lat' dir='ltr'><strong>a</strong></span> <span class='ocrx_word' id='word_1_239' title='bbox 932 2135 1093 2197; x_wconf 87' lang='lat' dir='ltr'><strong>fideli</strong></span> <span class='ocrx_word' id='word_1_240' title='bbox 1136 2138 1525 2198; x_wconf 86' lang='lat' dir='ltr'><strong>amarissimos</strong></span> <span class='ocrx_word' id='word_1_241' title='bbox 1568 2137 1804 2197; x_wconf 86' lang='lat' dir='ltr'><strong>eliciant</strong></span> <span class='ocrx_word' id='word_1_242' title='bbox 1829 2136 1968 2197; x_wconf 89' lang='lat' dir='ltr'><strong>dum</strong></span> <span class='ocrx_word' id='word_1_243' title='bbox 2009 2137 2173 2197; x_wconf 77' lang='lat' dir='ltr'><strong>videt</strong></span> <span class='ocrx_word' id='word_1_244' title='bbox 2199 2157 2262 2196; x_wconf 89' lang='lat' dir='ltr'><strong>se</strong></span> <span class='ocrx_word' id='word_1_245' title='bbox 2289 2136 2364 2197; x_wconf 86' lang='lat' dir='ltr'><strong>ab</strong></span> <span class='ocrx_word' id='word_1_246' title='bbox 2391 2136 2464 2195; x_wconf 90' lang='lat' dir='ltr'><strong>iis</strong></span> <span class='ocrx_word' id='word_1_247' title='bbox 2489 2155 2608 2195; x_wconf 90' lang='lat' dir='ltr'><strong>non</strong></span> <span class='ocrx_word' id='word_1_248' title='bbox 2631 2154 2762 2194; x_wconf 86' lang='lat' dir='ltr'><strong>raro</strong></span> <span class='ocrx_word' id='word_1_249' title='bbox 2789 2140 2996 2211; x_wconf 67' lang='grc' dir='ltr'><strong>αἰχμο-</strong></span> 
     </span>
     <span class='ocr_line' id='line_1_24' title="bbox 596 2214 2994 2295; baseline 0.001 -23"><span class='ocrx_word' id='word_1_250' title='bbox 596 2214 883 2291; x_wconf 66' lang='grc' dir='ltr'><strong>λοτιζισῦα</strong></span> <span class='ocrx_word' id='word_1_251' title='bbox 910 2224 971 2275; x_wconf 88' lang='lat' dir='ltr'><strong>et</strong></span> <span class='ocrx_word' id='word_1_252' title='bbox 998 2216 1107 2275; x_wconf 92' lang='lat' dir='ltr'><strong>sub</strong></span> <span class='ocrx_word' id='word_1_253' title='bbox 1127 2217 1339 2295; x_wconf 86' lang='lat' dir='ltr'><strong>jugum</strong></span> <span class='ocrx_word' id='word_1_254' title='bbox 1362 2216 1539 2293; x_wconf 86' lang='lat' dir='ltr'><strong>Legis</strong></span> <span class='ocrx_word' id='word_1_255' title='bbox 1560 2217 1946 2277; x_wconf 88' lang='lat' dir='ltr'><strong>membrorum</strong></span> <span class='ocrx_word' id='word_1_256' title='bbox 1975 2217 2166 2277; x_wconf 91' lang='lat' dir='ltr'><strong>denuo</strong></span> <span class='ocrx_word' id='word_1_257' title='bbox 2193 2216 2424 2291; x_wconf 76' lang='lat' dir='ltr'><strong>retmhi,</strong></span> <span class='ocrx_word' id='word_1_258' title='bbox 2457 2216 2627 2275; x_wconf 85' lang='lat' dir='ltr'><strong>Rom.</strong></span> <span class='ocrx_word' id='word_1_259' title='bbox 2647 2214 2750 2274; x_wconf 83' lang='lat' dir='ltr'><strong>vii.</strong></span> <span class='ocrx_word' id='word_1_260' title='bbox 2773 2219 2868 2290; x_wconf 85' lang='grc'><strong>22,</strong></span> <span class='ocrx_word' id='word_1_261' title='bbox 2895 2219 2994 2275; x_wconf 86' lang='grc'><strong>23.</strong></span> 
     </span>
     <span class='ocr_line' id='line_1_25' title="bbox 600 2292 2999 2372; baseline 0.002 -21"><span class='ocrx_word' id='word_1_262' title='bbox 600 2292 718 2351; x_wconf 85' lang='lat' dir='ltr'><strong>Sed</strong></span> <span class='ocrx_word' id='word_1_263' title='bbox 759 2295 885 2353; x_wconf 75' lang='lat' dir='ltr'><strong>istae</strong></span> <span class='ocrx_word' id='word_1_264' title='bbox 914 2295 1173 2371; x_wconf 72' lang='lat' dir='ltr'><strong>reliquiae</strong></span> <span class='ocrx_word' id='word_1_265' title='bbox 1200 2296 1631 2372; x_wconf 85' lang='lat' dir='ltr'><strong>qualescunque</strong></span> <span class='ocrx_word' id='word_1_266' title='bbox 1659 2294 1890 2355; x_wconf 87' lang='lat' dir='ltr'><strong>demum</strong></span> <span class='ocrx_word' id='word_1_267' title='bbox 1921 2297 2038 2355; x_wconf 89' lang='lat' dir='ltr'><strong>sint</strong></span> <span class='ocrx_word' id='word_1_268' title='bbox 2063 2316 2182 2354; x_wconf 88' lang='lat' dir='ltr'><strong>non</strong></span> <span class='ocrx_word' id='word_1_269' title='bbox 2207 2296 2336 2354; x_wconf 84' lang='lat' dir='ltr'><strong>tolli</strong></span> <span class='ocrx_word' id='word_1_270' title='bbox 2363 2295 2579 2355; x_wconf 86' lang='lat' dir='ltr'><strong>debent</strong></span> <span class='ocrx_word' id='word_1_271' title='bbox 2605 2314 2709 2372; x_wconf 89' lang='lat' dir='ltr'><strong>per</strong></span> <span class='ocrx_word' id='word_1_272' title='bbox 2735 2294 2999 2355; x_wconf 78' lang='lat' dir='ltr'><strong>satisfac·</strong></span> 
     </span>
     <span class='ocr_line' id='line_1_26' title="bbox 590 2370 3002 2451; baseline 0.001 -20"><span class='ocrx_word' id='word_1_273' title='bbox 590 2370 825 2445; x_wconf 83' lang='lat' dir='ltr'><strong>tionem,</strong></span> <span class='ocrx_word' id='word_1_274' title='bbox 856 2372 961 2431; x_wconf 87' lang='lat' dir='ltr'><strong>sed</strong></span> <span class='ocrx_word' id='word_1_275' title='bbox 986 2392 1089 2449; x_wconf 87' lang='lat' dir='ltr'><strong>per</strong></span> <span class='ocrx_word' id='word_1_276' title='bbox 1105 2374 1609 2447; x_wconf 71' lang='lat' dir='ltr'><strong>sanctificationem,</strong></span> <span class='ocrx_word' id='word_1_277' title='bbox 1641 2382 1701 2430; x_wconf 92' lang='lat' dir='ltr'><strong>et</strong></span> <span class='ocrx_word' id='word_1_278' title='bbox 1728 2374 2063 2433; x_wconf 85' lang='lat' dir='ltr'><strong>continuum</strong></span> <span class='ocrx_word' id='word_1_279' title='bbox 2085 2374 2424 2451; x_wconf 85' lang='lat' dir='ltr'><strong>poenitentia</strong></span> <span class='ocrx_word' id='word_1_280' title='bbox 2449 2374 2790 2433; x_wconf 85' lang='lat' dir='ltr'><strong>exercitium</strong></span> <span class='ocrx_word' id='word_1_281' title='bbox 2813 2397 2828 2450; x_wconf 80' lang='lat'><em>3</em></span> <span class='ocrx_word' id='word_1_282' title='bbox 2860 2376 3002 2451; x_wconf 88' lang='lat' dir='ltr'><strong>quia</strong></span> 
     </span>
     <span class='ocr_line' id='line_1_27' title="bbox 590 2450 3004 2529; baseline 0.003 -22"><span class='ocrx_word' id='word_1_283' title='bbox 590 2468 709 2507; x_wconf 89' lang='lat' dir='ltr'><strong>non</strong></span> <span class='ocrx_word' id='word_1_284' title='bbox 736 2450 1025 2527; x_wconf 88' lang='lat' dir='ltr'><strong>pertinent</strong></span> <span class='ocrx_word' id='word_1_285' title='bbox 1050 2450 1127 2509; x_wconf 88' lang='lat' dir='ltr'><strong>ad</strong></span> <span class='ocrx_word' id='word_1_286' title='bbox 1154 2451 1380 2528; x_wconf 86' lang='lat' dir='ltr'><strong>culpam</strong></span> <span class='ocrx_word' id='word_1_287' title='bbox 1410 2469 1540 2527; x_wconf 84' lang='lat' dir='ltr'><strong>quae</strong></span> <span class='ocrx_word' id='word_1_288' title='bbox 1566 2450 1808 2509; x_wconf 89' lang='lat' dir='ltr'><strong>remissa</strong></span> <span class='ocrx_word' id='word_1_289' title='bbox 1854 2459 1944 2510; x_wconf 91' lang='lat' dir='ltr'><strong>est</strong></span> <span class='ocrx_word' id='word_1_290' title='bbox 1970 2452 2031 2509; x_wconf 92' lang='lat' dir='ltr'><strong>in</strong></span> <span class='ocrx_word' id='word_1_291' title='bbox 2065 2452 2290 2529; x_wconf 84' lang='lat' dir='ltr'><strong>judicio</strong></span> <span class='ocrx_word' id='word_1_292' title='bbox 2319 2452 2449 2528; x_wconf 90' lang='lat' dir='ltr'><strong>Dei,</strong></span> <span class='ocrx_word' id='word_1_293' title='bbox 2481 2452 2587 2511; x_wconf 86' lang='lat' dir='ltr'><strong>sed</strong></span> <span class='ocrx_word' id='word_1_294' title='bbox 2613 2452 2689 2510; x_wconf 87' lang='lat' dir='ltr'><strong>ad</strong></span> <span class='ocrx_word' id='word_1_295' title='bbox 2715 2458 3004 2514; x_wconf 83' lang='lat' dir='ltr'><strong>maculam</strong></span> 
     </span>
     <span class='ocr_line' id='line_1_28' title="bbox 589 2528 3008 2608; baseline 0.003 -22"><span class='ocrx_word' id='word_1_296' title='bbox 589 2548 720 2606; x_wconf 77' lang='lat' dir='ltr'><strong>quse</strong></span> <span class='ocrx_word' id='word_1_297' title='bbox 742 2530 801 2587; x_wconf 88' lang='lat' dir='ltr'><strong>in</strong></span> <span class='ocrx_word' id='word_1_298' title='bbox 828 2528 997 2589; x_wconf 87' lang='lat' dir='ltr'><strong>nobis</strong></span> <span class='ocrx_word' id='word_1_299' title='bbox 1024 2538 1235 2605; x_wconf 88' lang='lat' dir='ltr'><strong>manet,</strong></span> <span class='ocrx_word' id='word_1_300' title='bbox 1258 2538 1317 2589; x_wconf 90' lang='lat' dir='ltr'><strong>et</strong></span> <span class='ocrx_word' id='word_1_301' title='bbox 1344 2549 1473 2608; x_wconf 80' lang='lat' dir='ltr'><strong>quae</strong></span> <span class='ocrx_word' id='word_1_302' title='bbox 1494 2528 1831 2607; x_wconf 87' lang='lat' dir='ltr'><strong>quotidiano</strong></span> <span class='ocrx_word' id='word_1_303' title='bbox 1857 2530 2090 2608; x_wconf 88' lang='lat' dir='ltr'><strong>pietatis</strong></span> <span class='ocrx_word' id='word_1_304' title='bbox 2109 2530 2302 2589; x_wconf 88' lang='lat' dir='ltr'><strong>studio</strong></span> <span class='ocrx_word' id='word_1_305' title='bbox 2323 2529 2498 2589; x_wconf 87' lang='lat' dir='ltr'><strong>debet</strong></span> <span class='ocrx_word' id='word_1_306' title='bbox 2523 2530 2800 2606; x_wconf 86' lang='lat' dir='ltr'><strong>paulatim</strong></span> <span class='ocrx_word' id='word_1_307' title='bbox 2828 2552 3008 2593; x_wconf 87' lang='lat' dir='ltr'><strong>mun-</strong></span> 
     </span>
     <span class='ocr_line' id='line_1_29' title="bbox 592 2608 3008 2688; baseline 0.001 -20"><span class='ocrx_word' id='word_1_308' title='bbox 592 2608 733 2685; x_wconf 88' lang='lat' dir='ltr'><strong>dari,</strong></span> <span class='ocrx_word' id='word_1_309' title='bbox 778 2618 847 2669; x_wconf 95' lang='lat' dir='ltr'><strong>ut</strong></span> <span class='ocrx_word' id='word_1_310' title='bbox 868 2610 1139 2669; x_wconf 86' lang='lat' dir='ltr'><strong>contrarii</strong></span> <span class='ocrx_word' id='word_1_311' title='bbox 1166 2610 1489 2671; x_wconf 84' lang='lat' dir='ltr'><strong>sanctitatis</strong></span> <span class='ocrx_word' id='word_1_312' title='bbox 1524 2618 1585 2669; x_wconf 89' lang='lat' dir='ltr'><strong>ct</strong></span> <span class='ocrx_word' id='word_1_313' title='bbox 1619 2609 1866 2687; x_wconf 71' lang='lat' dir='ltr'><strong>justitiae</strong></span> <span class='ocrx_word' id='word_1_314' title='bbox 1891 2609 2124 2670; x_wconf 84' lang='lat' dir='ltr'><strong>habitus</strong></span> <span class='ocrx_word' id='word_1_315' title='bbox 2152 2629 2189 2669; x_wconf 88' lang='lat' dir='ltr'><strong>a</strong></span> <span class='ocrx_word' id='word_1_316' title='bbox 2219 2609 2436 2688; x_wconf 86' lang='lat' dir='ltr'><strong>Spiritu</strong></span> <span class='ocrx_word' id='word_1_317' title='bbox 2467 2609 2682 2668; x_wconf 86' lang='lat' dir='ltr'><strong>Sancto</strong></span> <span class='ocrx_word' id='word_1_318' title='bbox 2707 2609 2878 2669; x_wconf 88' lang='lat' dir='ltr'><strong>nobis</strong></span> <span class='ocrx_word' id='word_1_319' title='bbox 2907 2612 3008 2671; x_wconf 92' lang='lat' dir='ltr'><strong>in-</strong></span> 
     </span>
     <span class='ocr_line' id='line_1_30' title="bbox 592 2686 3006 2769; baseline 0.002 -21"><span class='ocrx_word' id='word_1_320' title='bbox 592 2686 703 2749; x_wconf 88' lang='lat' dir='ltr'><strong>diti</strong></span> <span class='ocrx_word' id='word_1_321' title='bbox 722 2690 909 2769; x_wconf 81' lang='lat' dir='ltr'><strong>magis</strong></span> <span class='ocrx_word' id='word_1_322' title='bbox 926 2710 994 2750; x_wconf 83' lang='lat' dir='ltr'><strong>ac</strong></span> <span class='ocrx_word' id='word_1_323' title='bbox 1020 2692 1209 2769; x_wconf 88' lang='lat' dir='ltr'><strong>magis</strong></span> <span class='ocrx_word' id='word_1_324' title='bbox 1234 2691 1576 2751; x_wconf 82' lang='lat' dir='ltr'><strong>roborentur</strong></span> <span class='ocrx_word' id='word_1_325' title='bbox 1602 2696 1662 2749; x_wconf 89' lang='lat' dir='ltr'><strong>et</strong></span> <span class='ocrx_word' id='word_1_326' title='bbox 1687 2690 2072 2768; x_wconf 85' lang='lat' dir='ltr'><strong>perficiantur.</strong></span> <span class='ocrx_word' id='word_1_327' title='bbox 2129 2690 2224 2750; x_wconf 88' lang='lat' dir='ltr'><strong>Ita</strong></span> <span class='ocrx_word' id='word_1_328' title='bbox 2245 2688 2613 2750; x_wconf 76' lang='lat' dir='ltr'><strong>&#39;commendat</strong></span> <span class='ocrx_word' id='word_1_329' title='bbox 2639 2688 2873 2766; x_wconf 88' lang='lat' dir='ltr'><strong>quidem</strong></span> <span class='ocrx_word' id='word_1_330' title='bbox 2901 2710 3006 2753; x_wconf 88' lang='lat' dir='ltr'><strong>ra-</strong></span> 
     </span>
     <span class='ocr_line' id='line_1_31' title="bbox 592 2768 3010 2849; baseline 0.002 -20"><span class='ocrx_word' id='word_1_331' title='bbox 592 2770 675 2829; x_wconf 91' lang='lat' dir='ltr'><strong>tio</strong></span> <span class='ocrx_word' id='word_1_332' title='bbox 705 2771 883 2833; x_wconf 89' lang='lat' dir='ltr'><strong>allata</strong></span> <span class='ocrx_word' id='word_1_333' title='bbox 908 2772 1377 2832; x_wconf 84' lang='lat' dir='ltr'><strong>sanctificationis</strong></span> <span class='ocrx_word' id='word_1_334' title='bbox 1396 2769 1816 2847; x_wconf 86' lang='lat' dir='ltr'><strong>necessitatem,</strong></span> <span class='ocrx_word' id='word_1_335' title='bbox 1845 2790 1976 2849; x_wconf 76' lang='lat' dir='ltr'><strong>quse</strong></span> <span class='ocrx_word' id='word_1_336' title='bbox 2002 2779 2126 2831; x_wconf 89' lang='lat' dir='ltr'><strong>toto</strong></span> <span class='ocrx_word' id='word_1_337' title='bbox 2153 2771 2292 2829; x_wconf 77' lang='lat' dir='ltr'><strong>vitae</strong></span> <span class='ocrx_word' id='word_1_338' title='bbox 2317 2778 2530 2830; x_wconf 66' lang='lat' dir='ltr'><strong>nostrae</strong></span> <span class='ocrx_word' id='word_1_339' title='bbox 2551 2768 2795 2830; x_wconf 84' lang='lat' dir='ltr'><strong>decursu</strong></span> <span class='ocrx_word' id='word_1_340' title='bbox 2823 2770 3010 2833; x_wconf 88' lang='lat' dir='ltr'><strong>debet</strong></span> 
     </span>
     <span class='ocr_line' id='line_1_32' title="bbox 594 2849 3000 2931; baseline 0 -21"><span class='ocrx_word' id='word_1_341' title='bbox 594 2851 917 2913; x_wconf 83' lang='lat' dir='ltr'><strong>continuari</strong></span> <span class='ocrx_word' id='word_1_342' title='bbox 964 2852 1039 2912; x_wconf 90' lang='lat' dir='ltr'><strong>ad</strong></span> <span class='ocrx_word' id='word_1_343' title='bbox 1066 2852 1341 2931; x_wconf 87' lang='lat' dir='ltr'><strong>reliquias</strong></span> <span class='ocrx_word' id='word_1_344' title='bbox 1388 2852 1531 2913; x_wconf 86' lang='lat' dir='ltr'><strong>istas</strong></span> <span class='ocrx_word' id='word_1_345' title='bbox 1550 2851 1773 2930; x_wconf 86' lang='lat' dir='ltr'><strong>peccati</strong></span> <span class='ocrx_word' id='word_1_346' title='bbox 1801 2851 2194 2927; x_wconf 88' lang='lat' dir='ltr'><strong>eradicandas,</strong></span> <span class='ocrx_word' id='word_1_347' title='bbox 2225 2850 2327 2911; x_wconf 88' lang='lat' dir='ltr'><strong>sed</strong></span> <span class='ocrx_word' id='word_1_348' title='bbox 2355 2850 2503 2909; x_wconf 88' lang='lat' dir='ltr'><strong>nihil</strong></span> <span class='ocrx_word' id='word_1_349' title='bbox 2530 2849 2668 2910; x_wconf 88' lang='lat' dir='ltr'><strong>facit</strong></span> <span class='ocrx_word' id='word_1_350' title='bbox 2696 2870 2798 2928; x_wconf 88' lang='lat' dir='ltr'><strong>pro</strong></span> <span class='ocrx_word' id='word_1_351' title='bbox 2827 2852 3000 2911; x_wconf 84' lang='lat' dir='ltr'><strong>satis·</strong></span> 
     </span>
     <span class='ocr_line' id='line_1_33' title="bbox 594 2930 3004 3013; baseline 0.001 -24"><span class='ocrx_word' id='word_1_352' title='bbox 594 2930 941 2994; x_wconf 81' lang='lat' dir='ltr'><strong>factionibus</strong></span> <span class='ocrx_word' id='word_1_353' title='bbox 982 2933 1055 2993; x_wconf 90' lang='lat' dir='ltr'><strong>de</strong></span> <span class='ocrx_word' id='word_1_354' title='bbox 1082 2934 1295 3011; x_wconf 88' lang='lat' dir='ltr'><strong>quibus</strong></span> <span class='ocrx_word' id='word_1_355' title='bbox 1320 2932 1628 3013; x_wconf 88' lang='lat' dir='ltr'><strong>loquimur,</strong></span> <span class='ocrx_word' id='word_1_356' title='bbox 1657 2952 1789 3010; x_wconf 81' lang='lat' dir='ltr'><strong>quae</strong></span> <span class='ocrx_word' id='word_1_357' title='bbox 1825 2932 2074 2992; x_wconf 89' lang='lat' dir='ltr'><strong>tendunt</strong></span> <span class='ocrx_word' id='word_1_358' title='bbox 2101 2932 2176 2991; x_wconf 89' lang='lat' dir='ltr'><strong>ad</strong></span> <span class='ocrx_word' id='word_1_359' title='bbox 2201 2940 2423 2991; x_wconf 90' lang='lat' dir='ltr'><strong>reatum</strong></span> <span class='ocrx_word' id='word_1_360' title='bbox 2451 2950 2638 3010; x_wconf 82' lang='lat' dir='ltr'><strong>poenae</strong></span> <span class='ocrx_word' id='word_1_361' title='bbox 2665 2932 3004 3009; x_wconf 82' lang='lat' dir='ltr'><strong>temporalis</strong></span> 
     </span>
     <span class='ocr_line' id='line_1_34' title="bbox 596 3012 990 3075; baseline 0.01 -4"><span class='ocrx_word' id='word_1_362' title='bbox 596 3012 990 3075; x_wconf 81' lang='lat' dir='ltr'><strong>auferendum.</strong></span> 
     </span>
    </p>

    <p class='ocr_par' dir='ltr' id='par_1_6' title="bbox 592 3090 3007 3731">
     <span class='ocr_line' id='line_1_35' title="bbox 678 3090 3003 3173; baseline -0 -22"><span class='ocrx_word' id='word_1_363' title='bbox 678 3092 963 3153; x_wconf 86' lang='lat' dir='ltr'>XXXV.</span> <span class='ocrx_word' id='word_1_364' title='bbox 1012 3098 1094 3153; x_wconf 82' lang='lat'><strong>4⁰.</strong></span> <span class='ocrx_word' id='word_1_365' title='bbox 1126 3094 1441 3173; x_wconf 88' lang='lat' dir='ltr'><strong>Disputant</strong></span> <span class='ocrx_word' id='word_1_366' title='bbox 1468 3114 1541 3155; x_wconf 87' lang='lat' dir='ltr'><strong>ex</strong></span> <span class='ocrx_word' id='word_1_367' title='bbox 1570 3095 1942 3153; x_wconf 64' lang='lat' dir='ltr'><strong>Peccator-um</strong></span> <span class='ocrx_word' id='word_1_368' title='bbox 1968 3102 2102 3152; x_wconf 78' lang='lat' dir='ltr'><strong>ante</strong></span> <span class='ocrx_word' id='word_1_369' title='bbox 2129 3099 2182 3151; x_wconf 80' lang='lat' dir='ltr'><strong>et</strong></span> <span class='ocrx_word' id='word_1_370' title='bbox 2209 3099 2346 3169; x_wconf 80' lang='lat' dir='ltr'><strong>post</strong></span> <span class='ocrx_word' id='word_1_371' title='bbox 2369 3092 2699 3168; x_wconf 80' lang='lat' dir='ltr'><strong>baptismum</strong></span> <span class='ocrx_word' id='word_1_372' title='bbox 2723 3090 3003 3151; x_wconf 79' lang='lat' dir='ltr'><strong>admisso-</strong></span> 
     </span>
     <span class='ocr_line' id='line_1_36' title="bbox 594 3171 3004 3251; baseline 0 -22"><span class='ocrx_word' id='word_1_373' title='bbox 594 3190 725 3229; x_wconf 80' lang='lat' dir='ltr'><strong>rum</strong></span> <span class='ocrx_word' id='word_1_374' title='bbox 752 3174 1087 3231; x_wconf 70' lang='lat' dir='ltr'><strong>discrimine.</strong></span> <span class='ocrx_word' id='word_1_375' title='bbox 1172 3174 1318 3233; x_wconf 87' lang='lat' dir='ltr'><strong>Cum</strong></span> <span class='ocrx_word' id='word_1_376' title='bbox 1362 3173 1517 3233; x_wconf 87' lang='lat' dir='ltr'><strong>enim</strong></span> <span class='ocrx_word' id='word_1_377' title='bbox 1560 3180 1798 3251; x_wconf 88' lang='lat' dir='ltr'><strong>peccata</strong></span> <span class='ocrx_word' id='word_1_378' title='bbox 1824 3192 1955 3250; x_wconf 79' lang='lat' dir='ltr'><strong>quse</strong></span> <span class='ocrx_word' id='word_1_379' title='bbox 1991 3180 2126 3251; x_wconf 88' lang='lat' dir='ltr'><strong>post</strong></span> <span class='ocrx_word' id='word_1_380' title='bbox 2151 3172 2501 3249; x_wconf 87' lang='lat' dir='ltr'><strong>baptismum</strong></span> <span class='ocrx_word' id='word_1_381' title='bbox 2529 3171 2914 3231; x_wconf 85' lang='lat' dir='ltr'><strong>admittuntur</strong></span> <span class='ocrx_word' id='word_1_382' title='bbox 2939 3179 3004 3230; x_wconf 86' lang='lat' dir='ltr'><strong>et</strong></span> 
     </span>
     <span class='ocr_line' id='line_1_37' title="bbox 592 3250 3004 3329; baseline 0.001 -22"><span class='ocrx_word' id='word_1_383' title='bbox 592 3258 727 3327; x_wconf 88' lang='lat' dir='ltr'><strong>post</strong></span> <span class='ocrx_word' id='word_1_384' title='bbox 752 3260 1047 3329; x_wconf 83' lang='lat' dir='ltr'><strong>acceptam</strong></span> <span class='ocrx_word' id='word_1_385' title='bbox 1060 3253 1449 3329; x_wconf 86' lang='lat' dir='ltr'><strong>cognitionem</strong></span> <span class='ocrx_word' id='word_1_386' title='bbox 1466 3252 1730 3312; x_wconf 83' lang='lat' dir='ltr'><strong>veritatis</strong></span> <span class='ocrx_word' id='word_1_387' title='bbox 1751 3252 2020 3328; x_wconf 85' lang='lat' dir='ltr'><strong>graviora</strong></span> <span class='ocrx_word' id='word_1_388' title='bbox 2037 3252 2274 3311; x_wconf 90' lang='lat' dir='ltr'><strong>omnino</strong></span> <span class='ocrx_word' id='word_1_389' title='bbox 2296 3250 2412 3310; x_wconf 89' lang='lat' dir='ltr'><strong>sint</strong></span> <span class='ocrx_word' id='word_1_390' title='bbox 2432 3259 2492 3310; x_wconf 89' lang='lat' dir='ltr'><strong>et</strong></span> <span class='ocrx_word' id='word_1_391' title='bbox 2511 3250 3004 3313; x_wconf 82' lang='lat' dir='ltr'><strong>inexcusabiliora</strong></span> 
     </span>
     <span class='ocr_line' id='line_1_38' title="bbox 594 3328 3004 3408; baseline 0 -21"><span class='ocrx_word' id='word_1_392' title='bbox 594 3328 667 3387; x_wconf 91' lang='lat' dir='ltr'><strong>iis</strong></span> <span class='ocrx_word' id='word_1_393' title='bbox 724 3349 815 3388; x_wconf 74' lang='lat' dir='ltr'><strong>uae</strong></span> <span class='ocrx_word' id='word_1_394' title='bbox 836 3330 1219 3389; x_wconf 86' lang='lat' dir='ltr'><strong>admittuntur</strong></span> <span class='ocrx_word' id='word_1_395' title='bbox 1246 3332 1307 3389; x_wconf 91' lang='lat' dir='ltr'><strong>in</strong></span> <span class='ocrx_word' id='word_1_396' title='bbox 1334 3331 1540 3390; x_wconf 87' lang='lat' dir='ltr'><strong>mediis</strong></span> <span class='ocrx_word' id='word_1_397' title='bbox 1556 3340 1778 3390; x_wconf 78' lang='lat' dir='ltr'><strong>naturae</strong></span> <span class='ocrx_word' id='word_1_398' title='bbox 1805 3331 2076 3402; x_wconf 88' lang='lat' dir='ltr'><strong>tenebris,</strong></span> <span class='ocrx_word' id='word_1_399' title='bbox 2108 3331 2406 3408; x_wconf 82' lang='lat' dir='ltr'><strong>graviores</strong></span> <span class='ocrx_word' id='word_1_400' title='bbox 2433 3330 2606 3390; x_wconf 87' lang='lat' dir='ltr'><strong>etiam</strong></span> <span class='ocrx_word' id='word_1_401' title='bbox 2635 3349 2839 3408; x_wconf 84' lang='lat' dir='ltr'><strong>poenas</strong></span> <span class='ocrx_word' id='word_1_402' title='bbox 2863 3350 3004 3407; x_wconf 88' lang='lat' dir='ltr'><strong>pro·-</strong></span> 
     </span>
     <span class='ocr_line' id='line_1_39' title="bbox 596 3348 3002 3488; baseline 0 -21"><span class='ocrx_word' id='word_1_403' title='bbox 596 3348 869 3469; x_wconf 56' lang='lat' dir='ltr'><strong>culiliubio</strong></span> <span class='ocrx_word' id='word_1_404' title='bbox 890 3420 1181 3470; x_wconf 87' lang='lat' dir='ltr'><strong>merentur</strong></span> <span class='ocrx_word' id='word_1_405' title='bbox 1203 3432 1217 3486; x_wconf 90' lang='lat'>;</span> <span class='ocrx_word' id='word_1_406' title='bbox 1250 3410 1425 3470; x_wconf 89' lang='lat' dir='ltr'><strong>Unde</strong></span> <span class='ocrx_word' id='word_1_407' title='bbox 1442 3410 1678 3469; x_wconf 88' lang='lat' dir='ltr'><strong>omnino</strong></span> <span class='ocrx_word' id='word_1_408' title='bbox 1703 3413 1739 3443; x_wconf 90' lang='lat'><strong>“</strong></span> <span class='ocrx_word' id='word_1_409' title='bbox 1755 3429 1862 3487; x_wconf 87' lang='lat' dir='ltr'><strong>par</strong></span> <span class='ocrx_word' id='word_1_410' title='bbox 1889 3410 2069 3484; x_wconf 90' lang='lat' dir='ltr'><strong>erat,”</strong></span> <span class='ocrx_word' id='word_1_411' title='bbox 2098 3411 2288 3488; x_wconf 91' lang='lat' dir='ltr'><strong>inquit</strong></span> <span class='ocrx_word' id='word_1_412' title='bbox 2315 3410 2466 3469; x_wconf 89' lang='lat' dir='ltr'><strong>Bell.</strong></span> <span class='ocrx_word' id='word_1_413' title='bbox 2495 3410 2598 3469; x_wconf 90' lang='lat' dir='ltr'><strong>lib.</strong></span> <span class='ocrx_word' id='word_1_414' title='bbox 2625 3410 2706 3470; x_wconf 85' lang='lat' dir='ltr'><strong>iv.</strong></span> <span class='ocrx_word' id='word_1_415' title='bbox 2725 3410 2800 3469; x_wconf 89' lang='lat' dir='ltr'><strong>de</strong></span> <span class='ocrx_word' id='word_1_416' title='bbox 2829 3410 3002 3469; x_wconf 86' lang='lat' dir='ltr'><strong>Poen.</strong></span> 
     </span>
     <span class='ocr_line' id='line_1_40' title="bbox 596 3488 3006 3568; baseline 0 -20"><span class='ocrx_word' id='word_1_417' title='bbox 596 3510 646 3549; x_wconf 87' lang='lat' dir='ltr'><strong>c.</strong></span> <span class='ocrx_word' id='word_1_418' title='bbox 677 3492 732 3565; x_wconf 83' lang='lat'><strong>5,</strong></span> <span class='ocrx_word' id='word_1_419' title='bbox 786 3492 823 3527; x_wconf 75' lang='lat'><strong>‘⁴</strong></span> <span class='ocrx_word' id='word_1_420' title='bbox 840 3497 907 3549; x_wconf 92' lang='lat' dir='ltr'><strong>ut</strong></span> <span class='ocrx_word' id='word_1_421' title='bbox 929 3490 1091 3549; x_wconf 89' lang='lat' dir='ltr'><strong>Deus</strong></span> <span class='ocrx_word' id='word_1_422' title='bbox 1116 3489 1395 3549; x_wconf 85' lang='lat' dir='ltr'><strong>ministris</strong></span> <span class='ocrx_word' id='word_1_423' title='bbox 1444 3489 1565 3548; x_wconf 87' lang='lat' dir='ltr'><strong>suis</strong></span> <span class='ocrx_word' id='word_1_424' title='bbox 1592 3488 1894 3548; x_wconf 86' lang='lat' dir='ltr'><strong>mandaret</strong></span> <span class='ocrx_word' id='word_1_425' title='bbox 1919 3498 1984 3549; x_wconf 88' lang='lat' dir='ltr'><strong>ut</strong></span> <span class='ocrx_word' id='word_1_426' title='bbox 2009 3498 2318 3567; x_wconf 84' lang='lat' dir='ltr'><strong>peccantes</strong></span> <span class='ocrx_word' id='word_1_427' title='bbox 2343 3498 2477 3568; x_wconf 90' lang='lat' dir='ltr'><strong>post</strong></span> <span class='ocrx_word' id='word_1_428' title='bbox 2501 3490 2851 3568; x_wconf 87' lang='lat' dir='ltr'><strong>baptismum</strong></span> <span class='ocrx_word' id='word_1_429' title='bbox 2877 3509 3006 3567; x_wconf 74' lang='lat' dir='ltr'><strong>non</strong></span> 
     </span>
     <span class='ocr_line' id='line_1_41' title="bbox 596 3568 3007 3648; baseline 0 -20"><span class='ocrx_word' id='word_1_430' title='bbox 596 3571 721 3630; x_wconf 88' lang='lat' dir='ltr'><strong>sine</strong></span> <span class='ocrx_word' id='word_1_431' title='bbox 748 3570 965 3630; x_wconf 86' lang='lat' dir='ltr'><strong>mulcta</strong></span> <span class='ocrx_word' id='word_1_432' title='bbox 984 3570 1245 3648; x_wconf 82' lang='lat' dir='ltr'><strong>injuncta</strong></span> <span class='ocrx_word' id='word_1_433' title='bbox 1270 3568 1347 3629; x_wconf 87' lang='lat' dir='ltr'><strong>ad</strong></span> <span class='ocrx_word' id='word_1_434' title='bbox 1372 3568 1792 3647; x_wconf 84' lang='lat' dir='ltr'><strong>indulgentiam</strong></span> <span class='ocrx_word' id='word_1_435' title='bbox 1821 3568 2080 3628; x_wconf 82' lang='lat' dir='ltr'><strong>divinam</strong></span> <span class='ocrx_word' id='word_1_436' title='bbox 2107 3588 2212 3645; x_wconf 89' lang='lat' dir='ltr'><strong>per</strong></span> <span class='ocrx_word' id='word_1_437' title='bbox 2245 3569 2485 3647; x_wconf 85' lang='lat' dir='ltr'><strong>januam</strong></span> <span class='ocrx_word' id='word_1_438' title='bbox 2513 3570 3007 3629; x_wconf 86' lang='lat' dir='ltr'><strong>reconciliationis</strong></span> 
     </span>
     <span class='ocr_line' id='line_1_42' title="bbox 594 3648 3006 3731; baseline -0.001 -22"><span class='ocrx_word' id='word_1_439' title='bbox 594 3649 1020 3711; x_wconf 84' lang='lat' dir='ltr'><strong>admitterent.”</strong></span> <span class='ocrx_word' id='word_1_440' title='bbox 1090 3650 1285 3731; x_wconf 85' lang='lat' dir='ltr'><strong>Resp.,</strong></span> <span class='ocrx_word' id='word_1_441' title='bbox 1321 3649 1439 3709; x_wconf 87' lang='lat' dir='ltr'><strong>Sed</strong></span> <span class='ocrx_word' id='word_1_442' title='bbox 1464 3650 1846 3727; x_wconf 88' lang='lat' dir='ltr'><strong>nequicquam</strong></span> <span class='ocrx_word' id='word_1_443' title='bbox 1877 3650 1958 3708; x_wconf 88' lang='lat' dir='ltr'><strong>ita</strong></span> <span class='ocrx_word' id='word_1_444' title='bbox 1985 3656 2304 3725; x_wconf 86' lang='lat' dir='ltr'><strong>argutatur.</strong></span> <span class='ocrx_word' id='word_1_445' title='bbox 2391 3648 2672 3724; x_wconf 81' lang='lat' dir='ltr'><strong>Quamvis</strong></span> <span class='ocrx_word' id='word_1_446' title='bbox 2699 3650 2850 3709; x_wconf 88' lang='lat' dir='ltr'><strong>enim</strong></span> <span class='ocrx_word' id='word_1_447' title='bbox 2879 3668 3006 3708; x_wconf 87' lang='lat' dir='ltr'><strong>non</strong></span> 
     </span>
    </p>
   </div>
   <div class='ocr_carea' id='block_1_5' title="bbox 3207 2712 3211 3339">
    <p class='ocr_par' dir='ltr' id='par_1_7' title="bbox 3207 2712 3211 3339">
     <span class='ocr_line' id='line_1_43' title="bbox 3207 2712 3211 3339; baseline 0 0"><span class='ocrx_word' id='word_1_448' title='bbox 3207 2712 3211 3339; x_wconf 95' lang='lat' dir='ltr'><strong> </strong></span> 
     </span>
    </p>
   </div>
   <div class='ocr_carea' id='block_1_6' title="bbox 594 3728 3118 3809">
    <p class='ocr_par' dir='ltr' id='par_1_8' title="bbox 594 3728 3118 3809">
     <span class='ocr_line' id='line_1_44' title="bbox 594 3728 3118 3809; baseline -0.001 -18"><span class='ocrx_word' id='word_1_449' title='bbox 594 3750 875 3809; x_wconf 86' lang='lat' dir='ltr'><strong>negemus</strong></span> <span class='ocrx_word' id='word_1_450' title='bbox 918 3730 1156 3809; x_wconf 80' lang='lat' dir='ltr'><strong>gravius</strong></span> <span class='ocrx_word' id='word_1_451' title='bbox 1198 3750 1437 3809; x_wconf 86' lang='lat' dir='ltr'><strong>peccare</strong></span> <span class='ocrx_word' id='word_1_452' title='bbox 1482 3748 1582 3789; x_wconf 89' lang='lat' dir='ltr'><strong>eos</strong></span> <span class='ocrx_word' id='word_1_453' title='bbox 1610 3729 1713 3807; x_wconf 88' lang='lat' dir='ltr'><strong>qui</strong></span> <span class='ocrx_word' id='word_1_454' title='bbox 1739 3738 1871 3807; x_wconf 90' lang='lat' dir='ltr'><strong>post</strong></span> <span class='ocrx_word' id='word_1_455' title='bbox 1912 3728 2264 3807; x_wconf 84' lang='lat' dir='ltr'><strong>baptismum</strong></span> <span class='ocrx_word' id='word_1_456' title='bbox 2292 3736 2350 3787; x_wconf 88' lang='lat' dir='ltr'><strong>et</strong></span> <span class='ocrx_word' id='word_1_457' title='bbox 2379 3728 2440 3787; x_wconf 91' lang='lat' dir='ltr'><strong>in</strong></span> <span class='ocrx_word' id='word_1_458' title='bbox 2465 3728 2658 3789; x_wconf 88' lang='lat' dir='ltr'><strong>media</strong></span> <span class='ocrx_word' id='word_1_459' title='bbox 2685 3728 3008 3807; x_wconf 80' lang='lat' dir='ltr'><strong>Evangelii</strong></span> <span class='ocrx_word' id='word_1_460' title='bbox 3102 3760 3118 3765; x_wconf 99' lang='lat'>-</span> 
     </span>
    </p>
   </div>
   <div class='ocr_carea' id='block_1_7' title="bbox 590 3808 3008 4693">
    <p class='ocr_par' dir='ltr' id='par_1_9' title="bbox 590 3808 3008 4693">
     <span class='ocr_line' id='line_1_45' title="bbox 591 3808 3008 3891; baseline 0 -22"><span class='ocrx_word' id='word_1_461' title='bbox 591 3810 723 3871; x_wconf 83' lang='lat' dir='ltr'><strong>luce</strong></span> <span class='ocrx_word' id='word_1_462' title='bbox 770 3818 1011 3891; x_wconf 77' lang='lat' dir='ltr'><strong>peccant</strong></span> <span class='ocrx_word' id='word_1_463' title='bbox 1036 3809 1109 3870; x_wconf 84' lang='lat' dir='ltr'><strong>iis</strong></span> <span class='ocrx_word' id='word_1_464' title='bbox 1158 3810 1257 3887; x_wconf 90' lang='lat' dir='ltr'><strong>qui</strong></span> <span class='ocrx_word' id='word_1_465' title='bbox 1283 3810 1445 3869; x_wconf 85' lang='lat' dir='ltr'><strong>nulla</strong></span> <span class='ocrx_word' id='word_1_466' title='bbox 1472 3808 1611 3869; x_wconf 90' lang='lat' dir='ltr'><strong>dum</strong></span> <span class='ocrx_word' id='word_1_467' title='bbox 1653 3809 1922 3869; x_wconf 84' lang='lat' dir='ltr'><strong>salutaris</strong></span> <span class='ocrx_word' id='word_1_468' title='bbox 1943 3808 2145 3887; x_wconf 82' lang='lat' dir='ltr'><strong>gratiae</strong></span> <span class='ocrx_word' id='word_1_469' title='bbox 2173 3808 2502 3887; x_wconf 82' lang='lat' dir='ltr'><strong>cognitione</strong></span> <span class='ocrx_word' id='word_1_470' title='bbox 2535 3808 2634 3869; x_wconf 81' lang='lat' dir='ltr'><strong>vel</strong></span> <span class='ocrx_word' id='word_1_471' title='bbox 2661 3829 2836 3868; x_wconf 86' lang='lat' dir='ltr'><strong>sensu</strong></span> <span class='ocrx_word' id='word_1_472' title='bbox 2863 3818 3008 3869; x_wconf 88' lang='lat' dir='ltr'><strong>sunt</strong></span> 
     </span>
     <span class='ocr_line' id='line_1_46' title="bbox 590 3888 3006 3975; baseline -0.001 -25"><span class='ocrx_word' id='word_1_473' title='bbox 590 3891 819 3967; x_wconf 86' lang='lat' dir='ltr'><strong>imbuti,</strong></span> <span class='ocrx_word' id='word_1_474' title='bbox 864 3900 1038 3975; x_wconf 87' lang='lat' dir='ltr'><strong>atque</strong></span> <span class='ocrx_word' id='word_1_475' title='bbox 1085 3889 1231 3949; x_wconf 89' lang='lat' dir='ltr'><strong>adeo</strong></span> <span class='ocrx_word' id='word_1_476' title='bbox 1274 3889 1575 3967; x_wconf 79' lang='lat' dir='ltr'><strong>graviores</strong></span> <span class='ocrx_word' id='word_1_477' title='bbox 1618 3890 1852 3949; x_wconf 87' lang='lat' dir='ltr'><strong>omnino</strong></span> <span class='ocrx_word' id='word_1_478' title='bbox 1899 3908 2102 3967; x_wconf 88' lang='lat' dir='ltr'><strong>poenas</strong></span> <span class='ocrx_word' id='word_1_479' title='bbox 2148 3889 2372 3964; x_wconf 86' lang='lat' dir='ltr'><strong>mereri,</strong></span> <span class='ocrx_word' id='word_1_480' title='bbox 2403 3888 2454 3947; x_wconf 89' lang='lat' dir='ltr'><strong>si</strong></span> <span class='ocrx_word' id='word_1_481' title='bbox 2481 3888 2624 3966; x_wconf 89' lang='lat' dir='ltr'><strong>ipsis</strong></span> <span class='ocrx_word' id='word_1_482' title='bbox 2647 3909 2752 3967; x_wconf 88' lang='lat' dir='ltr'><strong>pro</strong></span> <span class='ocrx_word' id='word_1_483' title='bbox 2779 3889 3006 3949; x_wconf 84' lang='lat' dir='ltr'><strong>talibus</strong></span> 
     </span>
     <span class='ocr_line' id='line_1_47' title="bbox 594 3967 3004 4050; baseline -0.001 -20"><span class='ocrx_word' id='word_1_484' title='bbox 594 3972 848 4050; x_wconf 82' lang='lat' dir='ltr'><strong>peccatis</strong></span> <span class='ocrx_word' id='word_1_485' title='bbox 876 3968 1341 4030; x_wconf 79' lang='lat' dir='ltr'><strong>satisfaciendum</strong></span> <span class='ocrx_word' id='word_1_486' title='bbox 1370 3976 1562 4046; x_wconf 77' lang='lat' dir='ltr'><strong>esset3</strong></span> <span class='ocrx_word' id='word_1_487' title='bbox 1607 3967 1914 4047; x_wconf 82' lang='lat' dir='ltr'><strong>Negamus</strong></span> <span class='ocrx_word' id='word_1_488' title='bbox 1941 3976 2136 4029; x_wconf 85' lang='lat' dir='ltr'><strong>tamen</strong></span> <span class='ocrx_word' id='word_1_489' title='bbox 2162 3968 2314 4029; x_wconf 86' lang='lat' dir='ltr'><strong>ullas</strong></span> <span class='ocrx_word' id='word_1_490' title='bbox 2339 3978 2640 4047; x_wconf 83' lang='lat' dir='ltr'><strong>propterea</strong></span> <span class='ocrx_word' id='word_1_491' title='bbox 2667 3969 2786 4029; x_wconf 90' lang='lat' dir='ltr'><strong>illis</strong></span> <span class='ocrx_word' id='word_1_492' title='bbox 2811 3970 3004 4045; x_wconf 86' lang='lat' dir='ltr'><strong>impo-</strong></span> 
     </span>
     <span class='ocr_line' id='line_1_48' title="bbox 593 4048 3006 4131; baseline -0.002 -20"><span class='ocrx_word' id='word_1_493' title='bbox 593 4052 656 4111; x_wconf 88' lang='lat' dir='ltr'><strong>ni</strong></span> <span class='ocrx_word' id='word_1_494' title='bbox 682 4071 852 4131; x_wconf 85' lang='lat' dir='ltr'><strong>posse</strong></span> <span class='ocrx_word' id='word_1_495' title='bbox 899 4051 998 4110; x_wconf 82' lang='lat' dir='ltr'><strong>vel</strong></span> <span class='ocrx_word' id='word_1_496' title='bbox 1044 4049 1253 4109; x_wconf 85' lang='lat' dir='ltr'><strong>debere</strong></span> <span class='ocrx_word' id='word_1_497' title='bbox 1300 4068 1503 4127; x_wconf 81' lang='lat' dir='ltr'><strong>poenas</strong></span> <span class='ocrx_word' id='word_1_498' title='bbox 1551 4048 1982 4126; x_wconf 81' lang='lat' dir='ltr'><strong>satisfactorias,</strong></span> <span class='ocrx_word' id='word_1_499' title='bbox 2029 4049 2166 4127; x_wconf 90' lang='lat' dir='ltr'><strong>quia</strong></span> <span class='ocrx_word' id='word_1_500' title='bbox 2192 4069 2262 4108; x_wconf 87' lang='lat' dir='ltr'><strong>eo</strong></span> <span class='ocrx_word' id='word_1_501' title='bbox 2297 4049 2425 4126; x_wconf 85' lang='lat' dir='ltr'><strong>ipso</strong></span> <span class='ocrx_word' id='word_1_502' title='bbox 2451 4068 2568 4127; x_wconf 90' lang='lat' dir='ltr'><strong>quo</strong></span> <span class='ocrx_word' id='word_1_503' title='bbox 2595 4057 3006 4127; x_wconf 83' lang='lat' dir='ltr'><strong>supponuntur</strong></span> 
     </span>
     <span class='ocr_line' id='line_1_49' title="bbox 594 4128 3002 4208; baseline -0.002 -17"><span class='ocrx_word' id='word_1_504' title='bbox 594 4152 723 4191; x_wconf 89' lang='lat' dir='ltr'><strong>esse</strong></span> <span class='ocrx_word' id='word_1_505' title='bbox 748 4130 967 4208; x_wconf 84' lang='lat' dir='ltr'><strong>fideles,</strong></span> <span class='ocrx_word' id='word_1_506' title='bbox 998 4130 1193 4191; x_wconf 84' lang='lat' dir='ltr'><strong>omnia</strong></span> <span class='ocrx_word' id='word_1_507' title='bbox 1232 4130 1485 4207; x_wconf 88' lang='lat' dir='ltr'><strong>ipsorum</strong></span> <span class='ocrx_word' id='word_1_508' title='bbox 1534 4136 1774 4207; x_wconf 85' lang='lat' dir='ltr'><strong>peccata</strong></span> <span class='ocrx_word' id='word_1_509' title='bbox 1799 4137 1919 4189; x_wconf 85' lang='lat' dir='ltr'><strong>tam</strong></span> <span class='ocrx_word' id='word_1_510' title='bbox 1947 4137 2080 4188; x_wconf 82' lang='lat' dir='ltr'><strong>ante</strong></span> <span class='ocrx_word' id='word_1_511' title='bbox 2107 4147 2280 4206; x_wconf 90' lang='lat' dir='ltr'><strong>quam</strong></span> <span class='ocrx_word' id='word_1_512' title='bbox 2302 4136 2436 4207; x_wconf 87' lang='lat' dir='ltr'><strong>post</strong></span> <span class='ocrx_word' id='word_1_513' title='bbox 2460 4128 2812 4206; x_wconf 87' lang='lat' dir='ltr'><strong>baptismum</strong></span> <span class='ocrx_word' id='word_1_514' title='bbox 2839 4146 3002 4187; x_wconf 86' lang='lat' dir='ltr'><strong>com-</strong></span> 
     </span>
     <span class='ocr_line' id='line_1_50' title="bbox 593 4207 3005 4288; baseline -0.001 -19"><span class='ocrx_word' id='word_1_515' title='bbox 593 4212 775 4272; x_wconf 88' lang='lat' dir='ltr'><strong>missa</strong></span> <span class='ocrx_word' id='word_1_516' title='bbox 820 4220 1127 4272; x_wconf 86' lang='lat' dir='ltr'><strong>censentur</strong></span> <span class='ocrx_word' id='word_1_517' title='bbox 1180 4211 1239 4269; x_wconf 90' lang='lat' dir='ltr'><strong>in</strong></span> <span class='ocrx_word' id='word_1_518' title='bbox 1296 4209 1575 4288; x_wconf 82' lang='lat' dir='ltr'><strong>sang-nine</strong></span> <span class='ocrx_word' id='word_1_519' title='bbox 1606 4208 1822 4268; x_wconf 84' lang='lat' dir='ltr'><strong>Christi</strong></span> <span class='ocrx_word' id='word_1_520' title='bbox 1849 4210 2083 4287; x_wconf 86' lang='lat' dir='ltr'><strong>expiata</strong></span> <span class='ocrx_word' id='word_1_521' title='bbox 2108 4218 2169 4268; x_wconf 88' lang='lat' dir='ltr'><strong>et</strong></span> <span class='ocrx_word' id='word_1_522' title='bbox 2193 4210 2453 4286; x_wconf 89' lang='lat' dir='ltr'><strong>remissa,</strong></span> <span class='ocrx_word' id='word_1_523' title='bbox 2490 4212 2518 4267; x_wconf 88' lang='lat'>1</span> <span class='ocrx_word' id='word_1_524' title='bbox 2544 4208 2588 4268; x_wconf 87' lang='lat' dir='ltr'>J</span> <span class='ocrx_word' id='word_1_525' title='bbox 2591 4209 2683 4267; x_wconf 92' lang='lat' dir='ltr'><strong>oh.</strong></span> <span class='ocrx_word' id='word_1_526' title='bbox 2714 4209 2754 4267; x_wconf 90' lang='lat' dir='ltr'><strong>i.</strong></span> <span class='ocrx_word' id='word_1_527' title='bbox 2784 4212 2840 4267; x_wconf 86' lang='grc'><strong>7.</strong></span> <span class='ocrx_word' id='word_1_528' title='bbox 2900 4207 3005 4267; x_wconf 85' lang='lat' dir='ltr'><strong>Ita</strong></span> 
     </span>
     <span class='ocr_line' id='line_1_51' title="bbox 592 4288 3002 4370; baseline -0.001 -22"><span class='ocrx_word' id='word_1_529' title='bbox 592 4298 660 4349; x_wconf 89' lang='lat' dir='ltr'><strong>ut</strong></span> <span class='ocrx_word' id='word_1_530' title='bbox 686 4292 847 4351; x_wconf 88' lang='lat' dir='ltr'><strong>nulla</strong></span> <span class='ocrx_word' id='word_1_531' title='bbox 873 4292 1121 4370; x_wconf 89' lang='lat' dir='ltr'><strong>amplius</strong></span> <span class='ocrx_word' id='word_1_532' title='bbox 1168 4292 1279 4351; x_wconf 86' lang='lat' dir='ltr'><strong>hoe</strong></span> <span class='ocrx_word' id='word_1_533' title='bbox 1326 4298 1495 4369; x_wconf 85' lang='lat' dir='ltr'><strong>pacto</strong></span> <span class='ocrx_word' id='word_1_534' title='bbox 1514 4288 1778 4367; x_wconf 83' lang='lat' dir='ltr'><strong>purgatis</strong></span> <span class='ocrx_word' id='word_1_535' title='bbox 1819 4298 1879 4349; x_wconf 92' lang='lat' dir='ltr'><strong>et</strong></span> <span class='ocrx_word' id='word_1_536' title='bbox 1908 4289 2036 4349; x_wconf 83' lang='lat' dir='ltr'><strong>Deo</strong></span> <span class='ocrx_word' id='word_1_537' title='bbox 2062 4288 2446 4349; x_wconf 88' lang='lat' dir='ltr'><strong>reconciliatis</strong></span> <span class='ocrx_word' id='word_1_538' title='bbox 2492 4288 2676 4366; x_wconf 87' lang='lat' dir='ltr'><strong>possit</strong></span> <span class='ocrx_word' id='word_1_539' title='bbox 2703 4307 2831 4348; x_wconf 83' lang='lat' dir='ltr'><strong>esse</strong></span> <span class='ocrx_word' id='word_1_540' title='bbox 2857 4306 3002 4346; x_wconf 87' lang='lat' dir='ltr'><strong>con-</strong></span> 
     </span>
     <span class='ocr_line' id='line_1_52' title="bbox 594 4367 3004 4449; baseline 0 -24"><span class='ocrx_word' id='word_1_541' title='bbox 594 4367 903 4445; x_wconf 88' lang='lat' dir='ltr'><strong>demnatio,</strong></span> <span class='ocrx_word' id='word_1_542' title='bbox 932 4381 1000 4431; x_wconf 89' lang='lat' dir='ltr'><strong>ut</strong></span> <span class='ocrx_word' id='word_1_543' title='bbox 1027 4390 1202 4449; x_wconf 89' lang='lat' dir='ltr'><strong>supra</strong></span> <span class='ocrx_word' id='word_1_544' title='bbox 1226 4371 1439 4431; x_wconf 79' lang='lat' dir='ltr'><strong>visum.</strong></span> <span class='ocrx_word' id='word_1_545' title='bbox 1494 4368 1774 4431; x_wconf 84' lang='lat' dir='ltr'><strong>Fatemur</strong></span> <span class='ocrx_word' id='word_1_546' title='bbox 1793 4368 2028 4447; x_wconf 88' lang='lat' dir='ltr'><strong>quidem</strong></span> <span class='ocrx_word' id='word_1_547' title='bbox 2055 4368 2271 4429; x_wconf 85' lang='lat' dir='ltr'><strong>talibus</strong></span> <span class='ocrx_word' id='word_1_548' title='bbox 2299 4368 2502 4447; x_wconf 87' lang='lat' dir='ltr'><strong>majori</strong></span> <span class='ocrx_word' id='word_1_549' title='bbox 2527 4376 2588 4427; x_wconf 88' lang='lat' dir='ltr'><strong>et</strong></span> <span class='ocrx_word' id='word_1_550' title='bbox 2614 4368 2822 4427; x_wconf 77' lang='lat' dir='ltr'><strong>acriori</strong></span> <span class='ocrx_word' id='word_1_551' title='bbox 2847 4386 3004 4445; x_wconf 89' lang='lat' dir='ltr'><strong>opus</strong></span> 
     </span>
     <span class='ocr_line' id='line_1_53' title="bbox 593 4449 3001 4530; baseline -0.001 -25"><span class='ocrx_word' id='word_1_552' title='bbox 593 4466 721 4505; x_wconf 86' lang='lat' dir='ltr'><strong>esse</strong></span> <span class='ocrx_word' id='word_1_553' title='bbox 768 4450 1109 4525; x_wconf 82' lang='lat' dir='ltr'><strong>poenitentia</strong></span> <span class='ocrx_word' id='word_1_554' title='bbox 1149 4450 1226 4510; x_wconf 91' lang='lat' dir='ltr'><strong>ad</strong></span> <span class='ocrx_word' id='word_1_555' title='bbox 1272 4450 1335 4513; x_wconf 90' lang='lat' dir='ltr'><strong>id</strong></span> <span class='ocrx_word' id='word_1_556' title='bbox 1360 4458 1427 4510; x_wconf 85' lang='lat' dir='ltr'><strong>ut</strong></span> <span class='ocrx_word' id='word_1_557' title='bbox 1452 4458 1820 4530; x_wconf 88' lang='lat' dir='ltr'><strong>peccatorum</strong></span> <span class='ocrx_word' id='word_1_558' title='bbox 1845 4450 2088 4509; x_wconf 87' lang='lat' dir='ltr'><strong>istorum</strong></span> <span class='ocrx_word' id='word_1_559' title='bbox 2115 4449 2508 4509; x_wconf 87' lang='lat' dir='ltr'><strong>remissionem</strong></span> <span class='ocrx_word' id='word_1_560' title='bbox 2551 4455 3001 4526; x_wconf 84' lang='lat' dir='ltr'><strong>consequantur,</strong></span> 
     </span>
     <span class='ocr_line' id='line_1_54' title="bbox 592 4527 3004 4606; baseline -0 -21"><span class='ocrx_word' id='word_1_561' title='bbox 592 4536 767 4603; x_wconf 87' lang='lat' dir='ltr'><strong>atque</strong></span> <span class='ocrx_word' id='word_1_562' title='bbox 812 4528 957 4587; x_wconf 85' lang='lat' dir='ltr'><strong>adeo</strong></span> <span class='ocrx_word' id='word_1_563' title='bbox 1008 4530 1301 4590; x_wconf 85' lang='lat' dir='ltr'><strong>ministros</strong></span> <span class='ocrx_word' id='word_1_564' title='bbox 1354 4531 1461 4590; x_wconf 88' lang='lat' dir='ltr'><strong>Dei</strong></span> <span class='ocrx_word' id='word_1_565' title='bbox 1508 4530 1585 4589; x_wconf 88' lang='lat' dir='ltr'><strong>ad</strong></span> <span class='ocrx_word' id='word_1_566' title='bbox 1633 4550 1762 4591; x_wconf 85' lang='lat' dir='ltr'><strong>eam</strong></span> <span class='ocrx_word' id='word_1_567' title='bbox 1805 4529 2012 4591; x_wconf 87' lang='lat' dir='ltr'><strong>fortius</strong></span> <span class='ocrx_word' id='word_1_568' title='bbox 2057 4529 2276 4589; x_wconf 87' lang='lat' dir='ltr'><strong>hortari</strong></span> <span class='ocrx_word' id='word_1_569' title='bbox 2317 4548 2417 4589; x_wconf 88' lang='lat' dir='ltr'><strong>eos</strong></span> <span class='ocrx_word' id='word_1_570' title='bbox 2443 4527 2688 4606; x_wconf 75' lang='lat' dir='ltr'><strong>debere3</strong></span> <span class='ocrx_word' id='word_1_571' title='bbox 2733 4527 2837 4587; x_wconf 86' lang='lat' dir='ltr'><strong>sed</strong></span> <span class='ocrx_word' id='word_1_572' title='bbox 2875 4546 3004 4585; x_wconf 86' lang='lat' dir='ltr'><strong>uon</strong></span> 
     </span>
     <span class='ocr_line' id='line_1_55' title="bbox 592 4605 3002 4693; baseline 0 -29"><span class='ocrx_word' id='word_1_573' title='bbox 592 4614 895 4693; x_wconf 86' lang='lat' dir='ltr'><strong>propterea</strong></span> <span class='ocrx_word' id='word_1_574' title='bbox 942 4610 1203 4684; x_wconf 88' lang='lat' dir='ltr'><strong>sequitur</strong></span> <span class='ocrx_word' id='word_1_575' title='bbox 1248 4609 1396 4669; x_wconf 83' lang='lat' dir='ltr'><strong>hanc</strong></span> <span class='ocrx_word' id='word_1_576' title='bbox 1444 4609 1561 4667; x_wconf 87' lang='lat' dir='ltr'><strong>illis</strong></span> <span class='ocrx_word' id='word_1_577' title='bbox 1608 4618 1676 4669; x_wconf 90' lang='lat' dir='ltr'><strong>ut</strong></span> <span class='ocrx_word' id='word_1_578' title='bbox 1701 4628 1930 4687; x_wconf 85' lang='lat' dir='ltr'><strong>poenam</strong></span> <span class='ocrx_word' id='word_1_579' title='bbox 1959 4609 2396 4670; x_wconf 85' lang='lat' dir='ltr'><strong>satisfactoriam</strong></span> <span class='ocrx_word' id='word_1_580' title='bbox 2427 4607 2661 4685; x_wconf 85' lang='lat' dir='ltr'><strong>imponi,</strong></span> <span class='ocrx_word' id='word_1_581' title='bbox 2693 4627 2822 4685; x_wconf 81' lang='lat' dir='ltr'><strong>quae</strong></span> <span class='ocrx_word' id='word_1_582' title='bbox 2868 4605 3002 4665; x_wconf 62' lang='lat' dir='ltr'><strong>aefe-</strong></span> 
     </span>
    </p>
   </div>
  </div>
 </body>
</html>
