3234 5192
552 285 699 342 402,
1096 299 1180 340 m:
1210 297 1692 343 summor-roms
1717 295 1956 342 caman
1979 296 2394 342 uncsssmmz.
2577 277 2841 361 [msrur.
2871 297 2955 340 11.

552 442 703 502 dum
720 439 807 500 ita
832 439 1085 516 colligit„
1108 439 1444 518 Apostolus
1492 446 1776 500 “necesse
1799 439 1983 499 fuisse
2009 439 2374 516 exemplaria
2398 455 2602 498 rerum
2625 439 2958 498 coelestium

552 520 715 578 hisce
750 521 931 578 rebus
968 520 1268 592 mundari,
1306 521 1436 596 ipsa
1470 535 1613 578 vero
1651 519 1914 577 coelestia
1947 518 2278 594 potioribus
2309 517 2566 577 victimis
2606 519 2958 576 mundanda

550 597 786 657 fuisse.”
814 597 1123 656 Nimirum
1146 598 1212 656 id
1238 598 1353 656 sibi
1367 599 1504 655 vult
1523 599 1688 672 quod
1704 597 2216 671 quemadmodum
2243 597 2356 654 sub
2381 595 2556 654 Mose
2581 596 2804 672 legalia
2829 613 2958 653 om·-

550 676 673 748 nia,
684 676 1497 750 putatabernaculum,liber,
1508 693 1671 746 vasa,
1683 676 1958 748 victimae,
1973 677 2317 750 &c.,utpote
2333 674 2550 749 typica,
2566 675 2834 749 ejusdem
2851 693 2958 732 na—

550 761 703 812 turae
726 755 979 813 materia
998 771 1067 812 ac
1085 754 1227 826 ritu,
1240 771 1453 829 nempe
1470 754 1770 830 pecudum
1791 752 2101 827 sanguine,
2121 770 2296 828 aqua,
2314 754 2456 810 lana
2475 759 2536 810 et
2555 753 2816 827 hyssopo
2833 753 2958 810 lus-

550 833 769 890 tranda
797 831 1080 902 fuerunt3
1132 831 1232 890 Ita
1257 832 1370 889 sub
1391 830 1703 905 evangelio
1731 832 1894 906 quod
1921 830 2180 890 coelestia
2207 830 2410 888 omnia
2434 830 2698 888 continet
2723 847 2956 888 necesse

549 909 669 967 fuit
694 910 957 985 potiores
1006 909 1276 969 victimas
1318 911 1397 968 ad
1444 927 1656 967 eorum
1690 909 2145 968 mundationem
2170 907 2462 978 adhiberi,
2493 907 2714 966 scilicet
2739 909 2958 966 sacrifi-

551 987 713 1046 cium
742 986 983 1058 Christi,
1030 990 1195 1061 quod
1221 988 1319 1046 hic
1339 988 1416 1046 ad
1434 987 1840 1046 denotandam
1858 987 2044 1064 ipsius
2071 1003 2369 1044 summam
2397 985 2816 1060 perfectionem
2841 993 2956 1044 nu-

548 1083 717 1124 mero
756 1065 1165 1124 multitudinis
1192 1085 1268 1124 ex
1294 1065 1556 1124 Hebraeo
1600 1065 1905 1124 idiotismo
1937 1065 2198 1136 effertur,
2227 1064 2334 1137 qui
2359 1064 2652 1138 legalibus
2677 1064 2955 1122 omnibus

548 1143 730 1220 longe
756 1142 1019 1215 antistat,
1048 1150 1109 1202 et
1134 1162 1327 1202 unum
1352 1150 1441 1202 est
1464 1145 1654 1202 instar
1679 1143 1970 1216 omnium,
1997 1149 2148 1218 puta
2171 1159 2390 1218 corpus
2415 1141 2688 1199 omnium
2713 1143 2954 1201 umbra-

548 1239 687 1280 rum
712 1229 777 1280 et
800 1221 1019 1279 veritas
1044 1223 1397 1298 figurarum,
1426 1220 1469 1280 J
1474 1221 1573 1280 oh.
1600 1221 1640 1278 i.
1673 1220 1767 1293 17,
1795 1229 1856 1279 et
1885 1220 2013 1281 Col.
2035 1220 2096 1278 ii.
2128 1218 2222 1284 17.

630 1299 852 1359 XLII.
897 1299 1051 1358 Eam
1096 1319 1239 1359 vero
1284 1301 1659 1360 necessitatem
1705 1317 1782 1356 ex
1827 1301 1958 1375 ipsa
1988 1300 2225 1375 foederaeb
2267 1299 2571 1374 evanyelici
2625 1306 2848 1358 natura
2893 1307 2956 1358 et

546 1381 743 1439 mortis
774 1379 989 1439 Christi
1004 1379 1478 1438 consideratione
1496 1377 1716 1437 fortius
1731 1378 2000 1436 evincere
2019 1395 2338 1454 possumus
2357 1398 2374 1449 3
2402 1377 2570 1435 Nam
2595 1396 2732 1435 cum
2757 1377 2954 1436 foedus

546 1459 709 1518 istud
746 1476 822 1515 ex
868 1464 1092 1515 aeterno
1137 1455 1257 1516 Dei
1300 1456 1549 1516 consilio
1594 1453 1934 1514 Mediatore
1960 1461 2022 1513 et
2061 1455 2358 1530 Sponsore
2385 1456 2631 1527 nitatur,
2661 1454 2818 1514 Heb.
2847 1454 2947 1513 vii.

546 1555 668 1595 ver.
699 1536 795 1608 22,
825 1535 931 1609 qui
976 1535 1243 1593 animam
1263 1553 1433 1593 suam
1451 1537 1708 1593 daturus
1723 1541 1852 1592 erat
1867 1533 1930 1590 in
1951 1533 2377 1610 redemptionis
2393 1535 2652 1609 pretium
2669 1552 2778 1607 pro
2793 1534 2951 1590 mul-

546 1615 643 1686 tis,
664 1614 886 1672 Matth.
906 1631 1009 1669 xx.
1028 1611 1124 1683 28,
1151 1612 1299 1670 Non
1314 1612 1515 1687 potuit
1530 1610 1766 1686 impleri
1793 1618 1854 1670 et
1877 1613 2124 1670 firmum
2149 1619 2470 1686 ratumque
2496 1629 2622 1669 esse
2648 1611 2762 1668 nisi
2789 1629 2951 1669 acce-

547 1693 725 1749 dente
752 1692 866 1748 hac
892 1690 1192 1764 sponsoris
1216 1689 1405 1748 nostri
1431 1686 1830 1749 satisfactione
1847 1705 1985 1765 quse
2016 1689 2320 1764 justitiam
2345 1690 2644 1765 placando
2669 1689 2842 1747 nobis
2871 1691 2948 1746 ad

544 1767 963 1828 misericordiae
990 1767 1281 1825 thronum
1306 1767 1539 1826 aditum
1558 1773 1812 1842 pararet,
1841 1775 1903 1824 et
1927 1767 2196 1826 favorem
2239 1786 2308 1826 ac
2333 1767 2811 1825 benevolentiam
2837 1785 2953 1824 nu-

544 1847 743 1918 minis,
770 1844 887 1904 reis
913 1844 1180 1919 alioquin
1208 1851 1269 1903 et
1304 1844 1569 1920 indignis
1614 1845 2024 1919 peccatoribus
2045 1846 2424 1917 conciliaret3
2467 1845 2549 1903 Et
2572 1863 2716 1902 vero
2743 1845 2796 1903 si
2821 1846 2952 1903 ina-

544 1941 651 1982 nes
694 1929 1023 2000 potuerunt
1066 1940 1193 1982 esse
1237 1924 1337 1981 vel
1381 1922 1620 1997 penitus
1655 1922 2011 1981 relaxabiles
2039 1923 2218 1998 Legis
2255 1922 2760 1996 comminationeS,
2793 1923 2950 1991 Quae

542 2005 791 2062 tandem
832 2000 1159 2076 excogitari
1201 2001 1422 2077 poterit
1462 2001 1617 2059 ratio
1665 2001 1936 2075 legitima
1974 2009 2222 2078 propter
2247 2019 2431 2076 quam
2451 2002 2616 2059 Deus
2643 2001 2952 2059 dilectissi-

542 2099 711 2139 mum
722 2088 781 2138 et
790 2079 1229 2144 sanctissimum
1240 2080 1465 2138 Filium
1474 2097 1678 2150 suum,
1693 2079 2116 2138 crudelissimas
2133 2087 2194 2138 et
2203 2079 2773 2154 ignominiosissimae
2791 2097 2952 2136 mor-

542 2159 593 2218 ti
618 2157 981 2233 subjecerit?
1068 2157 1135 2216 si
1180 2176 1359 2234 poena
1384 2156 1445 2214 in
1496 2157 1877 2215 innocentem
1907 2157 2049 2231 jure
2076 2156 2382 2216 transferri
2409 2175 2533 2215 non
2559 2163 2756 2232 potest
2783 2158 2948 2232 quod

541 2237 843 2312 pertendit
868 2235 1198 2307 haereticus,
1228 2254 1351 2311 quo
1379 2242 1553 2310 pacto
1571 2235 1811 2309 justum
1837 2235 1952 2292 erit
1979 2234 2284 2294 Christum
2310 2252 2420 2294 nec
2445 2236 2508 2292 in
2535 2253 2598 2294 se
2624 2253 2734 2294 nec
2759 2236 2950 2292 nostri

540 2314 739 2388 gratia
762 2321 1075 2372 nocentem
1116 2320 1178 2372 et
1202 2331 1373 2371 reum
1415 2313 1730 2371 horrendis
1769 2309 1890 2371 illis
1917 2314 2273 2372 cruciatibus
2299 2313 2564 2390 exponi?
2649 2313 2950 2382 Quaenam

540 2391 813 2464 legitima
850 2397 974 2448 tam
1035 2392 1181 2448 dirae
1220 2390 1433 2448 mortis
1472 2390 1761 2464 assignari
1813 2393 2036 2465 poterit
2072 2409 2252 2452 causa
2279 2395 2303 2452 ἓ
2411 2391 2478 2450 N
2477 2410 2578 2450 am
2617 2410 2754 2469 quas
2801 2391 2950 2448 affe-

538 2475 757 2526 runtur
784 2469 860 2528 ab
887 2468 1248 2539 adversarie,
1288 2473 1423 2526 tum
1450 2467 1736 2526 doctrinae
1763 2470 2152 2541 confirmatiO,
2181 2477 2314 2529 tum
2339 2470 2750 2546 exemplorum
2779 2487 2950 2527 sane-

539 2547 746 2618 titatis,
796 2546 1102 2606 charitatis
1148 2553 1211 2604 et
1254 2545 1557 2621 patientias
1600 2549 2100 2620 praemonstratio,
2133 2566 2276 2606 sane
2311 2567 2434 2608 non
2475 2555 2647 2608 erant
2671 2547 2845 2618 tanti,
2873 2554 2954 2606 ut

536 2630 781 2700 propter
800 2643 901 2684 eas
922 2624 1269 2700 unigenitus
1290 2623 1404 2682 Dei
1424 2623 1585 2681 filius
1605 2623 1750 2682 diris
1769 2631 1922 2683 esset
1941 2627 2300 2686 cruciatibus
2319 2627 2705 2686 devovendus
2721 2645 2739 2696 ;
2767 2625 2950 2683 Max-

537 2703 657 2760 ime
697 2721 835 2762 cum
879 2712 940 2762 et
965 2703 1299 2762 doctrinam
1324 2719 1497 2761 suam
1522 2701 1704 2760 variis
1743 2702 2048 2762 miraculis
2074 2707 2478 2764 confirmasset
2501 2705 2856 2775 luculenter,
2883 2711 2952 2762 et

536 2779 602 2839 in
620 2782 755 2840 -vita
778 2783 1017 2858 pietatis
1044 2781 1277 2840 eximiae
1295 2788 1357 2838 et
1380 2781 1617 2838 invictae
1647 2781 1948 2856 patientiae
1966 2783 2368 2857 pulcherrima
2386 2785 2517 2860 jam
2545 2783 2817 2856 exempla
2842 2783 2952 2839 de-

536 2859 758 2932 disset;
790 2861 952 2936 Ergo
970 2860 1091 2920 alia
1115 2860 1326 2936 procul
1346 2859 1532 2916 dubio
1560 2877 1742 2936 causa
1767 2859 2008 2918 suberat
2033 2867 2160 2918 tam
2186 2861 2441 2921 insolitae
2469 2858 2950 2936 dispensationis,

535 2939 825 2998 nimirum
856 2938 1109 3014 justitiae
1138 2937 1376 2995 Divinae
1403 2937 1556 2995 ratio
1584 2944 1647 2995 et
1670 2937 1821 3012 legis
1847 2939 2111 2996 edictum
2137 2939 2236 2998 cui
2281 2957 2318 2998 a
2347 2939 2585 3000 Christo
2612 2939 2718 3014 qui
2743 2939 2952 2997 locum

536 3023 809 3074 nostrum
826 3019 1067 3076 subibat
1083 3017 1345 3076 satisfieri
1370 3015 1658 3092 oportuit,
1681 3022 1864 3091 atque
1883 3016 2025 3074 hinc
2043 3023 2134 3074 est
2147 3019 2314 3092 quod
2326 3018 2537 3091 Paule,
2551 3017 2728 3075 Rom.
2745 3017 2828 3074 iii.
2848 3015 2950 3086 25,

536 3093 772 3151 dicatur
790 3101 824 3128 “
836 3097 1194 3154 constitutus
1212 3095 1391 3152 aDeo
1413 3095 1473 3150 in
1493 3095 1932 3168 placamentum
1947 3113 2056 3170 per
2073 3096 2252 3154 fidem
2266 3097 2331 3154 in
2349 3095 2644 3171 sanguine
2659 3094 2846 3170 ipsius
2865 3096 2952 3152 ad

538 3171 1105 3232 demonstrationem
1157 3171 1409 3246 justitiae
1443 3189 1567 3229 suae
1607 3188 1716 3246 per
1757 3172 2160 3230 remissionem
2195 3182 2574 3250 peccatorum
2611 3174 2954 3248 praeceden—

536 3245 747 3320 tium,”
780 3250 903 3318 δια,
930 3267 1005 3306 ex
1058 3267 1130 3306 eo
1184 3249 1344 3306 enim
1370 3248 1603 3322 liquido
1629 3256 1797 3322 patet
1817 3267 1998 3324 quam
2027 3249 2104 3308 sit
2134 3251 2375 3325 justitia
2401 3252 2514 3311 Dei
2540 3251 2948 3324 inexorabilia,

536 3341 675 3380 cum
701 3342 821 3382 non
852 3344 1025 3400 passa
1050 3327 1130 3384 sit
1180 3332 1425 3401 peccata
1460 3325 1685 3384 remitti
1731 3326 1846 3385 nisi
1891 3329 2234 3388 interventu
2275 3331 2430 3390 tanti
2470 3328 2647 3405 pretii
2671 3335 2734 3386 et
2757 3328 2954 3404 ipsius

534 3401 645 3458 filii
666 3401 781 3459 Dei
808 3411 997 3460 morte
1024 3411 1085 3461 et
1104 3403 1415 3478 sanguine.
1803 3461 1808 3466 .

617 3479 872 3539 XLIII.
916 3479 1149 3539 Deinde
1176 3483 1226 3539 si
1253 3481 1432 3540 unico
1458 3487 1617 3540 nutu
1644 3489 1707 3540 et
1731 3485 1982 3544 verbulo
2009 3494 2254 3562 peccata
2285 3489 2488 3548 omnia
2511 3491 2718 3546 nostra
2743 3486 2952 3545 delere

533 3565 595 3617 et
614 3559 802 3617 veluti
820 3560 1043 3617 nubem
1064 3560 1379 3635 dispellere
1408 3560 1625 3635 potuit,
1655 3579 1732 3619 an
1762 3563 2082 3622 verisimile
2111 3574 2200 3625 est
2227 3586 2366 3626 eum
2393 3573 2575 3625 tantoe
2596 3565 2774 3622 molis
2791 3582 2952 3639 opus

533 3657 956 3714 aggressurum
974 3638 1190 3698 fuisse?
1213 3638 1337 3706 Qui
1354 3638 1509 3696 nihil
1527 3639 1824 3699 frustraet
1839 3642 1966 3699 sine
1976 3645 2322 3704 necessitate
2343 3645 2592 3704 molitur
2609 3643 2774 3701 Deus
2793 3661 2954 3717 quo-

532 3719 714 3775 modo
737 3716 961 3775 Filium
990 3736 1169 3775 suum
1194 3717 1259 3774 in
1286 3734 1409 3793 quo
1438 3717 1633 3776 omnis
1659 3719 1712 3793 ej
1721 3734 1790 3777 us
1817 3719 2007 3779 εὐδοκία
2034 3723 2294 3798 reposita
2307 3731 2440 3782 erat
2459 3724 2610 3781 citra
2633 3721 2952 3779 necessita-

530 3802 653 3853 tem
680 3813 713 3852 e
742 3797 889 3854 coelo
917 3796 1243 3867 demittere,
1274 3813 1449 3853 carne
1474 3803 1684 3856 nostra
1698 3803 1759 3855 et
1784 3801 1984 3858 servili
1999 3798 2196 3858 forma
2222 3801 2489 3873 induere,
2512 3800 2720 3857 multis
2746 3799 2951 3856 modis

530 3890 820 3944 exercere,
842 3892 912 3931 ac
932 3876 1177 3932 tandem
1192 3876 1333 3935 md
1362 3899 1421 3932 av
1438 3881 1499 3932 et
1516 3883 1825 3949 peccatum
1843 3879 2070 3936 afficere
2091 3879 2378 3937 sustinuit
2395 3883 2418 3938 ἓ
2469 3880 2626 3938 Sane
2647 3894 2767 3935 non
2790 3877 2952 3952 pati-

528 3957 632 4008 tur
678 3951 969 4026 sapientia
989 3960 1049 4011 et
1084 3954 1321 4012 bonitas
1408 3953 1462 4010 ei
1490 3960 1563 4011 ut
1586 3956 1898 4016 credamus
1924 3958 2040 4015 hoc
2064 3956 2156 4013 illi
2184 3957 2442 4014 liberum
2467 3957 2652 4014 fuisse
2689 3963 2750 4012 et
2789 3955 2950 4012 inte-

525 4047 722 4167 grudm,
754 4031 877 4088 imo
906 4038 1161 4107 utraque
1187 4031 1597 4090 necessitatem
1616 4037 1924 4108 quandam
1949 4035 2400 4094 memorabilem
2426 4036 2526 4094 hic
2551 4033 2952 4092 intercessisse

525 4125 621 4166 cre
666 4127 763 4167 ere
791 4127 901 4168 nos
922 4109 1099 4185 cogit.

608 4187 849 4246 XLIV.
896 4188 1195 4247 Praeterea
1240 4189 1289 4247 si
1332 4188 1656 4249 satisfactio
1683 4191 2012 4251 necessaria
2037 4209 2157 4250 non
2187 4191 2323 4262 fuit,
2353 4193 2527 4250 nulla
2546 4191 2786 4250 videtur
2811 4189 2958 4248 ido-

524 4283 641 4323 nea
654 4266 810 4323 ratio
836 4267 1009 4324 reddi
1036 4285 1209 4342 posse
1238 4269 1628 4343 quamobrem
1651 4270 1815 4329 Deus
1840 4278 1934 4329 tot
1959 4271 2222 4328 illustres
2243 4270 2374 4344 ejus
2401 4277 2580 4346 typos
2603 4271 2669 4326 in
2701 4269 2779 4327 V.
2811 4269 2958 4326 Foe-

523 4344 666 4399 dere
712 4351 915 4401 extare
958 4347 1235 4404 voluerit.
1298 4347 1422 4406 Cur
1468 4348 1630 4405 enim
1657 4366 1778 4406 non
1807 4349 1980 4408 licuit
2006 4349 2208 4407 electis
2239 4347 2478 4406 Israelis
2505 4349 2710 4406 videre
2738 4347 2958 4405 Deum

522 4418 640 4476 nisi
682 4420 851 4492 prius
896 4423 1097 4480 oblato
1141 4425 1425 4483 sacrificio
1472 4426 1648 4500 cnjus
1696 4427 1988 4503 sanguine
2033 4428 2298 4502 populus
2342 4426 2546 4486 fuerat
2571 4442 2956 4501 conspersus,

525 4495 718 4553 Exod.
763 4497 924 4553 xxiv,
974 4499 1029 4568 9,
1062 4499 1154 4571 10,
1198 4501 1314 4559 nisi
1340 4510 1411 4558 ut
1438 4502 1870 4577 significaretur
1915 4523 2044 4563 norr
2081 4523 2254 4581 posse
2276 4523 2388 4564 nos
2414 4507 2494 4564 ad
2523 4505 2639 4563 Dei
2665 4521 2964 4578 conspec-

522 4579 651 4632 tum
696 4579 758 4630 et
804 4577 1283 4636 communionem
1330 4579 1569 4639 admitti
1596 4583 1744 4656 quin
1771 4583 1936 4658 prius
1963 4583 2190 4644 Christi
2217 4583 2507 4642 sacrificio
2536 4581 2956 4657 fragrantissi-
