3234 5192
524 339 635 395 112
1304 349 1381 392 m:
1412 348 1774 392 necessarus
1803 348 2151 392 secession
2589 330 2847 412 [msrc'r.
2881 354 2937 393 v.

516 496 694 557 totius
742 494 923 571 regni,
980 502 1165 553 totum
1208 494 1455 570 denique
1499 512 1758 570 regnum,
1805 502 1864 551 et
1911 494 1971 549 in
2018 512 2086 549 eo
2134 492 2420 551 innumeri
2465 492 2818 570 innocentes,
2871 506 2938 555 ut

516 596 829 655 paucorum
872 573 1215 632 furiosorum
1275 572 1501 630 libidini
1557 574 1837 646 litaretur,
1870 572 1971 630 uni
2001 572 2181 629 exitio
2211 592 2326 629 uno
2355 581 2648 631 momento
2695 574 2947 633 destina·-

514 656 771 730 rentur,”
804 660 900 712 8εο.
987 654 1129 727 Quae
1158 654 1351 711 omnia
1380 654 1734 711 consectaria
1755 672 1882 710 esse
1910 652 2070 728 impii
2099 650 2390 728 dogmatis
2411 650 2482 709 de
2532 672 2799 728 suprema
2831 654 2938 713 Pa-

514 757 604 814 pae
648 742 931 814 potestate
960 734 1021 791 in
1049 752 1234 811 regeS,
1265 752 1381 790 non
1410 742 1500 791 est
1532 732 1858 807 obscurum,
1884 732 2039 808 quod
2067 730 2282 789 ibidem
2331 730 2756 791 illustrissimus
2795 754 2939 811 prae-

510 836 603 875 ses
630 824 785 873 reete
814 814 1103 872 observat.
1188 812 1373 886 Quam
1402 832 1540 871 vero
1564 812 1890 869 istiusmodi
1918 812 2134 869 scelera
2161 830 2276 868 non
2324 811 2668 888 displiceant
2697 812 2938 873 Pontifi-

510 896 693 970 cibuS,
726 893 1057 969 exemplum
1086 892 1519 950 memorandum
1548 891 1828 949 habemus
1857 891 1915 948 in
1949 891 2116 949 Sixto
2145 890 2220 948 V.
2255 891 2552 963 Pontifice,
2576 891 2636 948 in
2677 893 2936 953 oratione

514 976 643 1051 ejus
665 974 864 1032 habita
885 974 943 1029 in
966 971 1305 1029 consistorio
1322 971 1541 1048 Papali,
1562 988 1714 1029 anno
1732 973 1903 1045 1589,
1930 990 2100 1047 super
2121 970 2277 1028 caede
2298 970 2538 1027 Henrici
2563 970 2702 1045 ΙΙΙ.,
2722 992 2940 1033 excusa

519 1054 767 1112 Lutetiae
796 1072 947 1111 anno
967 1053 1137 1126 1590,
1156 1050 1311 1127 apud
1325 1051 1628 1109 Nicolaum
1643 1051 1956 1108 Nivellium
1977 1059 2036 1108 et
2049 1049 2346 1108 Rollinum
2365 1050 2787 1109 Theodericum
2801 1072 2931 1111 cum

516 1133 930 1210 approbatione
969 1131 1285 1204 doctorum,
1337 1130 1438 1188 ubi
1486 1132 1700 1189 factum
1750 1130 2064 1188 Clementis
2111 1130 2270 1206 operi
2298 1138 2606 1206 assumptae
2635 1132 2937 1192 aDomino

514 1213 719 1287 carnis,
753 1221 810 1270 et
850 1210 1283 1269 resurrectionis
1310 1210 1570 1287 ejusdem
1597 1210 1892 1286 mysterio,
1943 1210 2017 1267 ab
2064 1208 2380 1267 Habacuco
2427 1218 2562 1268 vate
2604 1211 2935 1289 praedicam,

517 1302 753 1371 propter
780 1290 1237 1368 magnitudinem
1266 1298 1325 1349 et
1352 1290 1433 1347 rei
1462 1290 1898 1349 admirationem
1949 1289 2184 1364 confert,
2233 1297 2292 1347 et
2341 1289 2449 1347 sub
2497 1289 2669 1347 finem
2711 1290 2940 1366 judicat

512 1392 707 1450 regem
755 1372 1061 1448 indignum
1104 1370 1197 1427 his
1214 1368 1433 1444 officiis,
1466 1390 1597 1447 quae
1641 1369 2080 1447 imperatoribus
2097 1376 2156 1427 et
2173 1368 2408 1445 regibus
2430 1368 2690 1427 exhiberi
2721 1370 2926 1446 solent,

518 1453 729 1531 quippe
764 1452 821 1509 S.
858 1451 1168 1526 Scripturas
1195 1450 1537 1508 auctoritate
1564 1449 1874 1525 prohiberi,
1905 1468 1978 1506 ne
2007 1449 2138 1526 quis
2165 1468 2270 1525 pro
2310 1468 2396 1523 e0,
2447 1448 2548 1525 qui
2595 1450 2656 1507 in
2700 1459 2936 1527 peccato

516 1532 591 1591 ad
645 1540 905 1605 mortem,
976 1530 1087 1587 hoc
1142 1538 1231 1587 est
1285 1530 1345 1585 in
1406 1529 1682 1606 Spiritum
1743 1528 1802 1587 S.
1873 1528 2142 1600 admiss0‚
2202 1528 2371 1603 quale
2428 1528 2585 1604 regis
2639 1540 2938 1606 peccatum

519 1612 644 1686 fuit,
696 1610 953 1683 moritur,
984 1628 1184 1685 preces
1212 1608 1401 1681 faciat,
1434 1618 1492 1667 et
1520 1609 1835 1667 orationem
1867 1608 1949 1666 sic
1977 1607 2212 1683 claudit,
2244 1610 2491 1683 Propter
2517 1610 2633 1666 hoec
2650 1618 2704 1667 et
2726 1611 2934 1669 similia

516 1690 813 1765 manifesta
830 1689 1233 1763 impoenitentiae
1262 1688 1485 1761 indicia,
1519 1688 1859 1746 decretumne
1865 1708 1982 1763 pro
2005 1689 2123 1763 ipso
2135 1707 2246 1745 non
2267 1708 2380 1746 esse
2401 1689 2762 1747 celebrandas
2783 1710 2939 1749 exse-

515 1772 694 1848 quias,
726 1775 823 1827 &c.
854 1769 1078 1825 Thuan.
1106 1767 1206 1826 lib.
1240 1769 1335 1825 95.
1367 1767 1535 1841 Quod
1555 1768 1604 1825 si
1617 1768 1766 1825 serio
1778 1768 2234 1825 animadvertere
2247 1767 2466 1825 vellent
2486 1788 2654 1845 reges
2685 1778 2744 1828 et
2781 1770 2936 1846 prin·

516 1852 690 1927 cipes,
722 1847 1003 1920 viderent,
1034 1854 1313 1923 quantum
1342 1866 1373 1904 e
1402 1867 1463 1905 re
1492 1866 1595 1905 sua
1623 1857 1793 1921 esset,
1827 1866 1951 1906 sese
1977 1855 2198 1904 mature
2241 1846 2390 1923 jugo
2438 1847 2534 1905 isti
2582 1848 2944 1924 iniquissimo

516 1930 854 2003 subducere,
887 1936 945 1986 et
974 1926 1190 2001 Papam
1220 1944 1313 1984 res
1341 1946 1474 1985 suas
1502 1926 1714 1985 habere
1736 1927 1960 2004 jubere,
1991 1936 2056 1985 ut
2105 1926 2286 1985 tutius
2330 1934 2389 1985 et
2437 1928 2693 1987 securius
2741 1930 2942 1989 vivere

510 2018 764 2089 possent.
853 2006 969 2066 Sed
997 2005 1071 2063 ad
1098 2005 1213 2063 alia
1239 2026 1391 2063 nunc
1418 2024 1744 2083 pergamus,
1776 2014 1833 2064 et
1863 2005 2232 2065 ostendamus
2288 2007 2348 2063 in
2396 2008 2616 2065 animas
2643 2017 2698 2066 et
2737 2010 2944 2069 consci-

517 2090 695 2150 entias
715 2088 957 2147 eandem
985 2086 1349 2163 tyrannidem
1380 2106 1495 2144 non
1526 2106 1641 2144 una
1667 2086 1888 2144 ratione
1917 2086 2193 2143 obtinere.

513 2206 553 2255 T
614 2210 753 2254 annis
814 2208 939 2253 Rom
944 2222 992 2252 a·
1120 2164 1335 2223 XXV.
1383 2165 1591 2241 Primo,
1624 2167 1756 2242 quis
1794 2186 1909 2223 non
1959 2185 2196 2241 gravem
2243 2166 2607 2242 tyrannidem
2657 2176 2938 2244 agnoscat

514 2224 649 2313 „sin
666 2268 1004 2313 conscientias.
1048 2246 1107 2303 in
1136 2264 1205 2303 eo
1234 2244 1405 2321 quod,
1438 2266 1567 2302 cum
1623 2246 1918 2321 Scriptura
1966 2247 2025 2303 S.
2077 2246 2153 2304 sit
2197 2244 2294 2303 fax
2340 2246 2618 2321 veritatiS,
2661 2248 2938 2324 pabulum

1034 2326 1187 2398 vitae,
1240 2334 1648 2383 testamentum
1715 2326 1920 2400 Patris,
1969 2334 2298 2383 contractus
2339 2325 2574 2383 foederis
2637 2327 2940 2385 nobiscum

509 2427 545 2464 a
596 2406 722 2463 Deo
750 2404 896 2477 initi,
929 2424 1123 2462 semen
1152 2405 1618 2480 regenerationiS‚
1651 2412 1708 2463 et
1737 2405 1980 2481 epistola
2011 2405 2118 2462 Dei
2149 2404 2224 2462 ad
2251 2424 2374 2480 nos,
2425 2426 2554 2481 quae
2603 2406 2664 2463 in
2713 2426 2842 2465 eum
2875 2406 2940 2465 fi·

512 2504 643 2543 nem
683 2483 819 2543 data
846 2493 952 2558 est,
984 2494 1048 2542 ut
1077 2484 1277 2541 sedula
1306 2492 1364 2541 et
1396 2484 1528 2561 jugi
1576 2484 1950 2542 meditatione
1979 2483 2206 2561 legatur
2233 2494 2292 2543 et
2337 2484 2734 2561 investigetur,
2783 2487 2938 2544 Psal.

514 2566 551 2623 i.
583 2569 637 2640 2,
663 2564 706 2623 J
710 2564 879 2621 ohan.
910 2583 967 2621 v.
990 2566 1087 2637 29,
1112 2564 1233 2622 Col.
1255 2564 1334 2621 iii.
1360 2567 1450 2637 16,
1471 2564 1553 2621 ita
1582 2584 1780 2622 severe
1810 2574 2001 2622 tamen
2024 2565 2152 2640 ejus
2175 2563 2344 2623 lectio
2379 2564 2739 2624 interdicitur
2759 2586 2941 2645 popu-

511 2646 588 2717 lo,
621 2653 687 2703 ut
708 2643 869 2701 nefas
897 2643 973 2702 sit
1002 2643 1097 2701 vel
1130 2644 1483 2719 Scripturam
1513 2642 1670 2701 domi
1699 2644 1911 2701 habere
1939 2644 2035 2701 vel
2063 2643 2275 2719 legere.
2380 2644 2546 2717 Quod
2599 2646 2748 2703 enim
2800 2646 2940 2704 olim

515 2724 655 2782 Pius
688 2724 815 2798 IV.,
850 2722 1079 2799 Regula
1106 2728 1162 2796 4,
1195 2722 1437 2781 consilio
1482 2724 1716 2800 parochi
1763 2724 2089 2800 permisisse
2147 2724 2470 2795 videbatur,
2521 2732 2586 2781 ut
2615 2724 2941 2784 Bibliorum

510 2824 809 2862 versorum
838 2803 1009 2862 lectio
1038 2803 1383 2881 quibusdam
1413 2804 1837 2878 concederetur,
1871 2803 2184 2862 Clementis
2211 2803 2394 2861 VIII.
2423 2803 2822 2862 observatione
2851 2824 2940 2862 re-

510 2892 752 2943 vocatur
775 2904 788 2956 ;
832 2892 897 2942 ut
925 2904 1143 2942 merum
1173 2884 1367 2941 fucum
1396 2904 1523 2942 esse
1550 2884 1770 2957 videm,
1829 2904 1944 2959 quo
1973 2883 2417 2961 simplicioribus
2444 2882 2770 2959 imponitur,
2803 2883 2942 2942 dum

510 2974 687 3042 negat
712 2964 892 3022 ullam
924 2964 1228 3041 Episcopis
1256 2964 1353 3022 vel
1383 2962 1832 3040 Inquisitoribus
1862 2964 1970 3021 hoc
2026 2962 2376 3021 concedendi
2409 2972 2746 3039 potestatem
2797 2962 2939 3039 fieri,

513 3044 629 3101 imo
660 3044 815 3101 illam
846 3044 918 3102 iis
932 3044 1055 3120 jam
1078 3053 1211 3102 ante
1262 3044 1547 3102 sublatam
1597 3044 1774 3102 fuisse
1799 3064 1812 3117 ;
1857 3062 1964 3101 nee
2009 3042 2122 3099 alia
2171 3043 2316 3100 ratio
2365 3044 2716 3119 praetexitur,
2770 3064 2944 3119 quam

516 3122 671 3200 quod
714 3123 1025 3181 vernacula
1052 3124 1254 3200 lingua
1281 3123 1428 3181 liber
1450 3124 1525 3181 sit
1574 3135 1862 3196 exaratuS,
1889 3122 2110 3180 scilicet
2137 3121 2324 3180 fraudi
2355 3121 2582 3179 Christo
2611 3132 2716 3197 est,
2763 3125 2812 3181 si
2841 3143 2942 3200 po-

512 3202 791 3278 pulariter
818 3202 1089 3277 loquitur.
1176 3204 1227 3261 O
1256 3203 1512 3274 miser08,
1545 3204 1645 3277 qui
1673 3203 1862 3261 lucem
1911 3202 2158 3278 fugiunt,
2207 3202 2388 3260 vitam
2438 3201 2689 3277 horrent,
2749 3203 2942 3262 cibum

516 3280 759 3353 calcant,
812 3298 1055 3355 quorum
1083 3280 1348 3357 princeps
1378 3301 1515 3340 cura
1534 3292 1626 3339 est
1653 3282 1894 3339 verbum
1941 3281 2176 3339 Domini
2220 3282 2446 3357 ejicere,
2505 3282 2774 3357 clypeum
2803 3282 2942 3341 fidei

513 3359 626 3437 piis
653 3360 890 3435 eripere,
922 3366 980 3416 et
1005 3360 1301 3417 lucernam
1322 3359 1430 3418 sub
1460 3360 1714 3417 modium
1764 3380 2038 3437 reponere
2069 3364 2082 3419 1
2171 3361 2287 3419 Sed
2335 3360 2525 3418 mirari
2574 3360 2772 3419 desine
2819 3370 2940 3420 tam

518 3438 711 3496 audax
740 3437 980 3495 facinus.
1050 3438 1133 3497 Ut
1160 3438 1315 3497 fures
1344 3439 1543 3498 oculos
1572 3449 1704 3497 ante
1733 3448 1954 3517 petunt,
1987 3440 2289 3516 lucemque
2317 3440 2477 3517 prius
2505 3440 2818 3498 extinctam
2849 3462 2947 3499 cu-

519 3518 703 3595 piunt,
756 3536 929 3594 quam
958 3518 1147 3577 scelus
1177 3538 1343 3576 suum
1373 3529 1722 3596 perpetrent,
1769 3520 1849 3578 ita
1895 3520 2032 3579 boni
2077 3520 2176 3577 isti
2205 3520 2316 3577 viri
2347 3520 2508 3578 verbi
2549 3518 2732 3578 facem
2768 3522 2946 3579 surri-

514 3599 697 3676 piunt,
730 3605 795 3655 ut
824 3596 1047 3655 facilius
1076 3618 1317 3674 regnare
1345 3598 1570 3675 possint
1611 3599 1671 3656 in
1699 3600 1968 3673 tenebris,
2000 3608 2059 3656 et
2088 3598 2416 3675 pestiferam
2443 3599 2630 3658 lucem
2682 3600 2945 3659 disserni-

514 3698 670 3737 nare.
757 3678 939 3752 Quam
972 3678 1319 3735 horrendum
1338 3698 1475 3737 vero
1498 3678 1660 3754 illud,
1686 3679 1842 3756 quod
1864 3679 2284 3737 sacratissimus
2327 3680 2433 3737 iste
2453 3680 2714 3738 veritatis
2732 3680 2944 3739 divinae

515 3759 718 3832 codex,
768 3758 1005 3815 immota
1060 3756 1197 3815 fidei
1238 3758 1441 3835 regula
1489 3766 1546 3816 et
1590 3778 1792 3831 canon,
1841 3758 2254 3816 consolationis
2301 3756 2564 3833 fulcrum,
2613 3779 2728 3817 non
2772 3760 2946 3820 modo

512 3838 891 3916 proscribitur
916 3838 1107 3915 impie,
1138 3858 1211 3895 ne
1239 3838 1301 3894 in
1328 3838 1526 3896 oculos
1553 3838 1849 3896 hominum
1878 3838 2092 3910 veniat,
2123 3837 2243 3911 sed,
2273 3837 2542 3896 horresco
2559 3838 2829 3913 referens,
2859 3860 2948 3897 ar·

514 3918 785 3978 dentibus
811 3918 971 3993 rogis
1026 3918 1237 3993 saepius
1264 3916 1530 3975 addictus
1578 3926 1682 3976 est.
1772 3918 1888 3975 Hic
1933 3918 2153 3975 scilicet
2199 3918 2385 3975 honor
2427 3927 2531 3991 est,
2579 3938 2696 3993 quo
2752 3918 2952 3977 divina

514 3998 729 4057 Christi
758 3998 991 4057 oracula
1034 3996 1375 4069 officiuntur,
1406 3996 1517 4055 hoe
1544 3996 1815 4071 medium,
1861 4017 1975 4074 quo
2004 4005 2259 4055 errantes
2286 3996 2346 4052 in
2375 3997 2528 4054 viam
2559 3998 2831 4057 reducere
2861 4018 2950 4056 sa-

512 4087 735 4155 tagunt,
768 4088 826 4137 et
864 4077 1035 4135 fidem
1067 4076 1206 4153 ipsis
1236 4077 1477 4135 suadere
1519 4080 1832 4135 conantur!
1877 4077 2043 4154 quasi
2076 4076 2387 4153 Scriptura,
2421 4077 2623 4134 salutis
2651 4078 2946 4153 magistra,

513 4158 799 4217 hoereticae
826 4156 1171 4234 pestilentias
1198 4156 1531 4215 vehiculum
1559 4176 1686 4214 esse
1715 4164 1927 4233 posset.
2013 4155 2178 4213 Licet
2205 4164 2396 4214 autem
2419 4156 2682 4214 nonnulli
2711 4156 2949 4214 videan-

516 4246 611 4295 tur
638 4238 695 4294 in
724 4238 839 4295 alia
867 4238 1060 4296 omnia
1102 4237 1202 4312 ire,
1244 4237 1550 4295 lectionem
1585 4236 1894 4312 Scripturoe
1929 4234 2119 4293 Sacrae
2147 4254 2264 4292 non
2294 4235 2702 4313 improbanteS,
2733 4243 2793 4295 et
2819 4256 2950 4295 ver-

518 4316 734 4372 sionem
785 4318 910 4392 ejus
959 4318 1019 4375 in
1046 4318 1249 4393 lingua
1276 4316 1587 4375 vernacula
1614 4315 1975 4387 adornantes,
2021 4324 2266 4390 quantas
2307 4324 2502 4374 tamen
2550 4317 2750 4374 turbas
2794 4317 2950 4374 exci-

509 4394 646 4451 tarit
673 4394 987 4453 novissima
1015 4397 1059 4454 J
1060 4398 1479 4455 ansenistarum
1504 4395 1658 4453 Novi
1677 4394 2034 4453 Testamenti
2064 4394 2270 4467 versi0‚
2291 4414 2460 4453 nemo
2483 4403 2570 4454 est
2589 4396 2942 4471 quinesciat,

518 4480 577 4530 et
606 4472 653 4529 si
683 4472 823 4546 quid
851 4473 923 4531 de
951 4474 1139 4549 rigore
1168 4476 1269 4534 illo
1298 4476 1532 4553 quidam
1556 4473 1872 4549 remittunt,
1905 4482 2124 4532 eertum
2153 4483 2244 4532 est
2273 4482 2464 4531 tamen
2505 4493 2623 4532 non
2673 4475 2942 4534 omnibus

517 4552 762 4627 placere,
794 4559 854 4609 et
882 4551 939 4607 in
969 4552 1230 4627 pluribus
1258 4555 1435 4628 locis3
1484 4564 1547 4613 ut
1574 4552 1636 4611 in
1666 4553 1854 4628 Italia,
1889 4553 2194 4630 Hispania,
2225 4562 2283 4612 et
2311 4553 2469 4627 alibi,
2501 4554 2652 4612 idem
2678 4554 2951 4613 interdic-

512 4640 635 4690 tum
666 4630 1028 4689 severissime
1058 4632 1369 4691 observari.
2281 4638 2292 4647 ’
