<?xml version="1.0" encoding="UTF-8"?>
<!DOCTYPE html PUBLIC "-//W3C//DTD XHTML 1.0 Transitional//EN"
    "http://www.w3.org/TR/xhtml1/DTD/xhtml1-transitional.dtd">
<html xmlns="http://www.w3.org/1999/xhtml" xml:lang="en" lang="en">
 <head>
  <title>
</title>
<meta http-equiv="Content-Type" content="text/html;charset=utf-8" />
  <meta name='ocr-system' content='tesseract 3.04.00' />
  <meta name='ocr-capabilities' content='ocr_page ocr_carea ocr_par ocr_line ocrx_word'/>
</head>
<body>
  <div class='ocr_page' id='page_1' title='image "./denecessariasec00turrgoog_0686.png"; bbox 0 0 3234 5192; ppageno 0'>
   <div class='ocr_carea' id='block_1_1' title="bbox 572 338 3008 421">
    <p class='ocr_par' dir='ltr' id='par_1_1' title="bbox 572 338 3008 421">
     <span class='ocr_line' id='line_1_1' title="bbox 572 338 3008 421; baseline -0.002 -14"><span class='ocrx_word' id='word_1_1' title='bbox 572 349 691 407; x_wconf 84' lang='grc'><strong>628</strong></span> <span class='ocrx_word' id='word_1_2' title='bbox 1152 362 1232 403; x_wconf 75' lang='lat' dir='ltr'><strong>ns</strong></span> <span class='ocrx_word' id='word_1_3' title='bbox 1262 360 1736 405; x_wconf 65' lang='lat' dir='ltr'><strong>sursum-roms</strong></span> <span class='ocrx_word' id='word_1_4' title='bbox 1765 358 2002 403; x_wconf 72' lang='lat' dir='ltr'><strong>cums-rr</strong></span> <span class='ocrx_word' id='word_1_5' title='bbox 2029 360 2348 416; x_wconf 67' lang='lat' dir='ltr'><strong>vsarmra.</strong></span> <span class='ocrx_word' id='word_1_6' title='bbox 2580 338 2851 421; x_wconf 78' lang='lat' dir='ltr'><strong>[Disrur.</strong></span> <span class='ocrx_word' id='word_1_7' title='bbox 2883 364 3008 403; x_wconf 77' lang='lat' dir='ltr'><strong>xx.</strong></span> 
     </span>
    </p>
   </div>
   <div class='ocr_carea' id='block_1_2' title="bbox 572 502 3004 1544">
    <p class='ocr_par' dir='ltr' id='par_1_2' title="bbox 572 502 3004 1451">
     <span class='ocr_line' id='line_1_2' title="bbox 574 502 3004 582; baseline -0.002 -16"><span class='ocrx_word' id='word_1_8' title='bbox 574 527 701 566; x_wconf 87' lang='lat' dir='ltr'><strong>esse</strong></span> <span class='ocrx_word' id='word_1_9' title='bbox 730 507 1165 565; x_wconf 78' lang='lat' dir='ltr'><strong>consecutiones</strong></span> <span class='ocrx_word' id='word_1_10' title='bbox 1193 505 1324 564; x_wconf 85' lang='lat' dir='ltr'><strong>illas</strong></span> <span class='ocrx_word' id='word_1_11' title='bbox 1352 525 1498 581; x_wconf 87' lang='lat' dir='ltr'><strong>quas</strong></span> <span class='ocrx_word' id='word_1_12' title='bbox 1527 504 1601 563; x_wconf 88' lang='lat' dir='ltr'><strong>ad</strong></span> <span class='ocrx_word' id='word_1_13' title='bbox 1629 504 1889 581; x_wconf 77' lang='lat' dir='ltr'><strong>mysterii</strong></span> <span class='ocrx_word' id='word_1_14' title='bbox 1919 505 2094 581; x_wconf 87' lang='lat' dir='ltr'><strong>hujus</strong></span> <span class='ocrx_word' id='word_1_15' title='bbox 2121 502 2516 582; x_wconf 81' lang='lat' dir='ltr'>probationem</span> <span class='ocrx_word' id='word_1_16' title='bbox 2546 502 2827 577; x_wconf 87' lang='lat' dir='ltr'><strong>elicimus,</strong></span> <span class='ocrx_word' id='word_1_17' title='bbox 2863 504 3004 561; x_wconf 86' lang='lat' dir='ltr'><strong>imo</strong></span> 
     </span>
     <span class='ocr_line' id='line_1_3' title="bbox 572 582 3002 663; baseline -0.001 -18"><span class='ocrx_word' id='word_1_18' title='bbox 572 588 929 646; x_wconf 83' lang='lat' dir='ltr'><strong>necessarias</strong></span> <span class='ocrx_word' id='word_1_19' title='bbox 956 596 1013 645; x_wconf 89' lang='lat' dir='ltr'><strong>et</strong></span> <span class='ocrx_word' id='word_1_20' title='bbox 1040 587 1335 663; x_wconf 87' lang='lat' dir='ltr'><strong>proximas</strong></span> <span class='ocrx_word' id='word_1_21' title='bbox 1362 606 1429 645; x_wconf 90' lang='lat' dir='ltr'><strong>ac</strong></span> <span class='ocrx_word' id='word_1_22' title='bbox 1472 586 1770 645; x_wconf 83' lang='lat' dir='ltr'><strong>evidentes</strong></span> <span class='ocrx_word' id='word_1_23' title='bbox 1803 605 1930 643; x_wconf 87' lang='lat' dir='ltr'><strong>esse</strong></span> <span class='ocrx_word' id='word_1_24' title='bbox 1957 584 2368 661; x_wconf 80' lang='lat' dir='ltr'><strong>pertendimus,</strong></span> <span class='ocrx_word' id='word_1_25' title='bbox 2453 584 2605 641; x_wconf 88' lang='lat' dir='ltr'><strong>Nam</strong></span> <span class='ocrx_word' id='word_1_26' title='bbox 2635 584 2684 641; x_wconf 89' lang='lat' dir='ltr'><strong>si</strong></span> <span class='ocrx_word' id='word_1_27' title='bbox 2714 582 3002 643; x_wconf 81' lang='lat' dir='ltr'><strong>Christus</strong></span> 
     </span>
     <span class='ocr_line' id='line_1_4' title="bbox 576 662 3002 742; baseline 0 -17"><span class='ocrx_word' id='word_1_28' title='bbox 576 688 682 728; x_wconf 90' lang='lat' dir='ltr'><strong>nos</strong></span> <span class='ocrx_word' id='word_1_29' title='bbox 710 689 745 725; x_wconf 87' lang='lat' dir='ltr'><strong>a</strong></span> <span class='ocrx_word' id='word_1_30' title='bbox 772 667 1174 726; x_wconf 79' lang='lat' dir='ltr'><strong>maledictione</strong></span> <span class='ocrx_word' id='word_1_31' title='bbox 1202 666 1445 726; x_wconf 87' lang='lat' dir='ltr'><strong>redemit</strong></span> <span class='ocrx_word' id='word_1_32' title='bbox 1488 666 1609 742; x_wconf 87' lang='lat' dir='ltr'><strong>ipse</strong></span> <span class='ocrx_word' id='word_1_33' title='bbox 1656 665 1840 723; x_wconf 88' lang='lat' dir='ltr'><strong>factus</strong></span> <span class='ocrx_word' id='word_1_34' title='bbox 1880 685 1984 742; x_wconf 91' lang='lat' dir='ltr'><strong>pro</strong></span> <span class='ocrx_word' id='word_1_35' title='bbox 2013 665 2182 723; x_wconf 89' lang='lat' dir='ltr'><strong>nobis</strong></span> <span class='ocrx_word' id='word_1_36' title='bbox 2222 664 2567 737; x_wconf 83' lang='lat' dir='ltr'><strong>maledictiO,</strong></span> <span class='ocrx_word' id='word_1_37' title='bbox 2597 662 2739 739; x_wconf 90' lang='lat' dir='ltr'><strong>quid</strong></span> <span class='ocrx_word' id='word_1_38' title='bbox 2767 664 3002 725; x_wconf 77' lang='lat' dir='ltr'><strong>clarius</strong></span> 
     </span>
     <span class='ocr_line' id='line_1_5' title="bbox 575 744 3000 825; baseline -0.002 -18"><span class='ocrx_word' id='word_1_39' title='bbox 575 758 664 807; x_wconf 87' lang='lat' dir='ltr'><strong>est</strong></span> <span class='ocrx_word' id='word_1_40' title='bbox 692 768 865 825; x_wconf 87' lang='lat' dir='ltr'><strong>quam</strong></span> <span class='ocrx_word' id='word_1_41' title='bbox 912 747 1041 805; x_wconf 92' lang='lat' dir='ltr'><strong>loco</strong></span> <span class='ocrx_word' id='word_1_42' title='bbox 1090 756 1287 805; x_wconf 90' lang='lat' dir='ltr'><strong>nostro</strong></span> <span class='ocrx_word' id='word_1_43' title='bbox 1334 746 1696 819; x_wconf 78' lang='lat' dir='ltr'><strong>satisfecisse,</strong></span> <span class='ocrx_word' id='word_1_44' title='bbox 1727 755 1786 804; x_wconf 87' lang='lat' dir='ltr'><strong>et</strong></span> <span class='ocrx_word' id='word_1_45' title='bbox 1828 764 1926 803; x_wconf 88' lang='lat' dir='ltr'><strong>eas</strong></span> <span class='ocrx_word' id='word_1_46' title='bbox 1969 765 2114 821; x_wconf 89' lang='lat' dir='ltr'><strong>quas</strong></span> <span class='ocrx_word' id='word_1_47' title='bbox 2163 744 2480 803; x_wconf 89' lang='lat' dir='ltr'><strong>commeriti</strong></span> <span class='ocrx_word' id='word_1_48' title='bbox 2522 764 2748 801; x_wconf 87' lang='lat' dir='ltr'><strong>eramus</strong></span> <span class='ocrx_word' id='word_1_49' title='bbox 2777 764 3000 821; x_wconf 81' lang='lat' dir='ltr'><strong>poenas</strong></span> 
     </span>
     <span class='ocr_line' id='line_1_6' title="bbox 574 824 2994 908; baseline -0.002 -20"><span class='ocrx_word' id='word_1_50' title='bbox 574 828 777 888; x_wconf 88' lang='lat' dir='ltr'><strong>tulisse</strong></span> <span class='ocrx_word' id='word_1_51' title='bbox 798 831 827 885; x_wconf 84' lang='lat'><strong>⁴?</strong></span> <span class='ocrx_word' id='word_1_52' title='bbox 912 827 971 886; x_wconf 85' lang='lat' dir='ltr'><strong>Si</strong></span> <span class='ocrx_word' id='word_1_53' title='bbox 1003 847 1065 885; x_wconf 89' lang='lat' dir='ltr'><strong>se</strong></span> <span class='ocrx_word' id='word_1_54' title='bbox 1094 827 1254 885; x_wconf 89' lang='lat' dir='ltr'><strong>dedit</strong></span> <span class='ocrx_word' id='word_1_55' title='bbox 1280 829 1563 908; x_wconf 54' lang='lat' dir='ltr'><strong>sinebam-gor</strong></span> <span class='ocrx_word' id='word_1_56' title='bbox 1588 844 1694 903; x_wconf 89' lang='lat' dir='ltr'><strong>pro</strong></span> <span class='ocrx_word' id='word_1_57' title='bbox 1715 825 1900 900; x_wconf 90' lang='lat' dir='ltr'><strong>nobis,</strong></span> <span class='ocrx_word' id='word_1_58' title='bbox 1933 824 1982 883; x_wconf 92' lang='lat' dir='ltr'><strong>si</strong></span> <span class='ocrx_word' id='word_1_59' title='bbox 2009 824 2240 903; x_wconf 89' lang='lat' dir='ltr'><strong>proprio</strong></span> <span class='ocrx_word' id='word_1_60' title='bbox 2269 824 2550 901; x_wconf 88' lang='lat' dir='ltr'><strong>sanguine</strong></span> <span class='ocrx_word' id='word_1_61' title='bbox 2579 844 2686 882; x_wconf 90' lang='lat' dir='ltr'><strong>nos</strong></span> <span class='ocrx_word' id='word_1_62' title='bbox 2713 824 2994 899; x_wconf 84' lang='lat' dir='ltr'><strong>redemit,</strong></span> 
     </span>
     <span class='ocr_line' id='line_1_7' title="bbox 576 903 2991 984; baseline -0.001 -18"><span class='ocrx_word' id='word_1_63' title='bbox 576 909 625 966; x_wconf 89' lang='lat' dir='ltr'><strong>si</strong></span> <span class='ocrx_word' id='word_1_64' title='bbox 653 909 932 966; x_wconf 89' lang='lat' dir='ltr'><strong>habemus</strong></span> <span class='ocrx_word' id='word_1_65' title='bbox 968 908 1183 983; x_wconf 67' lang='grc' dir='ltr'><strong>ἱλασμὶι</strong></span> <span class='ocrx_word' id='word_1_66' title='bbox 1226 906 1287 964; x_wconf 92' lang='lat' dir='ltr'><strong>in</strong></span> <span class='ocrx_word' id='word_1_67' title='bbox 1332 908 1458 984; x_wconf 88' lang='lat' dir='ltr'><strong>ejus</strong></span> <span class='ocrx_word' id='word_1_68' title='bbox 1503 906 1800 982; x_wconf 85' lang='lat' dir='ltr'><strong>sanguine,</strong></span> <span class='ocrx_word' id='word_1_69' title='bbox 1831 905 1973 983; x_wconf 90' lang='lat' dir='ltr'><strong>quid</strong></span> <span class='ocrx_word' id='word_1_70' title='bbox 2015 905 2329 983; x_wconf 85' lang='lat' dir='ltr'><strong>proclivius</strong></span> <span class='ocrx_word' id='word_1_71' title='bbox 2377 913 2466 963; x_wconf 90' lang='lat' dir='ltr'><strong>est</strong></span> <span class='ocrx_word' id='word_1_72' title='bbox 2494 924 2666 981; x_wconf 89' lang='lat' dir='ltr'><strong>quam</strong></span> <span class='ocrx_word' id='word_1_73' title='bbox 2693 903 2830 962; x_wconf 88' lang='lat' dir='ltr'><strong>inde</strong></span> <span class='ocrx_word' id='word_1_74' title='bbox 2861 906 2991 963; x_wconf 90' lang='lat' dir='ltr'><strong>col-</strong></span> 
     </span>
     <span class='ocr_line' id='line_1_8' title="bbox 576 984 2996 1065; baseline -0.001 -19"><span class='ocrx_word' id='word_1_75' title='bbox 576 989 756 1065; x_wconf 86' lang='lat' dir='ltr'><strong>ligere</strong></span> <span class='ocrx_word' id='word_1_76' title='bbox 786 986 1077 1046; x_wconf 80' lang='lat' dir='ltr'><strong>Christum</strong></span> <span class='ocrx_word' id='word_1_77' title='bbox 1105 987 1350 1064; x_wconf 82' lang='lat' dir='ltr'><strong>pretium</strong></span> <span class='ocrx_word' id='word_1_78' title='bbox 1402 986 1549 1045; x_wconf 89' lang='lat' dir='ltr'><strong>illud</strong></span> <span class='ocrx_word' id='word_1_79' title='bbox 1595 984 1753 1063; x_wconf 81' lang='lat' dir='ltr'><strong>quod</strong></span> <span class='ocrx_word' id='word_1_80' title='bbox 1801 985 2120 1044; x_wconf 89' lang='lat' dir='ltr'><strong>debebatur</strong></span> <span class='ocrx_word' id='word_1_81' title='bbox 2153 985 2398 1063; x_wconf 74' lang='lat' dir='ltr'><strong>justitiae</strong></span> <span class='ocrx_word' id='word_1_82' title='bbox 2435 984 2648 1043; x_wconf 84' lang='lat' dir='ltr'><strong>divinae</strong></span> <span class='ocrx_word' id='word_1_83' title='bbox 2677 1004 2782 1061; x_wconf 87' lang='lat' dir='ltr'><strong>pro</strong></span> <span class='ocrx_word' id='word_1_84' title='bbox 2809 986 2996 1044; x_wconf 81' lang='lat' dir='ltr'><strong>nobis</strong></span> 
     </span>
     <span class='ocr_line' id='line_1_9' title="bbox 576 1064 2994 1145; baseline -0.002 -18"><span class='ocrx_word' id='word_1_85' title='bbox 576 1068 942 1145; x_wconf 74' lang='lat' dir='ltr'><strong>persolvisse,</strong></span> <span class='ocrx_word' id='word_1_86' title='bbox 972 1076 1031 1127; x_wconf 89' lang='lat' dir='ltr'><strong>et</strong></span> <span class='ocrx_word' id='word_1_87' title='bbox 1060 1066 1467 1143; x_wconf 78' lang='lat' dir='ltr'><strong>subrogatione</strong></span> <span class='ocrx_word' id='word_1_88' title='bbox 1496 1067 1583 1125; x_wconf 88' lang='lat' dir='ltr'><strong>sui</strong></span> <span class='ocrx_word' id='word_1_89' title='bbox 1613 1068 1674 1123; x_wconf 92' lang='lat' dir='ltr'><strong>in</strong></span> <span class='ocrx_word' id='word_1_90' title='bbox 1702 1066 1892 1125; x_wconf 89' lang='lat' dir='ltr'><strong>locum</strong></span> <span class='ocrx_word' id='word_1_91' title='bbox 1910 1076 2170 1125; x_wconf 86' lang='lat' dir='ltr'><strong>nostrum</strong></span> <span class='ocrx_word' id='word_1_92' title='bbox 2199 1065 2367 1141; x_wconf 87' lang='lat' dir='ltr'><strong>facta,</strong></span> <span class='ocrx_word' id='word_1_93' title='bbox 2397 1072 2462 1123; x_wconf 91' lang='lat' dir='ltr'><strong>ut</strong></span> <span class='ocrx_word' id='word_1_94' title='bbox 2489 1065 2550 1123; x_wconf 92' lang='lat' dir='ltr'><strong>in</strong></span> <span class='ocrx_word' id='word_1_95' title='bbox 2571 1064 2826 1123; x_wconf 81' lang='lat' dir='ltr'><strong>victimis</strong></span> <span class='ocrx_word' id='word_1_96' title='bbox 2845 1064 2994 1123; x_wconf 89' lang='lat' dir='ltr'><strong>olim</strong></span> 
     </span>
     <span class='ocr_line' id='line_1_10' title="bbox 575 1144 2996 1224; baseline -0.001 -17"><span class='ocrx_word' id='word_1_97' title='bbox 575 1148 701 1207; x_wconf 87' lang='lat' dir='ltr'><strong>fieri</strong></span> <span class='ocrx_word' id='word_1_98' title='bbox 750 1148 989 1224; x_wconf 83' lang='lat' dir='ltr'><strong>solebat,</strong></span> <span class='ocrx_word' id='word_1_99' title='bbox 1040 1156 1295 1207; x_wconf 85' lang='lat' dir='ltr'><strong>nostram</strong></span> <span class='ocrx_word' id='word_1_100' title='bbox 1342 1147 1795 1224; x_wconf 85' lang='lat' dir='ltr'><strong>redemptionem</strong></span> <span class='ocrx_word' id='word_1_101' title='bbox 1845 1147 2162 1206; x_wconf 86' lang='lat' dir='ltr'><strong>obtinuisse</strong></span> <span class='ocrx_word' id='word_1_102' title='bbox 2183 1148 2212 1203; x_wconf 75' lang='lat' dir='ltr'>P</span> <span class='ocrx_word' id='word_1_103' title='bbox 2255 1146 2350 1203; x_wconf 90' lang='lat' dir='ltr'><strong>Ita</strong></span> <span class='ocrx_word' id='word_1_104' title='bbox 2397 1164 2472 1203; x_wconf 80' lang='lat' dir='ltr'><strong>ex</strong></span> <span class='ocrx_word' id='word_1_105' title='bbox 2519 1145 2649 1203; x_wconf 84' lang='lat' dir='ltr'><strong>aliis</strong></span> <span class='ocrx_word' id='word_1_106' title='bbox 2691 1144 2863 1203; x_wconf 88' lang='lat' dir='ltr'><strong>facile</strong></span> <span class='ocrx_word' id='word_1_107' title='bbox 2893 1156 2996 1204; x_wconf 82' lang='lat' dir='ltr'><strong>est</strong></span> 
     </span>
     <span class='ocr_line' id='line_1_11' title="bbox 576 1224 2998 1303; baseline -0.001 -16"><span class='ocrx_word' id='word_1_108' title='bbox 576 1227 899 1301; x_wconf 83' lang='lat' dir='ltr'><strong>ostendere,</strong></span> <span class='ocrx_word' id='word_1_109' title='bbox 925 1236 1147 1287; x_wconf 87' lang='lat' dir='ltr'><strong>tantum</strong></span> <span class='ocrx_word' id='word_1_110' title='bbox 1194 1227 1394 1286; x_wconf 87' lang='lat' dir='ltr'><strong>abesse</strong></span> <span class='ocrx_word' id='word_1_111' title='bbox 1437 1238 1504 1286; x_wconf 90' lang='lat' dir='ltr'><strong>ut</strong></span> <span class='ocrx_word' id='word_1_112' title='bbox 1552 1227 1977 1303; x_wconf 77' lang='lat' dir='ltr'><strong>consequentiae</strong></span> <span class='ocrx_word' id='word_1_113' title='bbox 2021 1227 2148 1286; x_wconf 86' lang='lat' dir='ltr'><strong>istae</strong></span> <span class='ocrx_word' id='word_1_114' title='bbox 2195 1233 2518 1303; x_wconf 86' lang='lat' dir='ltr'><strong>repugnent</strong></span> <span class='ocrx_word' id='word_1_115' title='bbox 2565 1224 2876 1302; x_wconf 62' lang='lat' dir='ltr'><strong>Scripturas</strong></span> <span class='ocrx_word' id='word_1_116' title='bbox 2919 1239 2998 1285; x_wconf 87' lang='lat' dir='ltr'><strong>ut</strong></span> 
     </span>
     <span class='ocr_line' id='line_1_12' title="bbox 576 1305 2992 1385; baseline -0.001 -18"><span class='ocrx_word' id='word_1_117' title='bbox 576 1308 721 1367; x_wconf 85' lang='lat' dir='ltr'><strong>falso</strong></span> <span class='ocrx_word' id='word_1_118' title='bbox 770 1308 1068 1369; x_wconf 86' lang='lat' dir='ltr'><strong>clamitant</strong></span> <span class='ocrx_word' id='word_1_119' title='bbox 1110 1307 1443 1381; x_wconf 84' lang='lat' dir='ltr'><strong>adversarii,</strong></span> <span class='ocrx_word' id='word_1_120' title='bbox 1492 1315 1556 1367; x_wconf 88' lang='lat' dir='ltr'><strong>ut</strong></span> <span class='ocrx_word' id='word_1_121' title='bbox 1598 1307 1958 1385; x_wconf 80' lang='lat' dir='ltr'><strong>apertissime</strong></span> <span class='ocrx_word' id='word_1_122' title='bbox 2000 1316 2060 1367; x_wconf 89' lang='lat' dir='ltr'><strong>et</strong></span> <span class='ocrx_word' id='word_1_123' title='bbox 2101 1305 2352 1365; x_wconf 82' lang='lat' dir='ltr'><strong>maxime</strong></span> <span class='ocrx_word' id='word_1_124' title='bbox 2379 1306 2607 1384; x_wconf 86' lang='lat' dir='ltr'><strong>proprie</strong></span> <span class='ocrx_word' id='word_1_125' title='bbox 2635 1305 2810 1363; x_wconf 86' lang='lat' dir='ltr'><strong>exiis</strong></span> <span class='ocrx_word' id='word_1_126' title='bbox 2840 1306 2992 1365; x_wconf 87' lang='lat' dir='ltr'><strong>edu-</strong></span> 
     </span>
     <span class='ocr_line' id='line_1_13' title="bbox 576 1398 797 1451; baseline 0.014 -3"><span class='ocrx_word' id='word_1_127' title='bbox 576 1398 797 1451; x_wconf 90' lang='lat' dir='ltr'><strong>cantur.</strong></span> 
     </span>
    </p>

    <p class='ocr_par' dir='ltr' id='par_1_3' title="bbox 662 1464 2992 1544">
     <span class='ocr_line' id='line_1_14' title="bbox 662 1464 2992 1544; baseline -0.001 -17"><span class='ocrx_word' id='word_1_128' title='bbox 662 1468 813 1528; x_wconf 89' lang='lat' dir='ltr'><strong>VII.</strong></span> <span class='ocrx_word' id='word_1_129' title='bbox 858 1472 913 1528; x_wconf 86' lang='lat'><strong>3.</strong></span> <span class='ocrx_word' id='word_1_130' title='bbox 956 1470 1110 1527; x_wconf 65' lang='grc' dir='ltr'><strong>Κατὰ</strong></span> <span class='ocrx_word' id='word_1_131' title='bbox 1137 1472 1191 1526; x_wconf 70' lang='grc' dir='ltr'><strong>τὶ</strong></span> <span class='ocrx_word' id='word_1_132' title='bbox 1218 1470 1377 1537; x_wconf 67' lang='grc' dir='ltr'><strong>βίαιοι</strong></span> <span class='ocrx_word' id='word_1_133' title='bbox 1404 1468 1455 1527; x_wconf 92' lang='lat' dir='ltr'><strong>si</strong></span> <span class='ocrx_word' id='word_1_134' title='bbox 1482 1486 1682 1526; x_wconf 90' lang='lat' dir='ltr'><strong>omnes</strong></span> <span class='ocrx_word' id='word_1_135' title='bbox 1704 1466 1940 1544; x_wconf 82' lang='lat' dir='ltr'><strong>phrases</strong></span> <span class='ocrx_word' id='word_1_136' title='bbox 1969 1474 2026 1525; x_wconf 85' lang='lat' dir='ltr'><strong>et</strong></span> <span class='ocrx_word' id='word_1_137' title='bbox 2053 1466 2328 1525; x_wconf 89' lang='lat' dir='ltr'><strong>terminos</strong></span> <span class='ocrx_word' id='word_1_138' title='bbox 2351 1466 2561 1543; x_wconf 89' lang='lat' dir='ltr'><strong>quibus</strong></span> <span class='ocrx_word' id='word_1_139' title='bbox 2589 1464 2813 1523; x_wconf 78' lang='lat' dir='ltr'><strong>articuli</strong></span> <span class='ocrx_word' id='word_1_140' title='bbox 2845 1464 2992 1525; x_wconf 88' lang='lat' dir='ltr'><strong>fidei</strong></span> 
     </span>
    </p>
   </div>
   <div class='ocr_carea' id='block_1_3' title="bbox 474 1546 2988 1627">
    <p class='ocr_par' dir='ltr' id='par_1_4' title="bbox 474 1546 2988 1627">
     <span class='ocr_line' id='line_1_15' title="bbox 474 1546 2988 1627; baseline -0.002 -19"><span class='ocrx_word' id='word_1_141' title='bbox 474 1618 479 1625; x_wconf 20' lang='lat'>²</span> <span class='ocrx_word' id='word_1_142' title='bbox 576 1550 940 1625; x_wconf 79' lang='lat' dir='ltr'><strong>explicantur</strong></span> <span class='ocrx_word' id='word_1_143' title='bbox 956 1550 1015 1606; x_wconf 92' lang='lat' dir='ltr'><strong>in</strong></span> <span class='ocrx_word' id='word_1_144' title='bbox 1036 1549 1333 1623; x_wconf 87' lang='lat' dir='ltr'><strong>scripturis</strong></span> <span class='ocrx_word' id='word_1_145' title='bbox 1349 1551 1487 1606; x_wconf 67' lang='grc' dir='ltr'><strong>κατὰ</strong></span> <span class='ocrx_word' id='word_1_146' title='bbox 1504 1553 1559 1605; x_wconf 76' lang='grc' dir='ltr'><strong>τὶ</strong></span> <span class='ocrx_word' id='word_1_147' title='bbox 1586 1552 1812 1627; x_wconf 50' lang='lat' dir='ltr'><strong>stippa</strong></span> <span class='ocrx_word' id='word_1_148' title='bbox 1829 1556 2026 1605; x_wconf 79' lang='lat' dir='ltr'><strong>extare</strong></span> <span class='ocrx_word' id='word_1_149' title='bbox 2045 1556 2286 1623; x_wconf 86' lang='lat' dir='ltr'><strong>oportet,</strong></span> <span class='ocrx_word' id='word_1_150' title='bbox 2311 1546 2569 1623; x_wconf 88' lang='lat' dir='ltr'><strong>nihilque</strong></span> <span class='ocrx_word' id='word_1_151' title='bbox 2591 1546 2988 1604; x_wconf 80' lang='lat' dir='ltr'><strong>necessarium</strong></span> 
     </span>
    </p>
   </div>
   <div class='ocr_carea' id='block_1_4' title="bbox 576 1626 2992 2266">
    <p class='ocr_par' dir='ltr' id='par_1_5' title="bbox 576 1626 2992 2266">
     <span class='ocr_line' id='line_1_16' title="bbox 576 1626 2986 1706; baseline -0.001 -20"><span class='ocrx_word' id='word_1_152' title='bbox 576 1630 643 1687; x_wconf 88' lang='lat' dir='ltr'><strong>fit</strong></span> <span class='ocrx_word' id='word_1_153' title='bbox 670 1628 745 1685; x_wconf 91' lang='lat' dir='ltr'><strong>ad</strong></span> <span class='ocrx_word' id='word_1_154' title='bbox 773 1628 1015 1686; x_wconf 86' lang='lat' dir='ltr'><strong>salutem</strong></span> <span class='ocrx_word' id='word_1_155' title='bbox 1046 1636 1105 1686; x_wconf 90' lang='lat' dir='ltr'><strong>et</strong></span> <span class='ocrx_word' id='word_1_156' title='bbox 1132 1627 1205 1685; x_wconf 88' lang='lat' dir='ltr'><strong>de</strong></span> <span class='ocrx_word' id='word_1_157' title='bbox 1242 1629 1373 1703; x_wconf 90' lang='lat' dir='ltr'><strong>fide,</strong></span> <span class='ocrx_word' id='word_1_158' title='bbox 1405 1628 1561 1706; x_wconf 90' lang='lat' dir='ltr'><strong>quod</strong></span> <span class='ocrx_word' id='word_1_159' title='bbox 1588 1628 1650 1684; x_wconf 90' lang='lat' dir='ltr'><strong>in</strong></span> <span class='ocrx_word' id='word_1_160' title='bbox 1700 1627 2010 1704; x_wconf 82' lang='lat' dir='ltr'><strong>Scripturis</strong></span> <span class='ocrx_word' id='word_1_161' title='bbox 2051 1627 2123 1685; x_wconf 89' lang='lat' dir='ltr'><strong>de</strong></span> <span class='ocrx_word' id='word_1_162' title='bbox 2152 1628 2330 1685; x_wconf 88' lang='lat' dir='ltr'><strong>verbo</strong></span> <span class='ocrx_word' id='word_1_163' title='bbox 2359 1626 2432 1684; x_wconf 89' lang='lat' dir='ltr'><strong>ad</strong></span> <span class='ocrx_word' id='word_1_164' title='bbox 2461 1626 2701 1683; x_wconf 81' lang='lat' dir='ltr'><strong>verbum</strong></span> <span class='ocrx_word' id='word_1_165' title='bbox 2731 1646 2848 1683; x_wconf 88' lang='lat' dir='ltr'><strong>non</strong></span> <span class='ocrx_word' id='word_1_166' title='bbox 2879 1646 2986 1685; x_wconf 85' lang='lat' dir='ltr'><strong>ex-</strong></span> 
     </span>
     <span class='ocr_line' id='line_1_17' title="bbox 577 1706 2992 1783; baseline -0.001 -17"><span class='ocrx_word' id='word_1_167' title='bbox 577 1716 677 1781; x_wconf 84' lang='lat' dir='ltr'><strong>tet,</strong></span> <span class='ocrx_word' id='word_1_168' title='bbox 708 1715 773 1765; x_wconf 92' lang='lat' dir='ltr'><strong>ut</strong></span> <span class='ocrx_word' id='word_1_169' title='bbox 822 1708 1105 1765; x_wconf 84' lang='lat' dir='ltr'><strong>Smalcius</strong></span> <span class='ocrx_word' id='word_1_170' title='bbox 1148 1709 1353 1766; x_wconf 87' lang='lat' dir='ltr'><strong>asserit</strong></span> <span class='ocrx_word' id='word_1_171' title='bbox 1381 1717 1581 1765; x_wconf 86' lang='lat' dir='ltr'><strong>contra</strong></span> <span class='ocrx_word' id='word_1_172' title='bbox 1610 1709 1952 1781; x_wconf 87' lang='lat' dir='ltr'><strong>Graverum,</strong></span> <span class='ocrx_word' id='word_1_173' title='bbox 1985 1707 2198 1765; x_wconf 86' lang='lat' dir='ltr'><strong>cadunt</strong></span> <span class='ocrx_word' id='word_1_174' title='bbox 2233 1706 2402 1765; x_wconf 85' lang='lat' dir='ltr'><strong>multi</strong></span> <span class='ocrx_word' id='word_1_175' title='bbox 2429 1706 2652 1765; x_wconf 85' lang='lat' dir='ltr'><strong>articuli</strong></span> <span class='ocrx_word' id='word_1_176' title='bbox 2684 1706 2992 1783; x_wconf 86' lang='lat' dir='ltr'><strong>religionis</strong></span> 
     </span>
     <span class='ocr_line' id='line_1_18' title="bbox 582 1786 2978 1865; baseline -0.001 -20"><span class='ocrx_word' id='word_1_177' title='bbox 582 1787 941 1846; x_wconf 81' lang='lat' dir='ltr'><strong>Socinianae:</strong></span> <span class='ocrx_word' id='word_1_178' title='bbox 986 1786 1293 1846; x_wconf 85' lang='lat' dir='ltr'><strong>ostendant</strong></span> <span class='ocrx_word' id='word_1_179' title='bbox 1320 1788 1473 1845; x_wconf 91' lang='lat' dir='ltr'><strong>enim</strong></span> <span class='ocrx_word' id='word_1_180' title='bbox 1516 1787 1686 1845; x_wconf 87' lang='lat' dir='ltr'><strong>nobis</strong></span> <span class='ocrx_word' id='word_1_181' title='bbox 1731 1786 1830 1845; x_wconf 91' lang='lat' dir='ltr'><strong>ubi</strong></span> <span class='ocrx_word' id='word_1_182' title='bbox 1875 1788 2106 1865; x_wconf 88' lang='lat' dir='ltr'><strong>legatur</strong></span> <span class='ocrx_word' id='word_1_183' title='bbox 2133 1787 2422 1846; x_wconf 87' lang='lat' dir='ltr'><strong>Christum</strong></span> <span class='ocrx_word' id='word_1_184' title='bbox 2459 1787 2820 1845; x_wconf 86' lang='lat' dir='ltr'><strong>Servatorem</strong></span> <span class='ocrx_word' id='word_1_185' title='bbox 2851 1796 2978 1845; x_wconf 87' lang='lat' dir='ltr'><strong>tan·</strong></span> 
     </span>
     <span class='ocr_line' id='line_1_19' title="bbox 577 1866 2988 1945; baseline -0.001 -18"><span class='ocrx_word' id='word_1_186' title='bbox 577 1876 701 1927; x_wconf 89' lang='lat' dir='ltr'><strong>tum</strong></span> <span class='ocrx_word' id='word_1_187' title='bbox 746 1866 1133 1943; x_wconf 85' lang='lat' dir='ltr'><strong>exemplarem</strong></span> <span class='ocrx_word' id='word_1_188' title='bbox 1178 1886 1323 1941; x_wconf 89' lang='lat' dir='ltr'><strong>esse,</strong></span> <span class='ocrx_word' id='word_1_189' title='bbox 1372 1867 1848 1943; x_wconf 88' lang='lat' dir='ltr'><strong>Redemptionem</strong></span> <span class='ocrx_word' id='word_1_190' title='bbox 1899 1868 2025 1944; x_wconf 88' lang='lat' dir='ltr'><strong>ejus</strong></span> <span class='ocrx_word' id='word_1_191' title='bbox 2068 1867 2534 1945; x_wconf 82' lang='lat' dir='ltr'><strong>metaphoricam,</strong></span> <span class='ocrx_word' id='word_1_192' title='bbox 2563 1876 2806 1925; x_wconf 88' lang='lat' dir='ltr'><strong>mortem</strong></span> <span class='ocrx_word' id='word_1_193' title='bbox 2851 1886 2988 1925; x_wconf 86' lang='lat' dir='ltr'><strong>esse</strong></span> 
     </span>
     <span class='ocr_line' id='line_1_20' title="bbox 578 1947 2987 2024; baseline 0 -19"><span class='ocrx_word' id='word_1_194' title='bbox 578 1948 870 2023; x_wconf 84' lang='lat' dir='ltr'><strong>sequelam</strong></span> <span class='ocrx_word' id='word_1_195' title='bbox 898 1956 1136 2023; x_wconf 80' lang='lat' dir='ltr'><strong>naturae,</strong></span> <span class='ocrx_word' id='word_1_196' title='bbox 1166 1966 1283 2005; x_wconf 90' lang='lat' dir='ltr'><strong>non</strong></span> <span class='ocrx_word' id='word_1_197' title='bbox 1310 1962 1538 2023; x_wconf 84' lang='lat' dir='ltr'><strong>poenam</strong></span> <span class='ocrx_word' id='word_1_198' title='bbox 1589 1948 1827 2024; x_wconf 88' lang='lat' dir='ltr'><strong>peccati,</strong></span> <span class='ocrx_word' id='word_1_199' title='bbox 1857 1948 1961 2005; x_wconf 82' lang='lat' dir='ltr'><strong>ubi</strong></span> <span class='ocrx_word' id='word_1_200' title='bbox 2005 1947 2080 2005; x_wconf 89' lang='lat' dir='ltr'><strong>sit</strong></span> <span class='ocrx_word' id='word_1_201' title='bbox 2126 1967 2242 2005; x_wconf 83' lang='lat' dir='ltr'><strong>vox</strong></span> <span class='ocrx_word' id='word_1_202' title='bbox 2292 1947 2744 2023; x_wconf 74' lang='lat' dir='ltr'><strong>acceptilationis,</strong></span> <span class='ocrx_word' id='word_1_203' title='bbox 2776 1966 2892 2023; x_wconf 85' lang='lat' dir='ltr'><strong>qua</strong></span> <span class='ocrx_word' id='word_1_204' title='bbox 2921 1947 2987 2005; x_wconf 87' lang='lat' dir='ltr'><strong>in</strong></span> 
     </span>
     <span class='ocr_line' id='line_1_21' title="bbox 576 2027 2987 2106; baseline -0 -20"><span class='ocrx_word' id='word_1_205' title='bbox 576 2028 688 2086; x_wconf 89' lang='lat' dir='ltr'><strong>hoc</strong></span> <span class='ocrx_word' id='word_1_206' title='bbox 714 2027 991 2106; x_wconf 83' lang='lat' dir='ltr'><strong>mysterio</strong></span> <span class='ocrx_word' id='word_1_207' title='bbox 1017 2037 1135 2087; x_wconf 89' lang='lat' dir='ltr'><strong>tam</strong></span> <span class='ocrx_word' id='word_1_208' title='bbox 1164 2027 1493 2105; x_wconf 80' lang='lat' dir='ltr'><strong>frequenter</strong></span> <span class='ocrx_word' id='word_1_209' title='bbox 1517 2036 1774 2101; x_wconf 85' lang='lat' dir='ltr'><strong>utuntur,</strong></span> <span class='ocrx_word' id='word_1_210' title='bbox 1807 2035 1865 2085; x_wconf 91' lang='lat' dir='ltr'><strong>et</strong></span> <span class='ocrx_word' id='word_1_211' title='bbox 1892 2027 2006 2085; x_wconf 89' lang='lat' dir='ltr'><strong>alia</strong></span> <span class='ocrx_word' id='word_1_212' title='bbox 2033 2027 2093 2085; x_wconf 88' lang='lat' dir='ltr'><strong>id</strong></span> <span class='ocrx_word' id='word_1_213' title='bbox 2122 2046 2324 2104; x_wconf 87' lang='lat' dir='ltr'><strong>genus.</strong></span> <span class='ocrx_word' id='word_1_214' title='bbox 2408 2031 2464 2086; x_wconf 87' lang='lat'><strong>4.</strong></span> <span class='ocrx_word' id='word_1_215' title='bbox 2511 2027 2639 2084; x_wconf 88' lang='lat' dir='ltr'><strong>Etsi</strong></span> <span class='ocrx_word' id='word_1_216' title='bbox 2666 2027 2777 2085; x_wconf 90' lang='lat' dir='ltr'><strong>hoc</strong></span> <span class='ocrx_word' id='word_1_217' title='bbox 2806 2048 2987 2085; x_wconf 82' lang='lat' dir='ltr'><strong>voca-</strong></span> 
     </span>
     <span class='ocr_line' id='line_1_22' title="bbox 577 2106 2983 2185; baseline -0.001 -18"><span class='ocrx_word' id='word_1_218' title='bbox 577 2108 777 2167; x_wconf 90' lang='lat' dir='ltr'><strong>bulum</strong></span> <span class='ocrx_word' id='word_1_219' title='bbox 822 2108 1063 2167; x_wconf 87' lang='lat' dir='ltr'><strong>totidem</strong></span> <span class='ocrx_word' id='word_1_220' title='bbox 1110 2107 1351 2185; x_wconf 81' lang='lat' dir='ltr'><strong>syllabis</strong></span> <span class='ocrx_word' id='word_1_221' title='bbox 1396 2109 1674 2185; x_wconf 85' lang='lat' dir='ltr'><strong>scriptum</strong></span> <span class='ocrx_word' id='word_1_222' title='bbox 1721 2108 2027 2185; x_wconf 86' lang='lat' dir='ltr'><strong>legeretur,</strong></span> <span class='ocrx_word' id='word_1_223' title='bbox 2075 2108 2330 2165; x_wconf 88' lang='lat' dir='ltr'><strong>nondum</strong></span> <span class='ocrx_word' id='word_1_224' title='bbox 2381 2116 2574 2165; x_wconf 89' lang='lat' dir='ltr'><strong>tamen</strong></span> <span class='ocrx_word' id='word_1_225' title='bbox 2620 2106 2983 2165; x_wconf 86' lang='lat' dir='ltr'><strong>satisfactum</strong></span> 
     </span>
     <span class='ocr_line' id='line_1_23' title="bbox 576 2188 2983 2266; baseline -0.001 -19"><span class='ocrx_word' id='word_1_226' title='bbox 576 2198 731 2249; x_wconf 90' lang='lat' dir='ltr'><strong>esset</strong></span> <span class='ocrx_word' id='word_1_227' title='bbox 758 2188 1039 2266; x_wconf 84' lang='lat' dir='ltr'><strong>impietati</strong></span> <span class='ocrx_word' id='word_1_228' title='bbox 1072 2189 1409 2263; x_wconf 84' lang='lat' dir='ltr'><strong>Socinianae,</strong></span> <span class='ocrx_word' id='word_1_229' title='bbox 1439 2209 1547 2247; x_wconf 88' lang='lat' dir='ltr'><strong>nec</strong></span> <span class='ocrx_word' id='word_1_230' title='bbox 1592 2188 1906 2247; x_wconf 86' lang='lat' dir='ltr'><strong>adversarii</strong></span> <span class='ocrx_word' id='word_1_231' title='bbox 1951 2208 1986 2246; x_wconf 85' lang='lat' dir='ltr'><strong>a</strong></span> <span class='ocrx_word' id='word_1_232' title='bbox 2027 2196 2424 2265; x_wconf 79' lang='lat' dir='ltr'><strong>praeconcepta</strong></span> <span class='ocrx_word' id='word_1_233' title='bbox 2451 2188 2718 2265; x_wconf 90' lang='lat' dir='ltr'><strong>opinione</strong></span> <span class='ocrx_word' id='word_1_234' title='bbox 2747 2188 2983 2245; x_wconf 88' lang='lat' dir='ltr'><strong>recede-</strong></span> 
     </span>
    </p>
   </div>
   <div class='ocr_carea' id='block_1_5' title="bbox 576 2267 3031 2346">
    <p class='ocr_par' dir='ltr' id='par_1_6' title="bbox 576 2267 3031 2346">
     <span class='ocr_line' id='line_1_24' title="bbox 576 2267 3031 2346; baseline -0 -19"><span class='ocrx_word' id='word_1_235' title='bbox 576 2277 721 2343; x_wconf 89' lang='lat' dir='ltr'><strong>rent,</strong></span> <span class='ocrx_word' id='word_1_236' title='bbox 754 2269 856 2327; x_wconf 89' lang='lat' dir='ltr'><strong>sed</strong></span> <span class='ocrx_word' id='word_1_237' title='bbox 885 2270 1005 2327; x_wconf 87' lang='lat' dir='ltr'><strong>suis</strong></span> <span class='ocrx_word' id='word_1_238' title='bbox 1034 2267 1204 2327; x_wconf 86' lang='lat' dir='ltr'><strong>etiarn</strong></span> <span class='ocrx_word' id='word_1_239' title='bbox 1251 2268 1617 2346; x_wconf 85' lang='lat' dir='ltr'><strong>glossematis</strong></span> <span class='ocrx_word' id='word_1_240' title='bbox 1661 2268 1818 2327; x_wconf 89' lang='lat' dir='ltr'><strong>istud</strong></span> <span class='ocrx_word' id='word_1_241' title='bbox 1865 2287 2227 2345; x_wconf 88' lang='lat' dir='ltr'><strong>corrumpere</strong></span> <span class='ocrx_word' id='word_1_242' title='bbox 2269 2278 2328 2327; x_wconf 91' lang='lat' dir='ltr'><strong>et</strong></span> <span class='ocrx_word' id='word_1_243' title='bbox 2355 2268 2587 2327; x_wconf 89' lang='lat' dir='ltr'><strong>eludere</strong></span> <span class='ocrx_word' id='word_1_244' title='bbox 2616 2276 2986 2343; x_wconf 85' lang='lat' dir='ltr'><strong>conarentur,</strong></span> <span class='ocrx_word' id='word_1_245' title='bbox 3014 2276 3031 2283; x_wconf 82' lang='grc'><em>“</em></span> 
     </span>
    </p>
   </div>
   <div class='ocr_carea' id='block_1_6' title="bbox 574 2348 3008 4749">
    <p class='ocr_par' dir='ltr' id='par_1_7' title="bbox 574 2348 3008 3444">
     <span class='ocr_line' id='line_1_25' title="bbox 576 2348 2990 2429; baseline 0 -23"><span class='ocrx_word' id='word_1_246' title='bbox 576 2348 735 2425; x_wconf 89' lang='lat' dir='ltr'><strong>quod</strong></span> <span class='ocrx_word' id='word_1_247' title='bbox 762 2349 823 2405; x_wconf 91' lang='lat' dir='ltr'><strong>in</strong></span> <span class='ocrx_word' id='word_1_248' title='bbox 850 2348 980 2405; x_wconf 89' lang='lat' dir='ltr'><strong>aliis</strong></span> <span class='ocrx_word' id='word_1_249' title='bbox 1006 2348 1313 2424; x_wconf 87' lang='lat' dir='ltr'><strong>phrasibus</strong></span> <span class='ocrx_word' id='word_1_250' title='bbox 1340 2348 1599 2425; x_wconf 86' lang='lat' dir='ltr'><strong>ejusdem</strong></span> <span class='ocrx_word' id='word_1_251' title='bbox 1630 2348 1858 2425; x_wconf 86' lang='lat' dir='ltr'><strong>generis</strong></span> <span class='ocrx_word' id='word_1_252' title='bbox 1879 2349 2113 2407; x_wconf 87' lang='lat' dir='ltr'><strong>factum.</strong></span> <span class='ocrx_word' id='word_1_253' title='bbox 2197 2348 2344 2405; x_wconf 89' lang='lat' dir='ltr'><strong>Nam</strong></span> <span class='ocrx_word' id='word_1_254' title='bbox 2375 2348 2472 2425; x_wconf 91' lang='lat' dir='ltr'><strong>qui</strong></span> <span class='ocrx_word' id='word_1_255' title='bbox 2502 2353 2556 2405; x_wconf 72' lang='grc' dir='ltr'><strong>τὶ</strong></span> <span class='ocrx_word' id='word_1_256' title='bbox 2586 2352 2898 2429; x_wconf 53' lang='lat' dir='ltr'><strong>aia-onmes&amp;</strong></span> <span class='ocrx_word' id='word_1_257' title='bbox 2925 2358 2990 2406; x_wconf 85' lang='lat' dir='ltr'><strong>et</strong></span> 
     </span>
     <span class='ocr_line' id='line_1_26' title="bbox 574 2425 2986 2509; baseline 0.001 -24"><span class='ocrx_word' id='word_1_258' title='bbox 574 2425 933 2508; x_wconf 60' lang='grc' dir='ltr'><strong>ἀπολύω-μην,</strong></span> <span class='ocrx_word' id='word_1_259' title='bbox 979 2428 1277 2507; x_wconf 44' lang='lat' dir='ltr'><strong>ineam-go„</strong></span> <span class='ocrx_word' id='word_1_260' title='bbox 1322 2428 1550 2503; x_wconf 66' lang='grc' dir='ltr'><strong>ἱλασμὸν,</strong></span> <span class='ocrx_word' id='word_1_261' title='bbox 1591 2428 1834 2509; x_wconf 55' lang='grc' dir='ltr'><strong>κατάξων,</strong></span> <span class='ocrx_word' id='word_1_262' title='bbox 1881 2428 2059 2487; x_wconf 84' lang='lat' dir='ltr'><strong>variis</strong></span> <span class='ocrx_word' id='word_1_263' title='bbox 2109 2428 2676 2505; x_wconf 75' lang='lat' dir='ltr'><strong>sopluisticationibus</strong></span> <span class='ocrx_word' id='word_1_264' title='bbox 2704 2447 2986 2487; x_wconf 66' lang='lat' dir='ltr'><strong>enervam}</strong></span> 
     </span>
     <span class='ocr_line' id='line_1_27' title="bbox 576 2505 2992 2585; baseline 0 -20"><span class='ocrx_word' id='word_1_265' title='bbox 576 2514 866 2583; x_wconf 84' lang='lat' dir='ltr'><strong>satagunt,</strong></span> <span class='ocrx_word' id='word_1_266' title='bbox 896 2505 1100 2583; x_wconf 86' lang='lat' dir='ltr'><strong>quidni</strong></span> <span class='ocrx_word' id='word_1_267' title='bbox 1127 2507 1341 2583; x_wconf 90' lang='lat' dir='ltr'><strong>pariter</strong></span> <span class='ocrx_word' id='word_1_268' title='bbox 1368 2507 1758 2566; x_wconf 88' lang='lat' dir='ltr'><strong>satisfaciendi</strong></span> <span class='ocrx_word' id='word_1_269' title='bbox 1779 2516 1836 2566; x_wconf 91' lang='lat' dir='ltr'><strong>et</strong></span> <span class='ocrx_word' id='word_1_270' title='bbox 1865 2508 2270 2567; x_wconf 88' lang='lat' dir='ltr'><strong>satisfactionis</strong></span> <span class='ocrx_word' id='word_1_271' title='bbox 2291 2509 2532 2567; x_wconf 86' lang='lat' dir='ltr'><strong>verbum</strong></span> <span class='ocrx_word' id='word_1_272' title='bbox 2556 2508 2992 2585; x_wconf 80' lang='lat' dir='ltr'><strong>depravarent?</strong></span> 
     </span>
     <span class='ocr_line' id='line_1_28' title="bbox 577 2585 2990 2666; baseline 0.001 -21"><span class='ocrx_word' id='word_1_273' title='bbox 577 2586 656 2645; x_wconf 91' lang='lat' dir='ltr'><strong>Et</strong></span> <span class='ocrx_word' id='word_1_274' title='bbox 681 2606 755 2644; x_wconf 90' lang='lat' dir='ltr'><strong>ne</strong></span> <span class='ocrx_word' id='word_1_275' title='bbox 784 2585 856 2644; x_wconf 90' lang='lat' dir='ltr'><strong>de</strong></span> <span class='ocrx_word' id='word_1_276' title='bbox 884 2604 955 2643; x_wconf 90' lang='lat' dir='ltr'><strong>eo</strong></span> <span class='ocrx_word' id='word_1_277' title='bbox 1002 2585 1348 2661; x_wconf 87' lang='lat' dir='ltr'><strong>dubitemus,</strong></span> <span class='ocrx_word' id='word_1_278' title='bbox 1380 2587 1683 2645; x_wconf 87' lang='lat' dir='ltr'><strong>audiamus</strong></span> <span class='ocrx_word' id='word_1_279' title='bbox 1716 2587 1984 2647; x_wconf 85' lang='lat' dir='ltr'><strong>Socinum</strong></span> <span class='ocrx_word' id='word_1_280' title='bbox 2032 2589 2237 2665; x_wconf 84' lang='lat' dir='ltr'><strong>ipsum,</strong></span> <span class='ocrx_word' id='word_1_281' title='bbox 2269 2608 2439 2666; x_wconf 82' lang='lat' dir='ltr'><strong>quem</strong></span> <span class='ocrx_word' id='word_1_282' title='bbox 2479 2607 2596 2646; x_wconf 91' lang='lat' dir='ltr'><strong>non</strong></span> <span class='ocrx_word' id='word_1_283' title='bbox 2625 2587 2831 2665; x_wconf 89' lang='lat' dir='ltr'><strong>puduit</strong></span> <span class='ocrx_word' id='word_1_284' title='bbox 2859 2588 2990 2647; x_wconf 81' lang='lat' dir='ltr'><strong>haec</strong></span> 
     </span>
     <span class='ocr_line' id='line_1_29' title="bbox 574 2664 2986 2743; baseline 0 -19"><span class='ocrx_word' id='word_1_285' title='bbox 574 2668 757 2725; x_wconf 77' lang='lat' dir='ltr'><strong>verba</strong></span> <span class='ocrx_word' id='word_1_286' title='bbox 784 2664 1025 2743; x_wconf 86' lang='lat' dir='ltr'><strong>effutire,</strong></span> <span class='ocrx_word' id='word_1_287' title='bbox 1056 2666 1157 2725; x_wconf 90' lang='lat' dir='ltr'><strong>lib.</strong></span> <span class='ocrx_word' id='word_1_288' title='bbox 1186 2666 1290 2738; x_wconf 89' lang='lat' dir='ltr'><strong>iii.,</strong></span> <span class='ocrx_word' id='word_1_289' title='bbox 1319 2666 1391 2726; x_wconf 90' lang='lat' dir='ltr'><strong>de</strong></span> <span class='ocrx_word' id='word_1_290' title='bbox 1425 2668 1624 2727; x_wconf 87' lang='lat' dir='ltr'><strong>Serva.</strong></span> <span class='ocrx_word' id='word_1_291' title='bbox 1655 2688 1705 2727; x_wconf 89' lang='lat' dir='ltr'><strong>c.</strong></span> <span class='ocrx_word' id='word_1_292' title='bbox 1741 2672 1796 2740; x_wconf 81' lang='lat'><strong>2,</strong></span> <span class='ocrx_word' id='word_1_293' title='bbox 1833 2672 1868 2701; x_wconf 89' lang='lat'><strong>“</strong></span> <span class='ocrx_word' id='word_1_294' title='bbox 1895 2668 1956 2727; x_wconf 89' lang='lat' dir='ltr'><strong>Si</strong></span> <span class='ocrx_word' id='word_1_295' title='bbox 1998 2670 2096 2727; x_wconf 85' lang='lat' dir='ltr'><strong>vel</strong></span> <span class='ocrx_word' id='word_1_296' title='bbox 2138 2688 2290 2728; x_wconf 89' lang='lat' dir='ltr'><strong>unus</strong></span> <span class='ocrx_word' id='word_1_297' title='bbox 2333 2669 2533 2727; x_wconf 87' lang='lat' dir='ltr'><strong>saltem</strong></span> <span class='ocrx_word' id='word_1_298' title='bbox 2564 2668 2727 2726; x_wconf 88' lang='lat' dir='ltr'><strong>locus</strong></span> <span class='ocrx_word' id='word_1_299' title='bbox 2755 2667 2986 2727; x_wconf 81' lang='lat' dir='ltr'><strong>inveni-</strong></span> 
     </span>
     <span class='ocr_line' id='line_1_30' title="bbox 576 2746 2984 2827; baseline 0.001 -22"><span class='ocrx_word' id='word_1_300' title='bbox 576 2756 734 2806; x_wconf 87' lang='lat' dir='ltr'><strong>retur</strong></span> <span class='ocrx_word' id='word_1_301' title='bbox 761 2746 821 2805; x_wconf 91' lang='lat' dir='ltr'><strong>in</strong></span> <span class='ocrx_word' id='word_1_302' title='bbox 849 2766 965 2823; x_wconf 87' lang='lat' dir='ltr'><strong>quo</strong></span> <span class='ocrx_word' id='word_1_303' title='bbox 994 2747 1401 2808; x_wconf 86' lang='lat' dir='ltr'><strong>satisfactionis</strong></span> <span class='ocrx_word' id='word_1_304' title='bbox 1428 2768 1531 2825; x_wconf 90' lang='lat' dir='ltr'><strong>pro</strong></span> <span class='ocrx_word' id='word_1_305' title='bbox 1572 2748 1826 2827; x_wconf 87' lang='lat' dir='ltr'><strong>peccatis</strong></span> <span class='ocrx_word' id='word_1_306' title='bbox 1853 2749 2068 2807; x_wconf 84' lang='lat' dir='ltr'><strong>nostris</strong></span> <span class='ocrx_word' id='word_1_307' title='bbox 2097 2748 2224 2807; x_wconf 88' lang='lat' dir='ltr'><strong>Deo</strong></span> <span class='ocrx_word' id='word_1_308' title='bbox 2251 2770 2356 2827; x_wconf 91' lang='lat' dir='ltr'><strong>per</strong></span> <span class='ocrx_word' id='word_1_309' title='bbox 2384 2748 2674 2807; x_wconf 87' lang='lat' dir='ltr'><strong>Christum</strong></span> <span class='ocrx_word' id='word_1_310' title='bbox 2704 2748 2984 2808; x_wconf 72' lang='lat' dir='ltr'><strong>exhibitae</strong></span> 
     </span>
     <span class='ocr_line' id='line_1_31' title="bbox 574 2828 2982 2907; baseline 0.001 -22"><span class='ocrx_word' id='word_1_311' title='bbox 574 2828 791 2887; x_wconf 86' lang='lat' dir='ltr'><strong>mentio</strong></span> <span class='ocrx_word' id='word_1_312' title='bbox 836 2828 999 2887; x_wconf 84' lang='lat' dir='ltr'><strong>fieret</strong></span> <span class='ocrx_word' id='word_1_313' title='bbox 1042 2828 1360 2888; x_wconf 85' lang='lat' dir='ltr'><strong>excusandi</strong></span> <span class='ocrx_word' id='word_1_314' title='bbox 1403 2828 1646 2887; x_wconf 86' lang='lat' dir='ltr'><strong>fortasse</strong></span> <span class='ocrx_word' id='word_1_315' title='bbox 1689 2828 2040 2887; x_wconf 77' lang='lat' dir='ltr'><strong>viderentur.</strong></span> <span class='ocrx_word' id='word_1_316' title='bbox 2139 2830 2267 2905; x_wconf 85' lang='lat' dir='ltr'><strong>Ego</strong></span> <span class='ocrx_word' id='word_1_317' title='bbox 2313 2828 2545 2907; x_wconf 90' lang='lat' dir='ltr'><strong>quidem</strong></span> <span class='ocrx_word' id='word_1_318' title='bbox 2591 2828 2816 2887; x_wconf 88' lang='lat' dir='ltr'><strong>etiamsi</strong></span> <span class='ocrx_word' id='word_1_319' title='bbox 2862 2849 2982 2887; x_wconf 90' lang='lat' dir='ltr'><strong>non</strong></span> 
     </span>
     <span class='ocr_line' id='line_1_32' title="bbox 576 2908 2980 2985; baseline -0 -18"><span class='ocrx_word' id='word_1_320' title='bbox 576 2910 756 2967; x_wconf 88' lang='lat' dir='ltr'><strong>semel</strong></span> <span class='ocrx_word' id='word_1_321' title='bbox 784 2908 887 2967; x_wconf 87' lang='lat' dir='ltr'><strong>sed</strong></span> <span class='ocrx_word' id='word_1_322' title='bbox 916 2928 1067 2985; x_wconf 84' lang='lat' dir='ltr'><strong>saepe</strong></span> <span class='ocrx_word' id='word_1_323' title='bbox 1095 2910 1154 2966; x_wconf 91' lang='lat' dir='ltr'><strong>in</strong></span> <span class='ocrx_word' id='word_1_324' title='bbox 1184 2910 1362 2968; x_wconf 87' lang='lat' dir='ltr'><strong>sacris</strong></span> <span class='ocrx_word' id='word_1_325' title='bbox 1408 2909 1777 2968; x_wconf 85' lang='lat' dir='ltr'><strong>monimentis</strong></span> <span class='ocrx_word' id='word_1_326' title='bbox 1821 2908 2092 2985; x_wconf 85' lang='lat' dir='ltr'><strong>scriptum</strong></span> <span class='ocrx_word' id='word_1_327' title='bbox 2126 2918 2366 2984; x_wconf 85' lang='lat' dir='ltr'><strong>extaret,</strong></span> <span class='ocrx_word' id='word_1_328' title='bbox 2397 2930 2512 2967; x_wconf 89' lang='lat' dir='ltr'><strong>non</strong></span> <span class='ocrx_word' id='word_1_329' title='bbox 2543 2908 2756 2967; x_wconf 89' lang='lat' dir='ltr'><strong>idcirco</strong></span> <span class='ocrx_word' id='word_1_330' title='bbox 2784 2916 2980 2968; x_wconf 86' lang='lat' dir='ltr'><strong>tamen</strong></span> 
     </span>
     <span class='ocr_line' id='line_1_33' title="bbox 577 2988 2982 3067; baseline 0 -19"><span class='ocrx_word' id='word_1_331' title='bbox 577 2989 659 3048; x_wconf 88' lang='lat' dir='ltr'><strong>ita</strong></span> <span class='ocrx_word' id='word_1_332' title='bbox 686 3010 805 3048; x_wconf 89' lang='lat' dir='ltr'><strong>rem</strong></span> <span class='ocrx_word' id='word_1_333' title='bbox 834 3008 1069 3066; x_wconf 88' lang='lat' dir='ltr'><strong>prorsus</strong></span> <span class='ocrx_word' id='word_1_334' title='bbox 1099 3008 1159 3048; x_wconf 89' lang='lat' dir='ltr'><strong>se</strong></span> <span class='ocrx_word' id='word_1_335' title='bbox 1187 2988 1399 3048; x_wconf 87' lang='lat' dir='ltr'><strong>habere</strong></span> <span class='ocrx_word' id='word_1_336' title='bbox 1423 2989 1768 3048; x_wconf 89' lang='lat' dir='ltr'><strong>crederem.&#39;’</strong></span> <span class='ocrx_word' id='word_1_337' title='bbox 1851 2988 2004 3047; x_wconf 88' lang='lat' dir='ltr'><strong>Eant</strong></span> <span class='ocrx_word' id='word_1_338' title='bbox 2021 3010 2159 3065; x_wconf 86' lang='lat' dir='ltr'><strong>ergo</strong></span> <span class='ocrx_word' id='word_1_339' title='bbox 2178 2990 2279 3066; x_wconf 91' lang='lat' dir='ltr'><strong>qui</strong></span> <span class='ocrx_word' id='word_1_340' title='bbox 2299 2990 2559 3067; x_wconf 87' lang='lat' dir='ltr'><strong>proprias</strong></span> <span class='ocrx_word' id='word_1_341' title='bbox 2587 2997 2645 3048; x_wconf 90' lang='lat' dir='ltr'><strong>et</strong></span> <span class='ocrx_word' id='word_1_342' title='bbox 2673 3008 2982 3066; x_wconf 81' lang='lat' dir='ltr'><strong>expressas</strong></span> 
     </span>
     <span class='ocr_line' id='line_1_34' title="bbox 576 3068 3008 3147; baseline 0.001 -21"><span class='ocrx_word' id='word_1_343' title='bbox 576 3088 752 3127; x_wconf 81' lang='lat' dir='ltr'><strong>voces</strong></span> <span class='ocrx_word' id='word_1_344' title='bbox 776 3069 875 3127; x_wconf 91' lang='lat' dir='ltr'><strong>hic</strong></span> <span class='ocrx_word' id='word_1_345' title='bbox 901 3070 1217 3146; x_wconf 88' lang='lat' dir='ltr'><strong>requirunt,</strong></span> <span class='ocrx_word' id='word_1_346' title='bbox 1241 3069 1471 3147; x_wconf 87' lang='lat' dir='ltr'><strong>quando</strong></span> <span class='ocrx_word' id='word_1_347' title='bbox 1500 3090 1573 3128; x_wconf 89' lang='lat' dir='ltr'><strong>ne</strong></span> <span class='ocrx_word' id='word_1_348' title='bbox 1601 3068 1833 3146; x_wconf 89' lang='lat' dir='ltr'><strong>quidem</strong></span> <span class='ocrx_word' id='word_1_349' title='bbox 1865 3089 1926 3127; x_wconf 88' lang='lat' dir='ltr'><strong>se</strong></span> <span class='ocrx_word' id='word_1_350' title='bbox 1959 3070 2266 3146; x_wconf 75' lang='lat' dir='ltr'><strong>Scripturas</strong></span> <span class='ocrx_word' id='word_1_351' title='bbox 2295 3070 2614 3128; x_wconf 89' lang='lat' dir='ltr'><strong>credituros</strong></span> <span class='ocrx_word' id='word_1_352' title='bbox 2639 3068 3008 3145; x_wconf 54' lang='lat' dir='ltr'><strong>profitentur,</strong></span> 
     </span>
     <span class='ocr_line' id='line_1_35' title="bbox 575 3147 2980 3226; baseline 0.001 -22"><span class='ocrx_word' id='word_1_353' title='bbox 575 3147 713 3206; x_wconf 90' lang='lat' dir='ltr'><strong>licet</strong></span> <span class='ocrx_word' id='word_1_354' title='bbox 738 3156 934 3223; x_wconf 85' lang='lat' dir='ltr'><strong>aperte</strong></span> <span class='ocrx_word' id='word_1_355' title='bbox 962 3156 1021 3207; x_wconf 88' lang='lat' dir='ltr'><strong>et</strong></span> <span class='ocrx_word' id='word_1_356' title='bbox 1048 3168 1319 3225; x_wconf 87' lang='lat' dir='ltr'><strong>expresse</strong></span> <span class='ocrx_word' id='word_1_357' title='bbox 1364 3149 1712 3226; x_wconf 88' lang='lat' dir='ltr'><strong>loqueretur.</strong></span> <span class='ocrx_word' id='word_1_358' title='bbox 1797 3149 1939 3224; x_wconf 85' lang='lat' dir='ltr'><strong>Quis</strong></span> <span class='ocrx_word' id='word_1_359' title='bbox 1981 3148 2175 3208; x_wconf 84' lang='lat' dir='ltr'><strong>fucum</strong></span> <span class='ocrx_word' id='word_1_360' title='bbox 2203 3158 2261 3209; x_wconf 89' lang='lat' dir='ltr'><strong>et</strong></span> <span class='ocrx_word' id='word_1_361' title='bbox 2288 3149 2544 3209; x_wconf 86' lang='lat' dir='ltr'><strong>fraudem</strong></span> <span class='ocrx_word' id='word_1_362' title='bbox 2575 3170 2688 3207; x_wconf 92' lang='lat' dir='ltr'><strong>non</strong></span> <span class='ocrx_word' id='word_1_363' title='bbox 2721 3149 2980 3207; x_wconf 86' lang='lat' dir='ltr'><strong>animad-</strong></span> 
     </span>
     <span class='ocr_line' id='line_1_36' title="bbox 574 3226 2978 3307; baseline 0.002 -24"><span class='ocrx_word' id='word_1_364' title='bbox 574 3234 765 3285; x_wconf 77' lang='lat' dir='ltr'><strong>vertat</strong></span> <span class='ocrx_word' id='word_1_365' title='bbox 785 3228 815 3283; x_wconf 70' lang='grc' dir='ltr'>Ρ</span> <span class='ocrx_word' id='word_1_366' title='bbox 890 3226 1034 3301; x_wconf 84' lang='lat' dir='ltr'><strong>Quis</strong></span> <span class='ocrx_word' id='word_1_367' title='bbox 1054 3227 1407 3303; x_wconf 89' lang='lat' dir='ltr'><strong>impietatem</strong></span> <span class='ocrx_word' id='word_1_368' title='bbox 1428 3248 1547 3285; x_wconf 90' lang='lat' dir='ltr'><strong>non</strong></span> <span class='ocrx_word' id='word_1_369' title='bbox 1568 3236 1884 3303; x_wconf 84' lang='lat' dir='ltr'><strong>execretur,</strong></span> <span class='ocrx_word' id='word_1_370' title='bbox 1906 3249 2036 3305; x_wconf 79' lang='lat' dir='ltr'><strong>quse</strong></span> <span class='ocrx_word' id='word_1_371' title='bbox 2060 3230 2396 3306; x_wconf 87' lang='lat' dir='ltr'><strong>scripturam</strong></span> <span class='ocrx_word' id='word_1_372' title='bbox 2416 3230 2614 3307; x_wconf 87' lang='lat' dir='ltr'><strong>procul</strong></span> <span class='ocrx_word' id='word_1_373' title='bbox 2638 3248 2765 3287; x_wconf 89' lang='lat' dir='ltr'><strong>esse</strong></span> <span class='ocrx_word' id='word_1_374' title='bbox 2788 3229 2978 3307; x_wconf 88' lang='lat' dir='ltr'><strong>jubet,</strong></span> 
     </span>
     <span class='ocr_line' id='line_1_37' title="bbox 578 3305 2984 3444; baseline 0.002 -82"><span class='ocrx_word' id='word_1_375' title='bbox 578 3313 667 3444; x_wconf 49' lang='lat' dir='ltr'><strong>igi]</strong></span> <span class='ocrx_word' id='word_1_376' title='bbox 670 3305 815 3362; x_wconf 90' lang='lat' dir='ltr'><strong>ratio</strong></span> <span class='ocrx_word' id='word_1_377' title='bbox 845 3305 969 3363; x_wconf 86' lang='lat' dir='ltr'><strong>sola</strong></span> <span class='ocrx_word' id='word_1_378' title='bbox 986 3305 1175 3383; x_wconf 87' lang='lat' dir='ltr'><strong>judex</strong></span> <span class='ocrx_word' id='word_1_379' title='bbox 1202 3315 1262 3366; x_wconf 93' lang='lat' dir='ltr'><strong>et</strong></span> <span class='ocrx_word' id='word_1_380' title='bbox 1288 3327 1491 3366; x_wconf 90' lang='lat' dir='ltr'><strong>norma</strong></span> <span class='ocrx_word' id='word_1_381' title='bbox 1514 3307 1651 3367; x_wconf 91' lang='lat' dir='ltr'><strong>fidei</strong></span> <span class='ocrx_word' id='word_1_382' title='bbox 1679 3310 1774 3367; x_wconf 90' lang='lat' dir='ltr'><strong>hic</strong></span> <span class='ocrx_word' id='word_1_383' title='bbox 1804 3310 2002 3368; x_wconf 86' lang='lat' dir='ltr'><strong>sedeat</strong></span> <span class='ocrx_word' id='word_1_384' title='bbox 2019 3312 2050 3368; x_wconf 82' lang='lat'><strong>?</strong></span> <span class='ocrx_word' id='word_1_385' title='bbox 2136 3310 2253 3370; x_wconf 85' lang='lat' dir='ltr'><strong>Sed</strong></span> <span class='ocrx_word' id='word_1_386' title='bbox 2277 3330 2386 3369; x_wconf 90' lang='lat' dir='ltr'><strong>nos</strong></span> <span class='ocrx_word' id='word_1_387' title='bbox 2415 3330 2529 3369; x_wconf 88' lang='lat' dir='ltr'><strong>non</strong></span> <span class='ocrx_word' id='word_1_388' title='bbox 2561 3308 2643 3368; x_wconf 90' lang='lat' dir='ltr'><strong>sic</strong></span> <span class='ocrx_word' id='word_1_389' title='bbox 2672 3310 2984 3368; x_wconf 85' lang='lat' dir='ltr'><strong>didicimus</strong></span> 
     </span>
     <span class='ocr_line' id='line_1_38' title="bbox 670 3384 891 3443; baseline 0.009 -2"><span class='ocrx_word' id='word_1_390' title='bbox 670 3384 891 3443; x_wconf 88' lang='lat' dir='ltr'><strong>ristum.</strong></span> 
     </span>
    </p>

    <p class='ocr_par' dir='ltr' id='par_1_8' title="bbox 575 3464 2986 4749">
     <span class='ocr_line' id='line_1_39' title="bbox 658 3464 2982 3546; baseline 0.002 -24"><span class='ocrx_word' id='word_1_391' title='bbox 658 3464 840 3523; x_wconf 91' lang='lat' dir='ltr'><strong>VIII.</strong></span> <span class='ocrx_word' id='word_1_392' title='bbox 885 3468 964 3523; x_wconf 79' lang='lat'><strong>2⁰.</strong></span> <span class='ocrx_word' id='word_1_393' title='bbox 996 3464 1203 3543; x_wconf 89' lang='lat' dir='ltr'><strong>Objic.,</strong></span> <span class='ocrx_word' id='word_1_394' title='bbox 1236 3468 1340 3525; x_wconf 78' lang='lat' dir='ltr'><strong>Ex</strong></span> <span class='ocrx_word' id='word_1_395' title='bbox 1380 3476 1553 3543; x_wconf 80' lang='lat' dir='ltr'><strong>parte</strong></span> <span class='ocrx_word' id='word_1_396' title='bbox 1578 3468 1700 3527; x_wconf 71' lang='lat' dir='ltr'><strong>Dcae&#39;</strong></span> <span class='ocrx_word' id='word_1_397' title='bbox 1729 3468 2114 3546; x_wconf 74' lang='lat' dir='ltr'><strong>impossibilem</strong></span> <span class='ocrx_word' id='word_1_398' title='bbox 2159 3488 2284 3529; x_wconf 87' lang='lat' dir='ltr'><strong>esse</strong></span> <span class='ocrx_word' id='word_1_399' title='bbox 2329 3470 2762 3545; x_wconf 58' lang='lat' dir='ltr'><strong>satisfactionem</strong></span> <span class='ocrx_word' id='word_1_400' title='bbox 2807 3490 2882 3529; x_wconf 82' lang='lat' dir='ltr'><strong>ex</strong></span> <span class='ocrx_word' id='word_1_401' title='bbox 2911 3490 2982 3528; x_wconf 87' lang='lat' dir='ltr'><strong>eo</strong></span> 
     </span>
     <span class='ocr_line' id='line_1_40' title="bbox 576 3544 2982 3627; baseline 0.002 -24"><span class='ocrx_word' id='word_1_402' title='bbox 576 3544 821 3625; x_wconf 84' lang='lat' dir='ltr'><strong>probare</strong></span> <span class='ocrx_word' id='word_1_403' title='bbox 849 3554 1143 3621; x_wconf 85' lang='lat' dir='ltr'><strong>conantur,</strong></span> <span class='ocrx_word' id='word_1_404' title='bbox 1175 3546 1331 3622; x_wconf 91' lang='lat' dir='ltr'><strong>quod</strong></span> <span class='ocrx_word' id='word_1_405' title='bbox 1356 3546 1516 3606; x_wconf 88' lang='lat' dir='ltr'><strong>Deus</strong></span> <span class='ocrx_word' id='word_1_406' title='bbox 1536 3558 1890 3627; x_wconf 88' lang='lat' dir='ltr'><strong>proponatur</strong></span> <span class='ocrx_word' id='word_1_407' title='bbox 1909 3550 2122 3627; x_wconf 88' lang='lat' dir='ltr'><strong>passim</strong></span> <span class='ocrx_word' id='word_1_408' title='bbox 2145 3550 2202 3607; x_wconf 89' lang='lat' dir='ltr'><strong>in</strong></span> <span class='ocrx_word' id='word_1_409' title='bbox 2233 3550 2526 3626; x_wconf 89' lang='lat' dir='ltr'><strong>Scriptura</strong></span> <span class='ocrx_word' id='word_1_410' title='bbox 2554 3558 2618 3609; x_wconf 91' lang='lat' dir='ltr'><strong>ut</strong></span> <span class='ocrx_word' id='word_1_411' title='bbox 2645 3550 2982 3609; x_wconf 88' lang='lat' dir='ltr'><strong>condonans</strong></span> 
     </span>
     <span class='ocr_line' id='line_1_41' title="bbox 578 3624 2978 3707; baseline 0.001 -22"><span class='ocrx_word' id='word_1_412' title='bbox 578 3626 760 3705; x_wconf 85' lang='lat' dir='ltr'><strong>gratis</strong></span> <span class='ocrx_word' id='word_1_413' title='bbox 788 3634 848 3685; x_wconf 89' lang='lat' dir='ltr'><strong>et</strong></span> <span class='ocrx_word' id='word_1_414' title='bbox 872 3624 1317 3685; x_wconf 88' lang='lat' dir='ltr'><strong>misericorditer</strong></span> <span class='ocrx_word' id='word_1_415' title='bbox 1356 3638 1596 3706; x_wconf 88' lang='lat' dir='ltr'><strong>peccata</strong></span> <span class='ocrx_word' id='word_1_416' title='bbox 1639 3630 1832 3688; x_wconf 89' lang='lat' dir='ltr'><strong>omnia</strong></span> <span class='ocrx_word' id='word_1_417' title='bbox 1873 3639 2102 3705; x_wconf 89' lang='lat' dir='ltr'><strong>nostra;</strong></span> <span class='ocrx_word' id='word_1_418' title='bbox 2147 3632 2190 3690; x_wconf 85' lang='lat' dir='ltr'>J</span> <span class='ocrx_word' id='word_1_419' title='bbox 2195 3650 2285 3688; x_wconf 87' lang='lat' dir='ltr'><strong>am</strong></span> <span class='ocrx_word' id='word_1_420' title='bbox 2317 3631 2364 3688; x_wconf 89' lang='lat' dir='ltr'><strong>si</strong></span> <span class='ocrx_word' id='word_1_421' title='bbox 2395 3631 2633 3689; x_wconf 88' lang='lat' dir='ltr'><strong>remittit</strong></span> <span class='ocrx_word' id='word_1_422' title='bbox 2661 3630 2860 3707; x_wconf 86' lang='lat' dir='ltr'><strong>gratis,</strong></span> <span class='ocrx_word' id='word_1_423' title='bbox 2891 3630 2978 3687; x_wconf 89' lang='lat' dir='ltr'><strong>in-</strong></span> 
     </span>
     <span class='ocr_line' id='line_1_42' title="bbox 578 3706 2978 3787; baseline 0.002 -22"><span class='ocrx_word' id='word_1_424' title='bbox 578 3707 801 3784; x_wconf 88' lang='lat' dir='ltr'><strong>quiunt,</strong></span> <span class='ocrx_word' id='word_1_425' title='bbox 834 3706 1121 3783; x_wconf 89' lang='lat' dir='ltr'><strong>quomodo</strong></span> <span class='ocrx_word' id='word_1_426' title='bbox 1152 3707 1601 3769; x_wconf 80' lang='lat' dir='ltr'><strong>satisfactionem</strong></span> <span class='ocrx_word' id='word_1_427' title='bbox 1631 3710 1726 3769; x_wconf 86' lang='lat' dir='ltr'><strong>vel</strong></span> <span class='ocrx_word' id='word_1_428' title='bbox 1754 3710 2072 3787; x_wconf 81' lang='lat' dir='ltr'><strong>postularet</strong></span> <span class='ocrx_word' id='word_1_429' title='bbox 2100 3710 2196 3769; x_wconf 81' lang='lat' dir='ltr'><strong>vel</strong></span> <span class='ocrx_word' id='word_1_430' title='bbox 2225 3711 2586 3769; x_wconf 83' lang='lat' dir='ltr'><strong>remitteret?</strong></span> <span class='ocrx_word' id='word_1_431' title='bbox 2610 3710 2753 3787; x_wconf 90' lang='lat' dir='ltr'><strong>quid</strong></span> <span class='ocrx_word' id='word_1_432' title='bbox 2779 3712 2978 3769; x_wconf 87' lang='lat' dir='ltr'><strong>remis-</strong></span> 
     </span>
     <span class='ocr_line' id='line_1_43' title="bbox 580 3787 2978 3868; baseline 0.002 -23"><span class='ocrx_word' id='word_1_433' title='bbox 580 3787 726 3845; x_wconf 90' lang='lat' dir='ltr'><strong>sioni</strong></span> <span class='ocrx_word' id='word_1_434' title='bbox 756 3787 943 3863; x_wconf 86' lang='lat' dir='ltr'><strong>magis</strong></span> <span class='ocrx_word' id='word_1_435' title='bbox 971 3788 1317 3846; x_wconf 89' lang='lat' dir='ltr'><strong>contrarium</strong></span> <span class='ocrx_word' id='word_1_436' title='bbox 1347 3809 1519 3865; x_wconf 87' lang='lat' dir='ltr'><strong>quam</strong></span> <span class='ocrx_word' id='word_1_437' title='bbox 1547 3809 1688 3849; x_wconf 84' lang='lat' dir='ltr'><strong>vera</strong></span> <span class='ocrx_word' id='word_1_438' title='bbox 1720 3798 1779 3849; x_wconf 90' lang='lat' dir='ltr'><strong>et</strong></span> <span class='ocrx_word' id='word_1_439' title='bbox 1811 3790 1983 3867; x_wconf 88' lang='lat' dir='ltr'><strong>plena</strong></span> <span class='ocrx_word' id='word_1_440' title='bbox 2011 3790 2326 3850; x_wconf 86' lang='lat' dir='ltr'><strong>satisfactio</strong></span> <span class='ocrx_word' id='word_1_441' title='bbox 2347 3792 2376 3849; x_wconf 69' lang='grc' dir='ltr'>Ρ</span> <span class='ocrx_word' id='word_1_442' title='bbox 2421 3790 2484 3848; x_wconf 83' lang='lat' dir='ltr'><strong>Si</strong></span> <span class='ocrx_word' id='word_1_443' title='bbox 2511 3790 2862 3868; x_wconf 84' lang='lat' dir='ltr'><strong>respondeas</strong></span> <span class='ocrx_word' id='word_1_444' title='bbox 2890 3791 2978 3849; x_wconf 89' lang='lat' dir='ltr'><strong>in-</strong></span> 
     </span>
     <span class='ocr_line' id='line_1_44' title="bbox 577 3866 2978 3945; baseline 0.002 -21"><span class='ocrx_word' id='word_1_445' title='bbox 577 3867 765 3926; x_wconf 84' lang='lat' dir='ltr'><strong>vicem</strong></span> <span class='ocrx_word' id='word_1_446' title='bbox 795 3866 1027 3944; x_wconf 89' lang='lat' dir='ltr'><strong>quidem</strong></span> <span class='ocrx_word' id='word_1_447' title='bbox 1065 3887 1324 3945; x_wconf 83' lang='lat' dir='ltr'><strong>pugnare</strong></span> <span class='ocrx_word' id='word_1_448' title='bbox 1376 3870 1793 3929; x_wconf 86' lang='lat' dir='ltr'><strong>Remissionem</strong></span> <span class='ocrx_word' id='word_1_449' title='bbox 1847 3878 1906 3929; x_wconf 91' lang='lat' dir='ltr'><strong>et</strong></span> <span class='ocrx_word' id='word_1_450' title='bbox 1953 3870 2432 3944; x_wconf 86' lang='lat' dir='ltr'><strong>Satisfactionem,</strong></span> <span class='ocrx_word' id='word_1_451' title='bbox 2465 3870 2567 3929; x_wconf 89' lang='lat' dir='ltr'><strong>sed</strong></span> <span class='ocrx_word' id='word_1_452' title='bbox 2595 3880 2718 3929; x_wconf 90' lang='lat' dir='ltr'><strong>tum</strong></span> <span class='ocrx_word' id='word_1_453' title='bbox 2747 3870 2978 3929; x_wconf 88' lang='lat' dir='ltr'><strong>demum</strong></span> 
     </span>
     <span class='ocr_line' id='line_1_45' title="bbox 578 3946 2982 4027; baseline 0.001 -21"><span class='ocrx_word' id='word_1_454' title='bbox 578 3968 710 4007; x_wconf 90' lang='lat' dir='ltr'><strong>cum</strong></span> <span class='ocrx_word' id='word_1_455' title='bbox 739 3946 812 4005; x_wconf 90' lang='lat' dir='ltr'><strong>ab</strong></span> <span class='ocrx_word' id='word_1_456' title='bbox 842 3967 910 4005; x_wconf 92' lang='lat' dir='ltr'><strong>eo</strong></span> <span class='ocrx_word' id='word_1_457' title='bbox 940 3947 1256 4007; x_wconf 87' lang='lat' dir='ltr'><strong>satisfactio</strong></span> <span class='ocrx_word' id='word_1_458' title='bbox 1282 3950 1680 4025; x_wconf 85' lang='lat' dir='ltr'><strong>proficiscitur,</strong></span> <span class='ocrx_word' id='word_1_459' title='bbox 1711 3950 1810 4027; x_wconf 87' lang='lat' dir='ltr'><strong>qui</strong></span> <span class='ocrx_word' id='word_1_460' title='bbox 1847 3949 2242 4009; x_wconf 88' lang='lat' dir='ltr'><strong>remissionem</strong></span> <span class='ocrx_word' id='word_1_461' title='bbox 2271 3951 2367 4009; x_wconf 82' lang='lat' dir='ltr'><strong>vel</strong></span> <span class='ocrx_word' id='word_1_462' title='bbox 2396 3959 2740 4010; x_wconf 87' lang='lat' dir='ltr'><strong>consecutus</strong></span> <span class='ocrx_word' id='word_1_463' title='bbox 2768 3959 2858 4009; x_wconf 91' lang='lat' dir='ltr'><strong>est</strong></span> <span class='ocrx_word' id='word_1_464' title='bbox 2885 3952 2982 4010; x_wconf 84' lang='lat' dir='ltr'><strong>vel</strong></span> 
     </span>
     <span class='ocr_line' id='line_1_46' title="bbox 578 4026 2986 4107; baseline 0.002 -20"><span class='ocrx_word' id='word_1_465' title='bbox 578 4026 857 4105; x_wconf 90' lang='lat' dir='ltr'><strong>consequi</strong></span> <span class='ocrx_word' id='word_1_466' title='bbox 882 4026 1072 4103; x_wconf 90' lang='lat' dir='ltr'><strong>debet,</strong></span> <span class='ocrx_word' id='word_1_467' title='bbox 1101 4048 1271 4105; x_wconf 89' lang='lat' dir='ltr'><strong>posse</strong></span> <span class='ocrx_word' id='word_1_468' title='bbox 1316 4036 1507 4087; x_wconf 88' lang='lat' dir='ltr'><strong>autem</strong></span> <span class='ocrx_word' id='word_1_469' title='bbox 1553 4030 1766 4107; x_wconf 89' lang='lat' dir='ltr'><strong>optime</strong></span> <span class='ocrx_word' id='word_1_470' title='bbox 1816 4030 2144 4107; x_wconf 87' lang='lat' dir='ltr'><strong>consistere,</strong></span> <span class='ocrx_word' id='word_1_471' title='bbox 2177 4050 2306 4090; x_wconf 87' lang='lat' dir='ltr'><strong>curn</strong></span> <span class='ocrx_word' id='word_1_472' title='bbox 2349 4031 2448 4089; x_wconf 90' lang='lat' dir='ltr'><strong>uni</strong></span> <span class='ocrx_word' id='word_1_473' title='bbox 2478 4030 2802 4102; x_wconf 88' lang='lat' dir='ltr'><strong>remittitur,</strong></span> <span class='ocrx_word' id='word_1_474' title='bbox 2835 4030 2986 4091; x_wconf 84' lang='lat' dir='ltr'><strong>alius</strong></span> 
     </span>
     <span class='ocr_line' id='line_1_47' title="bbox 577 4108 2984 4188; baseline 0.001 -22"><span class='ocrx_word' id='word_1_475' title='bbox 577 4128 717 4169; x_wconf 83' lang='lat' dir='ltr'><strong>vero</strong></span> <span class='ocrx_word' id='word_1_476' title='bbox 743 4128 847 4186; x_wconf 88' lang='lat' dir='ltr'><strong>pro</strong></span> <span class='ocrx_word' id='word_1_477' title='bbox 876 4128 945 4166; x_wconf 89' lang='lat' dir='ltr'><strong>eo</strong></span> <span class='ocrx_word' id='word_1_478' title='bbox 994 4108 1289 4184; x_wconf 85' lang='lat' dir='ltr'><strong>satisfacit,</strong></span> <span class='ocrx_word' id='word_1_479' title='bbox 1336 4118 1610 4186; x_wconf 87' lang='lat' dir='ltr'><strong>regerunt</strong></span> <span class='ocrx_word' id='word_1_480' title='bbox 1647 4109 1877 4168; x_wconf 87' lang='lat' dir='ltr'><strong>inanem</strong></span> <span class='ocrx_word' id='word_1_481' title='bbox 1925 4130 2052 4169; x_wconf 90' lang='lat' dir='ltr'><strong>esse</strong></span> <span class='ocrx_word' id='word_1_482' title='bbox 2099 4111 2528 4188; x_wconf 88' lang='lat' dir='ltr'><strong>responsionem</strong></span> <span class='ocrx_word' id='word_1_483' title='bbox 2554 4133 2568 4186; x_wconf 83' lang='lat'><em>3</em></span> <span class='ocrx_word' id='word_1_484' title='bbox 2617 4114 2693 4169; x_wconf 80' lang='lat'><strong>1⁰.</strong></span> <span class='ocrx_word' id='word_1_485' title='bbox 2726 4110 2824 4168; x_wconf 88' lang='lat' dir='ltr'><strong>Illi</strong></span> <span class='ocrx_word' id='word_1_486' title='bbox 2865 4130 2984 4169; x_wconf 89' lang='lat' dir='ltr'><strong>non</strong></span> 
     </span>
     <span class='ocr_line' id='line_1_48' title="bbox 575 4188 2978 4269; baseline 0 -21"><span class='ocrx_word' id='word_1_487' title='bbox 575 4210 747 4268; x_wconf 88' lang='lat' dir='ltr'><strong>posse</strong></span> <span class='ocrx_word' id='word_1_488' title='bbox 776 4188 890 4247; x_wconf 88' lang='lat' dir='ltr'><strong>dici</strong></span> <span class='ocrx_word' id='word_1_489' title='bbox 920 4188 1175 4248; x_wconf 88' lang='lat' dir='ltr'><strong>debitum</strong></span> <span class='ocrx_word' id='word_1_490' title='bbox 1206 4188 1421 4249; x_wconf 90' lang='lat' dir='ltr'><strong>remitti</strong></span> <span class='ocrx_word' id='word_1_491' title='bbox 1462 4210 1567 4267; x_wconf 89' lang='lat' dir='ltr'><strong>pro</strong></span> <span class='ocrx_word' id='word_1_492' title='bbox 1615 4209 1732 4267; x_wconf 92' lang='lat' dir='ltr'><strong>quo</strong></span> <span class='ocrx_word' id='word_1_493' title='bbox 1781 4190 1951 4249; x_wconf 89' lang='lat' dir='ltr'><strong>datur</strong></span> <span class='ocrx_word' id='word_1_494' title='bbox 1977 4191 2078 4267; x_wconf 90' lang='lat' dir='ltr'><strong>qui</strong></span> <span class='ocrx_word' id='word_1_495' title='bbox 2105 4191 2272 4269; x_wconf 89' lang='lat' dir='ltr'><strong>plene</strong></span> <span class='ocrx_word' id='word_1_496' title='bbox 2303 4190 2633 4265; x_wconf 86' lang='lat' dir='ltr'><strong>satisfaciat,</strong></span> <span class='ocrx_word' id='word_1_497' title='bbox 2665 4191 2806 4267; x_wconf 89' lang='lat' dir='ltr'><strong>quid</strong></span> <span class='ocrx_word' id='word_1_498' title='bbox 2827 4191 2978 4249; x_wconf 88' lang='lat' dir='ltr'><strong>enim</strong></span> 
     </span>
     <span class='ocr_line' id='line_1_49' title="bbox 578 4268 2979 4347; baseline 0.001 -20"><span class='ocrx_word' id='word_1_499' title='bbox 578 4289 724 4347; x_wconf 89' lang='lat' dir='ltr'><strong>opus</strong></span> <span class='ocrx_word' id='word_1_500' title='bbox 750 4268 1085 4328; x_wconf 89' lang='lat' dir='ltr'><strong>remissione</strong></span> <span class='ocrx_word' id='word_1_501' title='bbox 1112 4268 1215 4327; x_wconf 92' lang='lat' dir='ltr'><strong>ubi</strong></span> <span class='ocrx_word' id='word_1_502' title='bbox 1253 4268 1477 4328; x_wconf 89' lang='lat' dir='ltr'><strong>nullum</strong></span> <span class='ocrx_word' id='word_1_503' title='bbox 1522 4268 1768 4347; x_wconf 83' lang='lat' dir='ltr'><strong>amplius</strong></span> <span class='ocrx_word' id='word_1_504' title='bbox 1809 4270 2068 4330; x_wconf 90' lang='lat' dir='ltr'><strong>debitum</strong></span> <span class='ocrx_word' id='word_1_505' title='bbox 2097 4278 2202 4346; x_wconf 88' lang='lat' dir='ltr'><strong>est,</strong></span> <span class='ocrx_word' id='word_1_506' title='bbox 2230 4272 2455 4330; x_wconf 88' lang='lat' dir='ltr'><strong>nullum</strong></span> <span class='ocrx_word' id='word_1_507' title='bbox 2485 4279 2677 4330; x_wconf 89' lang='lat' dir='ltr'><strong>autem</strong></span> <span class='ocrx_word' id='word_1_508' title='bbox 2705 4290 2832 4329; x_wconf 86' lang='lat' dir='ltr'><strong>esse</strong></span> <span class='ocrx_word' id='word_1_509' title='bbox 2860 4290 2979 4329; x_wconf 85' lang='lat' dir='ltr'><strong>am-</strong></span> 
     </span>
     <span class='ocr_line' id='line_1_50' title="bbox 578 4348 2979 4429; baseline 0.001 -24"><span class='ocrx_word' id='word_1_510' title='bbox 578 4348 731 4423; x_wconf 87' lang='lat' dir='ltr'><strong>plius</strong></span> <span class='ocrx_word' id='word_1_511' title='bbox 760 4348 1035 4422; x_wconf 83' lang='lat' dir='ltr'><strong>debitum,</strong></span> <span class='ocrx_word' id='word_1_512' title='bbox 1066 4349 1168 4407; x_wconf 93' lang='lat' dir='ltr'><strong>ubi</strong></span> <span class='ocrx_word' id='word_1_513' title='bbox 1187 4350 1310 4427; x_wconf 86' lang='lat' dir='ltr'><strong>jam</strong></span> <span class='ocrx_word' id='word_1_514' title='bbox 1338 4350 1507 4427; x_wconf 89' lang='lat' dir='ltr'><strong>plene</strong></span> <span class='ocrx_word' id='word_1_515' title='bbox 1555 4371 1660 4429; x_wconf 89' lang='lat' dir='ltr'><strong>pro</strong></span> <span class='ocrx_word' id='word_1_516' title='bbox 1705 4370 1773 4410; x_wconf 91' lang='lat' dir='ltr'><strong>eo</strong></span> <span class='ocrx_word' id='word_1_517' title='bbox 1808 4351 2164 4411; x_wconf 87' lang='lat' dir='ltr'><strong>satisfactum</strong></span> <span class='ocrx_word' id='word_1_518' title='bbox 2193 4360 2319 4428; x_wconf 89' lang='lat' dir='ltr'><strong>est;</strong></span> <span class='ocrx_word' id='word_1_519' title='bbox 2365 4355 2446 4410; x_wconf 82' lang='lat'><strong>2⁰.</strong></span> <span class='ocrx_word' id='word_1_520' title='bbox 2493 4352 2578 4411; x_wconf 90' lang='lat' dir='ltr'><strong>Ut</strong></span> <span class='ocrx_word' id='word_1_521' title='bbox 2605 4350 2862 4410; x_wconf 89' lang='lat' dir='ltr'><strong>debitum</strong></span> <span class='ocrx_word' id='word_1_522' title='bbox 2891 4370 2979 4409; x_wconf 87' lang='lat' dir='ltr'><strong>re-</strong></span> 
     </span>
     <span class='ocr_line' id='line_1_51' title="bbox 578 4426 2981 4509; baseline 0.002 -26"><span class='ocrx_word' id='word_1_523' title='bbox 578 4426 842 4485; x_wconf 85' lang='lat' dir='ltr'><strong>mittatur</strong></span> <span class='ocrx_word' id='word_1_524' title='bbox 866 4448 981 4487; x_wconf 88' lang='lat' dir='ltr'><strong>non</strong></span> <span class='ocrx_word' id='word_1_525' title='bbox 1013 4428 1153 4488; x_wconf 87' lang='lat' dir='ltr'><strong>satis</strong></span> <span class='ocrx_word' id='word_1_526' title='bbox 1181 4448 1308 4488; x_wconf 89' lang='lat' dir='ltr'><strong>esse</strong></span> <span class='ocrx_word' id='word_1_527' title='bbox 1336 4429 1672 4506; x_wconf 86' lang='lat' dir='ltr'><strong>debitorem,</strong></span> <span class='ocrx_word' id='word_1_528' title='bbox 1697 4433 1964 4509; x_wconf 85' lang='lat' dir='ltr'><strong>quamvis</strong></span> <span class='ocrx_word' id='word_1_529' title='bbox 1985 4432 2107 4509; x_wconf 88' lang='lat' dir='ltr'><strong>ipse</strong></span> <span class='ocrx_word' id='word_1_530' title='bbox 2135 4431 2282 4489; x_wconf 91' lang='lat' dir='ltr'><strong>nihil</strong></span> <span class='ocrx_word' id='word_1_531' title='bbox 2310 4431 2564 4507; x_wconf 84' lang='lat' dir='ltr'><strong>solverit,</strong></span> <span class='ocrx_word' id='word_1_532' title='bbox 2595 4430 2844 4505; x_wconf 90' lang='lat' dir='ltr'><strong>liberari,</strong></span> <span class='ocrx_word' id='word_1_533' title='bbox 2877 4432 2981 4489; x_wconf 86' lang='lat' dir='ltr'><strong>sed</strong></span> 
     </span>
     <span class='ocr_line' id='line_1_52' title="bbox 581 4508 2978 4587; baseline 0.002 -25"><span class='ocrx_word' id='word_1_534' title='bbox 581 4524 816 4563; x_wconf 88' lang='lat' dir='ltr'><strong>necesse</strong></span> <span class='ocrx_word' id='word_1_535' title='bbox 845 4526 969 4565; x_wconf 89' lang='lat' dir='ltr'><strong>esse</strong></span> <span class='ocrx_word' id='word_1_536' title='bbox 989 4508 1401 4585; x_wconf 84' lang='lat' dir='ltr'><strong>obligationem</strong></span> <span class='ocrx_word' id='word_1_537' title='bbox 1424 4511 1581 4571; x_wconf 90' lang='lat' dir='ltr'><strong>illam</strong></span> <span class='ocrx_word' id='word_1_538' title='bbox 1606 4512 1729 4570; x_wconf 88' lang='lat' dir='ltr'><strong>sola</strong></span> <span class='ocrx_word' id='word_1_539' title='bbox 1747 4512 2045 4571; x_wconf 89' lang='lat' dir='ltr'><strong>creditoris</strong></span> <span class='ocrx_word' id='word_1_540' title='bbox 2065 4511 2411 4571; x_wconf 88' lang='lat' dir='ltr'><strong>liberalitate</strong></span> <span class='ocrx_word' id='word_1_541' title='bbox 2433 4512 2666 4570; x_wconf 89' lang='lat' dir='ltr'><strong>omnino</strong></span> <span class='ocrx_word' id='word_1_542' title='bbox 2695 4511 2978 4587; x_wconf 86' lang='lat' dir='ltr'><strong>extingui,</strong></span> 
     </span>
     <span class='ocr_line' id='line_1_53' title="bbox 578 4584 2978 4669; baseline 0.003 -27"><span class='ocrx_word' id='word_1_543' title='bbox 578 4592 645 4643; x_wconf 90' lang='lat' dir='ltr'><strong>ut</strong></span> <span class='ocrx_word' id='word_1_544' title='bbox 664 4584 787 4661; x_wconf 89' lang='lat' dir='ltr'><strong>jam</strong></span> <span class='ocrx_word' id='word_1_545' title='bbox 817 4603 923 4644; x_wconf 89' lang='lat' dir='ltr'><strong>nec</strong></span> <span class='ocrx_word' id='word_1_546' title='bbox 950 4586 1073 4663; x_wconf 89' lang='lat' dir='ltr'><strong>ipse</strong></span> <span class='ocrx_word' id='word_1_547' title='bbox 1102 4587 1343 4663; x_wconf 89' lang='lat' dir='ltr'><strong>debitor,</strong></span> <span class='ocrx_word' id='word_1_548' title='bbox 1374 4610 1481 4650; x_wconf 87' lang='lat' dir='ltr'><strong>nec</strong></span> <span class='ocrx_word' id='word_1_549' title='bbox 1508 4591 1657 4650; x_wconf 88' lang='lat' dir='ltr'><strong>alius</strong></span> <span class='ocrx_word' id='word_1_550' title='bbox 1685 4593 1814 4669; x_wconf 86' lang='lat' dir='ltr'><strong>ejus</strong></span> <span class='ocrx_word' id='word_1_551' title='bbox 1834 4592 1963 4651; x_wconf 92' lang='lat' dir='ltr'><strong>loco</strong></span> <span class='ocrx_word' id='word_1_552' title='bbox 1992 4592 2338 4652; x_wconf 89' lang='lat' dir='ltr'><strong>substitutus</strong></span> <span class='ocrx_word' id='word_1_553' title='bbox 2366 4591 2637 4651; x_wconf 89' lang='lat' dir='ltr'><strong>creditori</strong></span> <span class='ocrx_word' id='word_1_554' title='bbox 2663 4590 2978 4668; x_wconf 88' lang='lat' dir='ltr'><strong>quidquam</strong></span> 
     </span>
     <span class='ocr_line' id='line_1_54' title="bbox 576 4662 2976 4749; baseline 0.003 -28"><span class='ocrx_word' id='word_1_555' title='bbox 576 4662 825 4741; x_wconf 84' lang='lat' dir='ltr'><strong>pendere</strong></span> <span class='ocrx_word' id='word_1_556' title='bbox 854 4664 1095 4742; x_wconf 87' lang='lat' dir='ltr'><strong>debeat;</strong></span> <span class='ocrx_word' id='word_1_557' title='bbox 1126 4671 1207 4727; x_wconf 80' lang='lat'><strong>3⁰.</strong></span> <span class='ocrx_word' id='word_1_558' title='bbox 1240 4670 1304 4728; x_wconf 89' lang='lat' dir='ltr'><strong>Si</strong></span> <span class='ocrx_word' id='word_1_559' title='bbox 1332 4670 1480 4729; x_wconf 89' lang='lat' dir='ltr'><strong>alius</strong></span> <span class='ocrx_word' id='word_1_560' title='bbox 1506 4671 1766 4730; x_wconf 88' lang='lat' dir='ltr'><strong>debitum</strong></span> <span class='ocrx_word' id='word_1_561' title='bbox 1795 4672 1854 4731; x_wconf 91' lang='lat' dir='ltr'><strong>in</strong></span> <span class='ocrx_word' id='word_1_562' title='bbox 1874 4692 1935 4731; x_wconf 88' lang='lat' dir='ltr'><strong>se</strong></span> <span class='ocrx_word' id='word_1_563' title='bbox 1957 4673 2278 4749; x_wconf 86' lang='lat' dir='ltr'><strong>transferat,</strong></span> <span class='ocrx_word' id='word_1_564' title='bbox 2303 4680 2717 4733; x_wconf 87' lang='lat' dir='ltr'><strong>commutatum</strong></span> <span class='ocrx_word' id='word_1_565' title='bbox 2745 4670 2976 4748; x_wconf 85' lang='lat' dir='ltr'><strong>quidem</strong></span> 
     </span>
    </p>
   </div>
   <div class='ocr_carea' id='block_1_7' title="bbox 3214 1830 3216 2335">
    <p class='ocr_par' dir='ltr' id='par_1_9' title="bbox 3214 1830 3216 2335">
     <span class='ocr_line' id='line_1_55' title="bbox 3214 1830 3216 2335; baseline 0 0"><span class='ocrx_word' id='word_1_566' title='bbox 3214 1830 3216 2335; x_wconf 95' lang='lat' dir='ltr'><strong> </strong></span> 
     </span>
    </p>
   </div>
   <div class='ocr_carea' id='block_1_8' title="bbox 3214 1830 3216 2515">
    <p class='ocr_par' dir='ltr' id='par_1_10' title="bbox 3214 1830 3216 2515">
     <span class='ocr_line' id='line_1_56' title="bbox 3214 1830 3216 2515; baseline 0 0"><span class='ocrx_word' id='word_1_567' title='bbox 3214 1830 3216 2515; x_wconf 95' lang='lat' dir='ltr'><strong> </strong></span> 
     </span>
    </p>
   </div>
  </div>
 </body>
</html>
