3234 5192
302 368 531 411 msrur.
564 350 661 432 11.]
972 366 1053 407 ns
1082 366 1431 409 SCRIPTURAE
1462 370 1666 412 sACRAE·
1695 370 2144 413 Αιιτιιοιιιτᾼτε.
2606 350 2723 409 239

302 510 695 589 excogitatam
750 508 949 585 fuisse,
999 518 1058 569 et
1086 516 1307 571 mutata
1327 509 1559 587 quidem
1591 511 1770 572 fuisse
1825 512 2020 589 verba,
2053 511 2158 571 sed
2185 510 2428 570 eandem
2465 515 2723 569 mentem

301 591 423 651 inis
469 610 695 669 semper
750 608 897 649 esse.
982 589 1197 665 Prim0,
1254 590 1393 667 quia
1434 591 1595 650 nulla
1622 601 1814 670 potest
1857 592 1982 651 dari
2031 592 2350 651 authoritas
2404 588 2596 668 quoad
2638 607 2724 663 se,

304 691 434 749 quse
488 690 607 731 non
662 672 738 731 sit
786 670 961 731 etiam
1015 670 1209 748 quoad
1260 690 1386 747 nos,
1432 690 1549 729 non
1604 672 1778 732 modo
1821 674 1960 751 quia
2005 680 2096 732 est
2137 674 2190 732 is
2242 697 2336 731 του
2389 675 2508 752 πςὶς
2561 673 2614 727 τ)
2642 688 2720 727 ex

306 752 615 812 relatorum
664 760 891 825 natura,
942 769 1071 828 quae
1120 751 1445 810 necessario
1498 760 1824 831 respectum
1880 752 1956 811 ad
2002 753 2162 812 aliud
2215 751 2521 811 includunt
2547 772 2562 827 3
2616 746 2724 806 sed

305 833 480 893 etiam
508 834 645 910 quia
672 830 831 910 qnod
858 829 997 890 facit
1023 838 1090 890 ut
1137 831 1433 909 Scriptura
1480 832 1557 891 sit
1606 833 1824 891 Divina
1867 840 1926 892 et
1953 832 2286 892 authentica
2325 834 2388 891 in
2433 850 2511 905 se,
2544 828 2720 888 debet

308 914 483 972 etiam
504 911 691 972 facere
720 919 786 973 ut
812 910 947 971 talis
976 910 1053 969 sit
1095 910 1289 988 quoad
1342 930 1487 987 nos;
1533 912 1760 991 Quippe
1810 920 2154 990 argumenta
2206 920 2265 971 et
2313 910 2558 984 criteria,
2590 928 2722 986 quae

308 994 554 1053 fundant
574 994 699 1070 ejus
728 991 1133 1051 authoritatem
1165 992 1225 1049 in
1254 1010 1333 1066 se,
1386 992 1631 1051 eandem
1660 1012 1890 1071 quoque
1919 992 2134 1053 debent
2182 991 2426 1052 fundare
2453 998 2722 1068 respectu

308 1074 509 1148 nostri,
538 1081 605 1133 ut
632 1071 777 1132 nihil
832 1072 1017 1150 possit
1072 1070 1187 1129 dici
1240 1070 1678 1131 fundamentum
1706 1074 2030 1151 simpliciter
2074 1072 2232 1151 quod
2284 1092 2402 1131 non
2431 1071 2506 1130 sit
2545 1070 2720 1129 etiam

310 1156 505 1231 quoad
528 1172 646 1211 nos.
732 1152 965 1211 Etenim
995 1150 1045 1209 si
1073 1151 1215 1227 quid
1241 1170 1349 1210 nos
1378 1153 1453 1209 ad
1496 1152 1932 1212 assentiendum
1975 1153 2369 1231 principaliter
2393 1158 2592 1211 movet
2619 1157 2721 1208 aut

309 1254 545 1292 movere
566 1241 775 1311 potest,
804 1241 895 1291 est
922 1230 1359 1291 fundamentum
1388 1231 1524 1292 fidei
1553 1233 1907 1310 simpliciter,
1955 1254 2062 1293 nec
2111 1233 2300 1311 quoad
2329 1252 2438 1291 nos
2475 1240 2724 1305 tantum,

312 1322 373 1373 et
402 1314 452 1371 si
480 1332 598 1369 non
626 1320 821 1369 movet
848 1332 956 1370 nee
981 1331 1215 1371 movere
1242 1320 1435 1389 potest
1452 1311 1527 1370 ad
1556 1314 2004 1388 assentiendum,
2030 1333 2138 1371 nee
2167 1322 2256 1371 est
2282 1312 2721 1371 fundamentum

312 1392 655 1469 simpliciter,
685 1410 793 1449 nee
820 1394 1011 1467 quoad
1032 1412 1149 1451 nos.
1236 1391 1409 1451 Unde
1435 1392 1574 1453 licet
1610 1394 1830 1453 centies
1876 1392 2140 1452 Ecclesia
2188 1392 2405 1451 diceret
2461 1390 2718 1467 Scriptu-

316 1492 441 1531 ram
470 1492 573 1548 pro
606 1470 821 1529 Divina
846 1490 971 1530 esse
998 1471 1341 1547 habendam,
1372 1492 1491 1531 non
1516 1492 1749 1551 possem
1775 1482 1971 1532 tamen
1991 1491 2098 1532 nee
2127 1471 2396 1531 deberem
2433 1469 2720 1545 assentiri,

313 1552 367 1613 si
384 1552 585 1611 divina
608 1552 670 1609 in
700 1570 761 1609 se
787 1571 903 1610 non
932 1560 1116 1629 esset;
1162 1552 1241 1613 Et
1276 1554 1544 1631 quamvis
1570 1561 1812 1631 negaret
1857 1552 2120 1612 Ecclesia
2161 1552 2545 1631 recipiendam
2592 1568 2720 1609 esse

314 1652 441 1693 eam
470 1640 537 1693 ut
565 1630 855 1708 Divinam,
886 1632 1217 1710 recipienda
1258 1641 1451 1692 tamen
1499 1642 1670 1708 esset,
1723 1654 1790 1693 eo
1821 1633 1946 1711 ipso
1973 1651 2089 1711 quo
2119 1632 2392 1692 statuitur
2417 1652 2544 1691 esse
2573 1630 2632 1687 in
2661 1648 2724 1688 se

314 1732 455 1773 vera
481 1721 539 1772 et
570 1712 803 1771 Divina.
890 1711 1117 1771 Deinde
1166 1732 1345 1790 quum
1375 1712 1720 1773 Adversarii
1772 1714 1981 1773 volunt
2008 1714 2186 1791 quaeri
2234 1714 2387 1773 inter
2414 1713 2553 1788 Nos,
2605 1729 2722 1769 non

318 1792 489 1854 Unde
519 1792 595 1853 sit
626 1792 935 1870 Scripturas
966 1792 1343 1869 Authoritas3
1389 1794 1493 1853 sed
1520 1794 1674 1853 unde
1719 1793 1888 1863 nobis
1943 1794 2297 1869 innoteseat3
2343 1792 2459 1853 Vel
2507 1790 2719 1851 intelli-

315 1880 464 1951 gunt
491 1873 771 1933 rationem
800 1882 859 1931 et
885 1874 1166 1932 motivum
1190 1882 1425 1951 propter
1451 1874 1607 1951 quod
1637 1882 1703 1934 ut
1755 1873 1928 1933 talem
1985 1874 2255 1933 novimus
2309 1880 2370 1933 et
2396 1873 2719 1947 credimus;

315 1953 432 2013 Vel
459 1952 795 2031 simpliciter
820 1953 1075 2013 medium
1104 1961 1163 2013 et
1206 1954 1668 2031 instrumentum,
1700 1973 1815 2032 quo
1844 1954 1918 2013 ad
1956 1974 2083 2014 eam
2132 1952 2592 2032 cognoscendam
2621 1950 2725 2010 ad-

316 2032 597 2095 ducimur.
683 2033 747 2093 Si
773 2033 1061 2110 posterius
1082 2032 1305 2108 volunt,
1336 2043 1562 2095 mutant
1589 2035 1926 2112 quaestionis
1956 2043 2186 2109 statum,
2217 2054 2324 2093 nec
2371 2053 2480 2093 nos
2506 2032 2724 2092 habent

318 2114 723 2173 dissentientes
748 2135 763 2172 ι
806 2112 929 2172 Nec
958 2113 1129 2187 enim,
1159 2122 1227 2171 ut
1254 2122 1424 2173 antea
1452 2114 1690 2191 dictum,
1721 2134 2002 2193 negamus
2032 2114 2355 2173 Ecclesiam
2384 2132 2722 2172 concurrere

319 2194 395 2253 ad
422 2194 790 2253 indicandam
851 2193 1021 2251 nobis
1054 2192 1427 2270 Scripturam.
1517 2194 1637 2254 Sed
1691 2195 1742 2255 si
1769 2196 1929 2273 prius
1983 2194 2362 2273 intelligatur,
2419 2202 2486 2252 ut
2512 2192 2728 2251 intelli·

317 2293 453 2351 gere
481 2292 717 2333 necesse
746 2280 837 2331 est
862 2292 981 2349 eoS,
1012 2273 1061 2333 si
1081 2272 1451 2351 hypothesim
1472 2276 1622 2335 tueri
1650 2275 1871 2352 volunt,
1903 2283 1962 2335 et
1989 2275 2288 2335 sententiae
2335 2293 2453 2333 suae
2481 2291 2722 2333 consen·

318 2363 487 2413 tanea
513 2354 691 2432 loqui,
722 2354 935 2413 frustra
961 2352 1197 2414 affertur
1213 2353 1508 2414 distinctio
1537 2354 1687 2432 ista;
1735 2356 1790 2415 N
1793 2376 1886 2413 am
1916 2356 1966 2415 si
1995 2355 2274 2416 Ecclesiae
2304 2353 2722 2414 Testimonium

317 2443 407 2494 est
432 2434 722 2529 praecipua
748 2434 912 2510 ratiO,
942 2442 1177 2512 propter
1204 2454 1377 2511 quam
1405 2434 1577 2495 credo
1610 2435 1964 2515 Scripturam
1993 2456 2120 2497 esse
2166 2436 2459 2510 Divinam,
2492 2433 2726 2494 debebit

318 2514 491 2575 etiam
524 2514 635 2594 ipsi
664 2513 969 2574 conciliare
998 2514 1407 2575 authoritatem
1436 2516 1496 2574 in
1526 2535 1605 2591 se,
1631 2524 1805 2593 atque
1833 2516 1915 2575 ita
1943 2516 2016 2575 ab
2041 2516 2304 2576 Ecclesia
2334 2535 2560 2593 semper
2585 2534 2722 2593 pen·

320 2592 498 2655 debit.
582 2594 753 2671 Quod
780 2595 1015 2671 prioreS,
1047 2594 1148 2672 qui
1175 2596 1363 2673 magis
1406 2596 1652 2655 rotunde
1701 2596 2100 2673 loquebantur,
2143 2596 2436 2655 volebant.
2520 2596 2724 2674 Neque

310 2676 521 2753 juvare
548 2694 649 2735 eos
676 2682 867 2753 potest
887 2675 1175 2752 judicium
1208 2676 1549 2751 Salomonis,
1598 2677 1715 2734 imo
1763 2696 1867 2753 pro
1897 2676 2064 2735 nobis
2091 2675 2265 2752 faeit3
2309 2695 2446 2734 nam
2471 2696 2588 2733 non
2617 2676 2730 2735 fuit

318 2754 757 2815 fundamentum
784 2775 887 2815 seu
914 2756 1061 2814 ratio
1088 2764 1321 2833 propter
1348 2776 1521 2833 quam
1552 2756 1786 2833 cognita
1812 2755 1921 2815 fuit
1949 2775 2090 2815 vera
2115 2764 2316 2830 mater,
2368 2754 2472 2813 sed
2499 2764 2724 2815 tantum

318 2835 573 2895 medium
615 2854 731 2913 quo
778 2835 1046 2911 innotuit,
1093 2834 1377 2913 siquidem
1404 2836 1579 2914 hujus
1624 2836 1954 2895 interventu
2003 2836 2292 2893 viscerum
2335 2841 2724 2892 maternorum

319 2915 471 2975 facta
498 2923 590 2975 est
616 2916 940 2993 commotiO,
972 2936 1101 2994 quae
1130 2916 1361 2994 propria
1387 2915 1498 2974 fuit
1540 2915 1710 2974 istius
1753 2914 2102 2991 cognitionis
2145 2932 2337 2975 causa.
2423 2913 2517 2971 Ita
2543 2932 2724 2988 quum

321 2996 587 3055 Ecclesia
611 3014 719 3055 nos
746 2994 983 3055 adducit
1010 2996 1085 3055 ad
1118 2996 1489 3073 Scripturam,
1520 3004 1580 3055 et
1619 2994 1815 3052 radios
1851 2993 2190 3053 Divinitatis
2217 2994 2279 3050 in
2305 2992 2408 3051 illa
2433 2991 2726 3068 fulgentes

320 3076 589 3153 ostendit,
621 3083 711 3135 est
736 3076 969 3153 quidem
997 3075 1253 3135 medium
1280 3094 1395 3152 quo
1433 3074 1722 3135 eredimus
1750 3094 1876 3133 esse
1921 3073 2214 3149 Divinam,
2245 3072 2350 3133 sed
2387 3091 2505 3131 non
2531 3072 2725 3149 ipsum

318 3154 755 3215 fundamentum
784 3176 887 3216 seu
912 3155 1169 3215 formalis
1196 3154 1361 3224 ratim
1392 3162 1626 3233 propter
1653 3174 1824 3231 quam
1855 3153 2160 3214 credimus.

402 3236 549 3296 XV.
595 3236 881 3297 Caeterum
906 3256 1023 3295 non
1050 3235 1531 3295 dissimulandum
1576 3234 1914 3295 Pontificios
1940 3234 2128 3295 videri
2169 3235 2366 3294 sanius
2413 3242 2473 3295 et
2514 3233 2732 3294 sentire

321 3325 382 3377 et
407 3317 583 3393 loqui,
616 3316 755 3375 dum
783 3324 999 3393 negant
1036 3316 1355 3375 Ecclesiam
1388 3336 1513 3375 esse
1542 3314 1978 3376 fundamentum
2021 3316 2354 3395 principale,
2387 3334 2490 3375 seu
2517 3314 2726 3374 forma·

318 3398 437 3457 lem
465 3398 745 3456 rationem
772 3405 1004 3475 propter
1046 3416 1219 3475 quam
1266 3396 1381 3456 fide
1413 3396 1634 3456 Divina
1681 3396 1968 3457 credimus
2016 3396 2370 3476 Scripturam
2418 3414 2545 3457 esse
2588 3415 2732 3455 vere

320 3478 583 3538 Verbum
617 3476 746 3551 Dei,
778 3475 881 3535 sed
908 3484 1150 3553 tantum,
1174 3478 1273 3537 vel
1298 3479 1666 3537 conditionem
1713 3478 2038 3537 necessario
2075 3477 2410 3555 requisitam
2459 3476 2534 3536 ad
2561 3475 2728 3535 illum

322 3566 515 3619 actum
544 3556 680 3617 fidei
708 3556 1071 3633 eliciendum,
1092 3565 1159 3617 ut
1197 3558 1454 3635 loquitur
1480 3558 1774 3634 Valentia,
1797 3559 1961 3617 Tom.
1991 3558 2074 3617 iii.
2105 3558 2252 3635 disp.
2281 3562 2333 3617 l.
2357 3565 2562 3633 quaest.
2595 3558 2647 3631 1,
2669 3562 2730 3615 et

325 3638 637 3698 Gretserus
676 3638 737 3696 in
775 3644 1025 3697 tractatu
1072 3637 1145 3697 de
1199 3639 1587 3715 agnoscendis
1645 3638 1957 3717 Scripturis
2014 3638 2321 3697 Canonieis
2375 3656 2425 3695 c.
2477 3640 2510 3694 7
2545 3657 2559 3709 ;
2628 3635 2728 3693 vel

322 3738 556 3778 eausam
582 3718 975 3793 acceptatione
1005 3718 1166 3797 fidei,
1216 3726 1285 3777 ut
1325 3718 1595 3778 Becanus
1635 3718 1709 3778 de
1756 3717 1985 3778 Circulo
2015 3718 2407 3777 Calvinistico.
2495 3714 2558 3773 Si
2585 3732 2728 3773 vero

323 3806 629 3877 quaeratur,
660 3818 777 3875 quo
803 3796 1179 3857 fundamento
1206 3818 1347 3875 ergo
1374 3798 1593 3858 nitatur
1637 3797 1784 3857 fides
1813 3798 2047 3872 Divina,
2093 3816 2212 3875 qua
2253 3795 2505 3855 creditur
2531 3792 2732 3851 divina

328 3880 639 3957 Scripturas
668 3878 1029 3954 AuthoritaS,
1059 3879 1154 3937 vel
1184 3898 1313 3956 quae
1342 3878 1417 3937 sit
1453 3878 1712 3937 fonnalis
1739 3878 1886 3937 ratio
1928 3884 2162 3955 propter
2188 3894 2362 3953 quam
2388 3873 2503 3932 fide
2532 3873 2733 3931 divina

325 3959 612 4019 credimus
639 3959 751 4019 hoc
778 3958 1041 4019 Verbum
1071 3958 1199 4035 Dei,
1233 3958 1611 4036 Respondent
1637 3978 1766 4017 esse
1785 3958 2202 4017 Revelationem
2223 3955 2510 4028 Divinam,
2535 3970 2638 4011 seu
2668 3970 2734 4011 se

324 4040 437 4099 hoc
466 4038 697 4098 credere
736 4046 970 4117 propter
1015 4038 1127 4099 Dei
1162 4038 1475 4099 revelantis
1503 4038 1956 4112 Authoritatem,
1985 4044 2054 4095 ut.
2107 4036 2283 4095 iidem
2314 4034 2622 4093 Gretserus
2671 4038 2732 4092 et

327 4120 596 4179 Becanus
624 4120 847 4195 prolixe
892 4120 1155 4197 probant.
1244 4119 1361 4179 Sed
1404 4138 1521 4177 non
1562 4118 1796 4198 difficile
1838 4124 1926 4177 est
1968 4116 2190 4174 larvam
2238 4116 2387 4173 hanc
2437 4111 2726 4187 detegere,

325 4216 443 4277 qna
462 4199 908 4277 simplicioribus
928 4200 1221 4277 imponere
1248 4207 1545 4274 conantur,
1570 4208 1630 4258 et
1657 4196 1976 4271 ostendere,
2008 4214 2108 4253 eos
2135 4196 2231 4253 vel
2259 4192 2523 4251 ἅσὸστιιτι
2550 4190 2729 4269 loqui,

326 4280 426 4337 vel
452 4279 669 4357 insigni
722 4279 1193 4357 praevaricatione
1222 4278 1379 4357 quod
1419 4296 1537 4337 una
1590 4298 1766 4336 manu
1794 4276 1932 4335 dare
1959 4274 2247 4349 videntur,
2280 4272 2462 4332 altera
2489 4270 2730 4333 auferre.

328 4358 478 4419 Nam
508 4360 919 4419 revelationem
946 4359 1181 4436 quidem
1230 4359 1488 4416 divinam
1526 4377 1654 4417 esse
1698 4357 2134 4415 fundamentum
2179 4372 2282 4413 seu
2309 4352 2588 4413 rationem
2617 4352 2731 4411 for-

328 4440 539 4499 malem
564 4440 701 4499 fidei
730 4460 867 4499 vere
895 4439 969 4498 ab
1002 4438 1119 4497 illis
1160 4437 1473 4512 asseritur3
1521 4437 1637 4495 Sed
1667 4437 1718 4495 si
1743 4452 1916 4513 porro
1943 4440 2250 4511 quaeratur,
2281 4434 2383 4493 ubi
2412 4434 2487 4493 sit
2515 4430 2616 4492 illa
2641 4454 2731 4494 re-

325 4521 541 4580 velatio
594 4528 831 4598 propter
883 4538 1055 4598 quam
1113 4516 1399 4577 credimus
1458 4516 1814 4593 Scripturam
1867 4532 1994 4571 esse
2023 4512 2282 4573 Verbum
2316 4513 2444 4590 Dei,
2496 4522 2555 4574 et
2601 4535 2733 4592 quae

327 4601 581 4661 omnium
613 4600 689 4661 sit
730 4602 917 4679 prima
943 4606 1002 4659 et
1034 4598 1351 4673 notissima,
1399 4616 1529 4673 quae
1576 4616 1680 4674 per
1727 4614 1788 4655 se
1818 4602 1877 4654 et
1923 4600 2158 4673 propter
2186 4615 2246 4655 se
2276 4616 2311 4655 a
2337 4596 2506 4655 nobis
2553 4596 2732 4673 recipi

327 4680 519 4748 debet,
576 4700 693 4739 non
722 4700 864 4739 vero
891 4687 1128 4759 propter
1146 4678 1325 4738 ullam
1348 4678 1538 4752 aliam,
1568 4676 1666 4735 hic
1693 4696 1904 4756 aquam
1926 4675 2068 4754 ipsis
2095 4674 2312 4737 haerere
2340 4696 2574 4736 necesse
2605 4685 2730 4751 est,-
