3234 5192
559 312 671 371 162
1319 329 1397 369 ns
1428 330 1790 372 »xi-:cassatim
1821 328 2168 370 sacassrons
2573 306 2835 390 [msru'r.
2865 328 2974 369 vn.

554 469 665 527 laeo
694 470 879 528 beatis
906 470 1130 547 angelis
1158 470 1409 545 mandat,
1456 481 1518 530 ut
1558 472 1781 531 animas
1823 492 2038 547 eorum,
2069 471 2169 547 qui
2209 478 2515 547 postquam
2555 470 2966 547 peregrinandi

555 570 729 608 causa
779 550 1025 609 Romam
1068 550 1265 619 venire
1312 553 1763 629 proposuissent,
1807 552 1868 609 in
1909 552 2008 609 via
2047 550 2194 609 forte
2223 550 2468 609 confessi
2498 559 2870 624 morerentur,
2903 550 2964 607 in

556 630 765 689 coelum
792 640 951 690 recta
978 630 1367 706 transferrent,
1396 635 1431 664 ‘⁶
1453 632 1697 691 Prorsus
1725 632 2064 690 mandamus
2112 631 2335 707 angelis
2367 628 2645 703 paradisi,
2677 639 2962 707 quatenus

554 711 803 769 animam
832 732 866 769 a
892 711 1236 788 Purgatorio
1264 712 1492 789 penitus
1521 713 1846 772 absolutam
1867 713 1928 770 in
1959 711 2219 769 Paradisi
2249 711 2492 788 gloriam
2533 710 2959 785 introducant,''

551 791 706 868 apud
763 792 1023 849 Balaeum
1080 792 1138 849 in
1195 792 1317 849 vita
1372 793 1686 852 Clementis
1731 793 1840 851 VI.
1893 793 2097 851 Nonne
2155 812 2216 850 se
2271 791 2436 850 effert
2477 810 2651 866 supra
2695 790 2958 867 Sanctos,

550 872 782 950 quando
828 892 1026 931 eorum
1079 879 1341 930 aroenae-n
1384 892 1419 929 a
1463 892 1525 930 se
1566 872 1816 950 pendere
1865 874 2010 946 vult,
2057 881 2123 932 ut
2164 892 2309 949 quos
2362 872 2507 930 velit
2543 870 2640 928 vel
2695 871 2961 948 catalogo

552 959 877 1009 sanctorum
910 951 1236 1010 adscribere
1263 953 1463 1028 possit,
1508 953 1607 1010 vel
1651 972 1728 1011 ex
1770 953 1881 1010 hoc
1907 952 2057 1011 libro
2087 952 2223 1010 vitae
2251 950 2609 1027 dispungat?
2652 950 2850 1029 Atque
2879 952 2962 1011 ita

556 1031 731 1105 Papa,
778 1034 933 1088 Deus
986 1031 1419 1090 Pontificiorum
1448 1032 1719 1110 Deaeficus,
1751 1041 1816 1091 ut
1863 1032 2207 1091 Tertulliani
2235 1032 2472 1089 verbum
2520 1052 2806 1107 usurpem,
2853 1052 2960 1108 pro

550 1111 787 1169 arbitrio
816 1130 938 1184 su0,
970 1130 1085 1169 non
1116 1110 1287 1169 modo
1318 1111 1389 1169 de
1419 1112 1788 1170 veneratione
1809 1120 1868 1170 et
1895 1112 2128 1185 honore,
2179 1112 2278 1188 qui
2309 1111 2524 1169 sanctis
2552 1110 2810 1186 debetur,
2855 1112 2961 1171 sed

550 1192 723 1249 etiam
753 1190 823 1249 de
848 1192 1151 1249 sanctitate
1181 1199 1239 1251 et
1267 1191 1571 1251 divinitate
1601 1191 1819 1267 statuit,
1874 1193 1909 1223 ‘⁴
1935 1192 2015 1251 Ut
2042 1192 2156 1249 nisi
2202 1191 2422 1248 homini
2452 1192 2612 1249 Deus
2656 1192 2954 1267 placuerit,

554 1270 715 1329 Deus
783 1290 899 1329 non
949 1272 1077 1346 sit,”
1120 1280 1185 1329 ut
1230 1272 1311 1330 ait
1352 1272 1759 1347 TertullianuS,
1807 1270 1982 1348 Apol.
2030 1292 2078 1329 c.
2126 1292 2184 1329 V.
2269 1270 2438 1345 Quod
2503 1271 2552 1328 si
2595 1280 2802 1329 coetcra
2845 1272 2956 1330 Ec·

552 1351 741 1410 clesiae
786 1352 1064 1419 Romanae
1112 1363 1419 1428 σεβασμτα
1462 1352 1831 1427 attendimus,
1888 1351 2173 1428 imagines
2215 1352 2417 1426 cruciS,
2478 1350 2752 1427 reliquias
2794 1372 2958 1411 sanc-

550 1440 755 1507 torum,
816 1432 1035 1507 altaria,
1094 1443 1514 1492 sacramentum
1560 1432 1749 1509 ipsum
1797 1432 2012 1505 altariS,
2057 1432 2211 1509 quod
2262 1431 2439 1507 vulgo
2496 1452 2698 1506 corpus
2727 1433 2964 1491 Domini

551 1510 777 1586 dicitur,
822 1533 1014 1571 nonne
1044 1533 1104 1571 se
1135 1532 1306 1589 super
1352 1514 1455 1571 illa
1482 1512 1662 1587 effert,
1683 1512 1914 1589 quando
1937 1532 2134 1571 eorum
2157 1511 2640 1569 consecrationem
2661 1519 2717 1569 et
2741 1512 2960 1571 cultum

550 1610 584 1648 a
612 1612 673 1649 so
695 1592 945 1669 pendere
966 1592 1307 1651 contendit?
1338 1594 1415 1652 Et
1436 1593 1517 1651 ita
1534 1612 1602 1650 ea
1623 1601 1937 1666 consecrat,
1961 1600 2026 1650 ut
2047 1591 2251 1649 honori
2281 1611 2385 1649 suo
2415 1591 2745 1665 inserviant,
2767 1601 2957 1669 atque,

548 1678 613 1727 ut
660 1671 743 1729 ita
770 1672 975 1745 dicam,
1006 1672 1371 1731 famulentur.
1439 1672 1595 1729 Hinc
1625 1672 1815 1747 imago
1845 1672 2030 1729 crucis
2073 1672 2134 1727 in
2181 1671 2644 1747 processionibus
2675 1672 2959 1747 Pontifici,

550 1758 615 1808 ut
642 1751 769 1827 ejus
810 1751 1038 1827 insigne
1066 1751 1316 1826 honoris,
1348 1751 1664 1828 praefertur,
1717 1762 1775 1809 et
1822 1751 1944 1827 ipse
1991 1752 2150 1809 Deus
2189 1751 2512 1809 missaticus
2534 1753 2798 1827 jumento
2827 1762 2958 1811 ante

548 1829 737 1907 ipsum
755 1830 1001 1903 vehitur,
1017 1832 1330 1890 exC'aerem.
1345 1832 1447 1889 lib.
1462 1832 1517 1905 i.,
1533 1830 1671 1889 dum
1689 1831 1812 1907 ipse
1832 1831 2086 1889 humeris
2104 1831 2422 1907 principum
2437 1832 2698 1889 sublimis
2710 1832 2959 1892 effertur.

632 1910 881 1969 XXVI.
926 1911 1145 1969 Verum
1174 1912 1299 1969 haec
1340 1912 1496 1969 levia
1540 1919 1676 1969 sunt
1725 1929 1842 1987 prae
1887 1911 2172 1987 superbia,
2217 1931 2333 1987 qua
2381 1932 2442 1970 se
2489 1912 2638 1988 gerit
2678 1931 2780 1988 pro
2811 1913 2955 1990 Dec,

550 1990 756 2049 sedens
812 1990 1118 2067 intemplo
1149 1990 1258 2049 Dei
1286 1999 1352 2049 ut
1382 1992 1559 2065 DeuS,
1592 1999 1649 2049 et
1694 1998 1990 2049 ostentans
2039 2011 2098 2048 se
2149 2010 2275 2049 esse
2325 1992 2529 2050 Deum.
2616 1992 2780 2051 Licet
2807 1994 2961 2052 enim

550 2070 653 2129 vix
682 2071 956 2129 credibile
980 2072 1056 2129 sit
1084 2071 1209 2128 dari
1238 2090 1405 2147 posse
1428 2072 1737 2145 hominem,
1769 2071 1870 2147 qui
1918 2090 1987 2129 eo
2033 2091 2217 2147 usque
2239 2070 2543 2129 dementiae
2573 2073 2861 2148 procedat,
2896 2083 2961 2134 ut

548 2170 611 2209 se
640 2159 803 2229 gerat
830 2172 933 2229 pro
966 2152 1108 2226 De0,
1134 2159 1193 2209 et
1220 2171 1431 2209 nomeu
1459 2159 1518 2209 et
1554 2150 1953 2209 auctoritatem
1989 2151 2097 2209 Dei
2145 2159 2318 2227 atque
2362 2152 2636 2209 honorem
2666 2152 2776 2211 sibi
2804 2174 2958 2212 arro-

548 2240 663 2307 get,
708 2232 979 2290 inventus
1028 2240 1222 2289 tamen
1271 2240 1375 2305 est,
1408 2232 1506 2308 qui
1536 2239 1595 2290 et
1624 2231 1854 2290 nomine
1904 2240 1962 2289 et
1991 2252 2052 2289 re
2082 2251 2142 2289 se
2171 2250 2274 2307 pro
2323 2232 2449 2290 Deo
2479 2232 2644 2308 gerit,
2677 2242 2960 2308 quatenus

547 2310 1043 2370 denominationes
1072 2312 1180 2369 soli
1211 2312 1338 2369 Deo
1367 2312 1644 2389 propriaS,
1665 2319 1723 2369 et
1751 2312 1997 2369 honores
2019 2310 2262 2385 debitos,
2277 2332 2391 2369 non
2414 2320 2636 2371 tantum
2655 2313 2831 2371 tribui
2849 2314 2962 2373 sibi

546 2391 842 2467 permittit,
876 2390 980 2449 sed
1002 2399 1059 2449 et
1086 2392 1347 2467 imperat.
1434 2392 1511 2450 Et
1538 2392 1613 2449 ad
1641 2391 1876 2449 nomina
1901 2390 2134 2468 quidem
2165 2391 2320 2468 quod
2361 2392 2582 2465 attinet,
2615 2394 2816 2469 negari
2841 2414 2960 2452 non

544 2478 751 2547 potest,
783 2470 999 2547 passim
1042 2471 1102 2528 in
1153 2471 1583 2530 Pontificiorum
1633 2471 1862 2547 scriptis
1913 2472 2130 2548 Papam
2191 2474 2378 2530 Deum
2426 2473 2637 2544 vocari,
2683 2482 2746 2531 ut
2789 2494 2962 2551 supra

538 2548 662 2627 jam
694 2550 883 2608 visum
917 2551 1145 2627 Disput.
1198 2552 1318 2609 ΙΙΙ.
1404 2552 1616 2610 Glossa
1665 2551 1830 2610 Juris
1881 2551 2153 2609 Canonici
2185 2552 2350 2610 Extr.
2382 2553 2555 2611 Joan.
2601 2552 2826 2611 XXII.
2856 2574 2958 2612 ex-

543 2650 740 2707 presse
772 2632 995 2705 Papam
1045 2632 1353 2689 Dominum
1397 2633 1584 2689 Deum
1614 2641 1864 2689 nostrum
1909 2640 2094 2691 vocat.
2141 2632 2415 2690 Nicolaus
2447 2633 2622 2709 Papa,
2653 2642 2781 2692 uta
2809 2634 2958 2693 Gra-

542 2710 702 2770 tiano
731 2711 955 2785 citatur,
993 2711 1141 2771 Dist.
1167 2714 1262 2779 69,
1288 2731 1411 2788 cap.
1436 2715 1491 2786 7,
1518 2714 1552 2743 “
1570 2712 1724 2770 Satis
1753 2711 2051 2770 evidenter
2072 2712 2407 2787 ostenditur,
2441 2733 2474 2770 a
2503 2713 2747 2772 seculari
2768 2726 2959 2791 potes·

546 2800 663 2849 tate
692 2811 798 2849 nec
836 2792 1007 2869 ligari
1034 2812 1285 2868 prorsuS,
1316 2812 1425 2850 nec
1454 2792 1603 2850 solvi
1646 2812 1814 2869 posse
1869 2791 2224 2865 Pontificem,
2257 2812 2386 2849 cum
2435 2812 2542 2851 nec
2573 2794 2762 2851 Deum
2790 2814 2960 2871 posse

544 2871 617 2930 ab
648 2872 978 2931 hominibus
1016 2872 1269 2949 judicari
1318 2871 1684 2931 manifestum
1725 2873 1858 2931 sit.'’
1939 2872 2226 2949 StapletO.
2256 2872 2317 2928 in
2349 2872 2574 2931 Praefat.
2607 2873 2682 2931 ad
2713 2875 2956 2951 Gregor.

624 2952 815 3011 XIII.
850 2952 1101 3030 Princip.
1125 2953 1405 3026 Doctrin.,
1432 2956 1466 2985 ‘⁶
1483 2953 1700 3029 Papam
1719 2954 2014 3029 optimum,
2040 2952 2374 3026 maximum,
2397 2960 2454 3011 et
2477 2972 2802 3030 supremum
2835 2954 2890 3012 N
2893 2976 2956 3013 u-

542 3052 675 3090 men
716 3034 773 3090 in
828 3034 997 3092 terris
1026 3034 1341 3092 nominat.''
1390 3034 1455 3091 P.
1488 3033 1698 3091 Blond.
1727 3033 1766 3090 l.
1799 3036 1855 3091 3.
1902 3033 2102 3091 Romae
2131 3033 2480 3105 instauratae,
2515 3034 2776 3092 “Omnes
2801 3035 2956 3111 prin-

541 3113 699 3187 cipes
728 3113 883 3171 orbis
912 3115 1249 3188 terrarum,”
1280 3114 1485 3190 inquit,
1522 3117 1557 3145 “
1582 3112 1920 3171 Pontificem
1951 3121 2015 3171 ut
2044 3114 2232 3170 Deum
2277 3132 2559 3170 summum
2590 3114 2875 3175 honorant
2902 3124 2962 3174 et

542 3192 800 3249 colunt.''
890 3192 1061 3250 Unde
1090 3192 1245 3269 apud
1275 3192 1617 3251 Canonistas
1645 3193 1860 3267 passim
1887 3192 2051 3269 legas
2079 3212 2254 3250 voces
2282 3192 2424 3250 istas
2453 3192 2694 3269 impias:
2741 3194 2959 3269 “Quod

544 3269 830 3328 sententia
887 3271 1061 3346 Papae
1090 3282 1149 3329 et
1204 3272 1489 3329 sententia
1519 3272 1632 3329 Dei
1661 3272 1736 3329 sit
1755 3291 1872 3329 una
1893 3272 2194 3346 sententia,
2225 3292 2518 3349 unumque
2540 3273 2794 3333 tribunal
2811 3275 2962 3334 inter

547 3349 737 3405 Deum
766 3357 825 3406 et
856 3349 1091 3425 Papam.
1167 3350 1335 3424 Quod
1362 3350 1523 3408 nulla
1551 3350 1735 3427 possit
1779 3370 1904 3408 esse
1949 3350 2022 3408 ab
2051 3370 2120 3409 eo
2147 3352 2222 3409 ad
2249 3352 2436 3411 Deum
2465 3354 2791 3431 appellatiO,
2823 3356 2961 3432 quia

542 3446 659 3485 una
686 3427 762 3485 sit
790 3428 949 3485 curia
979 3430 1088 3487 Dei
1117 3437 1175 3488 et
1206 3430 1395 3506 Papae,
1428 3430 1565 3506 quia
1595 3429 1866 3488 Pontifex
1894 3439 2168 3507 tanquam
2199 3432 2359 3491 Deus
2381 3432 2623 3509 judicat,
2655 3433 2786 3493 ideo
2813 3436 2961 3493 nihil

542 3516 743 3565 contra
791 3508 917 3585 ejus
966 3510 1309 3569 sententiam
1356 3510 1569 3586 opponi
1639 3509 1878 3586 possit.”
1982 3510 2297 3587 Augustin.
2349 3512 2604 3588 Triump.
2651 3524 2852 3589 quoest.
2901 3518 2956 3590 6,

545 3591 572 3645 1
604 3610 617 3661 ;
650 3588 842 3646 Tibcr.
866 3588 1027 3646 Deci.
1052 3590 1167 3648 vol.
1190 3594 1244 3662 3,
1270 3610 1495 3667 respon.
1522 3593 1612 3664 14,
1635 3609 1853 3648 numer.
1875 3593 1978 3666 573
2012 3591 2281 3650 Menoch.
2313 3612 2468 3650 conS.
2501 3596 2827 3664 51‚numer.
2864 3598 2956 3670 13,

541 3672 577 3700 ‘⁶
601 3668 769 3743 Quod
826 3668 1081 3726 divinam
1136 3669 1347 3729 habeat
1399 3670 1761 3748 dignitatem.
1846 3670 2030 3745 Quod,
2078 3671 2354 3749 quicquid
2409 3673 2506 3731 vel
2543 3674 2823 3751 approbat
2866 3677 2962 3735 vel

537 3749 823 3826 reprobat,
898 3748 959 3805 id
1014 3769 1213 3809 omnes
1267 3751 1363 3809 vel
1427 3751 1744 3828 approbare
1797 3751 1896 3810 vel
1962 3751 2267 3828 reprobare
2343 3752 2649 3813 debeant.”
2763 3754 2958 3815 Gloss.

540 3829 674 3888 dist.
709 3832 801 3904 19,
850 3828 1067 3903 “Quod
1114 3850 1281 3889 nemo
1325 3830 1379 3889 ei
1424 3831 1634 3890 debeat
1682 3832 1888 3906 dicere,
1940 3830 2081 3908 quid
2134 3832 2324 3891 facis?
2367 3833 2592 3891 etiamsi
2633 3834 2956 3893 innumera-

538 3910 687 3969 biles
714 3909 960 3987 populos
981 3930 1097 3968 una
1116 3930 1309 3969 secum
1332 3911 1391 3968 in
1412 3910 1698 3969 infernum
1715 3911 2040 3989 praecipites
2057 3911 2365 3970 adducat.'’
2413 3914 2564 3971 Dist.
2595 3917 2690 3987 40,
2740 3914 2960 3988 “Quod

539 4009 740 4049 omnes
768 3989 1040 4049 mortales
1063 3990 1173 4049 sibi
1199 3990 1411 4050 habeat
1440 3990 1720 4066 subditos,
1752 3992 2052 4068 omnisque
2080 3992 2134 4049 ei
2163 3992 2348 4050 subsit
2367 3992 2618 4051 humana
2637 3996 2956 4052 creatura.''

540 4070 746 4130 Extra.
776 4070 849 4129 de
880 4072 1091 4147 Major.
1124 4070 1187 4130 C.
1220 4070 1413 4130 Unam
1469 4079 1745 4145 sanctam,
1797 4079 1857 4130 et
1903 4072 2202 4129 innumera
2251 4071 2310 4129 id
2357 4091 2559 4148 genuS,
2591 4093 2719 4149 quae
2747 4074 2959 4134 referre

537 4151 779 4229 longum
808 4151 981 4209 nimis
1009 4150 1173 4210 foret.
1258 4151 1382 4211 Nec
1410 4151 1485 4210 ad
1512 4152 1876 4210 excusandas
1899 4150 2104 4228 impias
2133 4152 2274 4210 istas
2295 4152 2681 4229 blasphemias
2709 4154 2824 4212 diei
2852 4174 2954 4231 po-

538 4240 669 4307 test,
694 4252 822 4291 esse
851 4232 1128 4291 oratorias
1156 4241 1255 4291 aut
1281 4232 1664 4310 panegyricas
1694 4237 1994 4312 §mes-m,
2026 4252 2156 4308 quae
2182 4251 2288 4307 pro
2305 4230 2675 4309 dogmatibus
2701 4253 2817 4291 non
2841 4234 2959 4293 sint

541 4313 851 4373 sumendae.
938 4312 1087 4371 Nam
1116 4320 1497 4389 praeterquam
1527 4311 1683 4388 quod
1713 4313 1838 4370 istae
1887 4333 1921 4371 a
1969 4311 2302 4371 doctoribus
2347 4312 2596 4371 maxime
2625 4314 2958 4389 approbatis

540 4400 675 4449 sunt
728 4392 1013 4469 profectae,
1046 4402 1105 4452 et
1158 4394 1413 4470 ipsorum
1442 4392 1718 4467 conciliiS,
1762 4392 1882 4470 juri
1932 4392 2224 4465 canonico,
2267 4400 2323 4449 et
2351 4392 2514 4450 libris
2542 4393 2842 4451 usualibus
2871 4394 2958 4451 in-

540 4477 725 4542 sertae,
756 4472 885 4546 quis
928 4473 1129 4548 nescit,
1181 4474 1318 4532 talia
1346 4472 1537 4551 elogia
1567 4473 1742 4551 Papis
1769 4473 1986 4531 tributa
2012 4472 2189 4531 fuisse
2217 4472 2291 4529 ab
2319 4491 2516 4530 eorum
2543 4472 2958 4548 adulatoribus,

539 4548 657 4607 illis
686 4568 801 4605 non
830 4550 1000 4608 modo
1030 4572 1144 4609 non
1172 4554 1371 4611 invitis
1400 4564 1459 4612 et
1485 4553 1904 4627 recusantibus,
1937 4552 2042 4611 sed
2069 4552 2537 4629 approbantibu5‚
2569 4574 2676 4611 nec
2705 4574 2960 4631 unquam

538 4649 607 4689 ea
626 4648 855 4687 curasse
872 4636 1143 4706 tanquam
1174 4632 1509 4709 blasphema
1536 4643 1595 4692 et
1623 4634 1853 4693 Christo
1881 4632 2299 4692 contumeliosa
2315 4654 2386 4690 cx
2417 4632 2580 4693 libris
2611 4634 2730 4691 suis
2759 4633 2956 4707 deleri,
