3234 5192
556 334 633 394 66
1211 352 1289 392 »Β
1319 351 1682 393 ΝεοεεεΑιιιΑ
1713 352 2060 394 sacassmna
2584 336 2844 419 [Disrur.
2876 360 2965 399 111.
3067 400 3074 408 ,

558 496 619 554 in
650 516 794 573 pane
822 496 1114 571 latentem,
1146 494 1249 554 sed
1276 502 1341 554 ut
1369 496 1428 553 in
1467 495 1613 553 eoelo
1643 494 1956 554 sedentem.
2041 495 2183 570 Qnae
2212 496 2422 571 omnia,
2453 518 2526 558 ne
2555 499 2797 559 ulterius
2827 500 2969 577 quid

557 576 854 651 addamm,
888 576 1027 635 satis
1057 596 1339 653 superque
1367 575 1593 649 docent,
1618 595 1916 651 perperam
1937 576 2105 634 nobis
2135 576 2367 653 imponi,
2400 579 2557 653 quod
2587 600 2717 637 cum
2749 582 2965 639 Luthe·

556 657 713 715 ranis
742 658 1179 734 syncretismum
1212 656 1353 714 inire
1392 676 1508 713 non
1557 675 1903 730 recusemus,
1961 656 2210 715 nolimus
2265 676 2403 715 vero
2434 679 2564 717 cum
2623 660 2961 735 Pontifieiis,

558 758 687 797 cum
718 746 835 795 tam
864 736 1233 795 memorabile
1263 736 1413 794 inter
1438 747 1713 811 utrosque
1743 734 2049 792 discrimen
2079 736 2412 795 intercedat.

642 818 891 875 XXVI.
937 816 1133 891 Atque
1161 816 1243 874 ita
1270 816 1497 874 executi
1539 834 1736 873 sumus
1763 815 1935 891 paulo
1980 814 2179 890 fusiuS,
2211 836 2340 892 quae
2383 818 2746 895 pertinebant
2773 820 2849 877 ad
2878 840 2965 878 sa·

558 898 833 957 eramenti
862 896 1271 954 adorationem.
1340 896 1612 971 Sequitur
1632 895 1753 970 jam
1788 894 1986 953 Crucis
2013 896 2218 971 cultus,
2251 896 2349 972 qui
2379 899 2743 973 paucioribus
2772 900 2968 958 verbis

558 998 593 1037 a
620 978 789 1035 nobis
818 977 1166 1034 absolvetur.
1253 976 1341 1033 De
1368 976 1549 1034 Cruce
1590 982 1782 1032 autem
1824 974 1918 1032 hic
1959 994 2133 1051 quum
2177 976 2482 1053 loquimur,
2529 999 2644 1036 non
2687 980 2966 1037 sumimus

559 1078 703 1131 eam,
734 1057 829 1114 vel
859 1057 1212 1131 metonymice
1238 1076 1341 1131 pro
1365 1054 1579 1112 Christi
1605 1054 1870 1132 passione
1899 1063 1957 1112 et
1980 1055 2207 1113 Christo
2236 1058 2530 1129 crucifixo,
2563 1079 2677 1135 quo
2706 1079 2894 1132 sensu,
2932 1062 2961 1116 1

559 1139 689 1197 Cor.
723 1137 758 1193 i.
790 1140 880 1212 18,
912 1137 1278 1211 evangelium
1333 1134 1543 1192 dicitur
1567 1155 1750 1191 sermo
1783 1134 1996 1209 Gracia,
2021 1134 2083 1191 id
2111 1144 2215 1210 est,
2247 1136 2318 1194 de
2344 1138 2572 1196 Christo
2602 1140 2892 1214 crucifixo,
2930 1142 2956 1196 1

560 1218 690 1276 Cor.
715 1216 773 1275 ii.
795 1221 850 1292 2,
865 1225 923 1276 et
944 1216 1083 1274 alibi
1098 1236 1213 1273 non
1233 1214 1360 1273 vult
1382 1214 1613 1291 gloriari
1636 1214 1852 1272 Paulus
1873 1215 1984 1271 nisi
2003 1215 2060 1271 in
2080 1236 2241 1274 cruce
2267 1216 2491 1291 Christi,
2509 1219 2640 1277 Gal.
2665 1220 2761 1293 vi„
2783 1219 2960 1293 idest,

558 1298 619 1355 in
648 1298 772 1375 ejus
802 1306 983 1356 morte
1013 1305 1070 1354 et
1100 1294 1369 1373 passione
1394 1317 1408 1370 ;
1454 1298 1509 1352 2.
1540 1315 1643 1370 pro
1671 1295 1873 1351 mortis
1903 1295 2116 1353 Christi
2145 1296 2569 1372 praedicatione,
2600 1307 2666 1357 ut
2699 1302 2727 1355 1
2763 1300 2890 1358 Cor.
2919 1299 2958 1355 i.

564 1382 655 1453 17,
688 1399 756 1436 ne
778 1377 947 1435 irrita
974 1379 1253 1434 reddatur
1280 1395 1425 1433 crux
1456 1375 1682 1449 Christi,
1715 1384 1772 1432 et
1821 1374 1955 1433 Gal.
2001 1375 2079 1432 vi.
2116 1379 2207 1450 12,
2258 1396 2330 1434 ne
2360 1378 2434 1435 ob
2484 1399 2701 1436 crucem
2734 1378 2956 1451 Christi,

564 1458 619 1515 id
649 1467 752 1533 est,
786 1457 1191 1533 Evangelium,
1222 1455 1378 1531 quod
1408 1474 1632 1512 crucem
1669 1453 1884 1512 Christi
1924 1454 2216 1532 praedicat,
2257 1458 2711 1533 persecutionem
2739 1459 2962 1533 patian-

558 1548 668 1597 tur.
754 1538 807 1595 N
812 1558 876 1595 ec
905 1558 1031 1595 eam
1061 1556 1401 1611 usurpamus
1430 1535 1754 1610 improprie,
1786 1553 1901 1609 quo
1923 1534 2094 1592 modo
2117 1536 2451 1595 afflictiones
2473 1537 2728 1595 fidelium
2750 1557 2960 1595 vocan-

556 1628 655 1676 tur
680 1638 885 1690 eruceri,
911 1617 1049 1693 quia
1077 1617 1158 1673 ita
1188 1615 1415 1673 Christo
1458 1614 1732 1671 crucifixo
1776 1614 2096 1673 conformes
2124 1615 2288 1691 finnt,
2328 1617 2534 1674 Matth.
2566 1638 2625 1674 x.
2658 1619 2752 1674 38.
2842 1617 2960 1675 Sed

547 1700 790 1775 proprie
818 1717 921 1773 pro
964 1697 1342 1753 instrumento
1377 1694 1706 1763 Dominicae
1746 1694 2046 1769 passionis,
2091 1705 2214 1753 tum
2251 1716 2354 1773 pro
2394 1697 2554 1771 ligno
2595 1696 2713 1769 illo,
2758 1695 2818 1753 in
2845 1716 2962 1773 quo

559 1777 766 1835 affixus
794 1776 903 1834 fuit
954 1775 1235 1847 Salvator,
1287 1784 1409 1833 tum
1438 1793 1541 1850 pro
1589 1774 1840 1848 imagine
1871 1775 1996 1850 ejus
2047 1776 2169 1833 sive
2213 1777 2368 1852 picta
2413 1777 2534 1834 sive
2564 1776 2805 1851 sculpta.
2889 1778 2963 1834 In

556 1858 733 1933 hujus
755 1865 947 1913 autem
974 1855 1341 1914 veneratione
1365 1854 1549 1913 crucis
1576 1853 1936 1912 manifestam
1956 1855 2346 1932 pertendimus
2375 1876 2410 1913 a
2441 1856 2756 1914 Pontificiis
2811 1876 2964 1914 com-

558 1937 711 1995 mitti
757 1935 1162 1994 idololatriam.
1251 1933 1547 2011 Siquidem
1574 1941 1805 2009 recepta
1832 1944 1920 1993 est
1941 1935 2094 2012 apud
2122 1936 2279 2011 ipsos
2299 1936 2598 2011 sententia,
2631 1937 2816 1993 latrice
2844 1937 2965 1995 cul·

558 2027 700 2091 tum,
732 2016 829 2093 qui
860 2017 967 2074 soli
999 2016 1125 2073 Deo
1147 2015 1403 2089 debetur,
1426 2008 1579 2071 cruci
1618 2015 1856 2090 ejusque
1879 2015 2115 2090 imagini
2134 2015 2524 2074 exhibendum
2547 2036 2690 2089 esse,
2713 2016 2966 2074 Thomas

560 2118 615 2175 p.
650 2100 703 2155 3.
736 2116 791 2174 q.
823 2100 918 2155 25.
949 2104 1055 2155 art.
1088 2100 1141 2170 4,
1190 2098 1226 2129 “
1253 2096 1314 2154 Si
1356 2095 1662 2171 loquamur
1689 2094 1760 2151 de
1793 2094 1916 2169 ipsa
1945 2115 2130 2169 cruce,
2173 2095 2233 2151 in
2261 2116 2376 2171 qua
2405 2096 2668 2154 Christus
2697 2096 2962 2154 crucifix-

558 2198 628 2237 us
657 2186 760 2251 est,
807 2187 1049 2253 utroque
1092 2176 1263 2234 modo
1292 2184 1381 2233 est
1408 2195 1443 2231 a
1470 2174 1638 2231 nobis
1679 2174 2023 2247 veneranda,
2069 2194 2184 2233 uno
2214 2175 2433 2233 seilicet
2474 2175 2664 2249 mod0,
2695 2175 2753 2233 in
2783 2195 2961 2253 quan-

556 2266 681 2317 tum
709 2264 1082 2333 repraesentat
1110 2256 1277 2314 nobis
1305 2255 1547 2330 figuram
1571 2252 1784 2311 Christi
1806 2254 2026 2314 extenti
2055 2254 2115 2311 in
2137 2274 2222 2329 ea,
2253 2255 2369 2312 alio
2397 2255 2569 2313 modo
2597 2276 2674 2313 ex
2695 2265 2964 2315 contactu

558 2338 634 2396 ad
662 2338 918 2395 membra
947 2336 1177 2409 Christi,
1209 2344 1267 2393 et
1306 2334 1417 2392 hoc
1445 2333 1601 2409 quod
1643 2335 1768 2410 ejus
1812 2335 2090 2410 sanguine
2133 2344 2222 2393 est
2249 2334 2494 2411 perfusa,
2519 2335 2671 2393 unde
2720 2345 2964 2411 utroque

557 2418 731 2475 modo
760 2416 1031 2475 adoratur
1058 2414 1258 2472 eadem
1300 2413 1632 2471 adoratione
1689 2434 1816 2471 cum
1858 2414 2104 2489 Christo,
2151 2415 2370 2473 scilicet
2398 2414 2728 2473 adoratione
2758 2415 2960 2490 latriae,

559 2507 617 2555 et
644 2505 875 2573 propter
896 2496 1007 2552 hoc
1036 2514 1260 2552 crucem
1306 2492 1667 2569 alloquimur,
1713 2500 1768 2551 et
1798 2492 2170 2569 deprecamur
2196 2496 2360 2571 quasi
2389 2495 2577 2571 ipsum
2607 2495 2961 2552 crucifixum.

565 2576 628 2635 Si
658 2596 794 2633 vero
822 2575 1124 2650 loquamur
1152 2572 1223 2631 de
1266 2572 1454 2648 effigie
1484 2573 1670 2630 erucis
1687 2572 1911 2631 Christi
1940 2573 2000 2631 in
2028 2594 2368 2652 quacunque
2399 2575 2512 2632 alia
2539 2575 2792 2649 materia,
2825 2583 2966 2651 puta

558 2655 769 2731 lapidis
798 2653 894 2713 vel
919 2653 1083 2729 ligni,
1116 2652 1341 2729 argenti
1368 2652 1463 2709 vel
1513 2652 1654 2725 auri,
1713 2652 1795 2710 sic
1840 2674 2182 2712 veneramur
2209 2675 2433 2713 crucem
2466 2662 2686 2713 tantum
2729 2664 2794 2713 ut
2821 2655 2964 2712 ima-

560 2736 755 2813 ginem
806 2734 1036 2806 Christi,
1095 2752 1266 2809 quem
1322 2751 1663 2790 veneramur
1709 2732 2040 2791 adoratione
2085 2734 2327 2793 latriae.'’
2413 2734 2513 2792 Ad
2569 2735 2804 2793 Thomae
2835 2754 2964 2792 sen·

558 2816 798 2875 tentiam
854 2813 1135 2872 accedunt
1175 2811 1432 2889 plerique
1493 2812 1852 2871 Scholastici.
1883 2816 2213 2890 Bonavent„
2260 2823 2427 2874 aetate
2468 2834 2680 2892 suppar
2707 2815 2961 2887 Thomas,

555 2896 713 2955 idem
756 2894 959 2953 iisdem
1006 2893 1324 2952 rationibus
1368 2892 1572 2969 probat
1619 2892 1680 2950 in
1737 2895 1773 2951 3
1825 2902 1969 2952 sent.
2022 2894 2153 2953 dist.
2203 2897 2257 2953 9.
2309 2915 2364 2971 q.
2407 2898 2443 2951 4
2468 2917 2482 2970 ;
2543 2896 2706 2952 Alex.
2751 2896 2959 2965 Alerta,

560 2977 987 3035 Bonaventurae
1006 2982 1337 3051 praeceptor,
1360 2994 1414 3050 p.
1439 2976 1493 3033 3.
1518 2993 1574 3049 q.
1600 2974 1813 3049 33Biel
1829 2974 1890 3031 in
1913 2994 2080 3051 expo,
2107 2975 2272 3033 Miss.
2297 2984 2434 3033 sect.
2460 2976 2555 3050 49,
2571 2978 2677 3048 5ος
2699 2975 2962 3031 Andrad.

558 3057 596 3115 i.
628 3060 683 3131 9,
716 3076 818 3134 pro
849 3056 1022 3114 Cone.
1054 3054 1233 3129 Trid.‚
1265 3054 1437 3112 etalii
1467 3053 1677 3132 plures,
1698 3072 1844 3129 quos
1873 3054 2006 3111 vide
2037 3055 2242 3113 citatos
2272 3054 2427 3132 apud
2457 3054 2687 3112 Valent.
2719 3054 2882 3111 Tom.
2905 3056 2962 3110 4.

559 3135 708 3212 disp.
744 3140 794 3192 1.
826 3155 882 3210 q.
913 3138 1009 3191 ⁶24.
1044 3134 1215 3193 Unde
1244 3134 1528 3211 VasqueS,
1559 3133 1622 3190 in
1651 3136 1685 3191 3
1717 3133 1860 3191 Tho.
1892 3134 2106 3212 disput.
2152 3138 2206 3193 3.
2248 3155 2296 3193 c.
2328 3139 2382 3210 2,
2428 3133 2569 3192 dicit
2608 3134 2964 3192 Catholicam

557 3214 732 3271 fidem
762 3222 820 3271 et
864 3213 1183 3269 doctrinam
1212 3232 1355 3287 esse,
1381 3212 1536 3289 quod
1567 3214 1602 3245 “
1622 3232 1736 3270 non
1756 3213 1940 3271 solum
1971 3233 2112 3271 crux
2141 3213 2259 3288 illa,
2292 3214 2348 3270 in
2380 3233 2494 3289 qua
2523 3213 2788 3271 Christus
2816 3231 2963 3271 mor-

560 3301 696 3351 tuus
738 3300 842 3364 est,
889 3291 991 3347 scd
1033 3299 1091 3348 et
1141 3311 1497 3366 quaecunque
1540 3291 1726 3348 crucis
1767 3292 1969 3367 figura,
2014 3292 2109 3349 vel
2167 3291 2224 3349 in
2279 3291 2520 3350 materia
2565 3300 2968 3365 permanenter

562 3370 802 3446 sculpta,
834 3379 935 3427 aut
962 3368 1206 3445 depicta,
1239 3369 1334 3426 vel
1375 3368 1436 3425 in
1464 3376 1611 3443 aere,
1657 3377 1757 3426 aut
1811 3389 2001 3443 manu,
2047 3378 2146 3427 aut
2174 3370 2373 3445 digitis
2401 3388 2692 3446 expressa,
2724 3390 2964 3431 exoscu-

559 3449 733 3508 landa
761 3458 818 3507 et
847 3448 1140 3506 adoranda
1155 3450 1303 3506 est.'’

645 3528 929 3587 XXVII.
976 3528 1098 3586 Nec
1120 3528 1233 3585 alia
1262 3535 1350 3586 est
1376 3526 1573 3605 praxis
1614 3526 1918 3585 ordinaria.
1963 3526 2194 3586 Cultum
2236 3528 2448 3605 quippe
2489 3528 2672 3587 latriae
2701 3530 2810 3587 soli
2841 3530 2967 3588 Deo

560 3611 820 3669 debitum
874 3616 993 3666 tam
1035 3608 1321 3667 internum
1364 3627 1536 3685 quam
1579 3614 1880 3665 externum
1922 3608 2006 3665 illi
2062 3606 2338 3683 tribuunt,
2391 3610 2663 3667 internum
2715 3609 2964 3687 quidem,

562 3692 699 3768 quia
728 3710 887 3768 spem
916 3688 1119 3746 salutis
1148 3688 1207 3744 in
1245 3708 1313 3746 ca
1338 3695 1558 3765 ponunt
1581 3710 1595 3763 3
1643 3696 1700 3745 et
1727 3686 1979 3747 Thomas
2017 3687 2149 3747 inde
2177 3690 2384 3766 probat
2412 3690 2626 3747 cultum
2655 3689 2838 3748 latriae
2868 3689 2966 3747 de-

560 3771 686 3831 beri
715 3769 887 3845 cruci,
919 3767 1191 3845 quoniam
1220 3767 1280 3825 in
1307 3767 1409 3825 illa
1436 3766 1639 3826 salutis
1659 3787 1817 3845 spem
1846 3776 2084 3844 ponunt,
2140 3771 2176 3801 “
2196 3769 2352 3844 Illi,'’
2385 3769 2586 3845 inquit,
2608 3790 2662 3846 p.
2696 3773 2751 3827 3.
2781 3789 2836 3845 q.
2869 3772 2966 3827 25.

563 3860 669 3910 art.
691 3854 745 3926 4,
782 3852 816 3881 ‘⁴
840 3848 1181 3907 exhibemus
1200 3848 1385 3907 latriae
1404 3847 1638 3921 cultum,
1665 3848 1723 3905 in
1747 3867 1860 3925 quo
1878 3848 2142 3925 ponimus
2162 3868 2321 3927 spem
2345 3850 2563 3922 salutis,
2591 3849 2692 3907 sed
2711 3849 2770 3906 in
2799 3868 2966 3906 cruce

565 3930 778 3989 Christi
819 3928 1087 4006 ponimus
1130 3948 1289 4006 spem
1332 3927 1551 4003 salutiS,
1597 3937 1792 3987 cantat
1833 3929 1984 3987 enim
2016 3928 2278 3988 Ecclesia
2325 3929 2628 3987 Dominica
2684 3927 2966 4005 passionis

566 4010 801 4070 Domini
830 4010 889 4066 in
917 4009 1151 4085 hymn0,
1205 4010 1254 4067 Ο
1282 4028 1443 4081 crux,
1488 4028 1606 4081 ave,
1647 4029 1771 4084 spes
1811 4010 1993 4085 unica,
2029 4010 2116 4083 E„
2149 4030 2289 4068 crux
2321 4010 2531 4068 Christi
2567 4006 2860 4079 adoranda
2881 4016 2970 4066 est

563 4090 897 4150 adoratione
924 4088 1167 4147 latriae.'’
1253 4088 1341 4145 Ne
1370 4096 1578 4162 autem,
1610 4088 1767 4163 quod
1797 4089 2030 4165 quidam
2059 4088 2152 4146 hie
2181 4090 2495 4167 excipiunt,
2527 4090 2652 4147 haec
2689 4086 2868 4145 verba
2895 4086 2969 4145 de

566 4170 857 4230 Crucifixo
886 4168 1271 4245 metonymice
1299 4167 1678 4243 intelligenda
1698 4176 1982 4244 putemuS,
2002 4188 2118 4225 non
2145 4188 2283 4227 vero
2314 4170 2385 4228 de
2415 4169 2540 4245 ipsa
2569 4186 2753 4240 cruce,
2785 4165 2970 4223 mani-

564 4248 773 4308 festum
802 4258 891 4308 est
920 4268 995 4307 ex
1022 4248 1248 4325 integro
1274 4247 1511 4323 hymnO,
1564 4256 1622 4305 et
1649 4246 1966 4323 praesertim
2005 4267 2078 4304 ex
2106 4248 2301 4306 verbis
2348 4246 2822 4326 praecedentibus,
2848 4246 2972 4305 haee

564 4329 797 4386 nonnisi
814 4328 887 4387 ad
909 4329 1094 4403 ipsum
1118 4329 1343 4405 lignum
1372 4326 1557 4384 crucis
1578 4325 1751 4402 dirigi
1774 4346 1960 4403 posse,
1983 4326 2066 4385 sie
2087 4328 2238 4385 enim
2256 4328 2472 4387 habent
2499 4328 2558 4385 in
2587 4326 2781 4385 Brevi.
2801 4326 2970 4385 Rom.

566 4407 819 4472 Domini.
854 4408 1069 4468 Passio.

1325 4566 1518 4623 Arbor
1545 4566 1752 4623 decora
1781 4574 1834 4623 et
1859 4567 2109 4642 fidqida,

1336 4646 1557 4704 Ornata
1584 4646 1731 4721 reyis
1747 4666 2035 4722 purpura,
