3234 5192
508 246 625 306 512
1116 261 1195 302 nn
1224 260 1718 304 sArisrAcrroms
1745 260 1990 321 camsi-1
2018 259 2334 302 vsmrnr..
2533 241 2794 324 [DISPUT.
2827 262 2924 305 xv.

504 403 785 472 innuunt,
812 402 957 459 istos
982 402 1293 477 pertulisse
1322 421 1526 461 omnes
1553 420 1759 479 poenas
1775 401 2007 461 debitas
2033 402 2350 460 sceleribus
2376 406 2616 476 patrum
2643 421 2915 475 suorum,

505 488 615 538 aut
640 480 891 538 minima
910 481 1094 538 etiam
1114 499 1188 538 ex
1215 487 1383 555 parte
1406 480 1536 539 Deo
1564 499 1674 557 pro
1691 487 1932 555 patrum
1959 479 2377 555 iniquitatibus
2398 480 2744 538 satisfecisse
2767 502 2782 550 ;
2811 486 2919 540 sed

506 559 813 616 occasione
840 565 1081 616 tantum
1107 558 1497 633 iniquitatum
1534 560 1698 634 ipsos
1727 559 1976 617 afflictos
2023 558 2219 630 fuisse,
2249 565 2310 616 et
2335 576 2411 615 ex
2437 558 2557 615 illis
2583 559 2920 634 iniquitati-

500 638 616 694 bus
636 654 757 693 non
787 638 921 693 leve
948 638 1237 694 damnum
1275 638 1353 693 ad
1380 655 1483 693 eos
1530 636 1811 707 rediisse3
1853 638 2010 693 hanc
2053 654 2236 712 porro
2263 638 2576 711 vulgarem
2623 637 2916 711 loquendi

504 714 997 773 consuetudinem
1052 733 1174 772 esse
1214 716 1577 788 pertendunt
1632 722 1700 772 ut
1739 715 1844 789 qui
1885 713 2190 771 occasione
2229 714 2616 790 iniquitatum
2657 716 2914 790 alicujus

502 792 793 867 affligitur
819 792 985 849 illius
1010 792 1355 867 iniquitates
1379 792 1642 866 perferre
1670 800 1731 850 et
1757 792 2046 850 sustinere
2093 792 2345 850 dicatur.
2432 790 2661 849 Verum
2687 793 2912 852 frustra

503 878 645 928 sunt
670 870 756 927 ita
798 872 1157 943 argutandO,
1186 888 1328 927 nam
1373 870 1513 928 licet
1537 872 1692 929 forte
1739 870 2007 944 vulgaris
2054 870 2345 945 loquendi
2385 872 2754 928 consuetudo
2802 873 2913 930 ali-

503 949 747 1023 quando
776 948 1070 1005 obtineret
1119 954 1187 1003 ut
1200 959 1449 1023 portare
1488 959 1790 1024 peccatum
1837 948 2133 1006 diceretur
2159 948 2266 1023 qui
2321 947 2624 1006 occasione
2671 956 2910 1007 tantum

499 1026 723 1102 peccati
748 1025 994 1100 patitur,
1022 1029 1177 1083 hanc
1203 1034 1405 1084 tamen
1446 1027 1790 1102 primariam
1817 1033 1878 1084 et
1907 1027 2212 1101 propriam
2257 1044 2381 1084 non
2408 1044 2531 1083 esse
2578 1028 2808 1101 phrasis
2833 1028 2910 1085 is-

500 1106 621 1163 tius
662 1104 1155 1179 significationem
1196 1104 1434 1162 diffiteri
1463 1107 1677 1180 opinor
1717 1123 1840 1161 non
1895 1106 2224 1176 audebunt,
2270 1122 2456 1180 quare
2498 1122 2643 1178 ergo
2687 1106 2907 1162 mirum

500 1183 803 1241 videbitur
828 1183 879 1239 si
926 1183 1230 1258 propriam
1272 1183 1615 1254 retinemus,
1645 1183 1904 1240 maxime
1948 1202 2086 1239 cum
2114 1190 2174 1240 et
2200 1183 2286 1240 rei
2312 1190 2530 1239 natura
2554 1190 2614 1239 et
2656 1184 2772 1241 loci
2798 1184 2908 1240 cir-

500 1262 874 1319 cumstantiae
904 1262 1191 1337 exigant?
1217 1261 1410 1335 primo
1436 1262 1738 1319 Christum
1765 1279 1887 1317 non
1916 1279 2158 1334 passum
2187 1280 2310 1319 esse
2332 1261 2778 1319 occasionaliter
2803 1264 2905 1319 sed

500 1340 829 1398 necessario
874 1348 934 1398 et
978 1338 1277 1397 meritorie
1328 1359 1439 1415 pro
1487 1341 1660 1397 nobis
1703 1338 2088 1414 probavimus
2128 1346 2336 1411 antea3
2378 1340 2592 1397 deinde
2621 1340 2909 1396 damnum

500 1420 665 1493 quod
690 1419 823 1491 quis
844 1418 1149 1475 occasione
1170 1417 1429 1493 alicujus
1448 1418 1676 1491 patitur
1695 1434 2002 1491 perperam
2015 1424 2327 1475 vocaretur
2341 1435 2517 1492 poena
2532 1417 2766 1492 proprie
2787 1417 2906 1475 dic-

498 1502 578 1565 ta,
602 1502 665 1552 at
684 1513 845 1552 mors
870 1494 1089 1554 Christi
1116 1494 1269 1564 talis,
1300 1496 1589 1569 siquidem
1616 1494 1895 1552 essct-atio
1923 1494 2156 1565 dicitur,
2175 1513 2298 1569 qua
2323 1512 2496 1569 poena
2515 1496 2710 1569 major
2736 1496 2908 1553 nulla

499 1572 629 1629 dari
658 1578 889 1646 potest;
932 1572 1159 1629 accedit
1184 1573 1361 1629 tertio
1390 1574 1553 1647 quod
1582 1573 1688 1647 qui
1716 1572 2016 1631 occasione
2058 1572 2302 1630 alterius
2329 1572 2556 1647 patitur
2598 1575 2904 1645 damnum,

496 1666 619 1705 non
649 1650 850 1706 statim
869 1649 1071 1723 expiat
1097 1649 1262 1706 illius
1289 1650 1576 1707 delictum
1596 1656 1658 1707 et
1683 1658 1929 1708 eatenus
1957 1668 2048 1706 res
2085 1650 2341 1725 proximi
2371 1651 2464 1708 sui
2499 1659 2810 1726 promovet
2839 1659 2908 1709 ut

499 1744 538 1783 a
566 1727 811 1784 miseriis
838 1734 899 1784 et
924 1733 1117 1783 morte
1137 1727 1521 1802 impendente
1549 1728 1747 1802 ipsum
1774 1728 1986 1785 liberet
2008 1748 2023 1798 ;
2067 1736 2129 1785 at
2152 1727 2423 1787 Christus
2444 1729 2754 1788 moriendo
2771 1749 2906 1805 pec-

495 1810 629 1862 cata
656 1805 857 1862 omnia
866 1812 1070 1861 nostra
1090 1805 1307 1879 expiat,
1330 1811 1391 1862 et
1416 1806 1491 1863 ab
1512 1824 1722 1863 eorum
1743 1814 1913 1863 reatu
1933 1812 1994 1863 et
2021 1806 2325 1881 suppliciis
2345 1807 2571 1878 eximit,
2591 1808 2904 1867 sanitatem

494 1882 799 1940 afferendo
816 1882 1108 1941 vibicibus
1130 1883 1269 1954 suis,
1280 1889 1340 1940 et
1356 1902 1562 1958 pacem
1582 1884 1646 1939 in
1669 1884 2081 1958 castigatione;
2108 1884 2324 1959 Itaque
2341 1886 2456 1943 dici
2475 1887 2686 1961 nequit
2710 1888 2906 1945 Chris-

494 1967 625 2018 tum
647 1961 952 2019 occasione
962 1968 1198 2019 tantum
1209 1968 1586 2037 peccatorum
1595 1968 1937 2020 nostrorum
1951 1964 2130 2019 damn
2139 1982 2240 2020 um
2251 1963 2495 2040 aliquod
2507 1982 2632 2021 esse
2640 1983 2902 2039 passum.

578 2038 826 2097 XXVI.
871 2038 936 2097 N
939 2058 1014 2097 on
1046 2040 1252 2098 favent
1278 2058 1420 2099 vero
1464 2040 1818 2100 adversariis
1863 2043 1998 2101 loca
2024 2042 2221 2114 citata,
2252 2060 2392 2100 nam
2433 2042 2494 2098 in
2529 2041 2722 2117 primo
2748 2042 2901 2099 nihil

491 2119 689 2176 obstat
739 2118 1064 2194 quominus
1084 2118 1361 2177 usitatam
1414 2119 1905 2195 significationem
1949 2122 2321 2191 retineamus,
2374 2138 2509 2178 cum
2553 2127 2780 2177 certum
2825 2120 2902 2178 sit

492 2198 783 2253 damnum
803 2198 961 2253 illud
987 2204 1257 2271 respectu
1284 2197 1549 2254 filiorum
1575 2196 1813 2255 Israelis
1832 2198 2114 2255 habuisse
2143 2198 2432 2255 rationem
2457 2214 2648 2271 poenae
2677 2216 2750 2255 ex
2777 2198 2900 2254 for-

489 2272 787 2329 nicatione
805 2280 1124 2347 parentum
1152 2274 1439 2331 divinitus
1459 2274 1601 2347 ipsis
1630 2275 1962 2348 imputata3
2005 2292 2200 2349 neque
2227 2282 2422 2331 tamen
2453 2275 2752 2331 immerito
2775 2294 2901 2332 cas-

486 2350 703 2422 tigasse
730 2366 831 2405 eos
859 2350 1089 2405 dicetur
1110 2349 1293 2419 Deus,
1341 2350 1487 2422 quia
1528 2351 1636 2407 etsi
1679 2368 1916 2424 poenam
1961 2351 2218 2407 alienam
2261 2353 2514 2420 luerent,
2561 2368 2682 2406 non
2725 2359 2896 2407 erant

488 2433 691 2484 tamen
729 2425 840 2500 ipsi
883 2443 988 2499 per
1014 2443 1075 2482 se
1118 2426 1387 2495 innoxii3
1420 2425 1496 2482 In
1538 2428 1728 2483 altero
1766 2443 1909 2483 vero
1951 2446 2070 2483 non
2095 2429 2290 2502 major
2319 2426 2442 2482 veri
2469 2426 2705 2499 specics,
2749 2444 2892 2483 nam

488 2504 743 2561 dubium
772 2521 889 2560 non
922 2509 1012 2559 est
1037 2504 1184 2578 quin
1218 2503 1507 2561 Israe'litae
1536 2522 1740 2577 poeuas
1767 2504 2065 2561 avitorum
2094 2510 2154 2561 et
2185 2511 2568 2579 paternorum
2599 2504 2890 2561 scelerum

484 2581 797 2658 portarint,
840 2580 943 2638 sed
982 2580 1069 2638 ita
1093 2588 1163 2639 ut
1200 2581 1469 2658 proprias
1496 2582 1677 2639 etiam
1715 2581 1969 2652 luerent,
1999 2588 2070 2638 ut
2109 2587 2360 2640 testatur
2379 2582 2538 2637 idem
2579 2582 2891 2656 propheta,

486 2678 608 2717 ver.
641 2659 733 2729 16,
766 2666 801 2693 “
824 2678 914 2717 vae
942 2659 1114 2716 nobis
1140 2659 1284 2735 quia
1318 2658 1691 2734 peccavimus
1711 2660 1766 2717 :’'
1812 2659 2106 2735 Agnoscit
2151 2668 2354 2717 autem
2385 2658 2636 2717 Socinus
2657 2660 2894 2735 quoties

485 2739 596 2796 fflii
623 2745 864 2813 patrum
888 2737 1143 2811 vestigia
1170 2743 1521 2814 sequuntur,
1551 2756 1673 2795 non
1722 2738 1968 2813 propria
2010 2744 2267 2809 tantum,
2298 2738 2400 2795 sed
2429 2744 2491 2794 et
2517 2746 2764 2813 paterna
2789 2739 2894 2795 de-

484 2817 631 2875 licta
656 2816 801 2891 ipsis
839 2815 1126 2891 imputari
1149 2836 1165 2887 ;
1207 2822 1389 2891 negat
1415 2823 1617 2873 tamen
1645 2818 1760 2873 hoc
1785 2816 1844 2872 in
1891 2817 2045 2885 loco,
2093 2816 2204 2874 sibi
2225 2815 2545 2886 dissimilis,
2594 2816 2895 2891 imputata

486 2896 608 2953 illis
656 2896 837 2953 fuisse
883 2901 1126 2970 peccata
1167 2902 1428 2970 patrum,
1474 2894 1626 2951 ratio
1664 2893 1996 2969 negationis
2023 2900 2113 2951 est
2158 2895 2322 2970 quod
2371 2894 2432 2951 id
2471 2912 2542 2951 eo
2569 2894 2704 2951 loco
2733 2913 2893 2951 com-

484 2991 832 3044 memorare,
863 2974 1138 3047 quamvis
1184 2974 1369 3049 paulo
1410 2972 1659 3031 inferius
1685 2971 1947 3030 fateatur
1985 2974 2282 3047 populum
2321 2990 2606 3047 peccasse,
2645 2971 2699 3029 ei
2728 2975 2891 3047 quod

483 3051 686 3107 animo
704 3050 1053 3107 intendebat
1080 3052 1122 3110 J
1124 3050 1376 3109 eremias
1403 3053 1785 3108 vehementer
1820 3052 2203 3109 adversatum
2229 3050 2454 3122 fuisset,
2506 3051 2704 3109 Deum
2731 3051 2892 3109 enim

482 3127 677 3183 verbis
702 3126 823 3182 illis
850 3128 929 3184 ad
956 3128 1425 3186 misericordiam
1446 3130 1682 3186 flectere
1707 3129 1986 3205 curabat3
2019 3128 2137 3188 Sed
2166 3128 2230 3185 in
2247 3147 2318 3186 eo
2337 3130 2600 3203 graviter
2623 3128 2888 3200 fallitur3

482 3220 624 3258 nam
652 3205 943 3275 propheta
970 3210 1040 3259 ut
1066 3223 1275 3262 eorum
1302 3206 1408 3279 qui
1436 3214 1567 3263 tum
1602 3206 1888 3264 vivebant
1928 3207 2193 3264 miserias
2229 3215 2549 3282 exaggeret
2599 3213 2780 3282 atque
2805 3208 2892 3265 ita

482 3280 683 3335 flectat
709 3279 905 3335 Deum
934 3282 1013 3337 ad
1042 3282 1525 3353 misericordiam,
1569 3285 1831 3341 ostendit
1871 3285 2030 3359 ipsos
2057 3302 2178 3342 non
2223 3292 2460 3343 tantum
2507 3286 2886 3360 propriorum

481 3356 839 3414 delictorum
882 3376 1085 3430 poenas
1132 3358 1304 3428 ferre,
1352 3361 1455 3415 sed
1484 3368 1545 3417 et
1585 3367 1975 3433 paternorum
2021 3368 2084 3419 et
2118 3362 2438 3432 avitorum,
2467 3381 2656 3439 eoque
2694 3364 2886 3421 multo

482 3434 793 3493 meliorem
820 3432 1086 3509 ipsorum
1114 3443 1272 3492 sorte
1298 3435 1481 3493 fuisse
1509 3446 1830 3511 parentum
1857 3446 2078 3497 sortem
2107 3439 2229 3515 qui,
2275 3441 2500 3515 pariter
2525 3459 2660 3498 cum
2691 3446 2888 3498 essent

484 3514 589 3586 rei,
618 3520 757 3571 ante
780 3519 981 3570 tamen
1002 3531 1041 3570 a
1056 3512 1207 3569 vivis
1233 3522 1605 3571 excesserant
1631 3534 1814 3607 quam
1841 3516 1954 3573 ista
1979 3518 2358 3575 acerbissima
2385 3518 2674 3594 supplicia
2699 3520 2890 3575 effun-

483 3594 784 3650 derentur.
872 3590 1171 3649 Caeterum
1198 3592 1309 3648 etsi
1336 3593 1617 3651 volumus
1645 3611 1708 3649 m
1755 3593 1876 3651 illis
1901 3594 2048 3651 locis
2084 3594 2372 3653 lationem
2419 3616 2608 3671 poenae
2637 3595 2884 3666 includi,

480 3690 602 3729 non
630 3676 831 3727 tamen
872 3670 1073 3727 statim
1100 3668 1243 3727 inde
1290 3668 1545 3727 infertur
1590 3670 1930 3743 satisfactio,
1971 3679 2043 3729 ut
2067 3673 2136 3729 fit
2175 3682 2452 3747 respectu
2483 3675 2719 3745 Christi,
2743 3674 2888 3749 quia

480 3755 543 3806 et
568 3750 837 3823 subjecta
862 3749 1099 3806 diversa
1124 3754 1185 3805 et
1210 3748 1447 3805 diversa
1468 3748 1566 3823 adj
1576 3756 1758 3807 uncta
1777 3749 1840 3807 id
1867 3768 1990 3806 non
2029 3750 2358 3827 patiuntur,
2409 3770 2586 3809 nemo
2615 3753 2771 3809 enim
2801 3753 2886 3809 ita

479 3828 687 3886 tulisse
714 3829 934 3887 dicitur
960 3826 1308 3902 iniquitates
1336 3833 1581 3901 patrum
1610 3834 1682 3885 ut
1721 3828 1862 3885 inde
1905 3827 2017 3902 ipsi
2055 3828 2506 3900 redimerentur,
2555 3832 2720 3905 quod
2747 3829 2888 3887 fecit

478 3925 625 3981 erga
651 3924 760 3964 nos
790 3906 1079 3965 Christus.

558 3986 845 4045 XXVII.
890 3984 990 4043 Ad
1016 3985 1277 4063 quintam
1304 4006 1505 4065 excep.
1537 3987 1714 4066 Resp.
1744 3988 1925 4065 gratis
1953 3986 2200 4066 supponi
2227 3988 2370 4081 (non
2397 3987 2653 4067 probari)
2685 4006 2888 4047 vocem

476 4086 607 4143 quae
636 4067 729 4125 hic
758 4066 1066 4125 adhibetur
1093 4064 1455 4125 afflictionem
1478 4076 1704 4127 tantum
1744 4067 2052 4146 quandam,
2084 4068 2186 4127 sed
2215 4088 2339 4127 sine
2365 4068 2666 4146 punitione
2695 4067 2888 4145 desig-

474 4166 631 4221 nare,
662 4166 794 4205 nam
822 4156 948 4208 tota
987 4146 1262 4205 orationis
1311 4148 1487 4207 series
1529 4147 1654 4207 sive
1699 4148 2098 4208 antecedentia
2137 4148 2260 4207 sive
2289 4148 2700 4225 consequentia
2728 4166 2890 4224 spec-

474 4235 686 4301 tentur,
718 4228 930 4286 clamat
954 4246 1184 4305 poenam
1210 4228 1439 4305 proprie
1468 4227 1681 4287 dictam
1725 4229 1930 4305 notari,
1974 4228 2111 4303 quia
2157 4227 2368 4288 dicitur
2393 4228 2630 4303 qfflictus
2645 4236 2894 4304 propter

468 4307 971 4379 proevaricationes
997 4318 1221 4367 nostras
1248 4320 1303 4367 et
1329 4308 1555 4367 attritus
1598 4310 1670 4368 ab
1703 4308 2081 4387 iniquitatibus
2106 4316 2173 4367 ut
2199 4328 2236 4366 a
2261 4328 2436 4368 causa
2461 4307 2756 4367 meritoria
2781 4306 2889 4363 im-

478 4383 746 4460 pulsiva3
790 4386 998 4444 deinde
1026 4388 1332 4465 castigatio
1359 4408 1475 4446 non
1498 4397 1722 4447 tantum
1745 4389 1956 4449 dicitur
1975 4388 2150 4447 fuisse
2179 4388 2250 4464 ei,
2282 4388 2386 4448 sed
2410 4398 2607 4447 nostra
2635 4394 2694 4446 et
2719 4406 2894 4465 super

478 4480 603 4519 eum
620 4482 644 4524 ‚·
673 4463 843 4519 tertio
862 4464 943 4521 ita
963 4466 1281 4543 castigatus
1298 4476 1388 4525 est
1404 4476 1469 4526 ut
1484 4468 2025 4545 peccatisomnibus
2041 4468 2254 4527 nostris
2273 4468 2334 4527 in
2352 4488 2482 4527 eum
2501 4468 2781 4547 conjectis
2799 4486 2887 4525 re-

479 4545 715 4615 putatus
735 4539 909 4598 fuerit
924 4548 1081 4605 umba
1111 4568 1214 4604 nan
1236 4565 1407 4604 coesus
1428 4548 1546 4605 Dei
1570 4556 1629 4607 et
1650 4546 1918 4625 afflictus3
1943 4548 2192 4625 denique
2211 4549 2294 4607 ita
2313 4548 2631 4626 castigatus
2649 4555 2714 4607 ut
2731 4547 2890 4607 salus
