3234 5192
461 343 606 412 ‘698
1049 371 1128 410 ns
1159 367 1638 412 sArisrAc'rroms
1666 367 1905 411 cnmsn
1930 365 2250 410 vamum.
2478 367 2743 429 [msru‘r.
2774 367 2899 411 xlx.

489 512 777 586 videntur,
822 513 882 569 in
915 511 1138 591 judicio
1171 512 1282 570 Dei
1319 531 1426 570 nos
1459 510 1843 570 condemnare
1879 530 2067 588 posse,
2113 511 2371 587 adeoque
2400 511 2729 588 expiatione
2758 529 2905 588 opus

489 593 718 666 habere,
751 593 886 670 quia
907 593 1031 650 Lex
1049 591 1288 670 requirit
1309 599 1375 651 ut
1395 600 1518 651 tota
1535 600 1745 666 mente,
1766 591 1903 651 totis
1932 591 2174 666 viribuS,
2209 591 2393 650 Deum
2424 592 2698 654 colamus.
2732 591 2813 650 ita
2840 599 2905 649 ut

491 672 539 730 si
579 673 711 749 quis
737 673 798 729 in
827 692 943 731 uno
972 672 1280 749 deliquerit
1307 691 1440 730 reus
1469 671 1544 730 sit
1571 672 1847 729 omnium.
1931 671 2184 730 Tantum
2220 670 2385 730 abest
2416 671 2484 729 Ε.
2514 679 2579 731 ut
2606 670 2741 730 inde
2770 688 2901 747 pro-

489 753 662 811 betur
702 751 982 811 sacrificia
1021 752 1287 810 instituta
1323 752 1500 810 fuisse
1529 771 1633 828 pro
1660 750 1978 810 levioribus
2004 751 2257 828 peccatis
2284 759 2525 826 tantum,
2554 758 2621 810 ut
2648 751 2840 828 potius
2868 768 2905 807 a

490 833 839 909 comparatis
873 841 930 891 et
967 835 1275 909 perpaulum
1302 831 1520 889 firmius
1549 831 1749 908 colligi
1782 831 1967 907 possit
1994 839 2415 908 argumentum,
2451 831 2511 890 Si
2541 850 2643 908 pro
2671 829 2909 889 levibus

491 913 744 989 peccatis
785 931 930 988 opus
975 913 1080 970 fuit
1122 911 1467 988 expiatione,
1511 931 1652 988 ergo
1694 911 1876 970 multo
1920 911 2107 988 magis
2147 911 2472 970 necessaria
2502 911 2611 970 fuit
2638 930 2742 988 pro
2771 929 2903 987 gra-

491 992 769 1066 vioribuS,
818 992 1103 1070 siquidem
1145 993 1296 1050 enim
1341 1011 1560 1049 errores
1601 999 1661 1050 et
1702 990 2063 1050 infirmitates
2106 991 2231 1049 sine
2272 990 2551 1050 sacrificio
2588 989 2902 1049 condonari

493 1092 608 1130 non
638 1079 964 1149 potuerunt,
995 1072 1194 1149 ecquis
1227 1070 1534 1130 arbitretur
1574 1071 1859 1130 atrociora
1900 1071 2119 1130 scelera
2158 1091 2289 1148 quae
2330 1091 2406 1130 ex
2442 1069 2803 1130 contumacia
2842 1077 2903 1128 et

491 1152 869 1229 perversitate
919 1159 1107 1211 ortum
1155 1151 1386 1226 habent,
1447 1150 1694 1228 simplici
1743 1149 2082 1228 poenitentia
2128 1151 2380 1210 hominis
2429 1152 2552 1210 sine
2602 1149 2902 1226 sanguinis

493 1231 770 1291 effusione
812 1231 991 1291 deleri
1029 1231 1284 1309 potuisse
1304 1233 1333 1289 ?
1415 1231 1637 1291 Eodem
1676 1231 1851 1289 etiam
1886 1250 2164 1309 responso
2202 1231 2449 1292 solvitur
2496 1232 2675 1306 locus,
2728 1229 2900 1288 Num.

493 1332 593 1370 xv.
625 1314 738 1387 25;
781 1332 897 1370 non
923 1332 1204 1390 negamus
1233 1311 1384 1371 enim
1415 1311 1695 1370 sacrificia
1739 1330 1844 1390 pro
1889 1311 2143 1389 peccatis
2190 1331 2294 1388 per
2337 1331 2587 1370 errorem
2636 1309 2903 1370 admissis

491 1392 759 1452 instituta
805 1392 1001 1468 fuisse,
1053 1411 1333 1468 negamus
1377 1401 1603 1450 tantum
1652 1411 1756 1468 pro
1800 1390 1873 1449 iis
1918 1391 2057 1450 solis
2115 1390 2295 1450 fuisse
2342 1392 2623 1467 ordinata,
2674 1409 2807 1451 nam
2855 1389 2904 1447 si

491 1481 732 1551 peccata
778 1473 1041 1550 quaedam
1087 1491 1214 1548 quae
1245 1471 1540 1530 sacrificiis
1565 1471 1855 1548 legalibus
1883 1479 2019 1529 sunt
2046 1471 2279 1548 expiata
2306 1480 2588 1531 vocantur
2620 1484 2743 1533 nusi
2770 1489 2905 1547 pec—

493 1563 680 1611 catum
709 1573 822 1627 per
879 1553 1275 1629 iquorantiam,
1317 1551 1432 1608 alia
1476 1559 1613 1609 sunt
1667 1549 1881 1626 pariter
1922 1550 2129 1608 iisdem
2175 1551 2471 1608 sacrificiis
2510 1550 2745 1628 expiata
2776 1569 2906 1626 quae

495 1632 766 1690 dicuntur
791 1649 983 1706 flatarz,
1021 1629 1130 1706 bas,
1171 1649 1342 1704 τινες,
1373 1647 1546 1704 ruma,
1573 1629 1717 1687 Lev.
1748 1629 1868 1686 xvi.
1906 1632 2000 1704 21,
2038 1627 2146 1687 &c.
2192 1629 2755 1706 Itaqueapositione
2777 1629 2907 1687 illo-

495 1731 621 1770 rum
675 1709 752 1768 ad
794 1709 1037 1768 istorum
1084 1709 1477 1768 exclusionem
1536 1707 1865 1767 ratiocinari
1904 1717 1993 1766 est
2027 1727 2063 1766 a
2092 1707 2428 1785 particulari
2474 1708 2550 1766 ad
2576 1707 2907 1766 universale

493 1811 560 1850 ar
643 1788 902 1849 montari.

559 1811 697 1929 gXuI.
783 1873 864 1927 2⁰.
895 1869 1105 1945 objie„
1139 1871 1254 1928 Pro
1293 1869 1661 1946 gravioribus
1690 1868 1943 1946 peccatis
1970 1877 2030 1928 et
2056 1868 2387 1928 deliberatae
2414 1869 2653 1928 malitiae
2681 1868 2910 1928 nullum

492 1950 822 2010 institutum
863 1948 1042 2008 fuisse
1084 1949 1443 2024 sacrificium,
1487 1949 1693 2027 punita
1730 1948 1908 2009 fuisse
1946 1969 2063 2008 non
2105 1949 2353 2026 expiata,
2398 1949 2481 2008 sic
2510 1949 2663 2008 enim
2694 1949 2909 2007 diserte

494 2031 697 2091 testari
742 2029 1074 2100 Dominum,
1117 2031 1291 2088 Num.
1322 2050 1422 2088 xv.
1453 2033 1550 2102 30,
1598 2033 1636 2064 “
1665 2030 1884 2088 Anima
1925 2050 2054 2108 quae
2095 2029 2294 2089 fecerit
2336 2029 2396 2086 in
2438 2050 2613 2088 manu
2655 2029 2905 2103 excelsa,

495 2119 615 2171 tam
658 2111 804 2170 civis
845 2129 1019 2188 quam
1046 2111 1384 2188 peregrinus
1412 2111 1455 2170 J
1459 2111 1706 2170 ehovam
1748 2109 1973 2189 probris
2012 2109 2219 2182 effecit,
2264 2109 2497 2168 omnino
2540 2109 2911 2168 exscindetur

498 2192 690 2251 anima
730 2191 833 2249 illa
873 2211 906 2249 e
947 2191 1138 2250 medio
1182 2191 1378 2269 populi
1417 2191 1507 2250 sui
1535 2191 1674 2268 quia
1701 2191 1945 2250 verbum
1973 2192 2221 2251 Jehovae
2250 2190 2526 2267 sprevit,''
2558 2187 2667 2250 &a
2752 2189 2909 2247 Hine

498 2292 602 2351 pro
646 2270 959 2330 homicidio
1003 2280 1064 2330 et
1110 2271 1394 2330 adulterio
1439 2281 1497 2330 et
1541 2272 1829 2330 similibus
1873 2270 2208 2329 criminibus
2255 2270 2417 2329 nulla
2465 2270 2583 2347 legi
2632 2268 2911 2329 sacrificia

497 2351 779 2426 instituta,
824 2359 883 2409 et
912 2350 1200 2409 Davidem
1229 2350 1304 2408 ob
1331 2351 1410 2426 id,
1445 2351 1599 2409 Psal.
1631 2351 1692 2409 li.
1723 2353 1813 2427 16,
1838 2371 1970 2409 cum
1998 2350 2343 2408 adulterium
2371 2350 2684 2409 homicidio
2712 2367 2909 2409 cumu-

498 2433 682 2489 latum
709 2429 1108 2503 commisisset,
1140 2430 1389 2505 ingenue
1418 2429 1584 2487 fateri
1615 2430 1806 2488 Deum
1834 2429 1953 2487 illis
1974 2429 2242 2504 victimis,
2274 2429 2685 2506 sacrificiisque
2698 2449 2909 2506 nequa·

500 2529 673 2587 quam
717 2508 993 2567 delectari
1037 2516 1102 2566 ut
1146 2509 1221 2566 ad
1265 2508 1618 2566 dirissimum
1664 2509 1855 2568 scelus
1900 2507 2205 2567 eluendum
2252 2509 2530 2583 valerent,
2578 2517 2751 2585 atque
2796 2508 2911 2566 huc

500 2589 784 2667 respicere
822 2588 1028 2666 Apost.
1068 2587 1143 2647 ad
1183 2588 1356 2663 Heb.,
1387 2609 1447 2646 x.
1479 2590 1574 2664 26,
1624 2591 1661 2622 “
1694 2587 1757 2647 Si
1800 2587 1953 2646 ultro
1994 2587 2427 2665 peccaverimus
2454 2595 2587 2664 post
2613 2595 2911 2664 acceptam

502 2669 890 2747 cognitionem
919 2667 1182 2728 veritatis
1221 2688 1339 2728 non
1380 2667 1570 2726 adhuc
1611 2687 1717 2745 pro
1758 2667 2009 2744 peccatis
2044 2667 2266 2744 reliqua
2294 2675 2383 2726 est
2410 2666 2659 2742 hostia,”
2698 2665 2911 2743 quibus

502 2750 698 2810 verbis
742 2750 926 2826 liquet
967 2769 1071 2826 pro
1115 2748 1394 2809 ultroneis
1437 2748 1691 2826 peccatis
1718 2767 1835 2806 non
1877 2747 2055 2806 fuisse
2101 2745 2398 2806 sacrificia.
2486 2747 2682 2824 Resp.‚
2725 2749 2777 2805 1.
2799 2745 2914 2804 Per

505 2830 816 2911 συγκάμνει
844 2829 1048 2889 damus
1073 2829 1254 2888 fuisse
1275 2828 1540 2906 quaedam
1567 2837 1809 2905 peccata
1834 2847 1939 2906 pro
1961 2827 2171 2904 quibus
2193 2827 2414 2886 nullum
2441 2827 2768 2886 institutum
2790 2833 2915 2885 erat

505 2912 867 2985 sacrificium,
899 2916 964 2970 ut
992 2909 1355 2984 adulterium,
1399 2908 1792 2984 homicidium,
1814 2907 2217 2983 idololatriam,
2248 2905 2396 2983 &c.;
2440 2927 2559 2967 non
2599 2906 2757 2984 quod
2796 2925 2915 2964 non

505 3001 704 3072 posset
723 2991 866 3061 fieri,
899 2989 1002 3050 sed
1030 2991 1168 3066 quia
1194 2990 1384 3067 puniri
1413 2989 1514 3048 illa
1537 2989 1701 3049 Deus
1728 2989 1913 3048 voluit
1940 2989 2175 3066 capitali
2203 2988 2503 3066 supplici0,
2532 3007 2606 3046 ne
2635 2987 2917 3046 scelerum

505 3072 818 3150 impunitas
859 3071 1118 3147 rempub.
1155 3079 1214 3130 et
1245 3069 1550 3130 ecclesiam
1577 3077 1899 3145 everteret3
1965 3070 2172 3147 Itaque
2213 3088 2413 3127 eorum
2452 3087 2609 3127 mors
2649 3073 2773 3126 erat
2812 3085 2915 3124 ex-

507 3153 687 3230 piatio
715 3149 980 3228 quaedam
1008 3151 1256 3227 publica,
1279 3171 1388 3210 nee
1409 3169 1556 3243 opus
1583 3150 1909 3210 habuerunt
1927 3149 2166 3227 purgari
2192 3148 2509 3207 seeundum
2530 3166 2757 3206 carnem
2786 3165 2917 3224 quae

505 3232 762 3309 peritura
802 3239 940 3304 erat,
987 3249 1120 3288 nam
1157 3231 1282 3288 haec
1316 3249 1511 3288 omma
1547 3229 1824 3288 sacrificia
1856 3249 1924 3288 eo
1952 3229 2317 3306 pertinebant
2342 3228 2403 3286 in
2430 3236 2590 3305 typo,
2620 3235 2688 3286 ut
2713 3245 2915 3303 pecca-

507 3319 664 3369 tores
691 3309 774 3367 ita
801 3309 1032 3384 purgati
1070 3309 1260 3367 denuo
1298 3309 1476 3368 sacris
1513 3311 1791 3368 interesse
1834 3309 2073 3386 possint,
2118 3317 2177 3366 et
2217 3308 2277 3366 in
2318 3308 2577 3367 ecclesiae
2618 3317 2917 3366 externam

510 3388 970 3448 communionem
1001 3388 1196 3463 recipi,
1237 3407 1272 3445 a
1305 3407 1422 3464 qua
1449 3388 1619 3465 ejecti
1647 3387 1907 3464 fuerant;
1952 3397 2011 3447 at
2040 3388 2273 3466 capitali
2300 3387 2583 3466 supplicio
2611 3385 2913 3460 afficiendi,

509 3477 570 3528 et
595 3467 907 3526 morientes
935 3467 1037 3543 qui
1063 3467 1552 3526 exscindebantur
1579 3488 1612 3526 e
1640 3467 1831 3526 medio
1868 3468 2085 3544 populi,
2128 3467 2233 3527 tali
2270 3468 2523 3526 remedio
2550 3487 2667 3526 non
2696 3465 2919 3543 indige-

511 3549 669 3608 bant.
754 3547 840 3606 At
867 3567 996 3606 cum
1027 3547 1167 3606 talia
1193 3546 1411 3606 scelera
1437 3566 1555 3604 non
1583 3547 1985 3624 puniebantur,
2017 3547 2141 3606 sive
2170 3548 2327 3625 quod
2354 3548 2772 3625 ignorarentur,
2794 3545 2919 3603 sive

512 3629 626 3688 alia
653 3627 924 3705 quapiam
953 3627 1024 3686 de
1053 3647 1242 3702 causa,
1287 3627 1418 3703 quis
1456 3626 1685 3686 dubitat
1718 3625 1909 3698 offerri
1948 3647 2053 3706 pro
2082 3637 2318 3704 peccato
2346 3649 2383 3686 a
2410 3628 2723 3704 poenitente
2752 3633 2917 3703 potu·

511 3711 629 3769 isse
657 3729 774 3768 non
795 3707 986 3766 minus
1008 3727 1180 3784 quam
1201 3707 1414 3766 licebat
1430 3706 1559 3781 furi,
1585 3707 1819 3783 raptori,
1839 3713 1897 3766 et
1914 3707 2184 3785 perjuro?
2211 3707 2369 3784 quod
2388 3727 2463 3766 ex
2486 3727 2555 3766 eo
2578 3707 2719 3766 satis
2738 3705 2921 3782 liquet

513 3788 671 3870 quod
712 3790 763 3848 si
803 3788 1011 3848 author
1054 3787 1286 3846 sceleris
1327 3787 1721 3864 ignorabatur,
1770 3807 1878 3846 nec
1918 3795 2144 3864 poterat
2184 3787 2375 3864 puniri
2416 3797 2475 3845 et
2514 3795 2697 3846 morte
2739 3784 2923 3845 sontis

514 3870 733 3950 grande
774 3869 936 3927 nefas
977 3868 1140 3946 piari,
1187 3867 1325 3926 urbs
1359 3867 1552 3926 vicina
1588 3866 1869 3927 sacrificio
1907 3867 2221 3927 universali
2260 3876 2319 3926 et
2355 3865 2589 3944 publico
2627 3875 2751 3926 erat
2784 3884 2919 3943 pur-

515 3949 724 4030 ganda,
757 3950 931 4008 Deut.
962 3947 1084 4006 xxi.
1116 3950 1172 4006 8.
1252 3946 1380 4006 Imo
1409 3967 1480 4006 ne
1510 3947 1779 4008 solatium
1806 3946 2205 4024 peccatoribus
2234 3947 2647 4025 poenitentibus
2675 3946 2919 4020 deesset,

514 4031 641 4091 dies
669 4029 1064 4106 expiationum
1091 4027 1357 4087 instituta
1384 4035 1509 4086 erat
1543 4028 1604 4085 in
1643 4047 1759 4105 qua
1798 4026 1915 4086 κατ’
1954 4029 2181 4104 ἐπιτομὴ
2222 4027 2415 4086 omnia
2450 4035 2688 4104 peccata
2724 4033 2782 4084 et
2820 4044 2924 4083 sua

513 4122 575 4173 et
601 4109 801 4189 populi
827 4108 1208 4169 confitebatur
1242 4106 1530 4184 Pontifex,
1562 4127 1875 4187 eorumque
1902 4108 2133 4167 veniam
2160 4107 2449 4168 mediante
2478 4105 2758 4167 sacrificio
2787 4123 2921 4164 con-

516 4213 578 4254 se
623 4191 880 4251 uebatur.

581 4213 752 4331 qXII.
835 4277 891 4330 2.
938 4269 1067 4330 Etsi
1105 4270 1314 4344 David,
1367 4269 1520 4331 Psal.
1569 4271 1651 4348 li„
1684 4277 1925 4330 testetur
1954 4269 2144 4328 Deum
2170 4289 2287 4328 non
2316 4268 2589 4328 delectari
2633 4264 2928 4326 sacrificiis

514 4352 820 4428 legalibuS,
851 4371 968 4411 non
998 4351 1128 4410 ideo
1154 4359 1332 4428 negat
1359 4351 1641 4410 sacrificia
1668 4371 1771 4430 pro
1799 4350 2012 4410 delicto
2042 4369 2147 4409 suo
2169 4350 2401 4427 gemino
2430 4348 2621 4408 offerri
2649 4347 2923 4426 potuisse,

515 4451 650 4488 nam
679 4440 738 4491 et
764 4432 888 4509 ipse
927 4431 986 4488 in
1025 4431 1350 4508 expetenda
1392 4431 1649 4490 criminis
1688 4431 1777 4491 sui
1806 4431 1977 4489 venia
2008 4430 2245 4507 respicit
2270 4429 2571 4488 manifeste
2598 4427 2677 4486 ad
2704 4425 2923 4500 eadem,

515 4530 648 4569 cum
670 4511 815 4587 petit
837 4530 898 4570 se
921 4511 1152 4586 expiari
1167 4513 1404 4588 hyssopo
1427 4523 1491 4570 ut
1512 4513 1758 4571 mundus
1776 4513 1863 4586 sit,
1890 4511 2201 4570 ostendens
2228 4529 2289 4568 se
2318 4509 2379 4566 in
2400 4509 2729 4587 expiatione
2750 4504 2929 4583 legali

517 4599 576 4648 et
603 4589 800 4666 typica
825 4609 928 4666 per
957 4589 1312 4649 sacerdotem
1335 4591 1538 4668 peragi
1565 4591 1739 4650 solita
1766 4609 1897 4650 cum
1925 4590 2201 4649 fasciculo
2222 4589 2480 4666 hyssopi,
2514 4587 2837 4666 symbolum
2870 4591 2929 4644 et

515 4670 728 4750 pignus
749 4687 1006 4746 quaerere
1035 4669 1389 4732 remissionis
1414 4671 1506 4732 sui
1531 4671 1757 4749 peccati
1786 4689 1977 4731 coram
2000 4670 2127 4730 Dco
2148 4689 2253 4748 per
2277 4669 2665 4747 aspersionem
2694 4663 2929 4742 sangui·
