3234 5192
313 374 544 421 nrsrcr.
577 354 668 440 v.]
994 376 1072 416 ns
1101 372 1312 417 'ramus
1339 374 1618 417 rss‘rmus
1646 374 2041 417 cmm-:smnus
2611 360 2730 423 299

319 521 428 579 nisi
461 520 690 581 Christo
719 518 1042 595 resurgenti
1060 517 1455 593 credidissent,
1485 515 1711 576 nullum
1760 516 1919 576 aliud
1966 524 2369 595 argumentum
2417 517 2542 595 fuit,
2573 520 2731 597 quod

321 602 396 660 ad
422 601 594 659 fidem
625 602 814 679 potuit
841 618 941 657 eos
970 598 1331 675 compellere.

931 677 1119 736 XIX.
1163 676 1580 735 Testimonium
1610 676 1779 746 Λέγω
1799 676 2018 753 excipit
2044 676 2437 736 testimonium
2466 676 2730 756 Spiritus,

846 758 948 835 qui
987 758 1082 815 hic
1125 757 1297 815 etiam
1345 756 1627 831 bifariam,
1672 764 1732 814 et
1758 756 1951 831 verbis,
1984 756 2231 829 etfactt‘s
2258 756 2330 815 de
2360 757 2590 817 Christo
2618 766 2733 817 tes—

849 846 1005 897 tatus
1033 845 1139 895 est.
1227 836 1323 895 Sic
1372 836 1524 893 enim
1569 835 1831 895 Christus
1874 836 1997 913 ipse
2045 837 2155 895 hoc
2195 836 2402 912 innuit,
2446 838 2490 897 J
2494 838 2586 897 oh.
2632 858 2731 898 xv.

329 921 424 993 26,
472 921 488 952 ‘
511 919 656 978 Cum
687 918 910 977 venerit
965 915 1315 991 ParacletuS,
1360 915 1669 975 testabitur
1710 914 1781 973 de
1831 916 1982 991 me‚''
2013 924 2087 991 et,
2140 936 2189 975 c.
2229 916 2349 975 xvi.
2400 920 2489 991 13,
2539 919 2575 950 “
2600 918 2733 976 Non

327 998 596 1074 loquetur
635 1018 672 1056 a
713 1007 894 1057 semet
934 998 1078 1074 ips0‚
1112 995 1214 1053 sed
1242 1014 1601 1072 quaecunque
1630 995 1897 1070 audierit,
1929 995 2212 1072 loquetur,
2245 1004 2304 1055 et
2330 1015 2461 1074 quse
2488 1006 2735 1057 ventura

333 1090 468 1137 sunt
507 1078 896 1154 annunciabit,
930 1077 1041 1135 Ille
1081 1096 1174 1134 me
1205 1075 1610 1151 glorificabit,”
1644 1074 1752 1133 &a
1798 1075 1956 1135 Hinc
2000 1076 2233 1149 Paulus,
2267 1077 2435 1135 Rom.
2481 1078 2603 1136 viii.
2640 1080 2732 1152 16,

333 1158 489 1233 dicit,
525 1161 559 1192 ‘⁴
588 1158 864 1235 Spiritum
893 1162 1259 1237 σνμμιιςτυςιῖν
1288 1174 1418 1214 cum
1451 1154 1671 1231 Spiritu
1719 1163 1936 1229 nostro,
1990 1155 2157 1230 Quod
2203 1156 2381 1215 simus
2424 1156 2529 1214 filii
2563 1158 2735 1216 Dei.”

333 1238 604 1296 Testatus
626 1247 714 1296 est
755 1248 963 1313 autem,
995 1257 1112 1295 non
1140 1235 1312 1294 modo
1341 1234 1589 1293 mediate
1617 1254 1720 1311 per
1758 1234 2173 1312 Apostolorum
2219 1238 2587 1313 praeconium,
2638 1238 2740 1315 qui

337 1336 372 1375 a
404 1318 622 1393 Spiritu
671 1317 882 1376 Sancto
924 1318 1054 1392 aeti,
1101 1324 1168 1375 ut
1209 1322 1267 1374 et
1308 1314 1501 1373 caeteri
1527 1314 1639 1372 viri
1671 1315 1783 1372 Dei
1824 1315 2049 1391 loquuti
2092 1324 2260 1375 sunt:
2308 1316 2425 1374 Sed
2452 1325 2511 1375 et
2538 1318 2736 1375 imme-

337 1396 492 1454 diate
519 1416 623 1473 per
647 1398 909 1455 visibilem
959 1398 1046 1455 sai
1087 1416 1261 1472 saper
1287 1396 1583 1471 Apostolos
1611 1396 1925 1469 effusionem
1944 1418 1963 1452 :
2006 1395 2197 1468 Quum
2246 1397 2399 1455 enim
2426 1396 2487 1453 in
2516 1397 2742 1455 solenni

341 1476 714 1535 Pentecostes
741 1477 850 1552 die,
898 1478 1086 1555 specie
1128 1476 1364 1548 visibili,
1395 1474 1647 1533 mirabili
1686 1475 1906 1533 ratione
1956 1475 2015 1532 in
2062 1475 2379 1551 Apostolos
2422 1476 2736 1551 descendit,

337 1564 476 1616 tunc
505 1556 799 1633 publicum
841 1556 1200 1631 innocentiae,
1231 1555 1480 1629 veritati,
1541 1563 1599 1612 et
1628 1554 1965 1613 exaltationi
1991 1554 2201 1614 Christi
2230 1557 2623 1616 testimonium
2652 1566 2741 1617 est

339 1636 727 1713 perhibitum:
785 1638 1138 1710 Innocentioe,
1169 1636 1303 1712 quia
1346 1634 1534 1711 patuit
1573 1635 1787 1711 injuste
1818 1634 2261 1694 condemnatum
2316 1656 2443 1696 esse
2498 1656 2647 1713 eum,
2679 1638 2740 1696 in

339 1716 506 1793 cujus
553 1718 784 1776 nomine
829 1718 1002 1776 Pater
1041 1716 1276 1775 coeleste
1330 1715 1441 1773 hoc
1491 1714 1707 1773 donum
1749 1714 2122 1792 effundebat3
2191 1716 2443 1793 Veritati,
2494 1717 2631 1795 quia
2659 1717 2742 1777 sic

344 1796 607 1855 Christus
648 1796 942 1875 implendo
982 1796 1393 1874 promissiones
1422 1796 1634 1872 saepius
1669 1794 1833 1854 datas
1862 1794 1934 1854 de
1968 1795 2215 1872 Spiritus
2242 1796 2532 1873 missione,
2576 1817 2741 1857 vera-

343 1896 467 1935 cem
511 1896 572 1935 se
601 1897 728 1936 esse
757 1878 910 1936 facto
951 1878 1077 1954 ipso
1101 1874 1534 1950 demonstravit,
1569 1883 1629 1933 et
1669 1876 1779 1934 toti
1806 1875 2083 1934 doctrinae
2112 1896 2232 1935 suae
2260 1876 2516 1935 divinam
2539 1878 2743 1937 autho-

343 1956 571 2015 ritatem
620 1956 952 2015 conciliavit
982 1978 1010 2031 ;.
1057 1955 1434 2029 Eaealtationi,
1493 1954 1629 2031 quia
1683 1956 1795 2013 nisi
1852 1955 2116 2014 Christus
2157 1965 2289 2033 post
2343 1959 2639 2034 passiones
2688 1966 2747 2017 et

343 2045 586 2094 mortem
615 2036 1040 2109 resurrexisset,
1085 2044 1144 2093 et
1171 2034 1245 2092 ad
1275 2034 1537 2092 dextram
1584 2035 1697 2093 Dei
1738 2036 2029 2094 exaltatus
2056 2036 2275 2111 fuisset,
2308 2056 2423 2095 non
2465 2038 2747 2114 potuisset

349 2116 625 2191 Spiritum
657 2118 900 2188 mittere,
952 2118 987 2147 “
1011 2114 1138 2172 Nisi
1181 2113 1433 2187 abivero,
1478 2114 1813 2173 Paracletus
1842 2135 1958 2173 non
2005 2116 2217 2192 veniet,
2264 2116 2368 2175 sed
2412 2117 2460 2174 si
2510 2118 2746 2175 abivero

345 2196 568 2251 mittam
599 2194 759 2253 illum
792 2194 1019 2269 vobis,'’
1063 2194 1107 2253 J
1111 2194 1203 2251 oh.
1253 2193 1373 2251 xvi.
1407 2197 1440 2251 ⁷
1468 2216 1482 2271 ;
1527 2193 1681 2253 unde
1714 2195 1921 2255 Petrus
1967 2195 2214 2273 Spiritus
2263 2197 2591 2255 missionem
2621 2205 2747 2255 tan-

346 2292 519 2351 quam
560 2273 827 2333 effectum
856 2273 1223 2333 exaltationis
1259 2280 1438 2349 notat,
1471 2273 1606 2333 Act.
1657 2274 1717 2333 ii.
1763 2278 1860 2335 33.
1949 2275 2213 2334 Secundo
2262 2284 2507 2336 testatus
2529 2284 2617 2335 est
2634 2296 2750 2353 per

347 2354 620 2427 efficacem
649 2355 1046 2430 Apostolorum
1073 2354 1521 2431 immutationem,
1555 2355 1745 2429 Quum
1774 2356 1928 2413 enim
1957 2356 2103 2415 adeo
2130 2364 2395 2433 potenter
2420 2367 2661 2432 mentes,
2694 2365 2752 2416 ct

348 2434 524 2492 corda
563 2434 816 2511 ipsorum
859 2434 1065 2512 affecit,
1091 2444 1156 2494 ut
1183 2435 1285 2513 qui
1312 2435 1472 2512 prius
1501 2434 1675 2494 rudes
1705 2446 1868 2496 erant
1905 2442 1963 2495 et
2003 2436 2215 2513 idiotae,
2248 2438 2419 2514 plena
2447 2436 2749 2515 mysterio-

347 2534 474 2573 rum
504 2516 823 2574 coelestium
851 2516 1056 2575 notitia
1098 2524 1294 2575 essent
1333 2514 1616 2589 instructi,
1662 2517 1762 2593 qui
1810 2516 1997 2575 timidi
2026 2525 2085 2575 ct
2126 2518 2451 2577 meticulosi
2479 2517 2553 2575 ad
2582 2518 2751 2575 mini-

347 2614 496 2652 mam
542 2595 766 2654 ancillae
795 2616 998 2655 vocem
1045 2595 1427 2673 trepidabant,
1460 2596 1707 2653 animosi
1754 2604 1813 2654 et
1856 2597 2223 2673 imperterriti
2266 2618 2457 2656 coram
2489 2598 2751 2675 Regibus

349 2683 408 2734 et
438 2676 804 2753 Principibus
845 2676 961 2735 sint
981 2675 1209 2749 redditi,
1243 2675 1340 2751 qui
1371 2675 1653 2751 elingues,
1684 2674 2064 2750 disertissimi,
2110 2677 2211 2751 qui
2258 2678 2405 2734 nihil
2432 2677 2545 2735 nisi
2572 2686 2748 2736 terre-

349 2774 487 2813 num
531 2756 847 2831 sapiebant,
873 2756 996 2833 jam
1039 2755 1332 2830 magnalia
1372 2754 1482 2811 Dei
1525 2755 1873 2829 loquantur;
1920 2754 2063 2827 Quis
2102 2774 2216 2811 non
2264 2764 2541 2831 agnoscat
2588 2756 2750 2814 lucu·

347 2834 568 2893 lentum
599 2835 845 2909 Christo,
871 2854 906 2891 a
932 2854 1047 2911 quo
1075 2834 1427 2907 mittebatur,
1453 2832 1800 2907 perhibitum
1820 2832 1996 2890 fuisse
2026 2852 2059 2890 a
2086 2833 2302 2909 Spiritu
2324 2836 2756 2893 testimonium?

435 2914 589 2969 XX.
633 2914 828 2971 Tertio
856 2920 1101 2971 testatus
1145 2920 1234 2969 est
1277 2930 1381 2987 per
1423 2911 1826 2967 miraculorum
1858 2912 1913 2967 in
1944 2912 2224 2986 Apostolis
2252 2920 2305 2969 ct
2320 2932 2432 2987 per
2457 2914 2755 2988 Apostolos

341 2992 726 3067 patrationem
747 3016 770 3063 ,·
815 2992 964 3047 Nam
1007 2991 1146 3047 dum
1191 2988 1268 3046 ad
1311 3008 1513 3047 vocem
1557 2989 1973 3065 Apostolorum
2014 2989 2361 3047 videbantur
2403 2989 2694 3049 daemones
2722 3012 2753 3050 e

351 3070 686 3147 corporibus
727 3068 944 3146 egredi,
975 3070 1116 3147 aegri
1145 3067 1352 3143 sanari,
1385 3067 1524 3125 caeci
1559 3067 1892 3144 illuminari,
1922 3068 2134 3126 mortui
2162 3069 2463 3144 suscitari;
2508 3070 2752 3145 Quando

350 3150 426 3209 ad
455 3168 648 3209 eorum
680 3148 1028 3226 praeconiutn
1077 3146 1235 3205 idola
1277 3146 1625 3221 ceciderunt,
1673 3147 1904 3205 oracula
1945 3150 2371 3223 obmutuerunt,
2423 3150 2754 3227 eloquentia

351 3239 659 3305 oratorum,
691 3228 982 3287 subtilitas
1023 3227 1510 3305 philosophorum,
1555 3228 1829 3304 majestas
1856 3248 2059 3306 regum
2088 3237 2147 3288 et
2173 3230 2495 3307 principum
2526 3231 2751 3308 dejecta

350 3310 461 3371 fuit
489 3319 547 3370 et
576 3309 828 3384 confusa,
861 3308 992 3385 quis
1019 3307 1528 3385 praesentissimum
1561 3308 1674 3366 Dei
1702 3307 1948 3385 digitum
1990 3309 2085 3367 hic
2118 3329 2235 3368 non
2284 3311 2705 3371 animadvertat
2724 3315 2753 3370 ¹?

351 3392 481 3467 Quo
525 3397 786 3468 spectant
833 3388 1014 3447 verba
1057 3387 1242 3463 Pauli,
1296 3387 1450 3446 Heb.
1493 3388 1553 3447 ii.
1585 3390 1640 3464 3,
1672 3391 1729 3465 4,
1761 3388 1899 3447 dum
1920 3389 2016 3463 ait,
2073 3393 2108 3423 “
2132 3391 2321 3450 Deum
2358 3392 2751 3451 testimonium

351 3471 712 3549 perhibuisse
741 3468 920 3527 verbo
948 3488 1069 3545 δυο,
1103 3469 1286 3546 signis
1313 3474 1371 3527 et
1406 3468 1704 3546 prodigiis,
1757 3476 1815 3527 et
1852 3470 2028 3528 variis
2055 3470 2369 3531 virtutibus
2413 3481 2472 3531 et
2502 3473 2752 3550 Spiritus

356 3552 554 3611 Sancti
594 3548 1154 3609 distributionibus.”
1239 3548 1456 3624 Quarto
1485 3548 1733 3625 denique
1772 3557 2016 3609 testatur
2032 3571 2146 3627 per
2181 3552 2413 3628 piorum
2442 3554 2750 3611 conversio-

351 3651 494 3703 nem,
527 3639 581 3688 et
605 3630 904 3705 impiorum
924 3630 1312 3689 convictionem
1331 3653 1355 3702 ;
1399 3629 1546 3687 Nam
1569 3637 1637 3688 ut
1662 3629 1790 3707 pios
1817 3629 1973 3689 intus
2001 3632 2311 3708 persuadet
2339 3632 2411 3689 de
2441 3633 2625 3691 salute
2648 3652 2751 3709 per

353 3710 645 3769 Christum
668 3708 982 3786 aequisita3
1016 3710 1108 3769 Ita
1135 3710 1342 3786 impios
1359 3710 1652 3768 convincit
1669 3710 1739 3768 de
1768 3712 2010 3769 veritate
2032 3712 2322 3789 evangelii
2343 3712 2500 3789 quod
2528 3731 2749 3789 oppug-

351 3798 509 3865 nant,
535 3798 594 3848 et
619 3789 692 3847 de
707 3789 1012 3849 'divinitate
1035 3789 1264 3865 Christi,
1295 3809 1466 3866 quem
1483 3789 1544 3846 in
1565 3791 1838 3848 membris
1867 3791 1986 3849 suis
2004 3800 2441 3868 persequuntur,
2465 3800 2531 3850 ut
2552 3792 2751 3849 volen-

353 3878 444 3929 tes
505 3869 768 3929 nolentes
799 3869 1026 3929 Christo
1055 3869 1256 3929 cedere
1286 3878 1584 3946 cogantur,
1626 3880 1685 3929 et
1713 3871 1795 3928 sic
1823 3871 1884 3928 in
1912 3871 2278 3930 conscientiis
2298 3871 2614 3930 reddantur
2628 3878 2749 3929 ἐκι-

353 3949 622 4022 roa-'ymos
649 3972 662 4009 :
707 3949 833 4024 Quo
861 3950 1109 4026 pertinet
1172 3950 1413 4009 illustris
1439 3949 1620 4023 locuS,
1668 3950 1712 4009 J
1716 3951 1807 4008 oh.
1854 3952 1975 4009 xvi.
2020 3954 2075 4026 8,
2108 3954 2164 4023 9,
2199 3952 2299 4011 ubi
2329 3951 2399 4009 de
2422 3952 2752 4011 testimonio

355 4030 605 4108 Spiritus
625 4030 868 4108 loquens
885 4030 982 4103 ait,
1012 4033 1046 4063 “
1068 4029 1316 4106 Spiritus
1334 4029 1513 4101 ἐλέγξω
1532 4038 1736 4107 arguet
1756 4030 2033 4089 mundum
2052 4033 2288 4109 peccati,
2303 4032 2564 4109 justitiae,
2590 4040 2648 4089 ct
2657 4034 2751 4108 ju-

351 4110 548 4187 dicii,''
571 4111 634 4169 id
650 4119 754 4185 est,
781 4110 1095 4169 clarissime
1124 4109 1541 4169 demonstrabit
1567 4110 1854 4183 fidelibus,
1880 4131 1994 4187 quo
2024 4132 2195 4171 sensu
2218 4113 2362 4171 fides
2384 4113 2593 4172 dicitur
2608 4109 2749 4183 ἴλιγ-

344 4218 452 4269 χος,
475 4190 631 4251 Heb.
649 4191 730 4249 xi.
756 4193 806 4267 l,
831 4198 890 4249 et
905 4198 1170 4267 potenter
1190 4190 1496 4248 convincet
1511 4190 1719 4266 impios
1740 4190 1813 4248 de
1830 4190 1987 4249 hisce
2007 4192 2208 4251 tribus.
2266 4192 2403 4251 Tria
2423 4202 2613 4252 autem
2638 4195 2749 4253 ista

347 4280 498 4346 sunt,
511 4271 572 4329 in
584 4271 797 4348 quibus
807 4270 1092 4348 praecipue
1105 4278 1369 4328 versatur
1384 4270 1633 4346 Spiritus
1643 4269 2078 4344 Testimonium,
2092 4280 2215 4330 tum
2230 4292 2367 4349 erga
2392 4274 2528 4332 Pios
2538 4282 2605 4331 ut
2616 4273 2748 4332 illos

359 4350 758 4410 convincendo
769 4348 1114 4426 persuadeat
1123 4357 1265 4422 tum,
1287 4368 1428 4425 erga
1444 4349 1682 4425 Impios,
1703 4358 1770 4407 ut
1780 4348 1911 4407 illos
1923 4351 2319 4409 convincendo
2330 4351 2563 4411 damnet
2577 4376 2591 4413 τ
2610 4356 2749 4411 Pec-

347 4440 551 4505 catum,
563 4430 814 4503 Jastitia,
833 4428 1214 4500 etJudicium;
1236 4430 1532 4486 Peccatum
1552 4427 1883 4503 admissum,
1898 4430 1950 4487 J
1944 4430 2133 4488 ustitia
2150 4429 2562 4507 amplectenda,
2574 4434 2747 4492 ‚Iudi-

349 4513 491 4570 cium
509 4508 876 4587 fugiendum;
898 4510 1195 4565 Peccatum
1216 4508 1423 4581 mundi,
1449 4508 1612 4582 eujus
1636 4527 1835 4565 omnes
1856 4516 1989 4567 sunt
2011 4509 2111 4582 rei,
2133 4510 2367 4568 Justitia
2382 4511 2605 4585 Christi,
2632 4534 2747 4590 qua

349 4610 548 4650 omnes
560 4597 695 4649 sunt
705 4588 983 4662 destituti,
996 4588 1285 4645 Judicium
1299 4587 1426 4660 Dei,
1441 4586 1597 4663 quod
1609 4588 1877 4646 omnibus
1888 4589 2202 4648 certissime
2214 4590 2488 4667 imminet,
2503 4592 2597 4665 cuj
2604 4612 2671 4651 us
2693 4604 2751 4653 et

350 4670 682 4748 exemplum
699 4668 760 4727 in
783 4668 1032 4727 Diabolo
1053 4667 1286 4726 habent.
1349 4666 1579 4727 Peccati
1601 4669 1946 4746 gravitatem
1969 4670 2221 4729 ostendit
2238 4671 2298 4729 in
2318 4670 2747 4749 incredulitate3

323 740 542 799 Spiritus
559 742 804 796 quomodo

441 805 654 844 testetur
667 800 686 844 2
