3234 5192
520 364 637 425 202
676 419 681 423 .
1282 384 1362 425 nn
1390 382 1754 426 necessum
1781 382 2128 425 sncnssxonn
2500 362 2762 444 [msru’r.
2793 366 2926 428 wir.

516 540 635 581 non
662 523 877 599 pariter
902 522 1122 582 abillis
1141 526 1172 583 P
1251 524 1367 583 Vel
1409 524 1459 582 si
1500 541 1634 583 cum
1687 522 1804 582 illis
1843 542 2152 601 possumus
2201 524 2662 583 communionem
2712 525 2921 604 colere,

514 601 718 679 quidni
738 602 910 661 etiam
938 622 1069 662 cum
1090 602 1219 663 istis
1238 606 1269 663 Ρ
1348 604 1525 680 Resp.
1557 604 1770 663 Fateor
1789 602 2004 681 dogma
2021 604 2132 662 hoc
2155 603 2614 663 Lutheranorum
2637 605 2752 663 tale
2774 626 2920 681 esse,

514 681 672 758 quod
711 700 748 739 a
786 682 953 741 nobis
994 683 1225 762 probari
1266 702 1384 743 non
1425 684 1642 760 possit;
1703 682 1808 741 sed
1847 702 2128 760 negamus
2170 682 2432 761 ejusdem
2473 702 2600 743 esse
2641 686 2920 745 momenti

514 780 647 819 cum
689 761 976 821 erroribus
1042 762 1475 821 Pontificiorum
1518 763 1674 821 circa
1723 762 1837 820 hoc
1883 770 2073 839 caput.
2164 766 2216 820 1.
2261 762 2410 837 Quia
2454 762 2748 823 Pontificii
2799 784 2920 823 non

512 847 706 899 errant
746 841 931 899 solum
972 840 1034 898 in
1061 842 1367 919 praesentia
1408 842 1551 900 reali
1594 841 1848 918 corporis
1891 841 2121 916 Christi,
2165 841 2270 900 sed
2321 842 2384 900 in
2437 842 2918 903 transubstantia-

510 919 685 994 tione,
733 920 1013 979 sacrificio
1081 922 1390 995 missatico,
1456 920 1790 979 adoratione
1853 920 2076 996 hostiae,
2137 921 2556 979 substractione
2598 922 2812 997 calicis,
2857 931 2919 983 et

508 999 657 1071 aliis,
689 1018 818 1076 quae
840 1001 1043 1075 gravia
1071 1009 1206 1060 sunt
1232 1008 1291 1059 et
1317 1000 1601 1077 capitalia,
1633 1019 1763 1076 quae
1789 1000 1879 1058 illi
1905 1008 2234 1059 constanter
2279 1000 2576 1059 nobiscum
2627 1001 2913 1078 rejiciunt.

512 1082 569 1137 2.
614 1078 791 1136 Error
836 1079 1295 1139 Lutheranorum
1343 1088 1432 1139 est
1478 1099 1636 1139 mere
1684 1082 2040 1155 theoretica-53
2084 1080 2185 1157 qni
2225 1088 2477 1138 mentem
2506 1080 2740 1157 quidem
2768 1080 2918 1141 falsa

512 1157 782 1237 opinione
808 1157 1034 1233 imbuit,
1066 1158 1169 1217 sed
1195 1158 1296 1236 qui
1324 1159 1734 1218 conscientiam
1775 1167 2079 1237 propterea
2122 1178 2239 1217 non
2283 1158 2482 1234 inficit,
2510 1168 2578 1218 ut
2604 1160 2824 1236 aliquid
2851 1161 2914 1218 in

510 1236 671 1296 cultu
696 1237 1049 1314 admittatur,
1089 1238 1248 1315 quod
1286 1238 1672 1297 idololatriam
1699 1239 1902 1317 sapiat.
1967 1238 2133 1298 Licet
2160 1238 2312 1297 enim
2343 1238 2635 1297 Christum
2663 1258 2912 1316 praesen-

508 1324 628 1375 tem
675 1336 803 1375 esse
846 1318 1029 1377 veiint
1062 1318 1124 1375 in
1162 1326 1535 1393 sacramento,
1566 1327 1762 1378 tamen
1809 1318 2202 1377 adorationem
2258 1318 2601 1377 sacramenti
2642 1337 2751 1377 nec
2797 1319 2911 1395 ipsi

510 1405 849 1473 agnoscunt,
873 1417 982 1457 nec
1010 1398 1141 1456 aliis
1161 1397 1480 1475 imponunt,
1506 1398 1609 1456 sed
1637 1405 1832 1475 aperte
1859 1398 2222 1475 impugnant.
2255 1398 2292 1429 “
2312 1396 2509 1455 Primo
2535 1396 2795 1472 dicunt,'’
2827 1397 2912 1457 sic

505 1475 763 1553 loquitur
782 1477 1141 1536 Chemnitius
1168 1478 1229 1535 in
1258 1479 1466 1536 Exam.
1490 1477 1686 1536 Conci.
1734 1477 1990 1536 Trident.
2014 1497 2071 1553 p.
2102 1480 2158 1551 2,
2203 1476 2276 1533 de
2313 1477 2683 1535 veneratione
2721 1496 2910 1535 sacra-

506 1556 702 1631 menti,
733 1554 805 1614 de
845 1556 1183 1631 Pontificiis,
1215 1556 1457 1634 “ipsum
1486 1564 1905 1615 sacramentum
1935 1555 2328 1630 Eucharistiae,
2361 1574 2464 1613 seu
2505 1563 2690 1615 totum
2745 1555 2909 1631 illud,

506 1634 665 1711 quod
706 1654 743 1692 a
781 1635 1031 1694 Domino
1058 1644 1126 1694 ut
1152 1644 1412 1695 sumatur
1449 1636 1778 1694 institutum
1826 1643 1932 1710 est,
1982 1654 2110 1694 esse
2137 1634 2299 1693 cultu
2323 1634 2507 1692 latriae
2534 1634 2911 1695 adorandum.

508 1712 699 1788 Atqui
724 1714 1109 1788 Eucharistia,
1134 1716 1309 1791 juxta
1349 1714 1569 1773 dictum
1600 1714 1826 1789 Irenaei,
1859 1722 2085 1773 constat
2111 1714 2337 1773 duabus
2364 1713 2555 1790 rebus,
2587 1722 2814 1773 terrena
2849 1722 2911 1774 et

507 1792 747 1850 coelesti.
831 1793 1046 1852 Essent
1065 1794 1244 1871 igitur
1263 1794 1435 1852 etiam
1464 1802 1693 1852 terrena
1712 1794 1996 1852 elementa
2022 1793 2188 1870 panis
2216 1800 2276 1852 et
2303 1792 2426 1850 vini
2451 1793 2512 1850 in
2543 1793 2909 1853 Eucharistia

506 1871 667 1930 cultu
714 1870 897 1930 latriae
946 1872 1252 1947 adoranda,
1294 1872 1449 1949 quod
1478 1893 1514 1931 a
1539 1871 1843 1932 manifesto
1879 1871 2222 1932 idololatriae
2257 1891 2359 1931 seu
2405 1888 2760 1953 αςτολατςιιας
2797 1874 2910 1931 cri·

504 1951 658 2009 mine
686 1952 953 2010 excusari
978 1959 1037 2010 et
1064 1952 1297 2011 defendi
1320 1952 1484 2011 nullo
1509 1952 1684 2011 modo
1709 1953 1963 2029 posset.'’
2024 1952 2102 2012 Et
2128 1960 2345 2029 postea,
2393 1954 2430 1985 “
2453 1952 2554 2010 Ad
2589 1952 2908 2012 cavendam

503 2029 683 2108 igitur
717 2030 1099 2090 idololatriam
1137 2031 1349 2091 diserte
1394 2031 1871 2109 distinguendum
1913 2039 2018 2090 est.
2103 2031 2368 2090 Christus
2413 2031 2574 2091 Deus
2611 2039 2670 2091 et
2709 2032 2904 2091 Homo

504 2110 567 2169 in
610 2109 809 2168 divina
850 2118 911 2169 et
953 2111 1205 2169 humana
1244 2119 1449 2171 natura
1474 2112 1537 2169 in
1563 2111 1788 2171 actione
1815 2130 2068 2189 praesens
2097 2110 2381 2185 adoretur,
2413 2111 2737 2170 substantia
2768 2130 2909 2170 vero

503 2190 600 2247 vel
642 2190 863 2267 speeies
904 2191 1317 2250 elementorum
1363 2191 1529 2268 panis
1577 2198 1636 2249 et
1681 2191 1805 2250 vini
1851 2211 1970 2249 non
2010 2190 2335 2264 adorentur,
2366 2210 2474 2249 nec
2500 2196 2714 2268 praeter'
2737 2191 2909 2249 Crea-

502 2277 683 2328 torem
740 2270 914 2328 etiam
968 2277 1288 2329 creaturam
1344 2270 1660 2346 colamus,'’
1707 2267 1816 2329 &c.
1902 2270 2019 2330 Sed
2077 2269 2366 2328 Pontificii
2419 2289 2537 2327 non
2589 2270 2685 2329 hic
2732 2268 2906 2329 modo

502 2349 808 2423 theoretice,
853 2348 955 2407 sed
992 2357 1051 2408 et
1086 2350 1343 2425 practice
1384 2349 1555 2407 etiam
1600 2356 1807 2425 errant,
1853 2357 1912 2408 et
1948 2348 2180 2426 quidem
2211 2348 2568 2425 gravissime,
2599 2349 2738 2408 dum
2766 2349 2907 2408 ado-

502 2428 782 2486 rationem
810 2428 1015 2487 hostiae
1036 2437 1095 2487 et
1116 2428 1358 2487 credunt
1378 2428 1490 2506 ipsi
1516 2436 1575 2488 et
1600 2428 1896 2503 exhibent,
1928 2438 1986 2487 et
2014 2428 2236 2495 caeteris
2265 2436 2534 2505 tanquam
2565 2448 2784 2487 summe
2806 2448 2908 2488 ne-

502 2507 808 2565 cessariam
850 2508 957 2565 sub
997 2526 1171 2585 poena
1218 2508 1601 2567 anathematis
1641 2508 1908 2567 omnibus
1947 2508 2267 2585 imponunt.
2351 2510 2407 2566 3.
2452 2508 2767 2567 Lutherani
2809 2508 2905 2567 hic

500 2585 779 2644 falluntur
803 2606 953 2664 resp.
984 2587 1104 2662 loci,
1136 2586 1275 2645 dum
1303 2594 1509 2664 putant
1530 2607 1737 2664 corpus
1766 2586 1981 2646 Christi
2007 2587 2090 2645 ibi
2117 2606 2260 2661 esse,
2291 2585 2393 2645 ubi
2419 2605 2536 2645 non
2565 2595 2654 2646 est
2681 2606 2902 2663 revera,

501 2665 605 2724 sed
641 2686 759 2724 non
800 2666 993 2744 quoad
1030 2668 1312 2742 objectum,
1336 2674 1403 2726 ut
1443 2686 1547 2744 pro
1590 2686 1826 2744 corpore
1857 2666 2070 2725 Christi
2111 2666 2271 2726 aliud
2297 2665 2534 2742 aliquod
2562 2666 2902 2744 subjectum,

499 2745 880 2805 substantiam
906 2752 1047 2823 puta
1072 2746 1256 2824 panis,
1296 2746 1596 2823 accipiant,
1645 2746 1783 2824 quia
1818 2746 2024 2805 volunt
2041 2765 2268 2822 semper
2292 2764 2523 2804 manere
2550 2766 2758 2823 panem
2785 2745 2904 2805 dis·

498 2825 739 2885 tinctum
769 2845 805 2884 a
845 2845 1079 2903 corpore
1099 2826 1329 2885 Christi.
1417 2825 1534 2885 Sed
1564 2826 1851 2885 Pontificii
1875 2844 1990 2885 non
2009 2825 2184 2884 modo
2199 2834 2440 2902 peccant
2467 2846 2616 2903 resp.
2647 2826 2766 2900 loci,
2799 2824 2906 2885 sed

496 2914 557 2964 et
582 2906 789 2982 objecti,
835 2903 973 2965 dum
1001 2925 1119 2964 non
1158 2914 1384 2965 tantum
1414 2905 1628 2965 Christi
1676 2925 1884 2982 corpus
1924 2905 2009 2963 ibi
2055 2924 2182 2963 esse
2231 2904 2492 2963 localiter
2533 2905 2898 2981 pertendunt,

497 2985 601 3043 sed
646 2987 837 3063 ipsum
883 3006 1091 3063 panem
1139 2985 1201 3043 in
1250 3004 1457 3062 corpus
1501 2985 1718 3044 Christi
1757 2993 2040 3045 mutatum
2070 2991 2369 3059 statuuut;
2420 2992 2593 3061 atque
2639 2984 2737 3059 ita,
2762 2984 2900 3043 dum

496 3064 739 3124 credunt
780 3084 841 3124 se
883 3065 1120 3124 adorare
1164 3065 1471 3141 Christum,
1516 3066 1708 3142 reipsa
1750 3066 1895 3124 nihil
1943 3064 2102 3123 aliud
2156 3082 2329 3140 quam
2377 3082 2580 3139 panem
2638 3064 2896 3139 adorant,

494 3150 555 3201 et
582 3144 665 3201 sic
692 3145 896 3203 merito
924 3146 982 3202 in
1020 3160 1375 3225 ugron-renas
1417 3144 1632 3203 crimen
1680 3146 1996 3203 incurrunt.
2080 3147 2136 3201 4.
2183 3142 2474 3201 Pontificii
2509 3142 2900 3202 adorationem

494 3220 699 3280 hostiae
748 3241 864 3280 non
910 3223 1083 3282 modo
1130 3225 1192 3281 in
1255 3244 1367 3283 usu
1416 3224 1758 3283 sacramenti
1802 3224 2082 3298 sanciunt,
2129 3222 2230 3281 sed
2280 3222 2453 3280 etiam
2502 3232 2668 3281 extra
2729 3242 2900 3281 usum

494 3318 597 3357 seu
645 3308 810 3358 extra
849 3300 1007 3359 illam
1049 3302 1334 3361 actionem
1377 3303 1676 3381 imperant,
1721 3311 1862 3379 puta
1905 3322 2082 3379 quum
2124 3301 2290 3379 panis
2336 3301 2398 3359 in
2437 3301 2901 3378 processionibus

494 3377 972 3455 circumgestatur
998 3388 1056 3438 et
1082 3379 1142 3438 in
1170 3382 1515 3457 repositione
1543 3381 1873 3455 includitur,
1903 3390 1970 3439 ut
2009 3390 2148 3440 tunc
2172 3381 2386 3458 populo
2416 3381 2742 3440 adorandus
2769 3402 2899 3460 pro-

493 3466 756 3534 ponatur.
843 3458 960 3517 Sed
980 3458 1311 3533 Lutherani‚
1342 3460 1479 3519 licet
1504 3460 1724 3518 cultum
1748 3460 1961 3518 Christi
1979 3460 2038 3517 in
2065 3480 2174 3519 usu
2197 3461 2540 3519 sacramenti
2560 3470 2895 3538 agnoscant,

492 3544 659 3595 extra
684 3536 846 3595 illum
876 3544 1069 3597 tamen
1095 3538 1443 3615 peculiarem
1472 3540 1688 3597 cultum
1719 3548 1818 3598 aut
1850 3538 2240 3598 adorationem
2290 3540 2364 3597 ad
2407 3558 2614 3616 panem
2655 3539 2896 3599 circum·

492 3624 782 3694 gestatum
825 3617 924 3677 vel
984 3618 1300 3695 repositum
1366 3618 1541 3677 statui
1603 3638 1722 3678 non
1786 3638 1954 3695 posse
2014 3619 2136 3677 sine
2200 3618 2504 3678 manifesta
2569 3618 2898 3679 idololatria

490 3696 848 3773 profitentur.
934 3696 1142 3773 “Quid
1190 3697 1348 3757 aliud
1390 3699 1758 3776 possumus,”
1799 3698 1989 3775 inquit
2030 3697 2170 3757 ibid.
2220 3699 2475 3773 Chemm,
2511 3698 2736 3775 “juxta
2761 3718 2892 3757 nor·

490 3796 641 3834 mam
670 3776 835 3835 verbi
852 3775 1037 3835 divini
1054 3776 1336 3854 judicare,
1367 3796 1539 3854 quam
1580 3778 1756 3837 talem
1778 3778 1995 3837 cultum
2013 3797 2129 3836 non
2177 3797 2304 3837 esse
2331 3790 2759 3858 Χςιπολκτςααι,
2791 3778 2896 3837 sed

488 3872 844 3937 nerana-tgna·
862 3857 928 3916 ?''
1000 3859 1056 3916 5.
1102 3856 1267 3916 Licet
1318 3857 1640 3934 praesentiae
1681 3856 1852 3916 realis
1899 3856 2113 3934 dogma
2159 3857 2321 3916 varia
2363 3858 2614 3916 absurda
2654 3866 2788 3935 post
2831 3878 2895 3917 se

488 3936 710 4011 trahat;
754 3936 892 4013 quia
931 3943 1125 3995 tamen
1168 3935 1483 3996 Lutherani
1524 3957 1594 3996 ea
1639 3956 1758 3994 non
1797 3945 2136 4013 agnoscunt,
2167 3944 2226 3995 et
2254 3937 2327 3995 ab
2355 3938 2447 3995 his
2474 3938 2780 3995 abhorrere
2829 3956 2891 3995 se

485 4016 841 4093 profitentur,
872 4024 931 4075 et
958 4024 1243 4075 testantur
1270 4035 1331 4075 se
1359 4014 1591 4075 credere
1619 4016 1940 4094 praesentiae
1967 4016 2135 4075 istius
2163 4016 2398 4074 modum
2435 4036 2561 4075 esse
2602 4016 2772 4093 plane
2801 4020 2892 4092 ιρ-

486 4100 617 4173 ὃπου
645 4105 703 4155 et
730 4096 1213 4173 inexplicabilem,
1257 4096 1359 4172 qni
1398 4114 1515 4154 non
1560 4096 1768 4170 obstet,
1816 4096 2124 4172 quominus
2165 4115 2374 4172 corpus
2423 4096 2638 4155 Christi
2687 4096 2892 4154 saltem

484 4176 679 4251 quoad
700 4185 887 4234 actum
908 4184 1143 4252 natm-w,
1170 4184 1235 4234 ut
1253 4176 1585 4252 loquuntur,
1608 4175 1842 4234 unicum
1863 4174 2054 4233 locum
2073 4194 2318 4251 eumque
2337 4174 2892 4253 circumscriptivum

481 4262 755 4331 occupet3
800 4255 935 4332 quia
960 4264 1289 4314 naturarum
1340 4256 1402 4312 in
1430 4255 1662 4314 Christo
1697 4254 1998 4313 veritatem
2040 4262 2100 4313 et
2147 4253 2574 4314 distinctionem
2621 4273 2894 4332 expresse

476 4333 776 4391 nobiscum
806 4335 1166 4411 confitentur,
1211 4354 1330 4393 non
1356 4336 1551 4394 statim
1582 4343 1825 4412 possunt
1853 4342 1954 4393 aut
2001 4334 2218 4393 debent
2256 4333 2375 4391 iuis
2417 4334 2660 4410 impingi
2690 4352 2890 4392 omnes

478 4410 612 4485 illae,
643 4430 773 4487 quae
800 4432 876 4471 ex
903 4415 1014 4472 hoc
1042 4415 1296 4491 ipsorum
1344 4415 1615 4491 dogmate
1663 4422 1906 4491 possunt
1951 4414 2101 4487 elici,
2133 4413 2578 4489 consequentiae,
2620 4413 2786 4489 quasi
2817 4411 2890 4470 de

476 4488 707 4547 illorum
737 4500 929 4551 essent
954 4493 1068 4552 fide
1100 4516 1113 4554 ε
1154 4502 1222 4553 ut
1248 4514 1365 4553 non
1392 4502 1636 4571 possunt
1654 4497 1814 4571 juste
1839 4494 2009 4552 nobis
2040 4492 2364 4551 adscribere
2413 4500 2748 4570 portentosa
2788 4491 2891 4549 illa

474 4568 765 4645 dogmata,
796 4590 929 4647 quse
954 4590 1028 4629 ex
1056 4573 1350 4632 nonnullis
1390 4572 1752 4650 quorundam
1797 4572 2096 4632 doctorum
2139 4578 2467 4632 nostrorum
2495 4572 2694 4630 verbis
2735 4570 2888 4629 male

473 4647 783 4708 intellectis
822 4650 1011 4709 solent
1052 4670 1349 4727 perperam
1388 4652 1679 4729 colligere.
1767 4651 1886 4711 Sed
1924 4650 2356 4711 Pontificiorum
2405 4650 2520 4710 alia
2567 4659 2657 4711 est
2697 4650 2886 4710 ratio:
