3234 5192
532 299 645 357 (386
1074 313 1151 353 ns
1181 312 1656 354 SATISFAC'moMs
1685 312 1920 355 cums-rx
1949 313 2372 355 PERFBCTIONE.
2485 293 2744 375 [msrc'r.
2777 313 2930 355 xxix.

526 456 604 514 ad
632 453 817 530 ipsius
832 454 1309 513 consecutionem
1337 452 1803 524 contulerimus3
1847 456 1952 513 sed
1981 454 2123 530 quia
2143 472 2262 511 non
2292 454 2410 512 alio
2439 454 2718 513 sacrificio
2745 474 2929 531 quam

526 551 647 609 quo
677 540 737 590 et
763 551 873 591 nos
900 534 1222 591 consecrati
1250 540 1405 603 sunt,
1444 550 1562 590 non
1596 532 1714 590 alio
1744 533 2034 607 sanguine
2061 534 2318 608 purgati,
2360 551 2479 590 non
2509 532 2627 591 alio
2655 534 2786 591 cibo
2813 552 2930 591 nu-

521 612 666 683 triti,
693 611 725 669 l
759 610 894 669 Cor.
922 630 979 668 x.
1009 612 1065 686 4,
1110 629 1230 667 non
1258 611 1379 669 alio
1410 610 1617 685 Capite
1657 610 1922 669 animati.
1983 611 2072 670 Ut
2111 629 2274 669 nunc
2300 630 2421 668 non
2443 610 2726 682 dicamne,
2757 614 2926 687 quod

522 697 725 749 tamen
768 691 889 748 huc
928 708 1051 746 non
1094 689 1469 747 incommode
1510 697 1707 763 potest
1734 690 1908 760 trahi,
1951 690 2280 765 pleniorem
2308 692 2488 765 longe
2516 691 2715 747 datam
2740 690 2925 749 fuisse

522 768 694 827 istius
739 767 1004 841 mysterii
1050 767 1113 823 in
1164 766 1431 825 Ecclesia
1477 766 1880 841 cognitionem
1935 787 2040 843 per
2090 768 2309 827 Christi
2363 768 2924 840 manifestationem,

523 846 663 907 Sole
710 848 823 903 hoc
860 845 1111 919 justitiae
1160 848 1357 903 radios
1406 864 1546 903 suos
1593 864 1754 903 nunc
1801 847 2192 922 undiquaque
2239 848 2630 917 diffundente,
2686 854 2746 905 et
2791 866 2925 905 um-

518 927 657 1003 bras
696 925 919 998 legales
947 941 1069 981 non
1096 924 1295 982 minus
1323 944 1391 983 ac
1417 925 1690 983 tenebras
1722 922 1996 999 Paganas
2039 924 2412 999 dispellente.
2493 925 2675 984 Unde
2719 934 2922 983 nostra

516 1005 699 1079 longe
732 1002 924 1077 potior
960 1002 1181 1060 dicitur
1222 1022 1346 1061 esse
1382 1002 1645 1060 conditio
1673 1003 1817 1078 quia
1843 1003 2116 1061 videmus
2143 1010 2204 1061 et
2230 1004 2511 1061 audimus
2539 1022 2612 1063 ea
2637 1022 2773 1081 quae
2803 1003 2920 1061 Re-

518 1100 622 1159 ges
650 1089 710 1138 et
737 1080 1050 1155 Prophetae
1081 1088 1364 1156 optarunt
1390 1080 1591 1138 videre
1641 1088 1701 1138 et
1747 1080 1973 1154 audire,
2016 1101 2126 1139 nec
2167 1090 2496 1157 potuerunt
2523 1090 2742 1154 tamen,
2771 1082 2919 1142 Luc.

518 1181 575 1219 x.
607 1161 703 1217 24.
765 1157 900 1215 Imo
929 1158 1069 1233 ipsis
1100 1162 1352 1234 Angelis
1380 1160 1598 1217 dicitur
1639 1178 1800 1219 nunc
1839 1160 2154 1219 manifesta
2189 1160 2350 1219 facta
2373 1161 2437 1217 in
2468 1159 2733 1219 Ecclesia
2759 1177 2918 1221 mav-

519 1240 738 1301 τοίκιλος
767 1236 882 1295 Dei
908 1238 1215 1313 sapientia,
1242 1237 1395 1313 Eph.
1424 1238 1507 1295 iii.
1542 1239 1633 1296 10.
1688 1238 1918 1307 Quidni
1945 1258 2088 1315 ergo
2117 1239 2446 1297 dixerimus
2473 1258 2580 1315 per
2607 1240 2924 1299 exhibitio-

518 1336 656 1376 nem
680 1314 899 1376 Christi
924 1324 985 1373 et
1013 1316 1461 1392 Redemptionis
1500 1318 2070 1377 consummationem
2113 1318 2328 1393 maiori
2369 1319 2502 1377 luce
2532 1336 2716 1393 quam
2743 1328 2924 1379 antea

518 1397 798 1463 imbutos,
842 1402 903 1452 et
944 1395 1159 1472 majori
1199 1396 1379 1455 etiam
1420 1396 1644 1471 gaudio
1688 1396 1958 1473 perfusos
1996 1397 2179 1454 fuisse
2217 1395 2442 1468 Patres,
2485 1398 2674 1455 donec
2715 1416 2923 1456 omnes

517 1475 733 1532 ultimo
757 1473 854 1531 die
874 1482 1266 1549 resurgentes,
1289 1476 1585 1532 coelestem
1606 1475 1862 1549 gloriam
1889 1482 1949 1532 et
1969 1475 2030 1531 in
2059 1475 2406 1550 corporibus
2426 1481 2488 1532 et
2514 1472 2920 1534 in⁰animabus

518 1572 653 1629 quae
701 1552 979 1610 absoluta
1024 1554 1136 1610 erit
1178 1552 1632 1622 consummatio,
1665 1571 1790 1609 una
1827 1571 1934 1627 per
1959 1554 2216 1610 eundem
2249 1552 2552 1609 Christum
2580 1559 2800 1633 ὶςχηγὸν
2825 1566 2922 1614 καὶ

516 1635 763 1693 finam-311
791 1633 1015 1701 πίστιος,
1044 1634 1525 1706 consequamur?
1570 1630 1670 1687 Ita
1697 1628 2018 1687 Promissio
2039 1647 2222 1705 quam
2250 1627 2456 1686 Patres
2482 1629 2766 1688 dicuntur
2793 1652 2916 1691 non

519 1712 861 1780 obtinuisse,
906 1709 1059 1766 nihil
1100 1710 1268 1766 aliud
1312 1715 1402 1765 est
1443 1725 1627 1782 quam
1659 1706 1842 1781 ipsius
1875 1707 2091 1765 Christi
2134 1706 2529 1783 manifestatio
2549 1728 2574 1771 ‚·
2615 1726 2750 1782 quae
2794 1712 2918 1768 nar·

515 1792 681 1867 ἐξοχὴν
709 1790 1030 1861 Est-mma
1050 1786 1286 1856 dicitur,
1310 1786 1453 1861 quia
1474 1784 1743 1841 omnium
1765 1783 2019 1841 aliarum
2042 1802 2223 1841 eausa
2239 1792 2326 1841 est
2347 1792 2408 1842 et
2425 1783 2912 1860 fundamentum,

515 1888 621 1946 per
647 1888 825 1946 quem
855 1864 1287 1926 consummatio
1315 1864 1431 1921 ista
1456 1861 1728 1921 fidelium
1754 1861 1961 1919 debuit
1987 1861 2203 1937 perfici.

597 1945 989 2005 XXXVIII.
1035 1943 1265 2003 Eodem
1292 1940 1531 2019 respicit
1550 1940 1796 1998 verbum
1823 1942 2102 2000 πτελέη-αι
2125 1940 2602 2000 Consummatum
2623 1954 2725 2014 est,
2748 1948 2915 2020 quod

519 2024 791 2087 Christus
809 2024 1066 2101 jamjam
1091 2021 1417 2080 moriturus
1463 2020 1527 2077 in
1568 2037 1741 2077 cruce
1785 2022 2052 2095 protulit,
2082 2019 2226 2079 Joh.
2269 2020 2390 2077 xix.
2421 2019 2515 2076 30.
2616 2022 2916 2090 Quamvis

516 2106 679 2163 enim
720 2105 906 2181 possit
945 2121 1068 2160 vox
1106 2101 1221 2159 ista
1256 2098 1478 2171 referri,
1525 2100 1575 2157 1.
1607 2098 1712 2155 Ad
1752 2098 2160 2175 impletionem
2201 2094 2622 2157 Vaticiniorum
2664 2121 2797 2177 quae
2841 2104 2918 2163 de

519 2184 740 2243 Christi
766 2182 1145 2259 passionibus
1185 2188 1245 2238 et
1290 2186 1484 2237 morte
1530 2177 1694 2236 edita
1739 2177 1996 2258 fuerant,
2043 2179 2189 2238 Luc.
2220 2178 2381 2235 xviii.
2411 2178 2506 2253 31,
2552 2185 2612 2237 et
2643 2181 2787 2240 xxii.
2817 2181 2915 2254 37,

518 2263 561 2321 J
566 2266 661 2321 oh.
690 2264 813 2321 xix.
844 2262 921 2320 28
944 2284 961 2333 ;
1005 2261 1059 2317 2.
1092 2260 1195 2317 Ad
1224 2258 1632 2333 impletionem
1663 2266 1935 2333 typorum
1962 2257 2068 2332 qui
2093 2260 2158 2315 in
2185 2257 2314 2331 ipso
2340 2258 2632 2315 moriente
2659 2262 2916 2335 comple-

516 2348 789 2399 mentum
816 2359 995 2397 suum
1023 2343 1166 2395 sunt
1192 2336 1404 2405 sortiti,
1434 2341 1504 2391 ut
1530 2334 1636 2407 qui
1664 2336 1738 2391 de
1769 2334 1951 2409 Agno
1989 2333 2271 2410 paschali,
2313 2336 2388 2393 de
2417 2335 2701 2411 Serpente
2729 2357 2915 2412 aeneo,

516 2421 593 2476 de
623 2417 899 2476 Victimis
926 2418 1025 2473 vel
1051 2413 1418 2489 quotidianis
1444 2412 1542 2467 vel
1574 2412 1792 2469 annuis
1812 2412 1971 2469 dicta
1994 2412 2268 2483 fuerant;
2325 2414 2378 2469 3.
2412 2413 2514 2469 Ad
2543 2432 2917 2475 consumma-

513 2496 741 2553 tionem
766 2493 979 2551 decreti
1006 2490 1195 2548 divini
1221 2496 1283 2546 et
1309 2487 1577 2545 mandati
1618 2488 1866 2561 paterni,
1910 2489 2054 2563 quia
2086 2490 2372 2565 quicquid
2401 2492 2475 2547 de
2503 2510 2574 2547 eo
2605 2490 2785 2551 Pater
2811 2496 2914 2553 de-

514 2578 777 2631 creverat
818 2578 877 2628 et
918 2570 1011 2626 illi
1053 2569 1116 2626 in
1160 2565 1459 2625 mandatis
1500 2566 1746 2622 dederat
1781 2566 1860 2623 ad
1897 2586 2048 2641 opus
2087 2566 2300 2625 salutis
2329 2571 2745 2643 exequendum
2779 2572 2914 2645 jam

512 2650 853 2728 perfecerat,
882 2649 979 2705 vel
1021 2645 1187 2705 brevi
1220 2644 1589 2721 perfecturus
1614 2651 1780 2715 erat;
1823 2645 2194 2720 praeteritum
2221 2645 2379 2703 enim
2407 2646 2505 2704 hic
2531 2647 2776 2721 ponitur
2801 2669 2915 2725 pro

511 2730 696 2807 paulo
724 2734 859 2804 post
877 2727 1084 2784 futuro
1111 2730 1199 2796 ut,
1228 2724 1447 2782 Matth.
1476 2721 1636 2779 xxvi.
1664 2722 1758 2799 28,
1805 2730 1839 2757 “
1865 2723 2121 2799 Sanguis
2148 2724 2253 2801 qui
2281 2724 2667 2797 effunditur,”
2696 2728 2778 2785 id.
2807 2729 2916 2805 qui

506 2808 763 2885 jamjam
802 2806 1201 2865 effundendus
1242 2809 1348 2873 est,
1386 2808 1457 2861 ut
1492 2820 1646 2879 saepe
1687 2802 1870 2874 alibi;
1910 2802 1966 2859 4.
1999 2802 2104 2861 Ad
2155 2802 2741 2863 consummationem
2788 2826 2915 2866 om-

512 2888 685 2946 nium
721 2886 1065 2964 passionum
1108 2890 1168 2941 et
1211 2882 1601 2952 cruciatuum,
1648 2882 1753 2957 qui
1796 2900 1903 2957 pro
1941 2881 2196 2957 peccatis
2233 2882 2451 2941 nostris
2477 2882 2775 2943 tolerandi
2801 2886 2916 2962 ipsi

514 2973 721 3037 erant3
766 2966 928 3023 unde
958 2964 1221 3039 August.
1253 2961 1445 3019 Tract.
1476 2961 1565 3018 11.
1594 2958 1657 3016 in
1680 2960 1722 3018 J
1727 2962 1844 3031 oh.‚
1869 2966 1904 2993 ‘⁶
1930 2960 2424 3019 Consummatum
2445 2969 2550 3033 est,
2581 2964 2726 3037 quia
2761 2964 2915 3023 nihil

513 3051 897 3115 remanserat,
928 3044 1093 3119 quod
1121 3048 1442 3115 antequam
1470 3047 1799 3097 moreretur
1825 3040 1954 3098 fieri
1975 3040 2174 3097 adhuc
2200 3042 2568 3113 oporteret:”
2623 3040 2915 3109 Quamvis

516 3123 675 3181 enim
712 3125 839 3180 haec
882 3128 943 3179 et
982 3119 1105 3177 alia
1142 3120 1205 3175 id
1232 3137 1423 3193 genus
1447 3119 1561 3175 hac
1586 3136 1731 3177 voce
1759 3117 2080 3193 significari
2105 3135 2227 3174 non
2255 3136 2560 3192 negemus,
2589 3138 2710 3177 non
2739 3122 2914 3179 dubi-

512 3210 711 3258 tamus
738 3207 935 3256 tamen
967 3198 1267 3256 Christum
1293 3196 1589 3272 praeeipue
1611 3198 1933 3271 respexisse
1955 3197 2033 3254 ad
2054 3197 2624 3255 consummationem
2647 3199 2910 3276 redemp-

512 3276 700 3346 tionis,
744 3283 815 3332 ut
855 3276 1069 3332 innuat
1103 3293 1163 3331 se
1201 3275 1493 3349 peregisse
1527 3292 1676 3348 opus
1703 3274 1858 3331 illud
1886 3275 2047 3349 quod
2079 3271 2256 3333 Pater
2285 3274 2378 3331 illi
2404 3275 2797 3347 commiserat,
2840 3286 2912 3336 ut

509 3353 659 3413 nihil
698 3352 956 3428 amplius
983 3351 1323 3408 faciendum
1352 3352 1605 3425 supersit
1632 3354 1793 3426 quod
1823 3353 2035 3409 attinet
2059 3353 2136 3409 ad
2165 3353 2625 3412 satisfactionem
2652 3356 2908 3430 justitiae

508 3432 727 3490 divinae
756 3438 817 3488 et
843 3428 1293 3505 acquisitionem
1316 3429 1543 3500 salutis,
1573 3430 1738 3504 quod
1769 3429 2054 3501 Christus,
2082 3428 2125 3486 J
2130 3431 2226 3487 oh.
2249 3431 2390 3487 xvii.
2421 3433 2478 3504 4,
2498 3434 2631 3507 jam
2657 3440 2909 3492 testatus

507 3519 651 3573 erat,
698 3517 732 3543 “
758 3509 890 3585 Ego
918 3515 979 3566 te
1004 3507 1331 3583 glorificavi
1357 3507 1418 3563 in
1448 3514 1624 3579 terra,
1653 3526 1803 3583 opus
1829 3514 2118 3567 maulam
2144 3511 2553 3567 consummavi
2574 3513 2738 3586 quod
2758 3511 2909 3570 mihi

509 3588 726 3648 dedisti
754 3595 823 3646 ut
847 3587 1160 3646 facerem.''
1238 3585 1403 3653 Quia
1428 3584 1567 3643 licet
1593 3594 1927 3661 postremus
1952 3594 2118 3647 actus
2145 3586 2317 3645 istius
2345 3589 2537 3664 operis
2563 3590 2908 3665 implendus

508 3670 707 3726 adhuc
752 3672 1098 3742 superesset,
1144 3664 1312 3722 Mors
1354 3664 1591 3735 scilicet,
1623 3682 1776 3739 quae,
1821 3674 1891 3724 ut
1925 3684 2148 3725 corona
2173 3664 2291 3723 fuit
2317 3673 2378 3724 et
2405 3668 2906 3742 complementum

506 3749 639 3824 ejus
680 3744 1051 3816 obedientiae,
1096 3743 1183 3800 ita
1216 3744 1521 3801 absolvere
1548 3743 1760 3801 debuit
1784 3747 1938 3804 hanc
1967 3744 2500 3824 Redemptionemj:
2543 3746 2765 3804 Tamen
2793 3765 2906 3805 cae-

506 3834 635 3884 tera
677 3825 877 3883 omnia
918 3842 1053 3898 quae
1098 3828 1277 3879 antea
1318 3823 1653 3897 praestanda
1696 3831 1881 3895 erant,
1928 3822 2194 3901 praestita
2226 3823 2358 3898 jam
2394 3820 2652 3895 fuerant,
2691 3831 2751 3882 et
2790 3827 2906 3884 hoc

504 3912 871 3981 postremum
912 3900 1229 3960 certissime
1273 3908 1333 3957 et
1374 3900 1541 3957 brevi
1583 3907 1712 3959 erat
1828 3902 2194 3961 rficiendum.
2273 3901 2370 3959 Sic
2405 3902 2712 3977 Scriptura
2747 3923 2905 3979 saepe

504 3984 657 4043 solet
693 3984 768 4041 de
805 3982 983 4039 rebus
1012 3986 1169 4037 certo
1194 3978 1415 4036 futuris
1442 3979 1611 4054 loqui
1638 3997 1744 4037 ver
1783 3982 1831 4037 is
1860 3978 2144 4055 praeteriti
2171 3981 2473 4055 temporis,
2508 3988 2578 4038 ut
2605 3983 2902 4039 certitudo

502 4069 563 4118 et
604 4060 861 4118 brevitas
902 4057 1273 4117 futuritionis
1316 4064 1376 4114 et
1416 4064 1663 4115 eventus
1706 4058 1920 4116 melius
1963 4065 2206 4117 constet.
2286 4058 2382 4117 Sic
2421 4059 2709 4130 Christus,
2754 4059 2797 4117 J
2801 4062 2905 4119 oh.

499 4140 640 4199 xvii.
676 4139 767 4211 11,
797 4137 941 4195 dicit
968 4155 1028 4197 se
1072 4143 1107 4170 “
1136 4154 1258 4194 non
1286 4135 1547 4211 amplius
1577 4153 1702 4193 esse
1745 4135 1808 4195 in
1851 4138 2137 4208 mund0,’'
2165 4136 2308 4212 quia
2343 4137 2506 4195 brevi
2549 4156 2625 4195 ex
2668 4156 2739 4196 eo
2775 4146 2904 4197 erat

495 4218 785 4276 exiturus.
852 4216 947 4274 Ex
975 4216 1193 4291 quibus
1223 4213 1513 4283 omnibus,
1560 4212 1661 4293 (ne
1705 4216 1883 4289 plura
1916 4215 2050 4289 jam
2089 4217 2385 4275 addamus
2429 4224 2782 4291 argumenta
2821 4220 2902 4276 ad

495 4296 763 4355 veritatis
811 4293 1363 4372 confirmationem,)
1403 4292 1740 4366 colligimus
1763 4292 2068 4352 Christum
2094 4294 2582 4371 quandoquidem
2612 4314 2761 4370 opus
2789 4295 2901 4353 sibi

491 4374 873 4431 commissum
915 4375 1090 4449 plene
1132 4370 1581 4444 consummavit,
1633 4372 2018 4431 conscientias
2057 4375 2391 4450 purgando,
2433 4381 2676 4448 peccata
2703 4374 2904 4432 remit-

489 4451 691 4521 tendo,
714 4457 776 4509 et
790 4452 994 4510 fideles
1021 4450 1614 4527 perficiendo—nihil
1642 4451 1902 4526 amplius
1923 4472 1961 4511 a
1980 4450 2176 4511 Nobis
2203 4452 2424 4527 requiri
2447 4472 2462 4522 ;
2508 4452 2718 4528 Atque
2745 4454 2898 4511 adeo

482 4530 805 4665 perfegtam
828 4536 894 4661 1et
936 4528 1469 4607 sufficientissimam
1515 4530 1700 4589 fuisse
1745 4531 1876 4607 ejus
1907 4530 2390 4608 satisfactionem,
2438 4530 2617 4599 Quod
2648 4532 2898 4589 demon·-

488 4613 647 4665 stran
697 4622 802 4664 um
858 4606 961 4663 uit.
