3234 5192
510 310 627 367 308
1214 324 1294 366 nr:
1317 324 1568 384 smm‘ru,
1599 325 1780 386 Aous,
1814 326 1889 367 nr
1918 324 2236 367 sanemus.
2536 304 2797 388 [msrur.
2828 320 2912 367 vr.

513 486 638 525 sese
666 466 726 524 in
755 468 977 525 animos
1004 474 1232 527 nostros
1260 467 1550 527 insinuare
1579 476 1861 545 poterant,
1894 476 1953 527 et
1978 466 2040 525 in
2066 466 2152 526 rei
2181 466 2483 526 veritatem
2502 483 2612 524 nos
2630 465 2933 527 deducere.

515 546 740 605 Deinde
770 567 901 605 cum
929 548 990 605 in
1020 548 1348 607 testimonio
1375 547 1620 607 dicendo
1649 548 1797 607 ratio
1822 546 2105 606 habeatur
2132 548 2357 606 numeri
2382 546 2636 621 testium,
2668 554 2734 604 ut
2760 545 2821 604 in
2838 565 2937 605 ore

515 626 758 685 duorum
783 627 880 686 vel
929 628 1102 686 trium
1151 628 1385 687 testium
1435 635 1625 686 ratum
1674 628 1751 687 sit
1794 646 1963 686 omne
2009 627 2251 685 verbum
2279 649 2294 703 ;
2340 627 2802 686 Consentaneum
2830 625 2942 685 fuit

512 706 784 783 utrinque
812 715 930 766 tres
949 715 1128 766 testes
1155 707 1487 784 producere,
1518 707 1619 784 qui
1647 727 1717 766 eo
1760 706 1967 766 fortius
2010 706 2349 783 mysterium
2376 707 2487 769 hoc
2516 704 2937 766 confirmarent.

517 786 743 845 Rursus
771 806 902 845 cum
931 787 991 844 in
1020 786 1176 845 omni
1199 786 1528 845 testimonio
1576 794 1867 863 spectetur
1914 787 2095 863 vulgo
2124 786 2220 845 vel
2266 787 2434 845 testis
2478 785 2812 861 authoritas,
2844 786 2941 845 vel

513 866 600 924 rei
627 866 810 943 ipsius
837 866 1146 941 evidentia,
1175 886 1250 924 ne
1277 866 1421 943 quid
1446 866 1776 926 testimonio
1804 865 1939 925 huic
1968 865 2167 925 divino
2195 865 2439 941 deesset,
2470 873 2777 941 utrumque
2806 886 2942 924 con-

508 945 683 1023 jungi
711 946 967 1022 placuit:
1011 965 1146 1003 nam
1173 945 1426 1023 priorum
1455 946 1629 1004 trium
1656 946 1891 1005 testium
1923 954 2085 1005 tanta
2104 953 2195 1004 est
2222 946 2559 1020 authoritas,
2591 953 2809 1022 quanta
2832 965 2939 1023 po-

515 1034 631 1084 test
653 1044 779 1083 esse
795 1025 1066 1099 maxima,
1090 1034 1232 1103 puta
1245 1026 1480 1083 Naturae
1493 1025 1741 1101 Divinae,
1762 1046 1891 1103 quse
1910 1046 2013 1103 per
2030 1046 2091 1085 se
2109 1025 2439 1091 αὖτὸπιηοςι
2463 1026 2543 1083 Ει
2560 1025 2941 1103 posteriorum

518 1112 681 1164 tanta
708 1112 797 1163 est
825 1104 1117 1163 evidentia
1145 1105 1205 1163 in
1231 1104 1491 1164 fidelium
1536 1106 1807 1166 cordibus
1856 1114 1916 1165 et
1962 1105 2166 1165 intimo
2215 1106 2582 1166 conscientiae
2632 1124 2823 1179 sensu,
2870 1114 2939 1164 ιιι

519 1183 666 1242 nihil
683 1184 760 1242 ad
787 1183 959 1243 fidem
988 1184 1307 1243 faciendam
1351 1184 1703 1245 luculentius
1742 1206 1869 1245 esse
1916 1186 2116 1263 possit.
2206 1186 2474 1263 Denique
2521 1193 2589 1243 ut
2626 1185 2749 1262 jam
2800 1184 2938 1243 olim

516 1264 800 1340 propheta
819 1273 1168 1324 commotum
1189 1265 1262 1323 iri
1281 1265 1493 1324 coelum
1515 1273 1573 1325 et
1591 1275 1805 1325 terram
1822 1264 2078 1325 adventu
2101 1266 2315 1327 Christi
2334 1265 2696 1344 praedixerat,
2728 1264 2941 1340 Aggae.

519 1348 576 1418 2,
625 1346 718 1402 Ita
746 1344 1008 1403 Christus
1037 1345 1407 1423 undiquaque
1435 1346 1548 1404 sibi
1575 1345 1965 1405 testimonium
1994 1346 2284 1423 perhiberi
2306 1346 2508 1420 voluit,
2538 1364 2611 1403 ne
2639 1344 2743 1403 ulli
2774 1343 2940 1403 dubi-

519 1424 726 1483 tationi
752 1424 915 1483 locus
945 1444 1242 1502 superesse
1268 1435 1481 1502 posset,
1511 1434 1578 1484 ut
1606 1425 1813 1484 sivein
1841 1424 2051 1484 coelum
2074 1426 2198 1483 sive
2224 1426 2287 1483 in
2307 1434 2515 1483 terram
2534 1423 2733 1482 oculos
2761 1423 2943 1500 conji-

520 1522 796 1580 ceremus,
839 1504 1053 1581 ubique
1100 1504 1394 1563 luculenta
1437 1513 1495 1563 et
1535 1524 1812 1583 expressa
1852 1504 2410 1580 deprehenderemus
2456 1502 2627 1561 istius
2675 1502 2938 1561 veritatis

521 1592 878 1660 argumenta,
910 1593 1083 1661 atque
1123 1584 1207 1643 ita
1232 1584 1378 1642 nihil
1404 1584 1795 1643 excusationis
1838 1581 2051 1641 habere
2094 1583 2336 1660 possint,
2389 1581 2489 1658 qui
2533 1580 2821 1639 Christum
2849 1600 2940 1639 re-

522 1672 752 1740 spuunt,
785 1683 916 1722 cum
946 1664 1087 1722 satis
1115 1662 1296 1721 firmis
1317 1671 1374 1721 et
1400 1662 1711 1721 luculentis
1740 1660 2084 1721 testimoniis
2113 1680 2175 1719 se
2216 1660 2382 1719 illum
2426 1680 2553 1719 esse
2589 1658 2942 1737 probaverit,

522 1742 622 1820 qui
653 1742 790 1801 olim
820 1743 1136 1820 promissus
1163 1741 1366 1801 fuerat.

601 1822 713 1880 IV.
760 1823 843 1882 Ut
871 1840 1010 1898 ergo
1037 1822 1113 1881 ad
1141 1840 1384 1879 examen
1411 1820 1645 1879 testium
1694 1820 1935 1879 istorum
1979 1819 2414 1895 descendamus,
2444 1838 2560 1877 non
2589 1838 2734 1896 opus
2761 1827 2850 1878 est
2878 1827 2946 1879 ut

521 1903 696 1960 anxie
722 1920 1063 1978 quaeramus,
1097 1900 1215 1959 Cur
1242 1908 1358 1958 tres
1385 1918 1625 1957 numero
1654 1906 2075 1973 recenseantur,
2107 1908 2167 1959 et
2207 1919 2383 1977 quare
2412 1918 2711 1958 numerum
2745 1906 2937 1958 terna·

520 1982 690 2058 rium,
722 1981 914 2059 potius
935 1999 1108 2057 quam
1130 1979 1415 2038 binarium
1445 1987 1546 2038 aut
1573 1978 2003 2055 quaternarium
2024 1979 2069 2040 J
2072 1999 2289 2038 oannes
2319 1978 2627 2056 selegerit3
2670 1979 2939 2055 quamvis

521 2061 674 2119 enim
705 2059 1055 2138 superfluum
1083 2058 1201 2117 sere
1223 2058 1491 2118 videatur
1516 2058 1797 2117 rationem
1828 2058 1986 2117 illius
2036 2078 2310 2135 quaerere,
2342 2057 2500 2136 quod
2547 2077 2582 2116 a
2628 2078 2787 2117 mero
2812 2058 2940 2136 Spi-

522 2140 668 2201 ritus
699 2140 896 2199 Sancti
923 2138 1137 2216 pendet
1163 2138 1417 2213 arbitrio,
1448 2138 1508 2196 in
1537 2157 1653 2215 quo
1682 2138 2047 2215 acquiescere
2074 2146 2201 2198 tuto
2229 2157 2565 2215 possumus3
2608 2158 2726 2197 non
2754 2138 2857 2197 abs
2878 2158 2941 2197 re

522 2228 716 2278 tamen
745 2237 1018 2278 numerus
1045 2218 1154 2277 iste
1175 2238 1296 2295 prae
1322 2218 1545 2277 caeteris
1572 2218 1647 2276 ab
1670 2218 1957 2295 Apostolo
2003 2219 2253 2277 selectus
2294 2218 2541 2293 videtur,
2573 2237 2689 2276 non
2716 2226 2942 2277 tantum

522 2298 659 2373 quia
683 2298 962 2375 perfectio
989 2297 1255 2373 quaedam
1283 2298 1395 2357 isto
1423 2316 1663 2357 numero
1692 2298 1875 2375 vulgo
1902 2298 2051 2357 solet
2078 2298 2404 2375 designari3
2450 2297 2553 2357 sed
2574 2296 2937 2374 potissimum

521 2376 658 2454 quia
684 2377 996 2455 respondet
1021 2378 1270 2437 ternario
1292 2376 1522 2437 testium
1553 2377 1873 2437 coelestium
1902 2397 2157 2454 numero,
2207 2385 2267 2437 et
2294 2378 2430 2455 quia
2456 2377 2729 2436 convenit
2754 2377 2943 2455 appri-

521 2465 722 2535 mefft
747 2456 922 2517 rebus
950 2456 1091 2534 ipsis
1121 2457 1192 2516 de
1221 2457 1431 2535 quibus
1459 2457 1669 2534 agitur,
1702 2466 1761 2517 et
1796 2457 2046 2535 veritati,
2087 2477 2217 2535 quae
2256 2457 2555 2536 probanda
2580 2457 2941 2535 proponitur,

521 2544 588 2595 ut
609 2537 733 2614 jam
763 2556 962 2597 sumus
989 2537 1351 2615 explicaturi.

604 2616 680 2676 V.
725 2616 874 2693 Quia
901 2625 1092 2677 autem
1121 2617 1268 2675 mira
1295 2627 1384 2678 est
1409 2617 1470 2676 in
1499 2618 1745 2678 testibus
1771 2617 1901 2677 istis
1930 2616 2290 2695 explicandis
2311 2617 2723 2677 sententiarum
2750 2616 2941 2677 diver·

521 2696 682 2773 sitas,
706 2706 770 2757 ut
787 2696 1011 2757 facilius
1033 2698 1333 2757 certiorem
1360 2697 1789 2775 deprehendere
1816 2698 2121 2777 possimus,
2152 2698 2336 2775 primo
2364 2698 2483 2756 κατ’
2512 2696 2653 2775 ἅμα
2680 2716 2938 2756 remove·

521 2776 714 2837 bimus
761 2798 878 2853 eas,
929 2798 1058 2856 quae
1106 2778 1338 2837 veritati
1385 2798 1587 2856 parum
1644 2787 2043 2838 consentaneae
2100 2777 2488 2854 videbuntur3
2548 2777 2757 2836 deinde
2802 2779 2945 2835 κατὰ

521 2866 640 2917 διο-ιν
681 2858 1004 2937 aperiemus
1051 2867 1111 2918 et
1157 2858 1623 2917 confirmabimus
1652 2878 1796 2934 eam,
1840 2878 1971 2936 quse
2015 2878 2133 2935 prae
2181 2857 2403 2918 caetcris
2443 2857 2611 2917 nobis
2653 2856 2946 2935 probatur.

525 2938 772 3014 Quidam
801 2938 1118 3016 conjiciunt
1145 2948 1264 2998 tres
1291 2948 1470 2999 testes
1498 2938 1763 2997 coelestes
1791 2938 2074 2999 adductos
2120 2937 2299 2997 fuisse
2321 2958 2357 2997 a
2382 2937 2427 2997 J
2428 2957 2612 2997 oanne
2640 2937 2716 2996 ad
2744 2937 2944 2995 Deita-

522 3019 601 3078 tis
651 3018 864 3079 Christi
912 3019 1421 3094 confirmationem,
1465 3038 1618 3077 nunc
1663 3038 1801 3077 vero
1846 3018 2089 3077 totidem
2130 3018 2341 3077 adduci
2382 3016 2758 3077 humanitatis
2785 3017 2949 3076 illius

523 3105 718 3172 testes,
751 3118 954 3175 nempe
989 3098 1266 3176 Spiritum
1293 3099 1631 3173 humanum,
1658 3117 1829 3175 quem
1870 3098 2133 3158 Christus
2160 3098 2411 3157 moriens
2431 3098 2492 3155 in
2519 3116 2723 3155 manus
2754 3097 2945 3156 Patris

525 3176 780 3251 tradidit,
813 3178 956 3235 Luc.
977 3178 1145 3236 xxiii.
1175 3182 1272 3253 46,
1297 3186 1356 3237 et
1395 3178 1631 3254 Aquam
1680 3186 1740 3237 et
1782 3178 2153 3255 Sanguinem,
2204 3198 2335 3256 quse
2382 3196 2459 3238 ex
2505 3176 2719 3238 mortui
2764 3177 2947 3236 latere

522 3254 934 3331 profluxerant,
965 3262 1238 3332 tanquam
1267 3264 1423 3315 certa
1449 3257 1717 3316 humanae
1746 3258 1981 3317 Naturae
2021 3258 2237 3317 Christi
2283 3266 2641 3336 argumenta.
2724 3257 2947 3317 Verum

526 3332 578 3391 si
599 3351 836 3408 scopum
863 3334 908 3392 J
911 3334 1114 3392 oannis
1141 3336 1538 3411 expendimus,
1571 3336 1791 3412 patebit
1818 3356 1935 3394 non
1962 3337 2138 3395 alium
2176 3357 2320 3415 esse,
2369 3358 2543 3416 quam
2568 3338 2812 3415 probare
2839 3336 2883 3397 J
2886 3356 2945 3395 e·

527 3431 654 3470 sum
684 3430 809 3469 esse
840 3411 1132 3471 Christum
1155 3414 1370 3472 Filium
1395 3414 1506 3473 Dei
1527 3414 1971 3491 Redemptorem
1999 3426 2295 3493 nostrum3
2338 3418 2493 3477 unde
2520 3436 2951 3495 supervacanea

526 3490 759 3551 omnino
789 3491 1035 3565 videtur,
1067 3492 1168 3551 illa
1194 3512 1324 3569 quse
1350 3494 1691 3571 proponitur
1714 3495 2089 3555 humanitatis
2118 3496 2566 3557 demonstratio:
2651 3497 2849 3575 Atque
2878 3515 2952 3555 eo

523 3572 622 3631 vel
650 3572 921 3645 maxime,
951 3572 1107 3649 quod
1136 3572 1208 3631 de
1257 3592 1327 3631 ea
1373 3573 1709 3651 neutiquam
1759 3576 2325 3653 controvertebatur3
2370 3578 2764 3655 agnoscebant
2791 3577 2946 3635 enim

523 3652 842 3712 adversarii
866 3650 1156 3711 Christum
1185 3651 1362 3711 fuisse
1412 3672 1614 3713 verum
1663 3654 1973 3729 hominem,
2014 3675 2204 3733 neque
2246 3657 2359 3716 hoc
2404 3657 2633 3717 diffiteri
2660 3664 2947 3735 poterant,

523 3733 625 3811 qui
652 3732 832 3791 vitam
862 3732 990 3809 ejus
1013 3741 1072 3791 et
1099 3744 1338 3792 mortem
1367 3733 1652 3809 viderant,
1683 3734 1789 3792 sed
1814 3735 2109 3811 negabant
2156 3744 2381 3795 tantum
2428 3756 2555 3797 esse
2586 3737 2701 3796 Dei
2728 3738 2947 3796 Filium

523 3823 582 3873 et
603 3832 805 3871 verum
837 3812 1130 3889 Messiam,
1162 3812 1318 3889 quod
1345 3814 1627 3873 adversus
1668 3814 1825 3892 ipsos
1872 3814 2235 3892 probandum
2282 3815 2409 3891 fuit,
2458 3837 2575 3876 non
2625 3816 2776 3877 illud
2804 3836 2949 3875 vero

520 3892 678 3972 quod
705 3892 954 3966 ἐξανύων
983 3900 1106 3951 erat
1127 3900 1185 3951 et
1212 3892 1273 3949 in
1301 3893 1582 3954 confesso·

602 3973 717 4032 VI.
761 3972 887 4032 Alii
930 3993 1034 4051 per
1078 3981 1194 4033 tres
1241 3981 1421 4033 testes
1464 3973 1759 4052 designari
1801 3976 2008 4036 volunt
2056 3974 2167 4035 tria
2208 3976 2571 4037 oraculorum
2614 3994 2831 4056 genera
2874 3975 2953 4035 de

522 4054 772 4130 Christe,
803 4074 934 4131 quse
962 4052 1006 4113 J
1009 4072 1142 4113 esus
1170 4051 1308 4111 dum
1337 4053 1526 4113 adhuc
1555 4062 1711 4113 esset
1735 4055 1799 4113 in
1846 4058 2031 4132 terris,
2086 4056 2341 4117 ostendit
2368 4057 2428 4115 in
2458 4078 2519 4117 se
2548 4058 2851 4135 completa,
2883 4064 2951 4115 ut

516 4136 687 4212 Aqua
717 4134 1121 4212 Evangelium,
1153 4134 1396 4210 Sanguis
1419 4134 1687 4210 Mortem,
1718 4144 1777 4194 et
1804 4137 2051 4212 Spiritus
2092 4136 2213 4195 vim
2266 4137 2515 4214 Spiritus
2563 4147 2623 4198 et
2668 4136 2951 4196 miracula

517 4214 784 4290 denotet3
831 4214 1122 4274 Christum
1150 4214 1362 4292 quippe
1384 4214 1562 4292 juxta
1589 4216 1824 4275 oracula
1870 4224 2068 4275 vetera
2110 4218 2359 4294 venisse,
2404 4222 2481 4293 1⁰,
2513 4226 2577 4277 ut
2603 4218 2947 4295 prophetam

515 4314 618 4371 per
647 4292 881 4371 Aquam
905 4317 918 4369 ;
963 4294 1024 4353 id
1053 4302 1142 4354 est
1167 4314 1270 4372 per
1297 4294 1616 4354 doctrinam
1647 4296 1953 4373 evangelii,
1985 4316 2115 4374 quse
2144 4317 2310 4375 aquae
2336 4317 2455 4357 non
2476 4316 2605 4357 raro
2634 4296 2946 4370 confertur,

520 4374 634 4431 Isa.
657 4374 738 4431 xi.
769 4377 823 4449 9,
855 4382 914 4433 et
943 4374 1155 4434 Ezech.
1185 4374 1414 4451 xxxvi„
1445 4394 1622 4453 quam
1652 4376 1915 4435 Christus
1942 4377 2156 4453 attulit,
2187 4386 2247 4436 et
2272 4398 2377 4455 per
2402 4377 2683 4437 mundum
2717 4376 2947 4453 sparsit,

517 4457 591 4525 2⁰,
622 4460 687 4509 ut
721 4452 1084 4512 Sacerdotem
1115 4474 1217 4530 per
1249 4455 1620 4531 Sanguinem,
1651 4474 1767 4531 quo
1798 4456 2141 4515 sacrificium
2169 4476 2273 4533 pro
2312 4456 2481 4515 nobis
2510 4456 2741 4531 obtulit,
2776 4458 2852 4531 3⁰,
2886 4463 2953 4514 ut

517 4532 738 4607 Regem
757 4550 857 4607 per
875 4532 1171 4607 Spiritum,
1197 4534 1337 4593 talia
1354 4534 1578 4595 edendo
1597 4535 1893 4609 miracula,
1923 4536 2137 4612 quibus
2158 4546 2218 4596 et
2245 4536 2523 4615 populum
2542 4556 2711 4597 suurn
2736 4536 2944 4595 libera-

512 4612 614 4687 vit,
645 4618 706 4669 et
725 4608 798 4669 de
825 4610 1089 4671 hostibus
1116 4612 1508 4690 triumphavit,
1539 4634 1673 4692 quae
1720 4614 1954 4673 nomine
2006 4616 2256 4693 Spiritus
2301 4616 2477 4676 etiam
2520 4616 2949 4695 exprimuntur,
