3234 5192
309 325 540 368 msrur.
569 308 774 389 xv111.]
938 329 1017 369 ns
1046 327 1520 371 suisne-rioms
1547 327 1783 369 cnnrsrr
1811 328 2131 370 vnnrra'rs.
2614 317 2733 376 573

320 466 477 525 illius
505 466 718 527 intuitu
747 467 1008 544 placatus
1036 477 1096 528 et
1120 469 1404 547 propitius
1440 466 1645 543 factuS,
1678 467 1967 527 condonat
2010 469 2298 546 peccatori
2326 469 2604 549 quicquid
2630 473 2731 533 de·

319 546 585 622 liquerat,
617 566 724 606 nec
753 547 882 606 vult
908 547 1156 625 amplius
1201 549 1541 608 delictorum
1571 549 1699 625 ejus
1742 546 2091 608 meminisse.
2140 547 2237 607 Sic
2258 551 2529 626 operculo
2558 553 2732 612 Arcae

320 625 553 684 foederis
607 626 855 685 inditum
909 647 1120 687 nomen
1161 653 1304 702 rnna,
1335 647 1450 706 quo
1506 625 1929 704 significaretur
1982 627 2186 687 merito
2237 637 2297 688 et
2340 629 2731 693 satisfactione

323 705 555 778 Christi,
588 707 754 783 cujus
781 707 993 766 intuitu
1021 707 1206 766 factus
1234 716 1322 766 est
1349 707 1517 766 nobis
1556 707 1719 764 Deus
1761 706 2061 783 propitius,
2110 707 2192 766 sic
2238 709 2468 786 contegi
2494 720 2734 788 peccata

325 793 520 842 nostra
549 786 609 844 in
635 786 826 863 legem
876 787 1144 862 admissa,
1175 794 1241 844 ut
1267 805 1561 864 nunquam
1590 785 1839 863 amplius
1878 785 1941 843 in
1985 794 2355 864 conspectum
2400 789 2512 847 Dei
2532 791 2731 851 venire

323 865 548 940 possint
575 865 650 923 ad
693 885 799 925 nos
845 865 1330 926 condemnandos.
1415 866 1623 942 Itaque
1652 865 1727 923 ad
1780 865 2167 942 expiationem
2212 867 2445 943 quidem
2475 871 2737 946 sequitur

321 943 494 1002 tectio
522 953 887 1020 peecatorum
915 953 982 1005 ut
1009 943 1274 1004 effectum
1303 954 1362 1005 et
1405 963 1763 1023 consequens
1810 945 2218 1020 necessarium,
2248 945 2351 1004 sed
2396 947 2459 1005 in
2486 949 2737 1010 tectione

321 1043 438 1081 non
467 1033 556 1082 est
583 1024 709 1100 ipsa
735 1025 882 1083 ratio
909 1025 1166 1084 formalis
1193 1024 1557 1102 expiationis,
1588 1043 1707 1082 non
1755 1024 2062 1101 expiantur
2098 1033 2335 1103 peccata
2361 1028 2499 1104 quia
2524 1035 2731 1106 tegun-

321 1111 431 1176 tur,
465 1103 566 1161 sed
594 1103 726 1162 ideo
753 1113 1030 1182 teguntur
1055 1104 1193 1182 quia
1217 1124 1321 1182 per
1345 1104 1598 1162 victimae
1628 1102 1978 1162 oblationem
2007 1106 2241 1182 expiata
2268 1115 2591 1167 censentur.

403 1181 619 1240 XVII.
687 1183 788 1241 Ad
848 1185 1076 1243 tertiam
1132 1183 1307 1261 Resp.
1373 1187 1424 1241 l.
1491 1184 1606 1242 Per
1660 1182 1972 1263 συγχαίρω
2037 1183 2241 1244 damus
2314 1185 2727 1248 Hebraismum

320 1261 474 1319 hunc
502 1261 858 1339 frequentem
903 1283 1028 1323 esse
1073 1263 1133 1321 in
1177 1263 1476 1339 scriptura,
1526 1271 1592 1322 ut
1619 1263 1799 1321 verba
1825 1283 1955 1340 qua».
1983 1264 2267 1322 actionem
2297 1265 2625 1342 significant
2652 1269 2729 1327 ad

321 1341 449 1416 ejus
497 1349 720 1400 tantum
768 1342 1214 1402 declarationem
1263 1349 1323 1401 et
1369 1340 1809 1419 patefactionem
1856 1343 2193 1418 referantur,
2224 1345 2393 1421 cujus
2418 1343 2729 1406 locutionis

323 1419 464 1477 alibi
484 1419 752 1498 exempla
772 1422 932 1480 varia
953 1422 1236 1496 dedimus,
1263 1423 1412 1481 Gen.
1441 1421 1607 1497 xxii„
1640 1422 1685 1481 J
1688 1442 1772 1481 ac.
1803 1422 1883 1495 ii„
1914 1431 1973 1481 et
2001 1422 2137 1483 Act.
2168 1423 2291 1481 xiii.
2324 1426 2420 1498 33,
2452 1421 2562 1484 &c.
2594 1427 2727 1485 Non

323 1519 606 1576 negamus
633 1500 805 1560 etiam
835 1501 894 1558 in
921 1501 1066 1560 locis
1093 1501 1344 1560 laudatis
1393 1521 1522 1578 quse
1565 1509 1830 1579 spectant
1860 1501 2148 1578 judicium
2176 1501 2334 1578 quod
2360 1506 2730 1580 pronunciari

323 1578 498 1638 debet
524 1599 559 1637 a
587 1579 983 1640 sacerdotibus
1023 1581 1176 1639 circa
1223 1581 1458 1658 lepram,
1491 1581 1636 1640 Lev,
1665 1581 1811 1652 xiii„
1840 1581 1982 1656 xiv„
2008 1580 2189 1640 verba
2222 1583 2345 1640 haec
2376 1581 2725 1644 declarative

323 1677 452 1717 esse
495 1658 891 1737 intelligenda.
965 1661 1082 1720 Sed
1129 1665 1186 1720 2.
1215 1681 1496 1738 negamus
1531 1661 1669 1719 hinc
1714 1661 1879 1738 sequi
1907 1669 2188 1738 perpetuo
2216 1661 2275 1718 id
2296 1661 2489 1721 locum
2516 1664 2728 1724 habere

322 1757 510 1816 posse,
540 1739 681 1798 talia
709 1740 860 1798 enim
890 1749 1026 1798 sunt
1051 1739 1363 1816 praedicata
1389 1740 1586 1817 qualia
1628 1739 2037 1818 permittuntur
2062 1759 2190 1799 esse
2218 1760 2255 1799 a
2282 1741 2403 1800 suis
2431 1743 2726 1821 subjectis,

323 1817 419 1876 hic
447 1827 638 1878 autem
688 1818 747 1876 in
789 1840 858 1878 eo
888 1818 960 1878 de
1000 1839 1115 1896 quo
1163 1820 1358 1896 agitur
1399 1820 1635 1897 negotio
1681 1820 2125 1878 declarationem
2152 1819 2343 1878 locum
2372 1821 2583 1881 habere
2610 1843 2729 1882 non

323 1916 494 1974 posse
536 1898 774 1957 seorsim
815 1899 890 1957 ab
918 1899 1044 1974 ipsa
1085 1897 1385 1958 effectione
1427 1898 1746 1974 docuimus,
1779 1907 1837 1958 et
1876 1899 2061 1958 sicubi
2089 1900 2338 1975 expiatio
2380 1903 2731 1962 declarativa

321 1975 593 2036 tribuitur
621 1978 922 2051 sacerdoti,
947 1977 1262 2036 innumeris
1287 1977 1418 2036 aliis
1446 1977 1508 2035 in
1527 1978 1673 2036 locis
1699 1979 1947 2053 effectiva
1968 1987 2022 2036 et
2038 1980 2211 2036 realis
2228 1988 2587 2057 connotatur,
2614 1983 2727 2044 Ex.

322 2076 400 2132 g.,
431 2075 608 2132 quum
641 2057 884 2115 subinde
911 2056 1092 2114 verba
1135 2056 1258 2113 haec
1303 2064 1654 2133 repetuntur,
1687 2057 1966 2132 Expiabit
1991 2077 2115 2114 eum
2140 2059 2422 2117 Sacerdos
2448 2069 2503 2117 et
2538 2061 2730 2120 remit-

323 2144 469 2192 tetur
510 2137 576 2208 ei,
607 2134 732 2192 hoec
759 2155 876 2192 non
919 2135 992 2192 ad
1021 2134 1454 2192 declarationem
1481 2133 1697 2208 referri,
1730 2134 1831 2192 sed
1859 2135 1935 2192 ad
1962 2135 2146 2211 ipsam
2175 2138 2509 2210 effectionem
2533 2140 2729 2216 palam

321 2221 426 2288 est,
478 2222 763 2289 quatenus
793 2215 968 2290 juxta
1011 2213 1204 2290 legem
1243 2211 1518 2272 offerebat
1553 2212 1849 2271 victimam
1878 2213 2223 2290 piacularem
2253 2235 2357 2292 pro
2404 2228 2724 2295 peccatore,

322 2292 580 2368 adeoque
629 2292 912 2351 efficiebat
960 2300 1020 2351 et
1064 2293 1412 2370 procurabat
1458 2291 1845 2370 expiationem
1876 2293 2004 2371 ejus
2030 2293 2297 2370 legalem.
2346 2295 2443 2354 Sic
2470 2298 2726 2374 expiatio

319 2373 656 2450 proponitur
685 2381 956 2448 tanquam
986 2380 1150 2431 actus
1177 2372 1278 2449 qui
1307 2372 1370 2432 fit
1401 2393 1433 2431 a
1473 2371 1775 2432 sacerdote
1811 2372 2038 2433 fusione
2086 2374 2385 2450 sanguinis
2414 2376 2634 2452 hostire,
2666 2388 2727 2439 et

321 2453 650 2529 aspersione
678 2472 867 2511 rerum
899 2471 1204 2528 sacrarum,
1256 2461 1322 2512 ut
1369 2452 1584 2527 altaris,
1617 2452 1754 2528 veli,
1786 2473 1899 2512 arae
1930 2451 2171 2528 suffitus,
2202 2472 2317 2531 quo
2346 2464 2539 2515 reatus
2567 2456 2723 2517 aufe-

319 2541 480 2592 ratur
519 2532 855 2610 peccatoris,
895 2540 955 2591 et
983 2532 1042 2591 in
1071 2532 1240 2592 altari
1268 2532 1499 2610 quidem
1529 2532 2054 2593 reconciliationem
2084 2543 2143 2593 et
2168 2535 2564 2595 remissionem
2592 2557 2725 2615 pec-

319 2621 593 2686 catorum,
619 2613 679 2671 in
701 2613 948 2672 sacrario
970 2632 1109 2672 vero
1125 2612 1454 2672 libertatem
1480 2612 1691 2686 aditus,
1720 2620 1780 2671 et
1806 2621 2025 2690 partem
2055 2609 2437 2691 nanciscatur,
2466 2635 2584 2675 non
2612 2617 2726 2678 uti·

318 2712 430 2769 que
454 2692 805 2752 declarative
833 2701 1058 2752 tantum
1088 2691 1192 2751 sed
1232 2691 1513 2751 effective.
1581 2695 1638 2750 3.
1687 2692 1751 2750 Si
1804 2693 1935 2751 loca
1961 2691 2363 2768 expendantur
2413 2695 2475 2752 in
2512 2696 2723 2772 quibus

319 2772 666 2848 expiationis
687 2793 724 2830 a
741 2772 954 2831 Christi
977 2771 1143 2829 factae
1161 2770 1226 2830 fit
1246 2771 1478 2844 menti0,
1503 2779 1570 2828 ut
1587 2770 1775 2847 Apoc.
1795 2771 1833 2829 i.
1858 2773 1913 2845 5,
1942 2773 1971 2827 1
1998 2771 2041 2829 J
2045 2771 2137 2829 oh.
2158 2771 2196 2828 i.
2220 2775 2275 2846 7,
2299 2771 2452 2832 Heb.
2472 2773 2511 2830 i.
2532 2777 2586 2850 3,
2617 2796 2717 2851 pa-

317 2851 463 2910 tebit
483 2870 599 2908 non
617 2852 741 2910 sine
762 2851 976 2926 insigni
989 2849 1314 2908 detorsione
1337 2849 1412 2908 ad
1431 2848 1879 2907 declarationem
1900 2848 2115 2922 referri,
2139 2868 2319 2925 quum
2329 2850 2389 2907 in
2410 2851 2485 2910 iis
2502 2871 2617 2910 non
2639 2855 2723 2914 rei

315 2929 624 3006 patefactio
652 2929 997 3003 attendatur,
1030 2928 1133 2986 sed
1150 2927 1340 3004 ipsum
1369 2927 1582 2985 Christi
1609 2927 1953 2986 beneficium
1981 2925 2318 2987 celebretur.

398 3006 650 3066 XVIII.
695 3008 789 3066 Ita
836 3008 898 3064 in
945 3015 1306 3064 antecessum
1348 3005 1641 3082 explicata
1682 3014 1889 3064 natura
1922 3005 2269 3082 expiationis
2296 3027 2401 3084 per
2427 3008 2719 3070 Christum

317 3084 502 3161 sactae,
529 3086 1022 3163 Progrediendum
1047 3094 1136 3143 est
1162 3083 1236 3142 ad
1259 3084 1630 3161 exceptiones
1658 3085 1938 3162 speciales
1956 3084 2151 3144 varias
2177 3086 2388 3163 quibus
2414 3108 2719 3166 argumen-

315 3173 439 3224 tum
461 3174 721 3224 nostrum
749 3184 785 3224 a
813 3163 1092 3224 sacrificio
1113 3163 1434 3241 expiatorio
1453 3163 1699 3240 petitum
1714 3164 2001 3223 infirmare
2030 3173 2325 3243 conantur,
2358 3167 2540 3228 Varia
2565 3171 2720 3231 enim

315 3245 412 3304 hic
456 3253 714 3305 movent.
774 3248 850 3302 1⁰.
898 3243 1262 3303 Oblationem
1313 3243 1527 3302 Christi
1583 3252 1643 3303 et
1684 3243 2029 3303 sacrificium
2071 3265 2189 3304 non
2214 3256 2512 3324 peractum
2540 3249 2719 3310 fuisse

315 3325 376 3382 in
402 3333 556 3385 terra
583 3325 686 3385 sed
714 3324 946 3383 demum
973 3323 1033 3381 in
1075 3323 1222 3382 coelo
1249 3331 1382 3400 post
1407 3324 1534 3402 ejus
1561 3323 1858 3384 introitum
1886 3344 2065 3402 quum
2099 3345 2235 3386 vere
2264 3328 2601 3406 designatus
2630 3341 2721 3392 est

315 3413 374 3464 et
402 3405 748 3466 constitutus
781 3403 1080 3464 Sacerdos.
1125 3403 1259 3463 Hoc
1286 3403 1410 3462 scil.
1440 3403 1749 3463 discrimen
1776 3405 1984 3465 volunt
2010 3425 2137 3465 esse
2164 3406 2315 3466 inter
2344 3408 2635 3469 Christum
2658 3419 2717 3470 et

316 3505 601 3544 summum
634 3485 990 3559 Pontificem,
1021 3482 1181 3560 quod
1225 3482 1337 3542 iste
1364 3493 1673 3561 antequam
1700 3484 2101 3562 ingrederetur
2127 3486 2189 3544 in
2216 3490 2528 3548 sacrarium
2577 3510 2715 3550 vere

316 3565 584 3624 sacerdos
611 3573 782 3637 esset,
812 3573 874 3624 at
902 3563 1166 3623 Christus
1192 3583 1312 3622 non
1334 3571 1467 3622 ante
1494 3583 1632 3623 vere
1674 3565 2023 3624 constitutus
2052 3566 2129 3625 sit
2156 3567 2424 3626 sacerdos
2450 3588 2626 3646 quam
2652 3571 2714 3628 in

315 3645 626 3703 sacrarium
674 3644 807 3703 coeli
857 3643 932 3704 sit
958 3643 1272 3720 ingressus,
1322 3662 1508 3720 neque
1537 3643 1813 3703 obtulerit
1839 3645 1953 3703 nisi
1979 3663 2083 3721 per
2110 3665 2278 3704 suum
2303 3647 2366 3704 in
2387 3647 2597 3706 coelum
2624 3649 2711 3706 in-

310 3725 565 3799 troitum,
597 3732 804 3784 caetera
819 3743 977 3800 vero,
1002 3731 1068 3783 ut
1087 3732 1328 3782 mortem
1352 3731 1411 3782 et
1437 3723 1752 3800 passiones,
1782 3725 2061 3801 requisita
2085 3725 2319 3801 quidem
2347 3725 2523 3785 fuisse
2552 3737 2712 3787 ante·

313 3801 600 3878 cedenter,
647 3804 751 3862 sed
777 3812 1050 3881 tanquam
1079 3802 1554 3881 praeparationem
1603 3803 1678 3860 ad
1734 3803 2095 3879 sacrificium,
2145 3823 2263 3862 non
2316 3813 2589 3882 tanquam
2619 3827 2710 3866 sa-

315 3880 592 3941 crificium
619 3883 828 3960 ipsum.
918 3887 1000 3941 2⁰.
1032 3881 1392 3942 Pertendunt
1439 3882 1719 3942 sacrificia
1764 3883 1825 3940 in
1867 3903 2078 3960 genere
2128 3883 2419 3943 Christum
2460 3904 2577 3943 non
2618 3906 2709 3946 re-

311 3962 590 4039 spexisse,
636 3962 740 4020 sed
781 3963 906 4022 sola
963 3961 1196 4039 publica
1235 3970 1296 4020 et
1351 3961 1743 4020 anniversaria
1786 3981 1821 4020 a
1882 3981 2107 4022 summo
2163 3963 2441 4023 Pontifice
2496 3963 2708 4038 oblata,

309 4060 554 4119 quorum
599 4042 838 4118 sanguis
885 4043 948 4099 in
994 4042 1206 4100 Sancta
1247 4041 1586 4099 Sanctorum
1628 4041 1995 4116 inferebatur,
2026 4061 2144 4100 non
2176 4042 2291 4101 alia
2316 4063 2709 4122 quaecunque;

310 4131 484 4198 atque
513 4121 658 4179 adeo
686 4140 984 4198 perperam
1027 4139 1136 4178 nos
1183 4118 1256 4177 ab
1303 4119 1434 4178 istis
1487 4119 1754 4178 omnibus
1808 4121 2215 4196 argumentari.
2299 4125 2379 4181 3⁰.
2431 4123 2563 4182 Non
2605 4145 2712 4202 pro

308 4201 675 4278 gravioribus
703 4201 971 4277 peccatis,
993 4199 1096 4258 sed
1122 4217 1227 4276 pro
1246 4198 1384 4257 solis
1411 4197 1729 4258 levioribus
1756 4197 1951 4257 oblata
1976 4199 2171 4274 fuisse,
2202 4201 2326 4260 sive
2354 4203 2707 4280 quotidiana,

309 4283 434 4341 sive
464 4280 920 4339 anniversarium
948 4297 1192 4354 sacrum,
1222 4297 1326 4355 pro
1367 4277 1440 4336 iis
1467 4277 1591 4336 scil.
1622 4297 1752 4355 quae
1780 4278 2111 4354 ignorantioe
2136 4280 2412 4356 appellari
2448 4294 2709 4359 possunt.

307 4365 392 4420 4⁰.
427 4359 720 4419 Sacrificia
772 4360 888 4418 ista
927 4377 1064 4418 vere
1111 4367 1171 4417 et
1211 4359 1442 4435 proprie
1489 4357 1552 4414 vi
1603 4356 1854 4433 quadam
1892 4376 1997 4416 sua
2035 4359 2317 4437 expiasse,
2348 4361 2485 4438 quia
2510 4363 2585 4421 ad
2613 4383 2709 4423 eo-

307 4461 432 4500 rum
466 4440 817 4500 oblationem
847 4438 1194 4516 sequebatur
1212 4437 1492 4513 remissio,
1520 4455 1639 4494 non
1666 4443 1859 4495 autem
1887 4437 1928 4495 i·
1950 4435 2093 4515 τῦπᾳ
2128 4447 2371 4516 tantum,
2399 4450 2465 4500 ut
2506 4444 2709 4503 statui-

307 4541 456 4596 mus,
485 4541 590 4599 per
617 4519 782 4597 σχίσιν
810 4519 886 4578 ad
912 4516 1255 4578 sacrificium
1285 4516 1517 4576 Christi.
1563 4515 1737 4576 Unde
1764 4524 2011 4592 quatuor
2044 4519 2105 4577 in
2132 4521 2582 4582 controversiam
2609 4544 2709 4583 ve—

303 4603 513 4663 niunt:
559 4602 772 4677 Primo,
807 4600 906 4658 An
934 4597 1198 4659 Christus
1225 4597 1398 4658 etiam
1443 4597 1504 4656 in
1551 4595 1724 4656 terris
1752 4595 2019 4658 sacerdos
2066 4597 2255 4678 fuerit,
2286 4621 2361 4660 an
2388 4602 2619 4663 demum
2647 4603 2709 4662 in
