3234 5192
309 397 538 440 msru‘r.
569 383 722 456 xvh]
916 400 994 440 ns
1024 399 1497 442 sA'rrsrAc‘noms
1526 399 1761 440 curus'rr
1806 401 2124 442 ventura.
2611 383 2726 443 539

306 539 464 597 trari.
551 539 682 598 Hoc
717 539 968 618 August.
1019 540 1240 600 erudite
1288 542 1578 614 observat,
1617 541 1849 601 Euchir.
1899 541 1974 599 ad
2020 541 2192 599 Laur.
2240 562 2289 599 c.
2326 543 2440 599 100
2490 551 2549 602 et
2589 545 2721 618 101,

311 621 348 652 ‘⁴
370 619 684 696 Propterea
711 640 960 697 namque
989 622 1238 699 magna'’
1273 620 1514 702 (inquit)
1550 626 1585 655 “
1608 641 1785 699 opera
1812 622 2051 680 Domini
2098 621 2388 698 exquisita
2434 621 2494 678 in
2525 642 2725 682 omnes

305 699 636 758 voluntates
663 699 808 775 ejus,
839 709 904 759 ut
929 701 1076 760 miro
1105 711 1162 759 et
1189 700 1467 761 ineffabili
1495 702 1668 760 modo
1694 721 1811 760 non
1840 701 1941 760 fiat
1978 709 2185 779 praeter
2212 702 2338 778 ejus
2366 701 2725 761 voluntatem

310 778 467 857 quod
495 779 668 837 etiarn
715 779 782 840 fit
823 791 1024 840 contra
1069 782 1198 858 ejus
1227 782 1644 856 voluntatem,'’
1678 781 1805 856 δια,
1838 782 1917 839 Et
1944 782 2116 858 paulo
2144 790 2292 859 post,
2328 785 2365 814 “
2388 781 2723 858 Aliquando

309 859 464 918 bona
489 859 788 919 voluntate
811 861 982 919 homo
1003 861 1132 921 vult
1160 861 1380 938 aliquid
1407 861 1563 939 quod
1597 862 1757 920 Deus
1784 882 1901 920 non
1930 862 2057 920 vult
2084 866 2255 920 etiam
2280 862 2402 938 ipse
2425 862 2576 920 bona
2604 883 2723 920 am·

311 939 464 1017 plius
493 940 789 1017 multoque
819 942 1030 1000 certius
1077 942 1430 1018 voluntate,''
1481 940 1589 1001 Sco.
1624 942 1887 1001 Christus
1935 961 2074 1018 ergo
2122 942 2311 1019 potuit
2360 942 2578 1019 absque
2605 942 2728 1002 ullo

313 1026 551 1098 peccato
579 1029 638 1079 et
665 1029 858 1098 petere
888 1031 946 1080 et
963 1021 1114 1080 velle
1161 1041 1289 1099 quae
1321 1023 1606 1082 voluntati
1636 1021 1849 1079 divinas
1878 1022 2295 1098 repugnabant.

395 1099 656 1158 XXXI.
720 1100 837 1160 Sed
877 1101 1086 1179 inqui8‚
1133 1101 1398 1161 Christus
1437 1123 1553 1160 non
1595 1102 1889 1179 ignoravit
1928 1104 2078 1160 haue
2119 1101 2299 1179 patris
2340 1102 2719 1178 voluntatem,

313 1179 508 1256 itaque
537 1199 654 1238 non
681 1181 871 1257 potuit
898 1201 1015 1240 non
1041 1200 1277 1258 peccare
1307 1202 1437 1240 cum
1465 1183 1552 1241 illi
1581 1181 1809 1241 restitit.
1842 1182 2035 1259 Resp.,
2085 1182 2357 1240 Peccaret
2386 1183 2435 1240 is
2462 1182 2561 1259 qui
2590 1203 2727 1240 con-

315 1266 406 1318 tra
436 1259 794 1318 voluntatem
826 1261 938 1319 Dei
966 1262 1256 1338 cognitam
1285 1270 1506 1338 peteret
1539 1261 1762 1339 aliquid
1790 1261 2053 1320 absolute
2086 1269 2146 1320 et
2191 1263 2315 1320 sine
2344 1262 2727 1322 submissione

317 1339 493 1399 tacita
519 1339 617 1397 vel
661 1359 976 1417 expressa:
1024 1341 1192 1416 Quod
1220 1341 1355 1400 fecit
1386 1342 1652 1401 Christus
1681 1364 1696 1418 3
1740 1361 1873 1400 nam
1918 1342 2191 1400 voluntas
2235 1341 2501 1400 absoluta
2528 1342 2728 1401 condi-

315 1419 593 1477 tionatam
617 1419 810 1477 statim
841 1423 1134 1498 superavit
1180 1429 1239 1480 et
1267 1421 1582 1497 absorbuit,
1613 1420 1767 1480 unde
1810 1420 2209 1480 aestimandum
2254 1429 2341 1480 est
2386 1421 2726 1499 obsequium

317 1518 393 1556 ex
421 1519 492 1557 eo
513 1500 669 1576 quod
695 1501 974 1578 praevalet
1001 1511 1060 1560 et
1085 1503 1347 1579 superius
1375 1511 1478 1578 est,
1509 1523 1627 1560 non
1656 1522 1795 1561 vero
1814 1521 1889 1560 ex
1917 1523 1985 1560 eo
2004 1501 2160 1579 quod
2188 1500 2449 1560 obruitur
2464 1511 2523 1561 et
2551 1503 2722 1560 corri-

319 1579 491 1656 gitur,
517 1599 586 1637 ea
603 1579 755 1638 enim
775 1580 1005 1640 demum
1025 1581 1149 1640 veri
1166 1583 1414 1640 nominis
1436 1591 1524 1641 est
1546 1582 1817 1642 voluntas
1839 1601 1968 1659 quse
1992 1581 2257 1642 absoluta
2274 1593 2333 1641 et
2349 1581 2729 1642 determinata

317 1669 408 1718 est
435 1659 516 1719 ita
545 1668 609 1719 ut
635 1660 926 1720 hominem
955 1661 1260 1722 efficaciter
1287 1663 1546 1741 impellat
1589 1662 1665 1721 ad
1694 1683 1813 1721 rem
1842 1663 2081 1721 volitam
2120 1662 2593 1740 prosequendam,
2626 1683 2726 1722 vo-

319 1739 513 1798 luntas
549 1760 688 1800 vero
731 1761 798 1800 ac
839 1741 1188 1802 desiderium
1232 1742 1496 1802 inefficax
1537 1761 1653 1801 non
1682 1752 1803 1802 tam
1845 1743 2161 1802 voluntatis
2203 1761 2375 1819 quam
2418 1743 2731 1802 velleitatis

321 1819 762 1897 appellationem
793 1832 1046 1881 meretur
1076 1847 1089 1882 :
1133 1832 1193 1883 at
1221 1825 1494 1883 voluntas
1540 1823 1757 1882 Christi
1786 1823 2053 1882 absoluta
2094 1822 2203 1881 fuit
2251 1843 2477 1900 semper
2504 1824 2729 1882 confor-

319 1901 432 1958 mis
459 1902 744 1961 voluntati
773 1901 988 1961 divinae
1017 1903 1076 1961 in
1107 1903 1289 1962 volito
1328 1903 1647 1962 formaliter
1692 1913 1951 1980 spectato
1996 1923 2125 1960 cum
2169 1903 2443 1960 omnibus
2474 1905 2594 1962 suis
2623 1904 2730 1961 cir-

321 1982 700 2056 cumstantiis,
734 1982 862 2040 Imo
890 1992 950 2041 et
975 1983 1242 2041 velleitas
1278 1983 1406 2061 ipsa
1448 1982 1664 2041 Christi
1713 1982 2023 2041 conformis
2071 1991 2243 2040 recte·
2268 1983 2355 2040 illi
2404 1982 2615 2041 dicitur
2642 2003 2730 2042 ra·

319 2061 476 2120 tione
506 2081 695 2119 causae
739 2061 1059 2138 dirigentiS,
1111 2061 1298 2121 voluit
1349 2062 1501 2120 enim
1554 2061 1817 2120 Christus
1867 2079 2091 2136 semper
2134 2060 2289 2136 quod
2340 2069 2398 2119 et
2442 2063 2731 2137 quomodo

321 2149 486 2217 pater
511 2140 699 2198 voluit
727 2160 857 2198 eum
888 2142 1058 2216 velle,
1092 2141 1266 2199 Pater
1293 2141 1444 2200 enim
1496 2141 1733 2199 volebat
1780 2147 1845 2198 ut
1874 2139 2137 2197 Christus
2183 2139 2367 2198 vellet
2414 2141 2611 2198 vivere
2642 2161 2729 2199 se-

323 2220 576 2278 cundum
605 2219 1034 2278 inclinationem
1063 2227 1282 2278 naturae
1311 2229 1377 2279 ut
1412 2221 1524 2278 hoc
1551 2219 1725 2277 modo
1773 2217 2191 2276 demonstraret
2220 2237 2281 2277 se
2314 2239 2445 2277 vere
2491 2219 2732 2279 affectus

322 2307 552 2357 nostros
579 2299 871 2357 naturales
900 2302 1239 2378 suscepisse,
1270 2300 1408 2360 licet
1433 2301 1544 2359 hoc
1573 2299 1760 2378 ipsum
1801 2297 2147 2356 desiderium
2196 2298 2492 2360 videretur
2541 2300 2732 2377 quoad

325 2387 534 2438 eaetera
563 2379 990 2457 quodammodo
1017 2381 1260 2442 arietare
1287 2381 1348 2438 in
1370 2381 1675 2440 consilium
1700 2388 1927 2439 aeternae
1949 2378 2487 2456 praedestinationis.
2520 2379 2735 2440 Fateor

323 2459 384 2516 in
413 2459 582 2518 nobis
609 2459 934 2519 istiusmodi
961 2470 1154 2520 motus
1179 2481 1300 2522 non
1325 2481 1454 2521 esse
1483 2461 1605 2520 sine
1634 2460 1831 2538 aliqua
1856 2461 2045 2538 ὦταξίᾳ
2072 2467 2131 2518 et
2175 2461 2397 2537 peccati
2422 2461 2571 2536 labe,
2597 2461 2734 2538 quia

327 2559 456 2598 eum
487 2540 768 2600 immundi
790 2541 970 2601 simus
997 2551 1220 2616 natura,
1252 2563 1327 2601 ex
1347 2540 1580 2601 sordido
1601 2540 1759 2601 fonte
1776 2561 1893 2599 non
1916 2548 2158 2618 possunt
2178 2541 2353 2600 rivuli
2374 2541 2485 2599 nisi
2516 2541 2735 2601 sordidi

323 2628 384 2679 et
410 2621 682 2680 lutulenti
709 2620 902 2698 fluere,
934 2622 1418 2699 quemadmodum
1449 2622 1498 2681 si
1521 2642 1729 2699 aquam
1757 2623 1819 2680 in
1847 2621 1997 2678 vitro
2018 2620 2249 2679 sordido
2277 2629 2336 2680 et
2362 2621 2587 2698 impuro
2609 2622 2733 2698 agi·

323 2702 540 2760 taveris
569 2710 628 2761 et
675 2702 802 2780 ipsa
849 2703 1082 2762 sordida
1109 2711 1168 2762 et
1213 2703 1440 2780 impura
1487 2701 1777 2762 reddetur.
1868 2701 1953 2759 At
1982 2701 2041 2757 in
2072 2699 2299 2758 Christo
2336 2701 2503 2759 aliter
2551 2720 2613 2759 se
2640 2720 2734 2759 res

325 2781 544 2856 habuit,
577 2801 706 2840 cum
737 2783 890 2840 enim
917 2802 1097 2860 purus
1126 2791 1279 2841 esset
1307 2783 1380 2840 ab
1409 2783 1564 2839 omni
1591 2782 1741 2858 labe,
1796 2782 1878 2840 sic
1926 2779 2161 2837 tristitia
2198 2789 2254 2837 et
2282 2790 2439 2838 metu
2468 2780 2734 2838 turbatus

325 2860 434 2920 fuit
461 2871 526 2920 ut
553 2880 846 2936 nunquam
876 2871 1068 2920 tamen
1117 2862 1351 2920 modum
1401 2861 1717 2919 excesserit
1742 2861 1839 2918 vel
1886 2858 2165 2916 adversus
2210 2859 2399 2916 Deum
2444 2879 2735 2917 murmure

326 2941 422 2998 vel
451 2941 810 3017 impatientia
857 2940 1168 3014 fremuerit,
1201 2940 1304 2999 sed
1332 2940 1414 2998 ita
1445 2939 1757 3016 potentiam
1789 2933 1901 2996 Dei
1938 2937 2285 3013 imploravit,
2340 2947 2403 2996 ut
2446 2937 2733 2997 voluntati

320 3019 502 3096 patris
531 3019 688 3076 illico
718 3038 779 3077 se
827 3028 1160 3078 reverenter
1186 3019 1566 3092 submitteret,
1615 3027 1683 3076 ut
1732 3037 1882 3094 aqua
1910 3036 2039 3092 quae
2068 3017 2129 3073 in
2178 3015 2331 3075 vitro
2379 3037 2523 3094 puro
2553 3026 2641 3077 est
2670 3027 2730 3078 et

327 3097 513 3156 nitido
561 3098 984 3175 quantumlibet
1011 3099 1263 3175 agitetur
1288 3118 1404 3156 non
1433 3097 1817 3174 imputabitur
1842 3105 2054 3170 tamen,
2086 3095 2224 3172 quia
2250 3097 2395 3155 nihil
2424 3097 2583 3156 faecis
2612 3118 2731 3157 sor·

327 3178 562 3236 diumve
591 3177 912 3237 admixtum
939 3179 1133 3237 habet.
1221 3178 1313 3236 Ita
1339 3177 1605 3237 turbatus
1634 3175 1759 3252 fuit,
1792 3176 1895 3236 sed
1922 3195 2036 3234 non
2079 3176 2462 3254 perturbatus„
2494 3197 2731 3238 concus-

328 3277 443 3334 sae,
477 3258 580 3318 sed
608 3278 724 3316 non
751 3278 1051 3330 excussuS‚
1081 3265 1448 3336 oppugnatus
1478 3257 1580 3316 sed
1607 3277 1726 3316 non
1766 3257 1976 3332 victus,
2000 3265 2219 3316 naturae
2248 3257 2501 3318 motibus
2530 3259 2605 3317 ad
2633 3259 2731 3320 de-

327 3339 672 3416 precandam
699 3347 942 3398 mortem
971 3339 1440 3398 innocentissime
1467 3338 1775 3412 excitatus,
1809 3337 1913 3396 sed
1960 3337 2198 3396 rationis
2234 3339 2474 3397 consilio
2503 3339 2575 3398 ad
2606 3361 2733 3399 eam

328 3419 750 3498 suscipiendam
783 3419 976 3478 statim
1005 3427 1328 3478 revocatus.
1393 3418 1564 3478 Unde
1589 3418 1906 3478 notandum
1928 3419 2232 3495 multiplex
2256 3417 2563 3478 discrimen
2585 3421 2737 3479 inter

328 3499 569 3560 affectus
599 3498 812 3559 Christi
855 3507 914 3558 et
956 3507 1202 3575 nostros,
1243 3499 1697 3577 quadrupliciter
1736 3500 1889 3558 enim
1930 3497 2291 3577 potissimum
2336 3501 2526 3558 solent
2554 3501 2738 3560 nostri

329 3581 593 3638 aberrare
619 3602 633 3639 ε
667 3585 718 3638 1.
764 3579 969 3652 Quoad
997 3579 1282 3656 originem,
1316 3579 1471 3657 quod
1507 3580 1788 3638 rationem
1817 3579 2171 3656 praeveniant
2200 3599 2381 3656 eaque
2409 3581 2737 3639 inconsulta

329 3660 541 3738 saepius
569 3660 840 3718 oriantur.
886 3664 941 3718 2.
987 3659 1192 3734 Quoad
1219 3661 1531 3735 terminum,
1563 3660 1721 3738 quod
1753 3659 1985 3736 longius
2013 3658 2413 3735 digrediantur
2432 3678 2606 3736 quam
2634 3679 2738 3736 par

327 3747 503 3799 estet
531 3759 656 3798 sese
686 3740 794 3798 sub
837 3739 1140 3817 imperium
1185 3740 1424 3798 rationis
1471 3740 1707 3798 minime
1755 3738 2034 3798 contineri
2076 3740 2387 3816 patiantur.
2431 3742 2487 3798 3.
2534 3739 2738 3814 Quoad

329 3821 572 3894 modum,
597 3819 756 3895 quod
798 3821 1076 3880 rationem
1106 3821 1290 3898 ipsam
1340 3819 1635 3896 captivent
1682 3827 1742 3878 et
1776 3827 2163 3878 transversam
2202 3828 2379 3896 agant
2421 3828 2487 3879 ut
2514 3819 2740 3878 accidat

331 3899 500 3958 nobis
547 3899 832 3976 poe'ticum
861 3900 1024 3976 illud,
1056 3901 1271 3959 Fertur
1319 3903 1472 3976 equis
1515 3901 1725 3976 auriqa
1768 3919 1869 3958 nec
1916 3899 2079 3958 audit
2124 3919 2327 3958 currus
2353 3900 2613 3957 habenas.
2678 3903 2735 3962 4.

334 3979 539 4054 Quoad
568 3981 849 4055 objectum,
881 3982 1019 4058 quia
1045 3981 1105 4038 in
1152 3981 1322 4040 nobis
1349 3980 1688 4058 plerumque
1710 3979 1996 4057 ejusmodi
2040 3979 2339 4057 passiones
2376 3979 2637 4037 feruntur
2663 3979 2738 4038 ad

331 4059 533 4118 illicita
561 4067 620 4118 et
648 4060 880 4137 injusta.
965 4060 1052 4119 At
1079 4061 1152 4118 ab
1179 4060 1338 4120 hisce
1368 4058 1636 4118 omnibus
1663 4060 1948 4118 immunes
1976 4057 2205 4122 fuerunt
2234 4057 2473 4117 affectus
2503 4058 2737 4120 Christi.

331 4139 480 4197 Nam
510 4160 618 4198 nec
645 4141 952 4217 quicquam
982 4141 1170 4200 illiciti
1215 4160 1465 4218 unquam
1517 4140 1936 4217 appetiverunt,
1990 4158 2097 4196 nec
2145 4139 2475 4197 oriebantur
2517 4139 2628 4196 nisi
2664 4159 2739 4198 ex

331 4219 641 4278 dictamine
669 4219 926 4296 rationiS,
957 4221 1109 4279 unde
1139 4219 1350 4280 dicitur
1373 4223 1614 4297 sceptrum
1644 4221 1909 4292 turbasse,
1940 4217 1984 4276 J
1987 4219 2080 4276 oh.
2110 4218 2191 4276 xi.
2223 4221 2317 4288 33,
2348 4238 2535 4294 neque
2562 4219 2739 4278 latius

331 4299 758 4377 divagabantur
784 4320 958 4376 quam
996 4301 1265 4377 oportuit,
1313 4320 1421 4358 nec
1464 4300 1744 4359 rationem
1794 4317 2047 4374 unquam
2096 4298 2475 4356 obscurarunt
2503 4307 2561 4357 et
2588 4299 2737 4358 abri-

329 4389 596 4459 puerunt,
629 4379 730 4438 sed
760 4379 847 4437 illi
875 4399 1100 4458 semper
1127 4381 1610 4456 obtemperarunt.
1678 4379 1809 4437 Non
1852 4376 2253 4436 aestimandum
2302 4398 2441 4456 ergo
2471 4380 2740 4456 querulas

328 4461 505 4520 hasce
536 4459 746 4519 Christi
779 4480 952 4519 voees
981 4459 1076 4518 vel
1105 4480 1138 4518 a
1159 4459 1518 4519 dubitatione
1547 4466 1606 4518 et
1650 4457 1969 4516 diffidentia
1995 4457 2115 4516 ulla
2162 4457 2448 4535 profectas
2476 4479 2618 4536 esse,
2644 4461 2740 4520 vel

329 4541 405 4602 ab
434 4541 630 4618 aliquo
651 4540 766 4598 alio
794 4539 1003 4599 affectu
1033 4540 1356 4599 inordinato
1385 4546 1444 4597 et
1471 4539 1700 4612 vitios0,
1733 4538 1837 4597 sed
1865 4545 2087 4597 tantum
2116 4559 2151 4597 a
2176 4539 2535 4616 penitissimo
2580 4539 2739 4599 dolo·

333 4622 414 4680 ris
464 4641 640 4680 sensu
685 4620 785 4698 qui
833 4629 1096 4680 naturam
1147 4641 1262 4680 non
1290 4619 1482 4698 potuit
1507 4639 1626 4678 non
1663 4617 1905 4693 afficere,
1954 4617 2058 4676 sed
2106 4619 2206 4697 qui
2254 4627 2447 4679 tamen
2480 4620 2671 4682 statim
2704 4641 2739 4681 a

331 4701 553 4764 ratione
585 4701 643 4762 in
666 4700 922 4763 ordinem
955 4709 1187 4764 coactus
1216 4709 1304 4760 est
1331 4708 1390 4760 et
1421 4700 1533 4760 Dei
1560 4700 1797 4764 arbitrio
1826 4697 2165 4760 submissus.
