3234 5192
296 356 525 398 msrur.
554 336 739 419 xxm]
850 354 929 396 nn
958 354 1432 397 sartsmcrmms
1460 356 1692 398 camsi-1
1727 357 2150 401 rnnrzcrxoxs.
2585 349 2697 407 681

306 516 425 556 non
456 496 760 573 relinquit,
790 502 851 553 ct
874 514 1111 571 poenam
1137 496 1269 571 ejus
1297 495 1567 571 aliquam
1594 498 1793 555 adhuc
1813 500 2094 573 exposcit,
2139 502 2392 562 Accedit
2427 507 2589 580 quod
2619 506 2709 564 in-

306 577 583 635 auditum
612 584 700 632 est
726 576 787 631 in
817 576 1082 633 humano
1102 592 1373 631 sermone
1390 582 1460 633 ut
1479 578 1536 633 ei
1563 576 1744 650 culpa
1767 578 2012 635 remissa
2039 579 2291 651 dicatur,
2321 600 2360 639 a.
2386 602 2506 658 quo
2535 604 2711 657 poena

306 657 507 712 adhuc
534 654 808 728 exigitur.
876 652 1029 720 Quis
1076 654 1234 709 enim
1273 654 1539 727 judicem
1568 655 1725 711 ferat
1770 674 1877 730 pro
1905 658 2191 715 tribunali
2220 662 2708 733 pronuntiantem

308 752 369 791 se
408 734 647 807 culpam
698 731 943 806 quidem
986 731 1208 806 peccati
1253 750 1355 789 reo
1400 735 1756 803 condonare,
1799 740 2078 791 caeterum
2109 736 2221 811 ipsi
2247 756 2483 811 poenam
2511 740 2710 797 decer-

308 830 448 870 nere
474 817 536 868 et
560 811 715 867 velle
758 818 829 867 ut
873 810 938 866 in
980 828 1215 868 crucem
1258 817 1489 885 agatur,
1519 813 1615 868 vel
1655 811 1840 886 virgis
1867 814 2172 871 caedatur?
2217 816 2318 873 An
2349 835 2467 874 non
2497 818 2711 875 merito

299 888 493 965 jocari
517 887 831 963 putabitur
857 895 917 946 et
942 888 1157 946 misero
1184 887 1283 947 isti
1309 908 1411 947 rco
1438 890 1696 947 illudere
1720 892 1742 946 ἓ
1827 889 1990 958 Quid
2013 891 2172 949 enim
2199 894 2368 952 aliud
2396 903 2486 952 est
2511 897 2711 953 remit-

308 976 432 1025 tere
459 969 711 1042 culpam,
743 986 927 1043 quam
968 986 1101 1025 eam
1141 968 1305 1025 nolle
1348 968 1605 1042 punire?
1685 966 1820 1027 Nec
1863 970 2022 1027 enim
2050 980 2246 1045 potest
2272 973 2387 1030 dici
2417 976 2595 1049 culpa
2623 994 2712 1031 re-

309 1047 484 1117 mitti,
514 1046 628 1103 nisi
656 1046 800 1120 quia
826 1046 1095 1103 debitum
1124 1045 1315 1120 culpae
1344 1054 1716 1105 contractum
1744 1047 2087 1106 remittitur.
2156 1050 2479 1119 Quodnam
2507 1060 2710 1111 autem

308 1132 505 1200 potest
530 1142 653 1183 esse
680 1124 835 1182 illud
864 1124 1181 1182 debitum?
1264 1125 1369 1182 An
1412 1126 1591 1201 culpa
1616 1126 1637 1183 Ξ
1721 1126 1812 1184 At
1837 1144 1910 1183 ea
1935 1134 2025 1184 est
2051 1129 2308 1186 debendi
2349 1149 2544 1203 causa,
2587 1150 2710 1188 non

308 1222 452 1261 vero
480 1204 543 1261 id
572 1204 736 1278 quod
764 1203 1030 1260 debetur.
1076 1204 1180 1260 An
1210 1201 1603 1264 Paenitentia?
1634 1204 1724 1263 At
1749 1223 1820 1263 ea
1845 1206 2068 1263 remitti
2095 1226 2205 1265 nec
2231 1216 2443 1283 potest,
2472 1228 2582 1267 nec
2609 1211 2713 1267 de-

312 1283 430 1340 bet.
490 1282 652 1351 Quid
698 1280 885 1356 igitur
926 1283 1212 1340 debemus
1253 1288 1497 1357 propter
1537 1290 1780 1358 peccata
1821 1288 2072 1343 nostra?
2115 1285 2389 1345 Profecto
2418 1288 2571 1345 nihil
2599 1288 2712 1345 nisi

310 1380 583 1437 poenam;
627 1360 757 1417 sola
782 1360 891 1417 illa
918 1360 995 1417 ob
1021 1368 1329 1435 peccatum
1373 1362 1700 1420 admissum
1743 1368 1938 1437 potest
1964 1362 2155 1438 exigi3
2201 1364 2346 1423 Sola
2367 1384 2508 1441 ergo
2536 1386 2714 1441 poena

306 1439 543 1515 proprie
570 1445 631 1497 et
656 1457 763 1514 per
788 1456 851 1495 se
876 1446 1072 1513 potest
1097 1438 1321 1497 remitti
1342 1460 1359 1510 ;
1401 1440 1581 1515 culpa
1623 1439 1861 1498 nonnisi
1889 1440 2120 1499 ratione
2145 1463 2338 1519 poenae
2366 1444 2710 1501 remittitur.

311 1518 393 1576 Et
418 1536 557 1575 sane
586 1535 723 1575 cum
749 1518 1027 1597 homines¹
1050 1523 1262 1593 petunt
1288 1536 1399 1577 sua
1440 1518 1552 1577 sibi
1593 1519 1916 1577 condonari
1945 1526 2005 1577 et
2031 1522 2251 1580 remitti
2279 1530 2535 1597 peccata,
2566 1522 2712 1600 quid

309 1596 477 1654 aliud
504 1602 719 1671 petunt
746 1614 929 1671 quam
956 1602 1027 1653 ut
1052 1596 1379 1654 liberentur
1406 1617 1444 1656 a
1474 1598 1664 1672 poenis
1692 1616 1842 1675 quas
1870 1598 1992 1655 suis
2019 1601 2210 1675 culpis
2239 1606 2714 1663 contraxerunt?

315 1675 469 1734 Cum
516 1694 660 1749 ergo
701 1674 1011 1731 tritissima.
1056 1675 1132 1733 sit
1172 1676 1303 1733 haec
1326 1677 1615 1752 loquendi
1644 1677 1816 1751 rati0,
1848 1696 1982 1752 quae
2013 1679 2201 1736 alium
2229 1699 2469 1737 sensum
2497 1680 2716 1740 habere

311 1773 433 1811 non
461 1760 655 1830 potest
674 1753 793 1811 nisi
814 1753 1143 1811 absurdum
1167 1776 1180 1812 :
1208 1762 1373 1829 patet
1392 1756 1633 1813 inanem
1653 1774 1778 1814 esse
1799 1762 1860 1813 et
1879 1756 2196 1815 ridiculam
2216 1759 2718 1817 Adversariorum

312 1834 751 1891 distinctionem
796 1832 892 1890 cui
938 1838 1130 1890 totam
1177 1834 1650 1893 satisfactionum
1693 1852 1936 1892 sua-rum
1980 1834 2267 1895 fabricam
2309 1846 2716 1913 superstruere

310 1912 543 1971 volunt.

395 1990 644 2048 XXVI.
690 1989 743 2046 3.
777 1988 897 2048 Sed
922 2008 1136 2063 parum
1182 1992 1382 2049 adhuc
1429 1998 1580 2049 esset
1608 2010 1739 2049 eam
1767 1992 2066 2049 adversari
2097 1993 2400 2052 ordinario
2427 1995 2718 2070 loquendi

314 2068 469 2137 usui,
510 2068 648 2124 Nisi
699 2068 1007 2142 impeteret
1055 2067 1169 2125 Dei
1210 2069 1402 2143 ipsius
1440 2069 1740 2143 justitiam
1769 2076 1830 2126 et
1855 2070 2340 2129 misericordiam.
2408 2072 2719 2129 Justitiam

314 2146 585 2220 quidem:
619 2146 778 2212 Quia
805 2144 887 2201 sic
903 2146 1187 2202 statuitur
1205 2146 1371 2203 Deus
1394 2147 1609 2221 punire
1632 2164 1771 2203 eum
1793 2147 1896 2220 qui
1919 2155 2080 2204 caret
2108 2149 2274 2213 omni
2301 2150 2494 2223 culpa,
2524 2158 2584 2208 et
2611 2152 2718 2226 qui

312 2224 540 2281 nullius
586 2230 675 2281 est
722 2222 983 2279 criminis
1030 2240 1182 2281 reuS.
1246 2222 1412 2281 Nam
1455 2224 1504 2281 si
1546 2224 1786 2281 sublata
1823 2230 1914 2282 est
1941 2243 2045 2299 per
2072 2226 2490 2298 remissionem,
2521 2236 2591 2285 ut
2617 2229 2718 2287 isti

312 2303 691 2376 pertendunt,
714 2300 905 2357 omnis
926 2302 1121 2377 culpa,
1156 2302 1319 2371 Quid
1342 2320 1535 2359 causae
1562 2308 1652 2359 est
1672 2320 1779 2359 cur
1797 2303 2090 2377 puniatur
2109 2305 2368 2380 amplius
2393 2313 2671 2379 peccator
2691 2310 2716 2367 ’ἐ

313 2380 589 2456 quisnam
615 2382 781 2438 locus
810 2397 935 2436 esse
962 2381 1183 2455 poterit
1201 2381 1453 2456 justitiae
1482 2380 1702 2439 divinae
1731 2380 2010 2439 exercitio
2027 2385 2055 2440 P
2095 2386 2400 2458 quodnam
2429 2384 2558 2457 ejus
2577 2385 2719 2443 fun-

313 2462 709 2517 damentum?
771 2457 1053 2530 Nullum,
1100 2460 1217 2517 nisi
1260 2459 1543 2532 dicamuS,
1593 2459 1712 2518 Vel
1756 2460 2161 2519 remissionem
2208 2464 2400 2536 culpae
2445 2467 2715 2523 nondum

312 2536 533 2601 factam
578 2557 720 2610 esse,
770 2544 831 2595 et
873 2538 955 2595 sic
999 2536 1195 2597 Deum
1239 2558 1351 2615 pro
1395 2557 1518 2596 uno
1562 2541 1893 2615 eodemque
1921 2541 2124 2599 debito
2151 2542 2452 2616 duplicem
2479 2543 2718 2619 exigere

313 2619 691 2689 solutionem,
737 2616 859 2677 Vel
895 2618 1197 2692 justitiam
1226 2617 1339 2675 Dei
1382 2636 1501 2676 non
1542 2637 1668 2677 esse
1706 2622 1934 2695 σχετικὸν
1977 2638 2111 2694 quae
2159 2621 2350 2695 possit
2389 2640 2516 2679 sese
2549 2641 2720 2681 exer-

312 2714 412 2755 ere
434 2698 582 2756 citra
602 2696 827 2772 peccati
848 2696 1382 2755 considerationem
1408 2718 1422 2766 ;
1457 2696 1638 2765 Quod
1657 2705 1980 2771 utrumque
2002 2716 2138 2755 cum
2156 2698 2234 2755 sit
2253 2698 2716 2773 iniquissimum,

312 2775 565 2851 impium
594 2777 776 2833 etiam
804 2782 866 2832 et
890 2774 1113 2832 falsum
1141 2794 1267 2832 esse
1307 2791 1544 2831 necesse
1586 2781 1676 2831 est
1701 2775 1856 2831 illud
1887 2794 1962 2832 ex
1990 2793 2112 2849 quo
2141 2776 2474 2833 deducitur.
2564 2778 2718 2846 Quis

312 2854 529 2911 dixerit
555 2854 839 2911 Judicem
858 2852 1160 2926 justitiam
1187 2869 1459 2909 exercere
1488 2851 1594 2925 qui
1620 2852 1990 2925 gravissimis
2019 2852 2206 2927 poenis
2231 2854 2477 2911 adducit
2511 2855 2715 2913 inson-

312 2936 432 2989 tem
462 2930 806 3005 nulliusque
834 2929 1097 2987 criminis
1121 2933 1338 2988 reum?
1422 2930 1573 2996 Quis
1616 2936 1826 2986 contra
1857 2930 2212 3005 iniquissimi
2242 2931 2626 3004 magistratus
2653 2942 2716 2992 et

312 3009 569 3065 crudelis
596 3008 839 3081 tyranni
876 3025 1093 3064 nomen
1126 3009 1267 3082 jure
1293 3007 1504 3064 merito
1532 3008 1623 3064 illi
1667 3024 1792 3065 non
1818 3008 2090 3065 tribuat?
2175 3006 2299 3065 Cur
2325 3027 2468 3067 vero
2496 3010 2557 3066 in
2582 3010 2716 3069 Deo

311 3094 648 3144 censeretur
674 3087 826 3143 actio
846 3086 1033 3159 justa,
1080 3105 1214 3161 quae
1243 3086 1294 3143 si
1320 3086 1487 3143 fieret
1512 3086 1589 3143 ab
1616 3085 1876 3156 homine,
1912 3093 2290 3143 accusaretur
2316 3086 2399 3161 inj
2411 3089 2626 3147 ustitiae
2654 3098 2715 3148 et

310 3166 679 3223 crudelitatis
708 3165 1003 3221 maximae.
1070 3164 1248 3221 Absit
1274 3170 1345 3221 nt
1372 3163 1537 3220 Deus
1561 3165 1827 3237 fingatur
1862 3165 1946 3223 sic
1970 3164 2233 3223 illudens
2261 3166 2624 3239 hominibus,
2655 3177 2718 3227 et

310 3243 549 3318 culpam
578 3250 765 3301 totam
792 3243 1154 3313 condonans,
1198 3248 1399 3301 tamen
1440 3241 1695 3317 puniens
1743 3244 1819 3300 ob
1865 3244 2122 3319 culpam,
2167 3243 2474 3303 remittens
2517 3254 2714 3305 totum

309 3322 596 3394 debitum,
626 3330 687 3380 et
711 3329 909 3380 tamen
940 3320 1069 3396 ejus
1096 3320 1340 3395 exigens
1367 3320 1726 3378 solutionem
1751 3342 1764 3378 :
1810 3322 1990 3382 Absit
2018 3328 2088 3380 ut
2113 3322 2155 3379 J
2160 3323 2320 3380 udex
2347 3326 2563 3384 mundi
2589 3346 2714 3385 non

312 3409 583 3460 exerceat
600 3402 746 3475 jus?
792 3401 942 3461 Gen.
970 3399 1134 3457 xviii.
1164 3398 1258 3458 25.

390 3480 678 3539 XXVII.
722 3482 779 3539 4.
814 3482 931 3539 Sed
980 3478 1199 3536 divinae
1247 3478 1679 3537 M'mericordt’oe
1724 3482 1918 3539 multo
1965 3479 2158 3554 magis
2206 3482 2558 3542 adversatur
2585 3485 2716 3543 haec

311 3559 625 3617 distinctim
690 3560 857 3617 Nam
886 3577 1021 3617 cum
1071 3557 1381 3633 Scriptura
1428 3564 1678 3616 testetur
1723 3566 1784 3617 et
1830 3578 1922 3617 res
1961 3560 2091 3634 ipsa
2117 3560 2334 3618 clamet
2362 3561 2560 3618 Deum
2579 3562 2714 3637 jam

311 3638 427 3694 sub
452 3637 672 3695 foedere
699 3638 908 3713 gratiae
936 3657 1007 3695 ex
1038 3654 1159 3710 quo
1188 3638 1359 3694 nobis
1400 3655 1507 3713 per
1536 3636 1839 3695 Christum
1867 3637 2278 3695 reconciliatus
2307 3646 2410 3709 est,
2440 3658 2561 3696 non
2591 3659 2718 3697 am-

312 3716 471 3789 plius
500 3735 623 3773 esse
641 3717 880 3791 justum
906 3716 1193 3792 judicem,
1222 3716 1327 3773 sed
1356 3714 1832 3773 amantissimum
1861 3722 2108 3789 patrem,
2140 3716 2313 3789 cujus
2341 3734 2510 3774 amor
2537 3718 2716 3775 etiam

314 3795 665 3853 tenerrimos
692 3803 955 3854 matrum
982 3794 1229 3852 affectus
1256 3794 1319 3851 in
1347 3796 1567 3852 liberos
1610 3801 1869 3867 superat,
1899 3793 2124 3870 quique
2165 3796 2316 3851 adeo
2345 3795 2550 3853 omnia
2576 3814 2714 3853 cum

316 3870 475 3929 Filio
502 3874 825 3948 gratificari
852 3892 971 3931 non
992 3880 1263 3943 recusat3
1311 3872 1463 3941 Quis
1487 3871 1662 3929 facile
1705 3874 1900 3948 capiat
1939 3892 2061 3947 quo
2102 3874 2342 3930 tandem
2370 3881 2546 3948 pacto
2576 3892 2716 3931 cum

312 3957 484 4009 tanta
529 3954 660 4027 ejus
702 3953 764 4009 in
812 3970 921 4010 nos
968 3951 1369 4009 misericordia
1412 3950 1730 4009 consistere
1764 3951 1956 4025 possit
1985 3956 2153 4008 tanta
2179 3950 2446 4023 ejusdem
2474 3958 2719 4026 tamque

312 4027 601 4088 inusitata.
626 4032 924 4101 severitas,
953 4038 1025 4088 ut
1050 4048 1252 4103 poenas
1278 4029 1660 4103 gravissimas
1687 4049 1726 4088 a
1751 4030 1922 4087 nobis
1947 4034 2216 4104 reposcat
2241 4029 2556 4087 duratione
2583 4037 2714 4087 tan·

313 4113 444 4164 tum
466 4126 505 4166 a
524 4111 713 4183 poenis
733 4111 1023 4184 gehennae
1045 4108 1400 4179 differentes,
1419 4126 1585 4183 quas,
1608 4107 1659 4164 si
1675 4125 1814 4165 vere
1831 4110 1992 4184 quod
2020 4108 2117 4163 isti
2135 4109 2498 4182 pertendunt
2513 4109 2718 4165 remis-

314 4202 381 4242 sa
407 4193 497 4245 est
524 4190 717 4247 omnis
742 4189 937 4263 culpa,
966 4186 1209 4244 minime
1238 4188 1522 4244 debemus
1544 4188 1569 4243 ἓ
1653 4188 1756 4245 An
1784 4188 1913 4244 haec
1939 4184 2380 4243 clementissimi
2405 4186 2606 4260 patris,
2636 4204 2714 4245 an

312 4281 433 4321 nou
464 4266 662 4339 potius
680 4265 997 4341 justissimi
1015 4266 1240 4340 judicis
1266 4265 1477 4323 effecta
1498 4271 1640 4322 sunt
1659 4272 1719 4323 et
1745 4266 2144 4339 argumenta?
2227 4264 2332 4320 An
2359 4282 2482 4321 non
2509 4283 2629 4340 pax
2658 4273 2720 4323 et

312 4344 641 4401 consolatio
671 4344 863 4403 omnis
890 4343 973 4402 sic
1000 4343 1290 4401 adimitur
1314 4344 1591 4400 fidelibus
1613 4350 1674 4401 et
1694 4344 1756 4399 in
1780 4341 2170 4400 saevissimum
2191 4350 2558 4400 tormentum
2579 4363 2718 4403 con-

312 4422 572 4481 scientiae
600 4423 1110 4497 constringuntur,
1139 4440 1328 4497 quum
1356 4422 1564 4478 vident
1590 4439 1656 4478 se
1677 4420 1956 4479 vindictae
1986 4420 2206 4477 divinae
2235 4421 2434 4479 adhuc
2460 4422 2712 4499 subesse,

312 4508 375 4557 ct
401 4502 987 4560 vehementissimum
1014 4500 1146 4575 ejus
1172 4518 1437 4557 amorem
1465 4517 1585 4557 non
1608 4498 1848 4557 obstare
1871 4499 2192 4575 quominus
2221 4498 2584 4559 severissime
2611 4503 2724 4559 ad·-

310 4581 432 4637 huc
500 4580 832 4639 uniantur?

396 4600 727 4719 XIXVIII.
772 4659 826 4717 5.
873 4658 1114 4732 Pugnat
1157 4676 1293 4715 cum
1336 4658 1651 4732 phrasibus
1698 4655 2020 4733 chipturoe
2067 4658 2288 4734 quibus
2315 4660 2720 4717 remissionom
