3234 5192
579 324 697 387 ⁷21
1385 337 1463 381 ns
1506 336 1760 378 oisemo
1803 338 2154 379 rex-rimmo.
2503 319 2766 402 [msrur.
2815 324 3000 383 xxxv.

576 480 733 540 unde
776 478 1027 540 docebit.
1097 478 1293 537 Primo
1341 478 1812 557 distinguendum
1857 488 2094 539 censent
2141 488 2406 539 accurate
2463 480 2786 541 Orthodoxi
2840 482 3007 542 inter

586 562 838 623 Causam
867 561 1181 633 efficientem
1202 579 1306 637 per
1332 578 1506 635 quam
1535 558 1841 635 credimus,
1871 567 1933 618 et
1978 561 2300 635 obJectt'vam
2346 568 2580 637 propter
2605 579 2778 637 quam
2808 564 3002 621 credi-

578 662 727 719 mus,
758 641 909 701 inter
923 641 1273 718 principium
1302 640 1587 720 ineant-mbr
1631 639 1789 715 quod
1835 639 2008 699 fidem
2037 640 2284 717 alicujus
2319 640 2582 701 veritatis
2611 640 2876 701 effective
2907 643 2994 700 in-

582 730 837 801 generat,
868 729 928 781 et
954 722 1215 781 motivum
1242 739 1345 780 seu
1386 728 1790 797 argumentum
1833 719 1990 796 quod
2032 720 2320 797 objective
2348 718 2425 777 ad
2451 739 2577 778 eam
2625 721 2800 779 fidem
2828 722 3005 779 adhi-

582 803 831 863 bendam
867 820 975 860 nos
1002 807 1199 860 movet
1247 808 1307 859 et
1334 801 1569 859 excitat.
1656 799 1740 859 Ut
1767 799 1816 857 si
1861 798 1934 858 de
1980 799 2258 858 charitate
2301 800 2547 876 quaestio
2592 800 2683 875 sit,
2716 800 2877 859 aliud
2907 813 3004 861 est

580 883 747 961 loqui
772 882 845 941 de
874 900 1048 940 causa
1075 880 1201 957 ejus
1228 878 1509 939 efficiente
1546 898 1651 957 per
1697 898 1870 956 quam
1913 879 2267 955 producitur,
2298 879 2454 937 aliud
2503 879 2575 938 de
2603 881 2838 939 motivis
2865 884 3001 958 qui-

580 962 693 1023 bus
721 960 1023 1035 excitatur,
1054 979 1229 1019 causa
1256 958 1509 1019 efficiens
1556 958 1728 1017 unica
1775 966 1834 1017 et
1879 958 2212 1036 principalis
2239 968 2328 1018 est
2376 960 2626 1037 Spiritus
2663 960 2744 1035 S„
2773 962 3006 1021 motiva

582 1051 719 1104 sunt
746 1048 1086 1119 argumenta
1110 1038 1214 1098 illa
1238 1040 1403 1097 varia
1428 1057 1558 1117 quae
1595 1040 1656 1096 in
1689 1039 1984 1115 Scriptura
2009 1039 2177 1097 nobis
2221 1039 2568 1098 exhibentur
2610 1041 2822 1099 amoris
2849 1041 3004 1100 inef-

582 1122 776 1182 fabilis
803 1141 975 1199 quem
1006 1122 1167 1180 Deus
1194 1127 1439 1179 testatus
1468 1127 1557 1178 est
1582 1117 1752 1177 nobis
1778 1118 1841 1176 in
1867 1119 2022 1194 fili03
2055 1120 2149 1177 Ita
2175 1118 2248 1177 de
2287 1118 2400 1177 fide
2428 1119 2640 1196 pariter
2667 1120 3004 1180 ratiocinari

585 1203 880 1277 debemus,
910 1202 971 1261 in
1000 1201 1109 1259 hoc
1152 1200 1517 1277 potissimum
1564 1206 1923 1276 argumente,
1959 1200 2152 1259 Causa
2195 1199 2429 1271 efficiens
2474 1208 2686 1257 nostrie
2712 1200 2851 1259 fidei
2881 1202 3004 1260 alia

586 1282 712 1343 dari
739 1302 859 1342 non
883 1288 1077 1359 potest
1102 1288 1311 1359 praeter
1342 1280 1619 1357 Spiritum
1660 1279 1784 1338 sine
1813 1298 1928 1355 quo
1977 1298 2084 1339 nec
2126 1279 2280 1355 velle
2308 1287 2409 1338 aut
2453 1279 2744 1357 perficere,
2774 1280 2895 1339 imo
2923 1301 3002 1341 ne

586 1364 846 1440 cogitare
874 1360 1109 1440 quidem
1136 1378 1461 1439 possumus.
1506 1360 1709 1437 Neque
1738 1358 2053 1418 diffitentur
2079 1359 2191 1437 ipsi
2217 1358 2552 1435 adversarii,
2583 1360 2684 1437 qui
2715 1359 3000 1436 Spiritum

586 1444 664 1503 ad
690 1442 864 1502 fidem
892 1438 1343 1519 ingenerandam
1386 1440 1774 1499 necessarium
1817 1447 2159 1517 agnoscunt,
2190 1446 2258 1499 ut
2287 1439 2659 1517 stapletonus
2695 1459 2849 1516 saepe
2878 1450 3002 1501 tes-

584 1531 742 1583 tatur
788 1530 989 1581 contra
1016 1521 1281 1581 Withak.
1310 1520 1694 1597 injuriamque
1737 1519 1849 1578 sibi
1876 1519 2002 1579 fieri
2026 1520 2101 1578 ab
2149 1538 2219 1577 eo
2245 1520 2520 1595 queritur,
2551 1518 2719 1596 quasi
2753 1520 2868 1578 hoe
2893 1536 2998 1579 ne-

585 1610 769 1678 garet.
819 1601 937 1663 Sed
964 1620 1139 1659 causa
1166 1601 1429 1675 objectiva
1457 1610 1690 1677 propter
1729 1618 1900 1676 quam
1940 1598 2226 1657 credimus
2270 1608 2360 1657 est
2389 1600 2626 1657 Verbum
2653 1600 2834 1675 ἱρειιηι
2863 1620 3000 1660 cum

584 1681 757 1755 notis,
788 1700 893 1739 seu
918 1680 1113 1755 potius
1140 1678 1369 1738 criteria
1388 1679 1491 1737 illa
1507 1678 1766 1737 coelestia
1793 1686 1852 1737 et
1879 1678 2026 1736 radii
2053 1678 2378 1737 divinitatis
2425 1679 2528 1755 qui
2569 1678 2632 1736 in
2659 1679 2859 1739 Verbo
2881 1679 2996 1739 ful-

586 1767 745 1836 gent,
776 1767 834 1818 et
860 1758 1093 1834 propria
1140 1777 1245 1817 sua
1280 1778 1349 1817 ac
1376 1758 1550 1818 insita
1592 1757 1739 1832 luce,
1771 1758 2090 1833 majestate,
2121 1777 2190 1816 ac
2237 1757 2542 1835 splendore
2587 1777 2648 1816 se
2677 1760 2834 1836 ipsos
2861 1780 2999 1838 pro-

583 1838 743 1911 bant,
774 1836 1258 1915 quemadmodum
1288 1837 1377 1895 sol
1403 1837 1636 1915 propria
1662 1858 1730 1896 ae
1757 1837 1956 1895 nativa
1977 1836 2105 1896 luce
2133 1836 2387 1915 seipsum
2415 1836 2792 1898 demonstrat.
2835 1840 3000 1900 Hinc

577 1920 753 1997 juxta
796 1917 1016 1996 duplex
1063 1916 1211 1975 illud
1257 1916 1393 1975 fidei
1446 1916 1810 1995 principium,
1859 1915 2079 1995 duplex
2111 1917 2285 1976 etiam
2329 1918 2574 1995 quaestio
2619 1920 2878 1979 nascitur
2919 1921 3000 1979 ad

586 2018 761 2077 quam
788 1996 1175 2057 diversimode
1204 2004 1395 2075 potest
1420 1997 1774 2075 responderi.
1819 1997 1970 2056 Nam
2011 1998 2062 2057 si
2089 1996 2364 2075 quaeritur
2396 1997 2468 2057 de
2517 2018 2692 2057 causa
2733 2001 3002 2076 objectiva

587 2090 823 2159 propter
847 2098 1020 2156 quam
1050 2077 1337 2137 credimus
1370 2078 1679 2155 Scripturas
1708 2077 2087 2153 divinitatem,
2117 2078 2498 2156 respondetur
2523 2097 2650 2137 esse
2671 2078 2859 2156 ipsum
2885 2080 3002 2140 Dei

585 2160 849 2220 Verbum
876 2179 981 2237 per
1006 2167 1174 2217 notas
1202 2178 1337 2218 suas
1364 2159 1567 2218 insitas
1589 2180 1605 2233 3
1649 2158 1700 2217 si
1727 2178 1868 2218 vero
1896 2158 2143 2235 quaestio
2167 2166 2257 2218 est
2281 2158 2356 2217 de
2399 2178 2574 2217 causa
2609 2160 2870 2232 efficiente
2893 2180 3005 2237 per

591 2260 766 2318 quam
794 2248 854 2297 et
882 2240 1047 2315 cujus
1076 2238 1136 2295 vi
1165 2238 1471 2311 credimus,
1504 2238 1714 2297 dicitur
1735 2258 1862 2297 esse
1903 2238 2153 2315 Spiritus
2185 2240 2244 2299 S.
2277 2238 2380 2315 qui
2422 2238 2696 2297 virtutem
2725 2240 3002 2299 credendi

586 2320 757 2378 nobis
784 2318 966 2391 indit;
996 2326 1171 2391 atque
1199 2316 1281 2374 ita
1324 2317 1623 2375 verissime
1645 2316 1890 2375 dicimus
1923 2318 2274 2393 Scripturam
2305 2318 2686 2377 demonstrari
2714 2339 2788 2379 ex
2815 2320 2998 2398 Spiri-

584 2404 668 2471 tu,
698 2397 763 2454 id
789 2404 877 2454 est
904 2414 1007 2471 per
1034 2396 1159 2470 ejus
1186 2394 1461 2451 virtutem
1502 2402 1561 2452 et
1607 2394 1936 2467 efficaciam,
1968 2415 2098 2471 quae
2143 2396 2320 2453 fidem
2367 2396 2670 2472 ingenerat
2695 2399 2758 2457 in
2785 2400 3000 2459 animis

584 2476 815 2548 nostris,
847 2473 986 2550 quia
1036 2491 1175 2529 vero
1204 2471 1370 2531 facile
1398 2472 1531 2548 quis
1558 2479 1618 2530 et
1645 2471 1899 2547 seipsum
1925 2481 1986 2531 et
2029 2473 2174 2531 alios
2201 2474 2466 2549 decipere
2495 2485 2692 2550 posset
2712 2478 2997 2553 jactando

590 2554 869 2632 Spiritum
897 2551 1061 2609 illum
1084 2570 1254 2627 quem
1282 2569 1399 2609 non
1426 2551 1668 2610 haberet
1702 2560 1912 2625 tamen,
1945 2549 2075 2609 ideo
2102 2558 2170 2610 nt
2193 2550 2326 2627 quis
2353 2552 2770 2627 persuadeatur
2795 2558 2871 2617 de
2893 2579 3006 2619 ve-

585 2636 756 2695 ritate
784 2633 941 2692 illius
974 2630 1223 2708 Spiritus
1250 2630 1425 2690 debet
1460 2630 1691 2707 probari
1719 2649 1794 2688 ex
1819 2630 2116 2707 Scriptura
2155 2630 2297 2708 ipsa,
2329 2638 2614 2707 quatenus
2641 2632 2768 2708 ipsa
2795 2639 3004 2698 varias

588 2724 757 2775 notas
785 2722 844 2775 et
872 2711 1100 2772 criteria
1124 2711 1293 2771 nobis
1316 2710 1732 2785 subministrat,
1762 2730 1838 2769 ex
1855 2710 2064 2789 quibus
2091 2709 2486 2788 dignoscimus
2513 2730 2588 2769 an
2619 2710 2872 2788 Spiritus
2890 2716 3000 2777 ille

589 2796 693 2874 qui
719 2796 781 2854 in
806 2793 977 2853 nobis
1005 2800 1094 2853 est
1119 2812 1257 2852 vere
1287 2791 1363 2851 sit
1390 2812 1465 2850 ex
1495 2792 1624 2850 Deo
1643 2809 1845 2862 necne,
1873 2810 1950 2849 an
1969 2790 2219 2869 Spiritus
2238 2790 2450 2849 Christi
2479 2810 2556 2849 an
2581 2811 2722 2851 vero
2749 2797 2998 2873 mnndi3

590 2878 675 2939 sic
703 2876 1005 2953 Scriptwa
1031 2874 1239 2951 probat
1264 2872 1540 2948 Spu-imm
1565 2886 1683 2931 non
1711 2872 1966 2949 ᾔει-ἄνθ,
1995 2871 2100 2931 sed
2126 2871 2381 2948 objectiva
2405 2890 2510 2948 per
2535 2870 2788 2933 rationes
2813 2883 2874 2935 et
2903 2894 2998 2935 ar-

590 2965 869 3036 gumenta
896 2974 1025 3033 quae
1054 2954 1115 3011 in
1143 2974 1212 3012 ea
1240 2952 1486 3011 elucent.

674 3036 899 3095 XXII.
946 3034 1117 3093 Unde
1147 3034 1270 3109 jam
1311 3033 1636 3091 luculenter
1677 3029 1970 3107 colligitur
2010 3029 2133 3090 Nos
2168 3050 2356 3108 neque
2391 3030 2452 3089 in
2490 3030 2628 3091 fidei
2665 3039 2874 3091 nostrae
2904 3052 3000 3093 re·-

588 3115 878 3175 solutione
922 3112 1193 3191 progredi
1238 3112 1298 3169 in
1347 3110 1652 3185 infinitum,
1702 3127 1890 3187 neque
1939 3111 1998 3168 in
2043 3110 2258 3169 circulo
2301 3110 2529 3187 agitari.
2602 3112 2752 3170 Nam
2799 3114 3002 3189 quoad

588 3194 767 3271 prius,
813 3212 931 3249 non
974 3199 1167 3267 potest
1210 3190 1335 3249 dari
1378 3208 1719 3267 progressus
1762 3189 1824 3246 in
1866 3189 2171 3263 infinitum,
2221 3190 2360 3266 quia
2385 3190 2643 3251 sistimus
2671 3192 2904 3251 tandem
2931 3194 3002 3252 in

588 3271 843 3350 quodam
883 3269 1089 3327 ultimo
1134 3267 1397 3327 credibili
1439 3268 1595 3344 quod
1639 3286 1756 3327 non
1795 3276 2030 3344 propter
2055 3267 2215 3327 aliud
2241 3268 2344 3328 sed
2371 3280 2606 3347 propter
2631 3291 2694 3330 se
2721 3271 2998 3349 creditur,

588 3350 859 3411 nimirum
886 3347 947 3405 in
974 3347 1102 3423 ipsa
1132 3346 1192 3405 S.
1224 3346 1536 3422 Scriptura,
1566 3364 1696 3421 quae
1727 3346 1979 3405 creditur
2015 3366 2141 3406 esse
2169 3346 2430 3407 Verbum
2461 3350 2574 3408 Dei
2609 3367 2726 3409 non
2758 3361 3006 3429 propter

588 3430 765 3504 aliud,
812 3425 915 3485 sed
954 3432 1185 3502 propter
1228 3444 1328 3499 se;
1376 3424 1673 3483 Posterius
1715 3426 1887 3483 etiam
1931 3434 2107 3501 patet,
2147 3426 2285 3501 quia
2325 3427 2558 3487 diversa
2593 3430 2838 3506 quaestio
2881 3442 2998 3509 cst,

588 3508 820 3589 quando
848 3506 1001 3567 enim
1028 3504 1337 3582 probamus
1364 3504 1722 3579 Serapam-am
1749 3522 1826 3561 ex
1851 3504 2085 3580 Spiritu,
2129 3504 2241 3564 hoc
2282 3505 2350 3564 fit
2387 3526 2492 3585 per
2531 3509 2767 3568 modum
2807 3530 3006 3571 causoe

588 3588 881 3665 efficientis,
911 3584 1142 3663 quando
1170 3602 1309 3643 vero
1336 3582 1648 3661 probamus
1673 3583 1945 3659 Spiritum
1971 3602 2048 3643 ex
2075 3585 2395 3660 scripum,
2445 3588 2850 3664 progredimur
2889 3610 3006 3667 per

587 3672 745 3730 viam
772 3686 956 3727 causoe
982 3664 1274 3740 οἶῇοσείυω.
1353 3663 1425 3720 In
1464 3662 1652 3739 prima
1689 3662 2008 3739 quaestione
2043 3664 2320 3740 quaeritur
2347 3684 2462 3742 qua
2487 3665 2762 3728 facultate
2791 3670 3001 3728 creda-

586 3770 735 3825 mus,
786 3748 909 3807 sive
954 3745 1063 3805 sub
1106 3762 1221 3820 qua
1262 3742 1638 3820 dispositione
1685 3742 1748 3800 in
1789 3742 2050 3821 subjecto
2089 3760 2191 3801 seu
2227 3760 2342 3820 per
2381 3746 2522 3820 quid
2557 3748 2880 3825 credamus,
2931 3751 3002 3809 in

587 3830 769 3889 altera
808 3845 948 3885 vero
990 3844 1099 3901 quo
1142 3831 1489 3898 ανφιηιεηεο,
1530 3822 1656 3881 sive
1697 3821 1806 3881 sub
1845 3837 1962 3899 qua
1989 3822 2213 3881 formali
2239 3823 2462 3884 ratione
2489 3822 2552 3882 in
2579 3827 2861 3903 subjecte,
2897 3831 3003 3889 vel

577 3918 824 3987 propter
858 3904 999 3983 quid
1034 3901 1352 3961 credamus.
1437 3900 1644 3976 Quare,
1690 3920 1820 3960 cum
1860 3902 2104 3961 diversae
2141 3902 2260 3961 sint
2293 3903 2660 3981 quaestiones,
2691 3926 3001 3985 nunquam

584 3990 801 4067 petitur
847 3982 1207 4062 principium,
1258 3980 1355 4039 vel
1392 3982 1466 4039 ab
1504 3980 1707 4039 eodem
1735 3980 1813 4039 ad
1838 3979 1990 4040 idem
2019 3982 2085 4040 fit
2111 3998 2431 4059 processus,
2481 3983 2628 4044 fides
2665 3986 2819 4045 enim
2861 3996 2999 4047 tan-

584 4069 719 4128 dem
764 4063 1076 4125 resolvitur
1117 4060 1503 4119 diversimode
1531 4060 1591 4118 in
1620 4068 1814 4119 utrum
1853 4080 1927 4119 ue
1954 4061 2112 4121 istud
2137 4062 2499 4140 principium,
2539 4064 2601 4123 in
2627 4066 3000 4143 Scripturam

582 4157 860 4225 tanquam
903 4143 961 4203 in
1008 4160 1239 4201 causam
1276 4142 1616 4216 oln’ectivam,
1669 4159 1772 4199 seu
1843 4139 2057 4199 ormale
2101 4142 2392 4218 objectum
2433 4162 2602 4202 suum
2638 4154 2698 4205 et
2734 4147 3000 4224 primum

584 4226 877 4301 credibile,
908 4222 1065 4301 qu‘od
1097 4220 1467 4298 Stapletonus
1494 4226 1666 4280 vocat
1697 4220 2046 4296 principium
2081 4222 2409 4298 doctrinale,
2449 4222 2512 4280 in
2539 4224 2817 4299 Spiritum
2845 4246 3001 4288 vero

580 4311 857 4379 tanquam
884 4303 945 4361 in
972 4322 1202 4363 causam
1228 4300 1541 4374 efficientem
1566 4298 1975 4376 principalem3
2020 4299 2070 4360 si
2095 4302 2307 4377 quaeris
2333 4301 2488 4361 unde
2515 4304 2774 4364 norimus
2795 4305 3002 4384 Scrip-

581 4388 769 4438 turam
810 4402 937 4441 esse
974 4381 1231 4439 divinam
1272 4380 1337 4439 id
1376 4388 1465 4439 est
1502 4398 1617 4457 qua
1644 4378 1707 4437 vi
1751 4387 1811 4439 et
1853 4379 2142 4456 facultate,
2175 4380 2540 4457 Respondeo,
2572 4402 2675 4459 per
2705 4385 3002 4461 Spiritum

583 4456 877 4530 Sanctum,
908 4460 1009 4535 qui
1036 4467 1281 4522 testatur
1306 4460 1367 4517 in
1394 4459 1566 4518 corde
1593 4466 1790 4518 nostro
1813 4481 1828 4533 3
1873 4460 1924 4519 si
1949 4460 2150 4531 instas,
2178 4460 2332 4519 unde
2361 4461 2616 4521 norimus
2637 4482 2746 4521 nos
2772 4464 3004 4527 habere

582 4532 859 4607 Spiritum
894 4537 953 4593 S.
983 4538 1042 4593 id
1070 4546 1175 4611 est,
1227 4558 1343 4615 quo
1382 4547 1741 4615 argumente,
1784 4538 2146 4617 Respondeo,
2186 4557 2262 4597 ex
2289 4540 2466 4597 variis
2493 4540 2611 4599 illis
2639 4543 3004 4604 characteri-

576 4610 687 4670 bus
708 4617 767 4667 et
794 4609 1014 4669 effectis
1041 4633 1170 4687 quae
1199 4616 1257 4671 in
1292 4616 1587 4692 Scriptura
1623 4618 1861 4693 Spiritui
1893 4618 1953 4677 S.
1984 4617 2330 4695 tribuuntur,
2361 4638 2490 4696 quae
2519 4639 2700 4696 quum
2725 4622 2788 4679 in
2816 4624 3008 4685 nobis
