3234 5192
524 387 642 446 580
1115 405 1193 446 m:
1223 403 1705 448 sansacu-roms
1732 403 1967 446 cuman
1994 403 2308 444 vnaius-s.
2473 383 2733 467 [msru'r.
2764 403 2941 447 xvm.

529 544 902 605 sacerdotalis
931 545 1186 624 dignitas
1213 546 1323 606 fuit
1365 547 1517 607 inter
1551 547 1687 625 jura
1734 545 2223 624 primogeniturae,
2258 546 2341 604 ita
2370 546 2531 606 Deus
2562 547 2709 605 bene
2740 547 2938 606 Chris-

529 635 653 684 tum
683 626 1024 685 Pontificem
1053 627 1352 686 constituit
1378 626 1538 705 quod
1563 634 1719 685 esset
1758 626 1911 686 filius
1941 646 2081 685 suus
2108 626 2459 702 unigenitae,
2490 627 2650 685 solus
2694 627 2941 687 idoneus

528 706 631 783 qui
671 715 791 764 tam
839 707 1074 765 sublimi
1100 727 1334 767 munere
1364 707 1791 784 defungeretur.
1859 707 2007 766 Haec
2059 706 2257 783 itaque
2306 705 2615 765 declaratio
2648 706 2837 767 Patris
2865 707 2939 767 de

531 785 760 846 Christo
788 786 946 863 quod
973 788 1050 846 sit
1077 788 1266 847 Filius
1297 807 1454 862 suus,
1501 787 1761 846 continet
1807 806 2039 846 causam
2085 786 2263 845 delati
2310 786 2423 864 ipsi
2453 786 2847 861 Pontificatus‚
2880 796 2940 847 et

528 867 851 927 vocationis
879 869 1186 944 authore-m,
1218 868 1322 927 sed
1347 876 1576 944 tempus
1605 867 1733 944 ejus
1774 867 2154 927 institutionis
2188 885 2303 924 non
2347 866 2566 926 indicat
2594 889 2607 941 ;
2654 886 2769 925 non
2798 867 2940 928 dicit

531 945 740 1024 Apost.
765 947 1054 1006 Christum
1073 967 1188 1006 non
1209 949 1370 1025 prius
1387 956 1643 1007 creatum
1670 967 1797 1006 esse
1820 967 1955 1006 vere
1976 946 2331 1022 Pontificem,
2365 965 2539 1024 quam
2567 946 2621 1006 ei
2652 947 2939 1006 diceretur

512 1027 674 1106 filius
694 1047 846 1085 meus
873 1048 929 1085 es
957 1037 1034 1100 tu,
1065 1028 1170 1087 sed
1217 1028 1428 1106 simpli.
1476 1027 1551 1087 ab
1579 1046 1649 1086 eo
1704 1028 2081 1087 constitutum
2130 1046 2255 1086 esse
2306 1027 2649 1086 Pontificem
2676 1048 2712 1086 a
2738 1047 2853 1105 quo
2881 1028 2937 1086 ei

530 1106 750 1166 dictum
778 1108 940 1186 filius
995 1128 1146 1167 meus
1183 1129 1240 1167 es
1295 1117 1371 1167 tu.
1433 1111 1489 1168 3.
1519 1108 1761 1167 Falsum
1806 1108 1979 1167 etiam
2021 1108 2148 1166 haec
2189 1106 2367 1166 verba
2407 1107 2504 1165 vel
2558 1108 2713 1166 dicta
2760 1108 2937 1167 fuisse

527 1194 752 1246 tantum
783 1188 1013 1248 Christo
1051 1188 1112 1246 in
1155 1188 1589 1265 resurrectione,
1619 1188 1718 1246 vel
1763 1197 1897 1265 post
1943 1207 2069 1246 eam
2118 1189 2371 1265 impleta,
2394 1188 2517 1265 jam
2566 1188 2719 1246 enim
2770 1197 2937 1247 antea

530 1267 756 1344 saepius,
789 1276 848 1327 et
874 1268 936 1326 in
961 1268 1268 1346 baptismO,
1301 1269 1510 1329 Matth.
1541 1269 1641 1343 iii„
1690 1276 1751 1326 et
1793 1269 1854 1326 in
1900 1267 2423 1345 transfiguratione,
2473 1268 2682 1326 Matth.
2704 1269 2845 1326 xvii.
2876 1271 2931 1342 5,

528 1348 654 1407 haec
683 1368 801 1406 vox
830 1348 1056 1408 coelitus
1101 1349 1298 1408 audita
1343 1348 1546 1425 fuerat,
1570 1349 1689 1407 imo
1717 1349 1844 1427 ejus
1871 1348 2074 1408 filiatio
2122 1348 2195 1407 ab
2244 1348 2563 1406 aeternitate
2610 1349 2932 1426 arcessitur,

535 1428 715 1487 Mich.
735 1449 790 1486 v.
813 1433 869 1504 2,
901 1449 1032 1488 cum
1063 1431 1100 1462 “
1123 1449 1391 1507 egressus
1420 1431 1547 1507 ejus
1568 1429 1841 1488 dicuntur
1866 1447 1993 1488 esse
2022 1429 2096 1487 ab
2124 1428 2290 1487 initio
2318 1448 2354 1486 a
2380 1427 2585 1486 diebus
2614 1427 2830 1487 seculi”
2858 1436 2932 1503 et,

533 1509 708 1568 Prov.
737 1509 858 1568 viii.
890 1512 985 1585 25,
1022 1511 1057 1542 “
1079 1510 1375 1587 Sapientia
1400 1509 1613 1569 dicitur
1640 1508 1838 1586 genita
1878 1517 2010 1566 ante
2040 1507 2252 1567 colles)
2239 1509 2271 1536 ''
2358 1507 2474 1566 Cur
2512 1507 2583 1566 E.
2616 1509 2833 1567 Paulus
2860 1507 2935 1566 ad

530 1589 1004 1647 resurrectionem
1051 1589 1227 1648 refert
1245 1593 1274 1648 P
1315 1589 1761 1666 Distinguamus
1818 1590 1853 1620 “
1873 1607 1991 1645 rem
2040 1607 2075 1645 a
2116 1586 2499 1664 patefactione
2548 1588 2649 1662 rei,
2702 1607 2933 1646 causam

530 1668 962 1727 constitutivam
1019 1687 1054 1726 a
1099 1669 1292 1745 priori,
1351 1689 1386 1726 a
1413 1688 1587 1727 causa
1636 1666 1989 1727 declarativa
2032 1685 2067 1724 a
2111 1666 2474 1742 posteriori,'’
2530 1675 2597 1724 ut
2625 1677 2825 1725 notum
2874 1669 2937 1726 in

534 1747 830 1823 Scriptura
869 1767 1020 1822 saepe
1047 1766 1169 1805 rem
1197 1747 1314 1806 dici
1339 1747 1464 1806 fieri
1493 1767 1673 1825 quum
1719 1745 2045 1821 innotescit,
2077 1753 2137 1803 et
2182 1743 2486 1803 manifesta
2512 1745 2577 1803 fit
2604 1764 2734 1821 quae
2762 1756 2934 1806 antea

525 1825 762 1899 latebat,
792 1834 858 1884 ut
885 1825 1068 1885 stellae
1097 1835 1219 1885 tum
1267 1826 1500 1885 demum
1549 1826 1821 1885 dicuntur
1866 1824 2003 1882 oriri
2030 1843 2209 1901 quum
2235 1823 2519 1901 incipiunt
2560 1824 2729 1883 nobis
2757 1845 2934 1903 appa·

526 1925 670 1964 rere.
736 1905 1106 1964 Resurrectio
1155 1905 1370 1965 Christi
1395 1926 1512 1964 non
1542 1906 1653 1965 fuit
1680 1923 1855 1964 causa
1882 1905 2230 1964 constitutiva
2256 1903 2568 1980 filiationis,
2600 1905 2769 1982 quasi
2794 1914 2937 1966 tunc

525 1985 757 2044 demum
785 1985 970 2044 factus
997 1984 1204 2045 fuisset
1248 1987 1422 2062 filius,
1452 1987 1528 2045 ab
1570 1993 1785 2045 aeterno
1834 1985 1987 2044 enim
2030 1985 2164 2045 talis
2192 1983 2357 2059 fuit‚·
2341 2003 2459 2043 imo
2488 1994 2548 2044 et
2574 1993 2708 2044 ante
2744 2005 2931 2045 resur-

529 2065 842 2125 rectionem
885 2085 962 2124 ex
1005 2066 1248 2144 hypoth.
1277 2067 1506 2126 advers.
1533 2089 1547 2143 ;
1593 2066 1698 2125 sed
1724 2066 1834 2126 fuit
1860 2085 2036 2125 causa
2064 2067 2431 2141 declarativa,
2463 2085 2579 2143 qua
2604 2085 2809 2126 revera
2834 2087 2939 2144 per

528 2145 1000 2206 resurrectionem
1031 2155 1304 2225 tanquam
1333 2147 1617 2206 invictum
1644 2155 2047 2224 argumentum
2076 2146 2211 2205 talis
2239 2147 2644 2223 comprobatus
2690 2153 2750 2205 et
2770 2147 2934 2223 agni-

527 2234 622 2286 tus
639 2235 745 2286 est.
777 2227 980 2304 Neque
1001 2227 1162 2287 aliud
1187 2228 1378 2288 innuit
1405 2228 1641 2304 Paulus,
1668 2228 1837 2287 Rom.
1868 2227 1906 2285 i.
1935 2230 1994 2300 4,
2025 2245 2199 2304 quum
2224 2226 2307 2284 ait
2324 2245 2443 2284 non
2461 2227 2693 2304 quidem
2722 2226 2937 2285 factum

528 2327 673 2383 esse,
699 2306 802 2367 sed
847 2309 1101 2388 ὅςισῦίντι,
1153 2311 1504 2368 declaratum
1531 2317 1590 2368 et
1628 2308 1810 2367 veluti
1839 2307 2063 2367 solenni
2103 2306 2325 2400 judicio
2362 2308 2791 2384 promulgatum
2820 2307 2934 2365 Dei

525 2387 708 2446 filium
737 2407 840 2462 per
865 2388 1344 2447 resurrectionem
1372 2408 1448 2446 ex
1473 2389 1735 2446 mortuis.
1784 2387 1899 2460 Sic,
1931 2388 2067 2446 Act.
2096 2387 2239 2460 xiii„
2264 2405 2381 2444 non
2428 2387 2559 2446 ideo
2588 2388 2819 2464 genitus
2848 2386 2932 2444 di-

527 2467 678 2524 citur
705 2466 1012 2525 Christus
995 2487 1056 2524 m
1085 2467 1198 2524 Dei
1225 2467 1410 2525 filium
1427 2467 1586 2543 quod
1613 2467 1924 2526 suscitatus
1942 2475 2030 2525 cst
2056 2486 2093 2523 a
2111 2466 2371 2540 mortuis,
2403 2467 2507 2524 sed
2534 2466 2667 2526 idco
2695 2467 2933 2526 suscita·

525 2554 622 2605 tus
650 2554 739 2604 est
765 2564 802 2602 a
825 2548 1085 2621 mortuis,
1115 2547 1274 2622 quod
1299 2566 1478 2623 quum
1506 2547 1641 2605 talis
1670 2555 1823 2604 esset
1848 2545 2205 2622 impossibile
2226 2544 2336 2603 fuit
2363 2565 2495 2605 eum
2517 2547 2759 2606 detineri
2808 2547 2933 2604 vin-

526 2625 672 2684 culis
699 2625 918 2702 mortis,
969 2633 1030 2684 et
1055 2634 1318 2685 sanctum
1361 2626 1516 2684 hunc
1545 2626 1659 2684 Dei
1706 2625 1917 2684 sentire
1962 2624 2400 2701 corruptionem,
2431 2626 2585 2685 unde
2634 2647 2709 2686 ex
2754 2647 2821 2686 ea
2850 2645 2936 2686 re-

527 2705 878 2765 surrectione
923 2706 1240 2766 certissime
1286 2705 1546 2766 constitit
1573 2725 1707 2764 eum
1733 2725 1860 2764 esse
1888 2703 2072 2762 filium
2099 2703 2461 2780 unigenitum
2492 2705 2699 2764 Patris.
2744 2705 2935 2766 Acce-

526 2785 615 2845 dit
661 2785 836 2844 etiam
863 2795 922 2846 et
950 2785 1106 2847 istud
1151 2786 1310 2863 quod
1347 2786 1641 2846 oraculum
1696 2786 1807 2845 hoc
1856 2785 2011 2844 Psal.
2041 2783 2322 2842 referatur
2340 2783 2413 2842 ab
2465 2784 2769 2862 Apostolo‚
2816 2807 2937 2847 non

528 2874 648 2926 tam
675 2865 752 2924 ad
771 2867 1128 2944 probandam
1148 2867 1622 2926 resurrectionem
1644 2864 1874 2941 Christi,
1906 2864 2062 2943 quod
2090 2863 2227 2923 facit
2255 2883 2527 2941 expresse
2553 2884 2675 2923 ver.
2706 2868 2804 2938 34,
2836 2870 2931 2943 35,

525 2946 762 3006 laudato
779 2946 908 3006 loco
937 2967 1010 3006 ex
1013 2947 1177 3007 Psal.
1214 2947 1450 3006 lxxxix.
1481 2950 1577 3024 29,
1609 2954 1669 3006 et
1697 2944 1853 3006 Psal.
1884 2945 2025 3022 xvi„
2057 2964 2229 3023 quam
2260 2945 2387 3021 ejus
2430 2945 2847 3005 exhibitionem
2876 2954 2936 3006 et

526 3011 1091 3087 manifestationem
1074 3049 1138 3086 ιιι
1183 3047 1371 3103 carne,
1403 3048 1532 3106 quae
1562 2993 1680 3087 ’fuit
1724 3025 2027 3104 promissio
2054 3025 2315 3104 patribus
2341 3025 2510 3085 facta.

610 3106 836 3166 XXX.
880 3108 1092 3178 Terti0‚
1126 3109 1258 3169 ob··
1211 3130 1332 3187 J.1c,
1368 3108 1520 3167 Heb.
1550 3108 1674 3167 viii.
1706 3111 1760 3183 4,
1796 3109 1831 3141 ‘⁴
1858 3107 1921 3166 Si
1948 3114 2102 3165 esset
2128 3105 2189 3162 in
2218 3113 2370 3163 terra
2396 3125 2469 3164 ne
2496 3105 2777 3164 Sacerdos
2804 3105 2931 3183 qui·

527 3186 660 3246 dem
679 3195 849 3263 8888ι,
871 3131 1240 3248 manentibus
1265 3189 1384 3248 illis
1405 3187 1814 3248 Sacerdotibus
1834 3187 1933 3264 qui
1952 3185 2267 3246 secundum
2287 3184 2479 3263 legem
2508 3184 2755 3245 offerunt
2782 3186 2935 3245 dona

527 3273 594 3323 ut
621 3265 722 3340 qui
749 3267 1067 3343 exemplari
1094 3267 1425 3327 deserviant
1453 3276 1512 3328 et
1537 3268 1756 3327 umbrie
1784 3287 1975 3326 rerum
2004 3266 2343 3325 coelestium.
2348 3267 2383 3294 ’'
2456 3267 2553 3324 Ex
2572 3266 2785 3344 quibus
2812 3266 2932 3324 col-

525 3343 730 3420 ligitur
756 3344 832 3402 ad
863 3345 1260 3405 Sacerdotium
1289 3348 1414 3424 ejus
1441 3347 1909 3407 constituendum
1956 3365 2191 3406 necesse
2218 3345 2396 3405 fuisse
2423 3354 2489 3405 ut
2516 3347 2575 3404 in
2606 3346 2768 3405 coelis
2795 3365 2929 3405 con-

529 3423 773 3499 sisteret,
805 3423 1022 3501 alioqui
1053 3425 1335 3485 Sacerdos
1363 3447 1478 3485 non
1505 3427 1749 3486 futuruS.
1796 3427 1969 3504 Resp.
1958 3471 1991 3502 .,
2044 3426 2193 3504 Neg.
2224 3445 2494 3504 consequ.
2527 3427 2730 3518 Neque
2777 3427 2927 3485 enim

530 3503 580 3563 si
599 3502 814 3562 Christi
833 3505 1112 3564 exaltatio
1133 3505 1532 3583 requirebatur
1546 3507 1623 3564 ad
1642 3507 2132 3566 continuationem
2153 3515 2211 3565 et
2232 3508 2783 3566 consummationem
2805 3507 2933 3583 ejus

529 3583 836 3643 sacerdotii
864 3585 1137 3644 continuo
1164 3585 1424 3663 sequitur
1448 3586 1781 3663 requisitam
1812 3585 1989 3645 fuisse
2017 3586 2093 3645 ad
2130 3588 2257 3663 ejus
2286 3587 2787 3663 constitutionem,
2832 3587 2931 3646 da·

528 3684 658 3723 mus
686 3663 919 3742 quidem
950 3665 1242 3725 Christum
1269 3685 1557 3726 summum
1587 3665 1945 3742 Pontificem,
1974 3675 2043 3726 ut
2062 3667 2447 3726 sacerdotium
2468 3687 2636 3727 suum
2666 3687 2930 3726 consum·

530 3753 716 3804 maret
742 3753 800 3804 et
849 3745 1178 3824 compleret,
1228 3745 1497 3805 debuisse
1526 3746 1760 3805 tandem
1810 3746 1987 3806 coelos
2030 3747 2241 3822 subire,
2272 3755 2339 3806 ut
2366 3746 2693 3806 sacerdotes
2721 3747 2933 3807 terreni

531 3825 920 3885 continuaturi
947 3845 1116 3884 suum
1145 3825 1527 3886 sacerdotium
1557 3826 1845 3887 debebant
1873 3847 1949 3886 ex
1977 3827 2122 3886 atrio
2164 3827 2225 3885 in
2252 3827 2641 3886 sanctuarium
2670 3828 2929 3903 transire,

530 3927 664 3965 nam
694 3906 988 3984 ingressus
1017 3907 1078 3964 in
1107 3907 1417 3966 sacrarium
1444 3907 1554 3966 fuit
1581 3907 1655 3966 de
1682 3909 2024 3966 necessitate
2046 3915 2104 3966 et
2130 3907 2487 3984 plenitudine
2518 3906 2842 3983 sacerdotii,
2874 3917 2935 3967 et

530 3987 580 4046 si
608 3987 690 4046 ita
716 3987 874 4064 loqui
903 3986 1056 4061 licet,
1089 4007 1297 4065 scopus
1325 3988 1607 4062 sacrificii,
1632 3988 1843 4066 quippe
1869 4006 1987 4047 non
2015 3987 2129 4046 alio
2158 3987 2399 4046 consilio
2434 3987 2702 4046 sacerdos
2731 3987 2934 4047 offere-

527 4067 630 4128 bat
657 4075 824 4127 extra
849 4067 1237 4127 sanctuarium
1264 4087 1438 4146 quam
1465 4076 1532 4128 ut
1558 4067 1959 4144 ingrederetur
2002 4067 2065 4126 in
2092 4067 2421 4142 sacrarium,
2451 4087 2639 4146 neque
2680 4067 2938 4146 expiatio

529 4147 632 4207 illa
657 4149 717 4206 in
746 4148 926 4206 alium
953 4147 1126 4207 finem
1154 4148 1420 4207 instituta
1445 4148 1570 4223 fuit,
1601 4168 1711 4207 nec
1738 4148 1853 4206 alia
1878 4148 2027 4226 lege,
2058 4167 2231 4225 quam
2258 4157 2325 4207 ut
2351 4147 2650 4225 ingressus
2676 4148 2739 4206 in
2766 4167 2931 4207 sanc-

528 4229 778 4288 tuarium
807 4229 1038 4288 sisteret
1063 4247 1124 4287 se
1151 4237 1384 4306 peracto
1413 4228 1695 4288 sacrificio
1724 4247 1915 4286 coram
1946 4228 2216 4288 Domin0.
2300 4229 2394 4289 Ita
2422 4229 2472 4286 si
2502 4229 2765 4287 Christus
2813 4247 2933 4286 non

529 4309 826 4387 ingressus
853 4309 1058 4368 fuisset
1083 4309 1145 4368 in
1166 4309 1360 4382 coelos,
1387 4309 1490 4368 sed
1518 4309 1825 4368 mansisset
1846 4309 1905 4366 in
1922 4309 2107 4384 terris,
2138 4329 2211 4368 ne
2234 4308 2501 4368 sacerdos
2522 4309 2755 4385 quidem
2778 4317 2935 4368 esset

526 4389 718 4466 quoad
744 4388 1115 4466 functionem,
1145 4409 1262 4450 non
1285 4389 1550 4449 absoluta
1587 4389 1812 4448 actione
1844 4389 2206 4448 sacerdotali.
2264 4387 2414 4462 Quia
2440 4407 2580 4447 vero
2610 4388 2669 4445 in
2700 4387 2933 4447 Christo

528 4469 630 4544 qui
659 4469 906 4529 Sanctus
933 4479 1023 4529 est
1071 4479 1400 4530 sanctorum
1444 4490 1562 4528 non
1589 4477 1783 4547 potest
1810 4469 2059 4528 officium
2084 4489 2121 4527 a
2148 4468 2411 4546 legitima
2436 4468 2728 4528 functione
2759 4466 2936 4527 officii

526 4549 773 4624 sejungi,
805 4550 900 4607 Ex
927 4570 996 4609 eo
1024 4551 1184 4626 quod
1211 4571 1326 4610 non
1354 4551 1691 4627 Fungeretur
1716 4549 1903 4608 officio
1930 4558 2085 4609 recte
2112 4548 2308 4608 inferri
2334 4557 2547 4627 posset,
2578 4567 2652 4607 ne
2681 4547 2936 4608 officium

525 4626 759 4704 quidem
787 4628 842 4686 ei
869 4639 1209 4708 competere.
1271 4631 1492 4691 Verum
1520 4630 1629 4689 etsi
1658 4629 2041 4689 sacerdotium
2064 4628 2315 4690 Christi
2299 4649 2358 4687 m
2388 4629 2555 4688 terris
2583 4628 2933 4706 completum

525 4725 640 4765 non
671 4706 856 4781 fuerit,
889 4727 1002 4765 non
1049 4710 1309 4786 sequitur
1355 4730 1473 4769 non
1513 4709 1695 4770 fuisse
1744 4710 2119 4769 constitutum
2156 4718 2214 4768 et
2242 4729 2376 4768 vere
2404 4709 2755 4769 inchoatum.
2804 4709 2936 4768 Ιιιιο
