3234 5192
261 342 490 382 msru‘r.
521 318 700 399 xvia]
865 343 940 382 nn
965 339 1448 385 sarran-Ammaia
1475 339 1713 383 cumen
1742 341 2063 384 πειτα-ε.
2544 327 2663 384 553

260 483 556 542 hominum
584 503 760 545 sensu
787 484 1050 560 qairitari
1080 484 1310 544 Christo
1351 504 1498 562 opus
1537 504 1655 542 non
1698 493 1839 555 emt,
1858 493 2081 544 semota
2100 503 2273 562 quam
2300 503 2409 543 nos
2436 492 2665 544 tuemur

259 563 648 622 satisfaciendi
677 565 1038 640 necessitate,
1069 585 1200 623 cum
1249 563 1432 624 vitam
1477 565 1564 623 illi
1613 565 1657 624 J
1660 565 1811 624 udaei
1854 565 2074 642 eripere
2116 585 2233 622 non
2262 565 2583 642 potuissent
2610 564 2663 623 si

259 645 382 722 ipse
405 663 466 702 se
495 663 570 702 ex
599 644 864 704 manibus
895 644 1124 704 illorum
1153 645 1372 721 eripere
1409 644 1730 720 voluisset;
1760 644 1915 704 unde
1944 644 2243 721 Chrysost,
2292 647 2328 678 ‘⁴
2353 645 2481 702 Nisi
2510 645 2660 722 seip-

262 743 388 782 sum
418 722 752 782 tradidisset
778 725 922 784 nihil
951 725 1122 784 etiam
1156 733 1293 783 tunc
1338 725 1448 802 ipsi
1479 724 1859 801 potuissent.”
1926 724 2133 802 Itaque
2160 724 2402 784 ulterius
2430 725 2663 783 omnino

259 803 627 866 extendenda
651 812 759 879 est,
789 815 850 868 et
876 803 1303 866 ascendendum
1333 804 1408 862 ad
1437 805 1550 863 Dei
1569 803 1854 883 judicium
1879 823 2069 864 coram
2088 825 2205 882 quo
2226 825 2289 864 se
2310 805 2437 863 sisti
2468 805 2661 864 Chris-

257 893 353 944 tus
381 883 760 960 intelligebat,
791 895 858 946 ut
883 906 960 946 ex
987 885 1282 962 sponsoris
1311 905 1544 944 munere
1583 884 1741 960 quod
1780 895 2113 962 susceperat
2138 904 2208 944 ea
2234 883 2505 962 patiendo
2532 903 2663 962 quae

259 965 578 1024 commeriti
607 983 834 1026 eramus
877 965 1235 1026 satisfaceret
1274 965 1519 1042 justitia
1567 965 1801 1041 divinae,
1831 974 1891 1024 et
1916 974 2191 1024 aternam
2220 965 2466 1024 salutem
2492 965 2662 1026 nobis

303 1053 697 1106 romei-eretur.

259 1063 298 1122 p
341 1123 494 1184 XX.
543 1124 667 1184 Ista
693 1143 864 1202 porro
893 1123 1108 1184 Christi
1149 1125 1433 1184 derelictio
1479 1144 1596 1184 non
1644 1125 1795 1184 male
1850 1125 1926 1183 ad
1958 1145 2160 1201 poenas
2186 1125 2491 1199 infernales
2529 1144 2662 1202 pec·

259 1213 388 1262 cato
416 1203 644 1262 debitas
689 1203 953 1278 refertur,
983 1213 1268 1281 quatenus
1296 1205 1356 1263 in
1404 1225 1473 1264 ea
1521 1204 2003 1264 circundederunt
2046 1225 2176 1264 eum
2208 1205 2435 1264 dolores
2461 1205 2665 1264 mortis

259 1292 318 1342 et
345 1302 591 1360 angores
618 1284 827 1342 inferni
855 1284 1214 1344 obvenerunt
1241 1285 1314 1357 ei,
1337 1295 1404 1344 ut
1422 1285 1671 1344 habetur
1711 1285 1863 1344 Psal.
1894 1285 2059 1342 xviii.
2076 1288 2133 1361 6,
2163 1293 2223 1344 et
2252 1285 2437 1344 virtus
2466 1284 2666 1343 divina

259 1363 408 1422 sead
421 1375 646 1441 tempus
660 1363 981 1424 cohibendo
1003 1365 1262 1442 permisit
1283 1375 1347 1425 ut
1369 1366 1684 1425 secundum
1698 1385 1923 1424 carnem
1945 1365 2187 1426 sentiret
2207 1364 2483 1442 quicquid
2511 1385 2689 1438 mors·

257 1443 434 1508 habet
461 1443 792 1505 acerbitatis
820 1452 879 1505 et
905 1443 1328 1504 maledictionis
1348 1465 1464 1504 non
1482 1455 1707 1506 tantum
1735 1465 1839 1524 per
1855 1465 2087 1522 pomam
2115 1445 2313 1504 damni
2336 1465 2437 1504 seu
2467 1465 2663 1504 caren-

261 1522 402 1582 tiam
431 1531 489 1582 et
517 1523 898 1600 privationem
929 1524 1128 1602 gaudii
1155 1534 1216 1584 et
1243 1525 1645 1585 delectationis
1672 1545 1845 1602 quam
1868 1526 1921 1583 ei
1952 1526 2101 1585 visio
2130 1535 2187 1584 et
2215 1525 2411 1584 fruitio
2442 1524 2551 1584 Dei
2582 1525 2665 1583 af·

258 1602 495 1677 ferebat,
519 1604 624 1662 sed
651 1605 826 1663 etiam
855 1625 956 1682 per
977 1625 1202 1682 poenam
1229 1625 1420 1665 sensus
1461 1626 1566 1666 seu
1613 1605 2026 1666 immissionem
2056 1606 2386 1682 gravissimi
2414 1605 2551 1664 mali
2580 1605 2667 1664 in·

250 1683 514 1761 jucundi,
545 1683 1008 1762 degustationem
1037 1686 1259 1745 scilicet
1305 1686 1405 1745 irae
1444 1696 1502 1746 et
1529 1686 1951 1746 maledictionis
1980 1686 2211 1759 divinae,
2243 1705 2372 1764 quse
2400 1705 2504 1763 per
2530 1686 2668 1744 cali-

259 1783 383 1822 cem
413 1764 758 1826 denotatur:
803 1765 888 1824 sic
913 1765 1066 1825 enim
1089 1786 1206 1826 nou
1227 1786 1357 1826 raro
1385 1768 1596 1842 inferni
1617 1787 1829 1826 nomen
1850 1786 1954 1844 pro
1982 1766 2387 1844 abjectissima,
2420 1767 2670 1825 miserri-

259 1862 354 1904 ma
374 1853 433 1903 et
454 1845 882 1907 luctuosissima
901 1846 1230 1907 conditione
1261 1848 1508 1924 ponitur,
1543 1847 1701 1924 quod
1742 1847 2043 1906 annotavit
2088 1847 2263 1906 Arias
2306 1847 2548 1920 Monta„
2568 1847 2670 1906 lib.

261 1923 334 1983 de
364 1943 514 1984 arca.
547 1945 736 2000 serm„
785 1929 820 1958 ‘⁴
839 1926 1004 2004 Saepe
1034 1927 1242 1986 inferni
1280 1928 1514 1986 nomine
1541 1946 1657 1986 non
1680 1937 1797 1986 tam
1830 1927 2195 2005 sepulchrum
2222 1935 2325 1986 aut
2352 1927 2671 1986 animarum

261 2004 474 2081 sedem,
505 2023 680 2082 quam
727 2015 1045 2066 extremam
1094 2007 1340 2066 miserim
1389 2016 1448 2066 et
1475 2007 1823 2066 calamitatis
1850 2007 2237 2065 conditionem
2267 2007 2670 2083 exponimus.''

263 2083 391 2158 Quo
413 2095 582 2161 pacto
603 2084 794 2143 Latini
814 2085 1016 2144 dicunt
1035 2105 1168 2144 eum
1193 2085 1328 2144 Orci
1348 2085 1611 2144 faucibus
1633 2095 1912 2162 ereptum,
1932 2095 1991 2144 et
2012 2086 2085 2143 ab
2108 2086 2305 2144 inferis
2327 2095 2669 2161 extractum,

267 2165 460 2222 Graeci
489 2165 538 2221 iz
566 2167 658 2221 τῦ·
685 2167 858 2224 maii»
883 2172 972 2224 τοῦ
997 2164 1276 2242 Ἀχσςὸντ-ος
1303 2165 1405 2241 qui
1431 2164 1667 2238 capitali
1694 2165 1891 2244 aliquo
1916 2165 2172 2240 periculo
2195 2166 2289 2222 vel
2320 2183 2545 2222 summa
2564 2165 2671 2222 mi·

263 2243 413 2301 seria
439 2243 733 2318 liberatur,
765 2243 847 2302 sic
880 2245 1033 2304 Psal.
1063 2245 1218 2304 cxvi.
1251 2247 1306 2303 3.
1334 2245 1458 2304 'rx-:i
1483 2245 1620 2318 nean,
1655 2246 1875 2303 dolores
1916 2245 2139 2320 infermi,
2170 2243 2479 2304 acerrimos
2498 2263 2673 2321 quos·

263 2342 376 2400 que
407 2323 501 2380 vel
517 2322 694 2382 animi
722 2324 817 2382 vel
845 2325 1102 2402 corporis
1129 2323 1358 2382 dolores
1385 2324 1735 2400 exprimunt.

343 2402 536 2462 XXI.
581 2403 659 2462 Et
686 2423 825 2462 vero
855 2425 986 2464 cum
1033 2405 1296 2464 Christus
1339 2405 1562 2464 dolores
1587 2415 1807 2466 nostros
1842 2413 2103 2484 portasse
2126 2404 2366 2478 dicatur,
2401 2405 2517 2464 Isa.
2546 2405 2671 2482 liii.,

261 2483 407 2542 nulli
436 2494 630 2544 autem
657 2484 774 2544 sint
801 2485 1068 2562 acriores,
1098 2484 1246 2545 nulli
1274 2485 1737 2546 vehementiores
1764 2505 1937 2564 quam
1966 2485 2065 2563 qui
2096 2486 2153 2544 in
2182 2485 2543 2564 penitissimo
2572 2486 2673 2546 illo

259 2565 360 2624 irae
389 2564 602 2624 divinae
631 2583 806 2624 sensu
834 2576 1154 2637 versantur,
1185 2566 1384 2644 negari
1413 2587 1530 2626 non
1573 2575 1781 2645 potest,
1825 2587 1957 2626 eum
1986 2587 2061 2625 ex
2091 2567 2367 2626 acerrimo
2394 2567 2494 2624 irae
2522 2566 2673 2626 divi·

261 2664 352 2704 11ae
376 2665 566 2721 sensu,
597 2647 914 2724 mortisque
939 2648 1174 2708 horrore
1222 2647 1510 2707 maximos
1537 2648 1598 2706 in
1611 2649 1818 2706 -anima
1857 2647 2087 2706 dolores
2115 2656 2172 2705 et
2200 2667 2337 2705 vere
2364 2646 2675 2706 infernales

263 2725 626 2785 sustinuisse.
689 2727 912 2786 Rursus
961 2747 1088 2786 cum
1141 2727 1368 2786 dicatur
1413 2727 1600 2787 factus
1629 2728 1944 2786 maledictio
1972 2745 2074 2804 pro
2102 2726 2288 2800 nobis,
2313 2727 2513 2786 debuit
2541 2726 2675 2785 illos

262 2824 462 2864 omnes
491 2806 780 2866 cruciatus
809 2807 1094 2866 sustinere
1120 2826 1268 2882 quos
1287 2806 1412 2865 Lex
1444 2806 1678 2884 stringit
1706 2807 1767 2864 in
1795 2815 2251 2882 transgressores
2280 2805 2415 2864 dum
2448 2806 2675 2865 intonat

262 2884 612 2944 horrendum
641 2884 795 2944 istud
825 2905 1074 2958 carmen,
1109 2890 1144 2918 ‘⁶
1163 2885 1504 2944 maledictus
1531 2888 1631 2962 qui
1660 2905 1777 2942 non
1804 2885 2179 2962 perstiterit,”
2208 2882 2315 2942 Sto.
2339 2907 2353 2954 ς
2384 2894 2445 2943 at
2472 2885 2531 2941 hi
2556 2904 2673 2942 non

263 2965 488 3022 externi
518 2973 742 3023 tantum
770 2973 829 3023 et
873 2963 1132 3042 corporei
1161 2965 1234 3022 ab
1262 2963 1594 3023 hominibus
1634 2963 1935 3040 infligendi
1963 2962 2211 3037 fuerunt,
2246 2963 2349 3022 sed
2376 2963 2587 3021 interni
2615 2973 2675 3024 et

261 3042 626 3120 penitissimi.
673 3043 939 3120 Denique
967 3063 1100 3102 cum
1129 3043 1383 3102 damnati
1407 3043 1464 3100 in
1485 3043 1685 3102 inferis
1712 3043 1858 3101 nihil
1886 3042 2219 3122 patiendum
2252 3043 2501 3102 habeant
2528 3063 2672 3121 prae·

263 3130 353 3181 ter
380 3122 668 3181 cruciatus
696 3124 950 3200 corporis
977 3132 1036 3182 et
1079 3142 1328 3198 angores
1371 3123 1565 3199 animi,
1597 3123 1857 3200 adeoque
1888 3142 2145 3201 personia
2174 3124 2354 3183 totius
2380 3121 2676 3184 infamiam

263 3211 322 3262 et
349 3201 829 3277 maledictionem,
860 3223 1062 3279 poenas
1089 3203 1398 3262 infernales
1425 3223 1539 3261 non
1578 3203 1864 3262 immerito
1892 3203 2095 3263 tulisse
2133 3203 2184 3262 is
2213 3203 2425 3263 dicitur
2448 3207 2551 3282 qui
2578 3206 2677 3264 iis-

225 3355 230 3362 ,
263 3282 396 3341 dem
445 3283 618 3342 rebus
665 3282 868 3354 eadem
919 3283 991 3343 de
1021 3303 1212 3357 causa,
1255 3284 1330 3342 ab
1378 3283 1579 3342 eodem
1624 3285 1669 3345 J
1674 3282 1841 3344 udice
1888 3284 2177 3343 obnoxius
2212 3283 2401 3344 factus
2430 3295 2535 3358 est,
2567 3285 2678 3345 etsi

263 3362 458 3442 quoad
483 3363 674 3424 locum
704 3364 765 3422 in
791 3364 989 3423 inferis
1017 3384 1314 3442 nunquam
1340 3363 1530 3424 fuerit.
1576 3366 1779 3442 Neque
1808 3365 1903 3424 hie
1931 3363 2238 3424 dicendum
2268 3383 2471 3443 poenas
2498 3365 2671 3425 infer-

263 3444 426 3504 nales
454 3443 684 3502 nonnisi
710 3446 772 3502 in
801 3444 998 3504 inferis
1043 3445 1243 3504 sentiri
1289 3465 1476 3522 posse,
1527 3445 1695 3522 quasi
1741 3445 1907 3505 locus
1934 3444 2058 3524 ipse
2086 3446 2293 3504 inferni
2322 3466 2455 3523 pars
2483 3447 2679 3523 aliqua

265 3524 448 3584 debiti
473 3524 679 3599 fuerit3
725 3524 932 3584 falsum
961 3534 1051 3584 est
1077 3525 1230 3584 enim
1259 3525 1450 3584 locum
1496 3526 1741 3586 carceris
1782 3527 1959 3584 ullam
1989 3536 2209 3604 partem
2240 3525 2419 3585 debiti
2449 3526 2675 3603 facer03

266 3603 338 3662 In
367 3604 491 3664 foro
521 3624 763 3681 sponsor
789 3605 1058 3664 creditori
1107 3605 1404 3682 satisfacit,
1435 3605 1570 3665 binc
1619 3607 1847 3666 debitor
1893 3605 2017 3684 ipse
2044 3606 2323 3664 liberatur
2369 3627 2405 3664 a
2432 3625 2678 3682 carcere,

265 3683 408 3760 quid
448 3685 642 3742 obstat
667 3686 844 3744 etiam
869 3687 1178 3762 quominus
1206 3687 1431 3746 debitas
1468 3687 1779 3768 infernales
1824 3705 2028 3764 poenas
2056 3687 2383 3764 persolvere
2414 3687 2679 3745 Christus

263 3764 514 3840 potuerit
541 3773 607 3824 ut
649 3764 878 3824 interim
907 3766 1114 3826 inferni
1142 3786 1428 3826 carcerem
1455 3767 1649 3844 ipsum
1676 3767 1835 3826 adire
1862 3767 2098 3826 minime
2126 3775 2446 3843 cogeretur.
2487 3771 2543 3825 2.
2577 3765 2677 3824 In·-

265 3843 462 3902 fernus
491 3844 664 3903 etiam
691 3845 788 3905 hic
827 3847 1132 3906 inchoatur
1159 3856 1224 3906 ut
1249 3855 1310 3906 et
1345 3847 1666 3925 paradisus.
1713 3845 1985 3906 Infernas
2014 3847 2218 3904 animae
2248 3857 2307 3904 et
2328 3865 2522 3904 carcer
2547 3847 2675 3923 qui·

264 3923 416 3996 dam,
447 3944 546 3983 rea
582 3927 936 3996 conscientia
963 3933 1086 4000 est3
1130 3936 1196 3987 ut
1223 3947 1342 3986 non
1379 3947 1540 4004 spem
1583 3936 1813 3988 tantum
1853 3927 2107 3986 coelestis
2148 3925 2343 4004 gaudii
2374 3926 2676 4003 praelibare

263 4005 346 4080 pii
373 4004 578 4078 solent,
611 4005 716 4066 sed
761 4015 822 4066 et
863 4007 1118 4066 coelestis
1143 4005 1319 4084 hujus
1363 4007 1564 4084 gaudii
1591 4007 1877 4086 primitias
1912 4007 2209 4085 quasdam.
2242 4007 2457 4064 Annon
2486 4007 2549 4064 in
2576 4006 2679 4065 illa

265 4083 480 4142 Christi
509 4085 932 4147 cohabitatione
977 4087 1276 4146 nobiscum
1307 4096 1367 4146 et
1394 4087 1799 4146 convivatione
1828 4087 1961 4165 plus
1988 4107 2162 4164 quam
2201 4106 2333 4164 spes
2361 4089 2493 4145 est?
2534 4086 2675 4146 Joh.

263 4163 386 4222 xiv.
437 4167 534 4224 23.
619 4165 836 4226 Annon
865 4167 926 4226 in
953 4167 1056 4226 illo
1089 4167 1222 4245 jugi
1263 4167 1432 4226 bonae
1477 4167 1845 4227 conscientias
1875 4167 2161 4239 convivio,
2204 4175 2273 4225 ut
2298 4167 2381 4224 ait
2412 4165 2673 4244 Sapiens,

267 4244 442 4302 Prov.
508 4264 610 4304 xv.
667 4249 758 4322 15,
807 4247 1030 4306 deliciae
1073 4246 1340 4324 quaedam
1383 4257 1697 4325 praesentes
1744 4251 1923 4307 sunt?
1968 4250 2003 4281 ‘⁴
2027 4247 2293 4306 Ecclesia
2334 4254 2394 4307 et
2444 4255 2679 4306 sanctus

261 4324 508 4402 quisque
537 4324 749 4384 coelum
791 4331 932 4400 est,”
983 4327 1134 4387 dixit
1183 4327 1532 4387 Ambrosius
1571 4329 1631 4387 in
1686 4327 1839 4386 Psal.
1886 4327 2105 4401 cxviii„
2136 4345 2305 4386 serm.
2341 4329 2433 4385 12.
2520 4330 2557 4360 “
2583 4327 2675 4387 Tu

263 4405 312 4463 si
355 4405 446 4464 vis
489 4405 704 4466 coelum
743 4407 913 4482 cria,”
964 4406 1108 4468 dicit
1157 4409 1317 4485 Aug.
1363 4409 1422 4466 in
1471 4409 1625 4467 Psal.
1656 4408 1830 4479 xcvi„
1876 4417 1936 4468 et
1978 4411 2013 4442 “
2042 4407 2233 4466 anima
2277 4407 2421 4485 justi
2464 4408 2673 4468 coelum

263 4489 404 4560 est,'’
433 4487 494 4544 in
528 4486 680 4545 Psal.
713 4488 870 4547 cxxi.
903 4488 1072 4563 Quod
1099 4488 1158 4546 in
1189 4488 1330 4565 ipsis
1363 4488 1675 4564 Scripturis
1693 4487 2127 4548 fundamentum
2157 4487 2349 4560 habet,
2375 4507 2503 4547 cum
2529 4491 2679 4547 ποκ’·

261 4591 424 4642 nepa
451 4577 714 4626 nostrum
743 4569 968 4628 dicatur
994 4589 1122 4628 esse
1149 4568 1212 4626 in
1240 4569 1420 4640 coelis,
1455 4569 1605 4628 Phil.
1636 4568 1737 4640 iii.,
1762 4575 1821 4626 et
1846 4567 1905 4626 in
1937 4567 2295 4648 Apocalypsi
2326 4568 2591 4628 Ecclesia
2616 4570 2677 4628 in

263 4647 434 4709 terris
461 4648 719 4708 militans
751 4649 896 4710 Coezi
917 4650 1152 4708 nomine
1180 4647 1534 4726 designetur.
1588 4649 1651 4710 si
1675 4649 1746 4708 E.
1774 4647 1977 4708 fideles
2005 4648 2138 4708 coeli
2166 4649 2384 4724 gaudia
2410 4649 2505 4709 hic
2532 4669 2678 4728 prte-
