3234 5192
320 411 549 453 msrur.
580 390 740 472 vua]
1068 408 1297 451 nosrss
1328 408 1405 449 An
1434 408 1716 450 sccnnsu
1745 408 2014 451 sonans.
2269 392 2274 397 “
2631 394 2744 453 189

324 575 361 612 a
415 552 645 613 Christo
699 558 760 611 et
806 549 1109 628 Apostolis
1162 549 1431 609 traditam
1477 549 1758 609 illibatam
1813 551 2128 610 retinerent
2175 557 2236 611 et
2286 552 2502 629 populo
2557 552 2744 611 trade-

326 640 471 692 rent.
584 632 709 691 Nec
759 631 927 689 aliter
979 650 1105 689 sese
1162 650 1361 707 gerere
1416 639 1744 707 potuerunt,
1791 631 1902 689 nisi
1955 632 2284 691 hominibus
2327 631 2519 708 potius
2571 652 2744 709 quam

328 713 456 771 Deo
497 711 731 771 obedire
787 711 1023 781 vellent,
1080 718 1141 769 et
1186 710 1597 786 juramentum,
1655 730 1772 787 quo
1827 730 1890 769 se
1953 711 2074 769 Deo
2130 712 2364 769 vocanti
2418 712 2744 771 obstrinxe-

326 800 458 850 rant
510 792 585 851 ad
640 790 1113 868 propugnandam
1158 799 1216 848 et
1260 789 1682 865 praedicandam
1729 791 2049 864 veritatem,
2093 790 2379 849 violarent
2423 801 2482 849 et
2530 792 2744 849 rescin-

328 872 547 944 derent,
593 881 661 929 ut
702 870 874 929 fidem
920 869 1111 929 datam
1157 869 1487 927 hominibus
1536 868 1609 927 ‹le
1653 871 2028 947 propagando
2075 870 2374 929 mendacio
2431 878 2743 945 servarent,

328 950 485 1027 quod
512 951 749 1027 impium
780 958 869 1008 est
912 949 1007 1007 vel
1049 948 1323 1025 cogitare.
1411 949 1473 1007 Si
1502 968 1642 1024 ergo
1683 968 1717 1006 a
1757 949 1870 1007 tine
1913 949 2300 1009 ordinantium
2342 949 2538 1025 aliquo
2573 950 2746 1009 modo

330 1030 709 1103 deflexerunt,
766 1048 883 1087 non
930 1028 1039 1087 fuit
1092 1028 1417 1087 vocationis
1469 1028 1688 1087 abusus
1751 1037 1810 1087 et
1865 1030 2172 1105 corruptio,
2226 1029 2330 1087 sed
2382 1030 2574 1105 potius
2621 1050 2745 1087 cor-

332 1110 530 1169 rectio,
616 1110 695 1167 Et
736 1108 787 1167 si
828 1109 995 1167 aliter
1032 1107 1321 1181 fecissent,
1366 1108 1425 1165 in
1469 1108 1678 1180 Deum,
1723 1108 1783 1165 in
1825 1110 2170 1185 proximum,
2215 1108 2274 1165 in
2317 1109 2516 1185 populi
2555 1110 2747 1167 Chris-

334 1190 481 1250 tiani
501 1189 763 1261 salutem,
794 1198 967 1265 atque
994 1186 1141 1245 adeo
1169 1188 1230 1245 in
1258 1187 1499 1264 seipsos,
1522 1188 1886 1264 officiumque
1911 1208 2074 1247 suum
2107 1188 2363 1265 graviter
2391 1197 2746 1264 peccassent.

335 1268 459 1329 Nec
488 1267 757 1345 culpandi
781 1267 1038 1340 veniunt,
1060 1266 1161 1325 sed
1190 1266 1485 1339 laudandi,
1517 1267 1636 1343 qui,
1667 1267 1903 1325 resectis
1933 1267 2199 1325 sordibus
2228 1277 2286 1326 et
2307 1268 2646 1343 corruptelis
2674 1268 2748 1327 ab

332 1348 667 1406 hominibus
716 1346 947 1419 additis,
996 1348 1247 1407 retinent
1295 1347 1511 1405 bonum
1558 1346 1715 1423 quod
1745 1367 1781 1405 a
1829 1346 2060 1405 Christo
2088 1356 2178 1407 est
2199 1346 2546 1423 institutum,
2587 1346 2749 1406 etad

340 1427 667 1504 legitimum
698 1425 955 1485 ordinem
984 1427 1175 1485 omnia
1193 1434 1486 1485 revocant.

420 1506 601 1565 XVI.
646 1504 773 1580 Quo
802 1526 939 1565 vero
983 1525 1075 1565 res
1116 1506 1323 1565 clarior
1370 1504 1597 1577 evadat,
1635 1506 1866 1565 Vocatio
1907 1506 2114 1565 iterum
2165 1514 2254 1565 est
2299 1504 2748 1583 distinguenda3

340 1586 471 1661 alia,
496 1606 625 1663 quae
641 1607 749 1645 sua
769 1586 1276 1660 institutionesalsa
1304 1594 1409 1661 est,
1440 1593 1505 1645 ut
1532 1585 1764 1644 vocatio
1790 1586 2148 1655 Judaeorum‚
2175 1586 2749 1661 Mahumedanorum,

340 1675 399 1727 et
437 1666 679 1725 aliorum
710 1666 1044 1739 infidelium,
1074 1684 1205 1742 quae
1232 1665 1448 1725 directe
1476 1665 1664 1725 tendit
1705 1664 1780 1723 ad
1825 1665 2294 1743 propagationem
2323 1666 2665 1725 idololatriae
2693 1674 2753 1725 et

339 1746 688 1823 impietatis3
734 1746 865 1819 alia,
894 1765 1023 1822 quae
1070 1745 1431 1805 institutione
1480 1764 1586 1804 sua
1626 1744 1858 1820 quidem
1889 1754 2088 1804 saneta
2129 1754 2304 1805 estet
2339 1746 2616 1822 legitima,
2649 1744 2754 1805 sed

341 1846 469 1902 quae
498 1828 675 1885 abusu
700 1826 977 1883 hominum
1002 1834 1275 1901 corrupta
1301 1824 1696 1903 degeneravit,
1719 1824 1908 1901 qualis
1929 1834 2018 1884 est
2045 1825 2274 1884 vocatio
2299 1826 2751 1885 Pontificiorum.

347 1905 461 1964 Illa
486 1906 717 1983 penitus
745 1904 1140 1963 exscindenda
1180 1915 1269 1964 est
1296 1914 1355 1964 et
1374 1904 1716 1981 abjicienda,
1789 1904 1884 1962 uia
1911 1904 2054 1963 nihil
2083 1903 2222 1963 boni
2251 1906 2310 1963 in
2339 1926 2407 1963 ea
2433 1906 2750 1982 deprehen·

342 1985 514 2045 ditur.
630 1983 744 2043 Sed
770 1986 885 2043 ista
938 1984 1279 2061 corrigenda
1339 1992 1397 2043 et
1444 1983 1728 2042 reforman
1773 2004 1808 2041 a
1845 1984 2020 2061 juxta
2073 1984 2449 2044 intentionem
2497 1984 2756 2063 primarii

310 2128 323 2137 ‚
346 2064 613 2138 auctoriS,
642 2072 725 2137 ut,
772 2064 1015 2123 sublatis
1057 2063 1413 2141 corruptelis,
1460 2062 1585 2122 sola
1629 2063 1846 2123 Christi
1889 2064 2174 2123 institutio
2224 2073 2283 2122 et
2335 2085 2476 2123 usus
2503 2072 2751 2123 maneat.

348 2144 517 2219 Quod
544 2144 683 2203 dum
728 2144 916 2202 facere
966 2143 1157 2201 conati
1199 2152 1334 2202 sunt
1374 2142 1575 2217 nostri,
1611 2162 1729 2201 non
1777 2162 2131 2220 repugnasse
2175 2144 2482 2219 vocationi,
2515 2143 2617 2203 sed
2666 2144 2752 2203 illi

344 2224 537 2302 potius
558 2223 923 2299 respondisse
954 2222 1227 2283 censendi
1254 2231 1407 2281 sunt.
1452 2222 1547 2281 Ita
1572 2222 1726 2281 enim
1749 2222 1824 2280 ad
1853 2222 1961 2281 hoe
1983 2224 2342 2297 tenebantur,
2363 2232 2446 2298 ut,
2477 2223 2588 2281 nisi
2605 2244 2750 2301 prae-

348 2304 646 2377 stitissent,
676 2302 916 2379 perjurii
970 2302 1209 2361 crimine
1257 2303 1539 2361 adversus
1582 2302 1774 2360 Deum
1822 2321 1949 2361 sese
1993 2304 2429 2363 obtrinxissent.
2539 2304 2755 2363 Fateor

346 2382 579 2462 quidem
607 2383 969 2441 vocationem
1018 2382 1361 2455 istiusmodi,
1396 2401 1760 2459 quaecunque
1801 2382 2034 2441 tandem
2063 2384 2156 2458 sit,
2187 2383 2360 2443 etiam
2389 2383 2752 2459 corruptissi-

346 2482 517 2535 mam,
549 2463 596 2522 si
626 2461 701 2520 ad
734 2462 843 2519 Dei
872 2462 1113 2521 verbum
1144 2461 1467 2521 docendum
1506 2462 1724 2535 tendat,
1765 2461 2026 2521 inutilem
2059 2482 2186 2521 esse
2231 2463 2306 2522 ad
2335 2462 2754 2522 conciliandam

348 2542 525 2602 errori
572 2543 987 2615 auctoritatem,
1018 2542 1113 2600 vel
1157 2541 1379 2600 homini
1426 2541 1487 2599 in
1531 2560 1724 2601 errore
1771 2543 2024 2601 manenti
2053 2542 2317 2620 gratiam,
2348 2544 2445 2601 vel
2477 2543 2754 2602 Ecclesia

348 2642 450 2700 per
479 2622 637 2681 illam
682 2621 1149 2698 praedicationem
1194 2621 1457 2681 salutem.
1542 2620 1878 2697 Adstringit
1917 2630 2110 2681 tamen
2137 2631 2423 2697 vocatum,
2454 2631 2520 2681 ut
2547 2642 2757 2681 munus

350 2722 517 2761 suum
564 2701 835 2779 religiose
878 2710 939 2761 et
986 2711 1181 2760 sancte
1210 2701 1397 2775 obeat,
1444 2710 1503 2761 et
1540 2700 1682 2759 licet
1721 2700 1935 2777 passim
1964 2720 2164 2759 omnes
2212 2702 2326 2759 alio
2373 2722 2584 2761 munus
2611 2701 2760 2761 illud

350 2790 727 2856 convertant3
786 2781 883 2839 illc
910 2790 1121 2855 tamen,
1154 2781 1205 2839 si
1246 2780 1658 2840 conscientiam
1687 2799 1847 2839 suam
1878 2780 2056 2854 audit,
2097 2790 2324 2839 tenetur
2351 2781 2424 2839 ad
2453 2782 2758 2840 veritatem

352 2859 759 2939 indagandam,
789 2860 1043 2938 agnitam
1074 2860 1549 2937 amplectendam,
1580 2866 1803 2935 pestem
1830 2859 2153 2933 arcendam,
2183 2867 2244 2917 et
2287 2861 2528 2918 salutem
2559 2860 2757 2935 gregis

392 2940 787 2999 rocurandam.
874 2940 1022 3015 Quia
1049 2940 1174 3017 ipsa
1202 2940 1480 2999 Ecclesiae
1508 2939 1694 3017 prima
1741 2939 1984 2997 intentio
2012 2947 2072 2998 et
2109 2957 2318 3016 scopus
2344 2937 2454 2997 hoc
2481 2939 2754 3015 postulat,

352 2960 467 3078 lioc
494 3019 621 3095 ipsa
662 3039 853 3078 rerum
882 3020 1195 3079 necessitas
1241 3018 1459 3096 exigit3
1518 3017 1630 3076 hoc
1661 3017 1822 3075 Deus
1862 3016 2004 3093 ipse,
2037 3018 2132 3075 cui
2156 3017 2346 3093 magis
2372 3017 2758 3079 obediendum

358 3118 531 3175 quam
558 3098 905 3173 hominibus,
934 3098 1233 3177 praecipit;
1278 3098 1391 3156 hoc
1416 3096 1742 3157 vocationis
1785 3096 1929 3155 ratio
1971 3097 2132 3175 petit.
2217 3096 2365 3155 Nam
2397 3098 2446 3155 si
2473 3116 2674 3157 omnes
2699 3105 2761 3158 et

356 3178 573 3254 singuli
603 3177 928 3250 Christiani,
976 3198 1093 3255 qua
1129 3177 1293 3253 tales,
1340 3176 1535 3237 oblata
1562 3176 1881 3250 occasione,
1928 3185 2170 3253 urgente
2211 3177 2572 3237 necessitatis
2599 3196 2756 3252 casu,

354 3257 595 3317 verbum
627 3257 739 3317 Dei
766 3256 1037 3317 fratribus
1078 3258 1427 3317 annunciare
1456 3264 1762 3331 tenentur;
1805 3256 1990 3315 multo
2018 3257 2222 3333 magis,
2253 3258 2354 3334 qni
2381 3258 2456 3317 ad
2485 3258 2544 3315 id
2573 3257 2755 3317 homi-

353 3358 490 3398 num
520 3358 805 3397 consensu
830 3337 1020 3397 vocati
1040 3346 1191 3397 sunt.
1276 3336 1399 3396 Nec
1428 3338 1601 3414 hujus
1629 3332 1842 3413 agendi
1869 3335 2026 3395 modi
2047 3337 2314 3414 exempla
2341 3337 2502 3395 varia
2529 3337 2758 3413 desunt,

358 3418 481 3477 sive
500 3418 559 3475 in
578 3415 797 3494 repub„
830 3417 953 3475 sive
972 3416 1029 3474 in
1054 3416 1335 3492 Ecclesia,
1360 3417 1485 3477 sive
1514 3417 1575 3475 in
1602 3414 1839 3473 familia.
1915 3415 1978 3475 Si
2005 3416 2137 3494 quis
2165 3418 2394 3500 tyranni
2419 3418 2760 3477 auctoritate

354 3496 415 3555 in
448 3496 723 3557 Senatum
738 3505 1067 3573 cooptatur,
1098 3516 1168 3555 eo
1206 3496 1403 3573 procul
1424 3496 1600 3555 dubio
1623 3495 1736 3553 fine
1759 3503 1824 3554 ut
1852 3496 2216 3572 tyrannidem
2243 3498 2430 3574 magis
2459 3499 2760 3575 magisque

358 3576 657 3635 confirmet
684 3584 744 3635 et
788 3575 876 3634 illi
922 3576 1217 3649 inserviat,
1248 3585 1307 3634 ct
1334 3576 1673 3653 poenitentia
1717 3584 1920 3653 postea
1959 3575 2226 3651 ducitur;
2269 3596 2460 3635 nonne
2497 3578 2760 3653 agnitum

358 3662 667 3731 tyrannum
697 3675 769 3714 ex
800 3655 1019 3714 ratione
1048 3654 1305 3713 muneris
1352 3656 1645 3715 tenebitur
1671 3654 1952 3727 descrere,
1983 3656 2098 3715 imo
2126 3656 2299 3714 etiam
2327 3656 2644 3733 persequi?
2686 3656 2761 3713 Ιιι

360 3732 624 3794 Ecclesia
648 3734 967 3793 Israelitica
994 3735 1323 3793 sacerdotes
1352 3734 1618 3809 Levitici,
1651 3734 1752 3811 qui
1780 3733 1855 3792 ad
1881 3733 2040 3793 idola
2065 3734 2436 3809 deflexerant,
2467 3753 2582 3791 non
2613 3752 2760 3810 opus

354 3813 647 3873 habebant
674 3833 827 3873 nova
852 3814 1175 3889 vocatione,
1217 3823 1284 3873 nt
1317 3813 1393 3873 ad
1420 3814 1882 3875 reformationem
1913 3813 2190 3873 Ecclesiae
2219 3832 2346 3871 sese
2373 3812 2756 3889 accingerent,

357 3893 460 3953 sed
487 3892 749 3971 legitimo
776 3900 999 3953 tantum
1038 3892 1361 3953 vocationis
1389 3894 1685 3954 exercitio.
1777 3892 1872 3951 Ita
1898 3894 1948 3950 si
1995 3894 2094 3971 qui
2124 3892 2274 3950 inter
2316 3891 2586 3961 Arianos,
2612 3891 2758 3951 Nes-

356 3973 629 4047 torianos,
652 3982 711 4031 et
739 3972 1092 4048 DonatistaS,
1126 3974 1399 4051 Episcopi
1427 3973 1670 4046 fuerant,
1695 3980 1960 4048 poterant
1980 3970 2256 4048 legitime,
2281 3970 2396 4028 imo
2418 3970 2764 4029 tenebantur

356 4071 431 4111 ex
462 4052 523 4109 vi
576 4052 830 4111 muneris
858 4072 1107 4111 errorem
1151 4052 1401 4128 abjicere
1429 4063 1489 4113 et
1528 4052 1832 4111 veritatem
1877 4050 2147 4127 profiteri.
2182 4048 2243 4107 Si
2273 4050 2426 4108 servi
2455 4069 2584 4108 cum
2614 4048 2760 4125 fure,

356 4132 453 4190 vel
480 4132 765 4189 oeconomi
792 4152 921 4190 cum
970 4131 1301 4191 adversario
1350 4132 1653 4191 colludunt
1693 4130 1768 4189 ad
1809 4130 2106 4189 dominum
2132 4127 2522 4205 praedandum,
2567 4146 2760 4187 nonne

356 4210 555 4271 licebit
601 4210 743 4288 ipsis
789 4230 957 4271 suum
985 4231 1235 4271 errorem
1283 4212 1567 4289 castigare
1616 4218 1676 4269 et
1723 4209 1797 4267 ad
1826 4209 2122 4268 meliorem
2176 4208 2401 4283 frugem
2431 4208 2634 4282 redire,
2691 4216 2762 4267 ut

358 4290 591 4350 domino
634 4309 738 4349 suo
780 4290 1030 4351 fideliter
1068 4290 1431 4351 inserviant?
1516 4290 1611 4349 Sic
1642 4307 1829 4366 neque
1858 4286 2130 4347 censendi
2161 4294 2296 4345 sunt
2321 4286 2626 4347 vocatione
2655 4306 2760 4347 sua

352 4369 659 4443 excidisse,
689 4370 786 4428 vel
814 4390 969 4429 nova
1015 4390 1161 4448 opus
1198 4370 1413 4430 habere
1448 4368 1772 4439 vocatione,
1803 4367 1905 4444 qui
1947 4366 2024 4426 ad
2059 4385 2284 4425 sacrum
2331 4385 2541 4425 munus
2567 4366 2762 4427 vocati

354 4458 535 4523 crant,
560 4458 625 4508 ut
652 4448 953 4509 mendacio
980 4450 1377 4509 obniterentur
1413 4457 1473 4509 et
1511 4446 1917 4526 profiterentur
1943 4446 2263 4505 veritatem.
2349 4446 2623 4523 Regeres,
2655 4446 2760 4507 sed

361 4528 801 4587 obstrinxerunt
854 4549 917 4589 sc
976 4528 1238 4587 Romano
1288 4528 1574 4603 Pontifici,
1627 4526 1722 4585 cui
1765 4525 1937 4585 fidem
1995 4525 2188 4583 datam
2243 4524 2533 4603 frangunt.
2579 4528 2757 4603 Resp.

364 4606 813 4668 Obstrinxerunt
858 4628 919 4667 se
971 4608 1257 4682 Pontifici,
1288 4608 1486 4683 fateor,
1532 4605 1638 4667 sed
1684 4606 1844 4684 prius
1892 4606 2034 4681 Deo,
2067 4613 2126 4664 et
2151 4615 2385 4683 propter
2425 4606 2612 4666 Deum
2651 4606 2758 4665 illi.

362 4685 455 4745 Ita
490 4686 540 4745 si
568 4686 741 4746 fidem
784 4687 979 4747 datam
1036 4688 1305 4747 Pontifici
1342 4686 1781 4766 deprehendunt
1821 4696 2104 4745 maizu·
2131 4705 2258 4745 esse
2287 4706 2416 4745 cum
2465 4684 2578 4745 fide
2631 4686 2760 4743 Deo
