3234 5192
506 354 624 411 156
1288 366 1368 405 nn
1396 364 1761 407 Nscnssaau
1791 361 2138 406 snei-:samua
2523 340 2781 424 [DISPUT.
2813 360 2919 401 vn.

500 512 538 544 “
563 509 677 567 Per
722 507 1129 586 apostasiam,”
1195 507 1401 585 inquit,
1462 508 1499 539 ‘⁴
1516 506 1672 585 apud
1727 506 1974 565 Paulum
2029 504 2154 581 ipse
2211 501 2608 563 Antichristus
2662 502 2914 579 intelligi

498 598 706 667 potest,
766 590 877 647 hoc
946 588 1100 647 enim
1168 587 1379 647 docent
1447 587 1738 645 communi
1807 604 2092 645 consensu
2168 584 2510 661 interpretes
2580 582 2773 642 Graeei
2851 591 2910 641 et

500 670 855 747 Augustin.''
904 668 1001 728 Sic
1032 669 1262 743 Suarez,
1289 666 1622 743 Malvenda,
1647 675 1706 726 et
1731 666 1850 725 alii.
1908 664 2173 725 Defectio
2201 684 2340 741 ergo
2367 663 2463 723 hic
2491 663 2800 740 singularis
2852 668 2912 721 et

498 749 745 827 insignis
792 748 1059 827 quaedam
1105 747 1482 825 intelligitur3
1527 768 1658 824 quse
1707 766 1824 805 non
1863 753 2054 823 potest
2094 744 2210 803 dici
2247 742 2494 821 politica,
2524 752 2592 803 ut
2619 742 2909 801 Pontificii

496 830 732 904 vellent,
763 831 837 888 ab
864 829 1103 907 imperio
1135 828 1413 903 Romarm,
1444 836 1568 887 tum
1596 826 1734 904 quia
1759 827 1871 884 hoc
1910 824 2058 884 nihil
2093 823 2308 883 faceret
2335 824 2410 883 ad
2437 822 2733 902 negotium
2771 821 2904 880 reli-

496 909 704 987 gioniS,
736 909 809 967 de
836 928 951 986 quo
980 909 1074 967 hic
1102 908 1310 985 agitur,
1340 915 1465 967 tum
1492 908 1630 984 quia
1655 914 1889 965 notatur
1929 904 2218 983 apostasia
2243 904 2378 963 talis
2403 902 2903 964 antonomastice&

492 1012 805 1065 axonae-m,
831 1009 961 1066 quse
978 1007 1093 1047 non
1116 988 1187 1046 de
1208 988 1339 1062 alia,
1352 1006 1525 1064 quam
1536 986 1609 1045 de
1620 985 1940 1045 defectione
1961 1006 1996 1043 a
2008 986 2134 1045 Deo
2144 985 2384 1063 ejusque
2403 984 2518 1043 fide
2535 992 2594 1043 et
2603 982 2901 1060 religione,

490 1090 665 1147 quam
712 1069 893 1128 semel
940 1068 1071 1145 quis
1116 1066 1409 1146 professus
1444 1066 1647 1141 fuerat,
1677 1065 2037 1144 intelligitur.
2123 1064 2340 1123 Paulus
2365 1065 2490 1142 ipse
2519 1064 2771 1142 seipsum
2798 1082 2902 1120 ex-

492 1150 687 1228 plicat,
722 1152 752 1207 1
786 1149 933 1207 Tim.
963 1148 1043 1207 iv.
1080 1152 1131 1224 1,
1180 1150 1215 1179 “
1242 1148 1549 1226 Spiritus,''
1578 1147 1785 1224 inquit,
1821 1146 2086 1204 “diserte
2115 1143 2272 1219 dicit,
2303 1144 2461 1223 quod
2487 1142 2900 1222 posterioribus

490 1229 846 1307 temporibus
884 1254 1247 1293 ammo-amu
1287 1252 1404 1293 τινες
1443 1254 1526 1293 της
1568 1252 1794 1303 ’κισ-πως,
1839 1226 2126 1299 deficient,
2170 1245 2274 1284 seu
2315 1225 2660 1303 apostasiam
2687 1222 2901 1281 facient

491 1309 728 1388 quidam
775 1329 812 1368 a
864 1309 1038 1368 fide.'’
1123 1309 1573 1387 Adstipulantur
1625 1308 1795 1367 nobis
1849 1306 1945 1365 hic
2001 1306 2205 1365 Patres
2257 1306 2533 1383 plerique,
2595 1304 2898 1381 Chrysost„

495 1393 550 1448 T
544 1392 813 1467 heophyl„
860 1392 1171 1466 Oecumm„
1206 1391 1501 1465 Theodor„
1532 1408 1776 1466 quorum
1811 1387 1906 1446 hie
1947 1411 2266 1445 axonam!
2297 1394 2470 1445 vocat
2507 1411 2590 1449 την
2625 1410 2732 1442 ωτι-ο
2777 1395 2904 1441 esav

491 1496 813 1552 anaxugnm,
857 1473 1207 1531 secessionem
1244 1491 1285 1528 a
1324 1472 1469 1528 Deo.
1558 1469 1654 1527 Sic
1693 1470 1840 1545 Any.
1891 1466 1963 1526 de
2009 1467 2183 1526 Civit.
2229 1466 2342 1525 Dei
2387 1466 2428 1525 1.
2479 1486 2581 1524 xx.
2632 1485 2758 1542 cap.
2809 1466 2900 1539 19,

487 1552 735 1611 Pm'mas.
765 1552 828 1609 in
854 1553 1008 1610 hunc
1036 1552 1165 1625 loc.‚
1200 1550 1447 1626 O'yrillus
1474 1550 1702 1607 Hieros.
1736 1549 1968 1607 Cateeh.
2004 1549 2096 1606 11.
2163 1548 2259 1604 Ex
2289 1544 2608 1606 Pontificiis
2639 1546 2897 1619 Thomas,

488 1633 778 1707 Lyranus,
792 1632 1055 1705 Alcas-ar,
1071 1632 1302 1705 Suarez,
1316 1637 1456 1688 tom.
1474 1629 1533 1687 ii.
1548 1649 1604 1706 q.
1623 1631 1718 1702 59,
1739 1636 1845 1687 art.
1861 1631 1916 1702 6,
1929 1627 2065 1686 dist.
2080 1630 2176 1702 34,
2203 1626 2416 1686 “Licet
2427 1626 2686 1704 plerique
2705 1624 2902 1683 Latini

486 1710 937 1788 interpretantur
977 1709 1051 1767 de
1092 1708 1411 1768 defectione
1456 1707 1626 1767 Rom.
1669 1708 1911 1785 imperii,
1943 1716 2136 1766 tamen
2163 1707 2430 1785 proprius
2458 1705 2800 1783 intelligitur
2826 1704 2900 1763 de

486 1790 807 1849 defectione
844 1808 881 1847 a
921 1788 1209 1863 Christo,''
1241 1786 1351 1848 Sec.
1436 1787 1609 1847 Unde
1638 1787 1931 1864 colligitur
1955 1788 2050 1845 hic
2077 1788 2176 1865 agi
2203 1807 2239 1845 a
2267 1786 2450 1846 Paulo
2479 1786 2550 1845 de
2578 1784 2900 1845 defectione

486 1889 523 1928 a
560 1870 675 1928 fide
716 1876 889 1929 antea
928 1876 1173 1945 recepta,
1216 1887 1335 1927 non
1376 1870 1569 1926 autem
1602 1867 1676 1925 de
1703 1868 1946 1945 quavis3
1992 1887 2126 1925 nam
2155 1867 2238 1926 sic
2267 1887 2466 1926 omnes
2493 1866 2768 1941 haeretici,
2799 1864 2898 1942 qui

486 1951 549 2007 in
597 1970 713 2009 uno
761 1949 859 2007 vel
906 1949 1087 2007 altero
1132 1947 1319 2025 capite
1360 1946 1638 2006 deficiunt
1679 1966 1715 2005 a
1753 1946 1886 2022 fide,
1919 1958 2054 2006 sunt
2081 1954 2377 2025 apostatae,
2409 1946 2514 2006 sed
2560 1945 2634 2005 de
2682 1944 2900 2023 insigni

485 2030 737 2107 quadam
779 2032 945 2106 quasi
987 2028 1287 2102 catholica,
1334 2028 1424 2105 cuj
1432 2048 1500 2086 us
1529 2035 1720 2105 caput,
1766 2035 1824 2085 et
1865 2026 2131 2104 princeps
2160 2026 2388 2085 futurus
2418 2034 2542 2086 erat
2570 2024 2900 2085 Antichris-

482 2120 595 2185 tus,
638 2118 706 2169 ut
746 2109 795 2169 si
836 2128 952 2167 non
994 2108 1203 2181 omnia,
1250 2108 1453 2168 saltem
1495 2108 1936 2185 quamplurima,
1980 2126 2161 2184 eaque
2202 2107 2494 2185 praecipua
2532 2106 2670 2165 fidei
2709 2106 2899 2183 capita

480 2198 834 2249 evertantur.
921 2190 1010 2247 Ea
1048 2189 1201 2247 enim
1242 2188 1333 2246 vis
1376 2196 1433 2245 et
1476 2188 1766 2265 emphasis
1815 2186 2040 2246 articuli
2083 2206 2209 2245 esse
2253 2187 2499 2262 videtur,
2543 2186 2644 2264 qui
2670 2186 2766 2245 hic
2793 2185 2894 2244 ad-

483 2271 731 2330 hibetur.

564 2350 780 2409 XVII.
825 2349 1104 2424 Quamvis
1134 2368 1269 2408 vcro
1298 2368 1513 2425 magna
1536 2356 1597 2407 et
1623 2348 1870 2425 insignis
1899 2346 2256 2424 intelligatur
2297 2345 2602 2424 apostasia,
2633 2365 2752 2404 non
2779 2353 2894 2405 sta·

482 2430 587 2488 tim
615 2427 999 2505 intelligenda
1024 2436 1115 2487 est
1141 2427 1471 2487 omnimoda
1496 2426 1745 2487 defectio
1773 2448 1808 2485 a
1835 2426 1984 2501 fide,
2005 2425 2316 2503 abnegatio
2363 2425 2597 2501 publica
2618 2425 2897 2484 Christia-

484 2509 675 2583 nismi,
707 2515 766 2567 et
793 2506 1029 2566 alterius
1058 2508 1367 2585 cujuslibet
1386 2506 1702 2583 religionis,
1733 2514 1978 2583 excepta
2023 2506 2126 2563 illa
2145 2506 2272 2582 ipsa
2289 2503 2654 2577 Antichristi,
2677 2511 2744 2562 ιιι
2771 2506 2895 2562 vel-

482 2590 605 2647 lent
634 2587 940 2662 Pontificii,
972 2587 1049 2645 ad
1074 2589 1195 2645 vim
1222 2588 1548 2664 argumenti
1594 2588 1780 2645 nostri
1827 2584 2260 2659 retundendam,
2311 2583 2450 2660 quia
2476 2582 2638 2641 nulla
2663 2582 2798 2642 talis
2821 2584 2898 2643 sit

484 2668 729 2728 defectio
770 2668 831 2726 in
876 2667 1165 2745 Papismo.
1251 2668 1401 2725 Nam
1430 2665 1640 2726 sufficit
1667 2666 1742 2725 ad
1771 2665 2116 2743 apostasiam
2138 2664 2383 2724 defectio
2412 2684 2448 2721 a
2473 2662 2586 2722 fide
2616 2682 2894 2723 memora-

481 2749 633 2825 bilis,
664 2750 801 2808 licet
827 2768 945 2807 non
972 2748 1049 2807 sit
1076 2748 1271 2808 totalis
1300 2748 1426 2825 ejus
1444 2747 1769 2825 abnegatio,
1801 2744 2090 2823 quomodo
2111 2764 2230 2804 vox
2247 2770 2564 2809 asa-mamm
2584 2745 2897 2821 respondet

485 2831 665 2889 verbo
696 2829 949 2889 Hebraeo
977 2852 1071 2889 -ι-πιο
1100 2828 1259 2908 quod
1278 2827 1557 2887 rebellare
1586 2826 1891 2904 significat,
1923 2846 2039 2904 quo
2069 2845 2242 2885 sensu
2271 2825 2577 2885 Rubenitae
2589 2833 2648 2883 et
2667 2825 2896 2884 Gaditae

485 2918 720 2989 propter
746 2918 1001 2971 erectum
1029 2910 1208 2969 altare
1236 2928 1414 2988 prope
1442 2908 1628 2986 ripam
1670 2908 1714 2968 J
1717 2907 1948 2966 ordanis
1997 2906 2266 2965 dicuntur
2312 2914 2662 2982 apostatasse
2687 2906 2784 2964 vel
2805 2926 2894 2964 re·

484 2994 714 3051 bellasse
742 2994 1013 3051 adversus
1039 2992 1363 3064 Dominum,
1412 2988 1455 3049 J
1459 3009 1542 3048 os.
1572 2988 1718 3047 xxii.
1753 2989 1844 3064 18,
1880 2988 1973 3063 19,
2025 3006 2142 3045 non
2169 2986 2326 3064 quod
2353 2986 2616 3045 absolute
2646 2986 2894 3061 ejerasse

486 3091 587 3131 eos
614 3072 913 3131 crederent
939 3071 1295 3149 religionem,
1328 3069 1432 3129 sed
1458 3070 1596 3147 quia
1622 3068 1763 3128 alibi
1799 3087 1974 3146 quam
1999 3067 2063 3125 in
2088 3067 2217 3125 loco
2247 3067 2558 3126 constituto
2585 3085 2621 3123 a
2651 3066 2776 3125 Deo
2805 3086 2894 3125 sa-

486 3170 586 3209 cra
612 3150 886 3210 facientes
909 3152 1249 3226 separabant
1276 3170 1339 3209 se
1368 3170 1405 3208 a
1430 3149 1720 3225 fratribus,
1751 3156 1810 3208 et
1837 3147 2080 3207 rebelles
2108 3155 2272 3206 erant
2296 3147 2570 3205 mandato
2600 3146 2729 3205 Dei.
2803 3146 2900 3205 Sic

490 3229 659 3287 datur
684 3248 824 3287 vera
850 3228 1096 3287 defectio
1124 3250 1159 3287 a
1186 3230 1317 3303 fide,
1348 3230 1522 3287 etiam
1550 3230 1601 3287 si
1629 3249 1746 3287 non
1773 3228 2092 3305 abnegetur
2119 3228 2381 3286 absolute
2411 3225 2901 3302 christianismus,

491 3308 542 3366 si
570 3326 789 3365 errores
818 3307 1111 3383 capitales,
1141 3317 1201 3367 et
1226 3308 1573 3367 idololatrici
1599 3308 1791 3366 cultus
1817 3308 2068 3365 maxime
2096 3307 2156 3364 in
2174 3327 2304 3366 enm
2321 3306 2661 3365 inferuntur.
2707 3306 2899 3366 Idolo-

492 3386 663 3445 latria
691 3386 844 3444 enim
871 3386 933 3441 in
966 3384 1261 3463 Scriptura
1288 3386 1602 3462 saepissime
1631 3406 1733 3463 per
1760 3387 2106 3463 apostasiam
2135 3394 2194 3445 et
2221 3386 2602 3445 defectionem
2628 3385 2896 3464 designa-

492 3476 604 3526 tur.
690 3464 916 3523 Deinde
944 3471 1169 3523 tantum
1197 3465 1361 3524 abest
1386 3472 1453 3523 ut
1480 3465 1769 3543 apostasia
1818 3465 2162 3523 Antichristi
2203 3465 2412 3525 debeat
2439 3484 2565 3524 esse
2592 3465 2902 3543 abnegatio

493 3544 689 3605 totalis
718 3544 1179 3620 Christianimisi,
1209 3554 1275 3604 ut
1302 3553 1503 3603 contra
1523 3564 1786 3605 sessurus
1814 3544 2039 3603 dicatur
2063 3546 2123 3603 in
2165 3546 2381 3623 templo
2403 3546 2529 3621 Dei,
2561 3545 2624 3604 id
2650 3555 2755 3621 est,
2788 3546 2900 3605 Ec-

494 3625 670 3686 clesia
698 3624 1049 3702 Christiana,
1070 3632 1137 3684 ut
1163 3624 1224 3683 in
1252 3645 1321 3683 eo
1348 3632 1615 3684 exerceat
1643 3623 2006 3703 tyrannidem
2055 3644 2234 3700 suam,
2279 3645 2462 3703 eoque
2489 3626 2718 3685 nomine
2747 3626 2904 3686 fuca-

496 3716 663 3766 turus
692 3703 1089 3765 detestandam
1119 3724 1281 3765 suam
1310 3704 1676 3781 apostasiam.

579 3785 830 3845 XVIII.
876 3785 993 3844 Hic
1010 3792 1201 3845 autem
1224 3786 1535 3860 character,
1558 3785 1604 3844 si
1634 3787 1939 3864 quisquam
1957 3785 2122 3861 alius,
2143 3786 2203 3843 in
2221 3786 2562 3845 Pontificem
2575 3786 2900 3847 Romanum

495 3868 786 3947 competit.
872 3866 995 3925 Nec
1022 3886 1263 3944 operosa
1289 3865 1626 3944 probatione
1653 3866 1730 3925 ad
1756 3866 1818 3925 id
1845 3886 1990 3945 opus
2038 3873 2143 3941 est,
2174 3864 2405 3942 quando
2452 3886 2546 3925 res
2587 3867 2713 3945 ipsa
2739 3867 2909 3927 docet

496 3946 795 4007 catholicae
822 3946 991 4006 istius
1033 3946 1337 4023 apostasiae
1370 3953 1544 4023 caput
1582 3966 1711 4005 esse
1753 3955 1812 4005 et
1857 3946 2190 4025 principem,
2243 3953 2300 4003 et
2337 3944 2616 4005 defecisse
2644 3966 2776 4006 eum
2803 3967 2902 4006 ve·

496 4028 721 4087 rissime
748 4047 785 4086 a
810 4027 925 4087 fide
955 4026 1187 4097 Christi,
1216 4026 1423 4104 partim
1452 4046 1554 4103 per
1582 4044 1802 4085 errores
1831 4034 1890 4085 et
1915 4026 2163 4085 haereses
2192 4025 2520 4085 innumeras
2547 4026 2904 4086 introductas

495 4108 557 4166 in
585 4107 971 4186 dogmatibuS,
1000 4107 1208 4185 partim
1236 4126 1339 4184 per
1366 4106 1801 4184 superstitiones
1826 4106 2136 4183 imperatas
2177 4105 2239 4163 in
2281 4106 2653 4182 caeremoniis,
2697 4108 2904 4185 partim

495 4207 599 4266 per
624 4188 1009 4248 idololatriam
1038 4186 1349 4247 stabilitam
1378 4186 1438 4244 in
1469 4186 1645 4263 cultu,
1677 4194 1742 4245 ut
1768 4194 1938 4245 antea
1963 4186 2154 4245 visum
2179 4186 2407 4265 Disput.
2441 4186 2490 4245 I.
2521 4186 2606 4246 II.
2639 4186 2758 4245 III.
2791 4187 2900 4245 IV.

500 4266 902 4345 Bellarminus,
931 4268 1033 4328 lib.
1046 4267 1212 4327 iii.de
1242 4266 1523 4327 Ponti’fice
1544 4267 1826 4343 Roman0,
1859 4286 1982 4344 cap.
2013 4270 2071 4340 2,
2092 4266 2187 4324 hic
2208 4266 2500 4327 reclamat.
2547 4266 2782 4341 “Etsi,”
2811 4267 2896 4324 in-

500 4345 642 4422 quit,
677 4350 713 4380 “
734 4347 1001 4408 daremus
1030 4348 1274 4408 Calvino
1322 4348 1648 4427 generalem
1679 4348 2024 4425 apostasiam
2053 4366 2088 4405 a
2114 4346 2246 4424 fide,
2276 4356 2336 4406 et
2361 4346 2560 4406 multis
2587 4346 2753 4405 annis
2775 4348 2899 4424 jam

502 4424 805 4483 durantem
832 4446 959 4487 esse
986 4448 1231 4507 regnum
1260 4428 1628 4503 Antichristi,
1670 4448 1790 4487 non
1839 4428 2114 4486 continno
2164 4435 2498 4505 sequeretur
2527 4428 2744 4503 Papam
2773 4446 2900 4485 esse

504 4502 945 4581 Antichristum,
976 4526 1109 4567 nam
1130 4508 1319 4567 adhuc
1346 4508 1590 4586 quaestio
1617 4508 1918 4568 tractanda
1945 4514 2115 4579 esset,
2141 4508 2374 4583 quinam
2421 4528 2456 4565 a
2497 4506 2613 4565 fide
2661 4513 2721 4565 et
2767 4506 2898 4565 reli-

500 4582 675 4660 gione
702 4582 915 4642 Christi
964 4585 1291 4663 defecerint,
1342 4608 1522 4647 nosne
1564 4608 1638 4646 an
1675 4588 1821 4646 illi.”
1867 4587 1990 4645 Nos
2033 4606 2174 4645 vero
2219 4586 2602 4645 conditionem
2631 4586 2900 4646 lubentes

498 4661 826 4741 accipimus,
856 4670 923 4722 ut
950 4664 1104 4740 apud
1144 4686 1290 4741 quos
1336 4668 1626 4744 apostasia
1667 4668 1781 4727 ista
1823 4666 2166 4740 invenietur,
2217 4666 2304 4725 illi
2349 4665 2426 4725 ad
2475 4666 2904 4727 Antichristum
