3234 5192
542 247 639 295 768

602 400 696 436 cur
704 384 944 451 sanguini
952 400 1139 452 aquam
1148 386 1427 453 praemittat
1434 388 1473 438 J
1474 386 1738 438 ohannes?

602 530 669 565 an
692 530 757 564 ex
772 530 845 577 eo,
864 516 997 580 quod
1019 515 1068 565 S.
1088 516 1244 567 Coena
1264 520 1479 567 vocatur
1492 452 1739 581 {ag-gg&

668 588 913 645 sequatur
948 580 1098 631 realis
1132 586 1186 631 et
1224 580 1576 631 substantialis
1614 597 1737 647 prae-

670 645 837 694 sentia
858 645 1135 721 Sanguinis
1156 645 1347 697 Christi
1363 646 1389 695 ’ἰ
1673 646 1733 695 ib.

538 708 794 775 Scriptura
816 716 895 759 est
928 708 1082 759 Liber
1104 710 1217 771 Dei,
1306 747 1320 761 .
1523 747 1536 761 .
1639 714 1736 762 209

602 774 867 839 Scriptura
898 774 1255 825 auctoritatem
1276 774 1484 826 dubiam
1516 774 1736 826 reddunt

666 844 777 888 tum
801 836 958 888 Athei
980 843 1091 887 tum
1115 838 1386 901 Ponfifiefi,
1640 844 1734 889 233

602 902 869 977 Scriptum
912 902 1195 952 authoritas
1248 904 1426 954 divina
1476 910 1736 969 spectatur

664 965 925 1027 trifariam,
958 966 1041 1017 vel
1085 976 1320 1032 respectu
1363 968 1527 1035 ipsius
1574 968 1735 1033 Scrip-

560 1047 569 1059 ·
663 1036 803 1092 turm,
822 1030 907 1079 vel
926 1031 1121 1080 ratione
1135 1032 1367 1097 Spiritus,
1378 1032 1463 1083 vel
1478 1033 1731 1092 Ecclesiae,

598 1156 748 1223 quale
766 1158 833 1207 sit
856 1158 1126 1224 Scriptura
1144 1160 1493 1210 testimonium
1509 1161 1535 1210 ’ἰ
1667 1160 1731 1209 ab.

598 1221 748 1288 quale
792 1223 861 1271 sit
910 1224 1261 1274 testimonium
1312 1224 1555 1275 Ecclesia
1598 1224 1735 1275 circa

662 1288 1016 1337 auctoritatem
1040 1288 1305 1353 Scriptum
1321 1290 1347 1338 ἰ’
1637 1292 1734 1339 235

598 1352 747 1415 quale
784 1352 852 1400 sit
876 1352 1224 1403 testimonium
1264 1352 1484 1418 Spiritus
1508 1354 1557 1402 S.
1598 1353 1735 1403 circa

662 1416 1018 1465 auctoritatem
1042 1416 1090 1466 S.
1116 1416 1383 1482 Scripturas
1402 1418 1426 1466 ⁶?
1638 1420 1735 1469 236

596 1480 853 1531 sententia
906 1481 1288 1531 Pontificiorum
1349 1483 1411 1532 de
1468 1481 1734 1546 Scriptum

661 1545 980 1607 auctoritate,
1180 1582 1193 1595 .
1393 1584 1404 1594 .
1506 1548 1617 1608 238,
1643 1547 1733 1596 διο.

592 1608 847 1658 sententia
866 1608 1289 1671 Orthodoxorum,
1492 1646 1505 1660 .
1639 1613 1734 1660 238

594 1679 760 1720 status
784 1672 1076 1735 quaestionis
1110 1674 1372 1735 formatur,
1506 1676 1617 1737 240,
1643 1676 1732 1724 &c.

595 1735 867 1799 Scriptura
900 1736 1259 1787 auctoritatem
1294 1753 1395 1786 non
1416 1738 1638 1802 pendere
1669 1738 1736 1788 ab

658 1798 889 1848 Ecclesia
920 1800 1161 1864 probatur
1194 1804 1303 1849 κατ’
1327 1805 1464 1868 ἔξω,
1637 1806 1731 1851 242

597 1862 857 1928 Scriptura
878 1864 967 1912 dat
988 1863 1225 1915 Ecclesia>
1243 1881 1443 1914 omnem
1462 1880 1609 1915 suam
1618 1881 1734 1916 auc-

663 1928 937 1989 toritatem,
1083 1966 1096 1979 .
1296 1966 1309 1979 .
1506 1934 1618 1992 242,
1645 1932 1732 1981 εω.

596 1992 863 2059 Scripturas
908 1992 1186 2044 auctoritas
1229 2010 1295 2044 nc
1330 1994 1408 2045 uit
1452 1996 1670 2061 pendere
1703 2011 1738 2044 a

664 2058 957 2108 testimonio
978 2058 1179 2109 fallibili
1202 2075 1271 2123 qu
1322 2076 1349 2109 e
1373 2066 1453 2110 cst
1476 2060 1734 2121 Ecclesiae,

599 2202 696 2237 nec
719 2185 783 2236 ab
806 2188 1113 2238 auctoritate
1128 2188 1330 2239 concilii
1346 2188 1617 2253 generalis,
1643 2192 1738 2240 255

602 2251 918 2316 Scripturam
942 2267 1033 2317 per
1056 2252 1274 2317 seipsam
1297 2252 1497 2317 probari
1520 2254 1739 2303 ostendi·

662 2321 748 2363 tur
770 2316 927 2364 variis
949 2316 1281 2379 argumentis,
1538 2353 1549 2365 .
1641 2320 1735 2367 262

607 2394 641 2426 a
662 2378 1144 2442 natura-primorum
1166 2378 1541 2443 principiorum,
1675 2380 1737 2429 ib.

606 2456 641 2489 a
660 2442 979 2506 comparatis.
1179 2477 1193 2490 .
1390 2479 1403 2492 .
1602 2480 1615 2493 .
1675 2444 1735 2493 ib.

606 2520 639 2554 a
660 2509 845 2553 natura
865 2504 1027 2568 ipsius
1054 2504 1332 2571 Scriptum,
1496 2541 1510 2556 .
1643 2511 1740 2583 264

606 2568 671 2619 ab
694 2568 959 2618 authentia
982 2568 1245 2636 Scripturas
1268 2570 1481 2637 propria,
1680 2572 1740 2623 ab.

608 2633 874 2699 Scripturae
925 2634 1247 2685 divinitatem
1295 2650 1363 2686 ex
1416 2635 1586 2687 insitis
1641 2638 1740 2714 ipsi

670 2698 1051 2750 charaeteribus
1082 2699 1263 2766 probat
1297 2699 1638 2751 Bellarminus
1671 2719 1740 2769 xp-

604 2769 1224 2905 anseantletfgersuadendam
1259 2802 1420 2906 'nobis
1469 2770 1740 2907 ⁰305th

669 2898 1027 2944 auctontatem
1060 2908 1345 2943 necessaria
1368 2898 1437 2943 sit
1460 2900 1740 2945 auctoritas

670 2956 888 3007 visibilis
902 2964 954 3007 et
978 2958 1189 3022 loquens
1210 2957 1265 3006 in
1290 2958 1520 3007 Ecclesia
1536 2958 1562 3007 ’ἰ
1675 2960 1736 3009 ib.

602 3038 671 3071 an
692 3022 780 3071 via
804 3022 1057 3071 examinis
1090 3022 1360 3086 Scriptum
1394 3022 1463 3071 sit
1494 3021 1742 3073 diffieilior

668 3086 755 3135 via
775 3086 1095 3135 auctoritatis
1114 3085 1357 3135 Ecclesiae
1369 3086 1395 3135 ’ἰ
1677 3088 1738 3138 ih.

604 3150 865 3214 Scriptura
886 3154 968 3198 est
989 3150 1169 3212 regula
1188 3150 1307 3200 fidei
1330 3149 1525 3200 duobus
1558 3151 1738 3213 modis,

540 3274 737 3325 Sensum
776 3273 1000 3323 lito-alm
1034 3274 1087 3323 in
1126 3276 1389 3342 Scriptura
1410 3294 1443 3327 a
1480 3219 1738 3344 metap‘ffig

668 3338 773 3388 rico
808 3338 1126 3389 discernendi
1159 3347 1511 3405 proponuntur
1544 3343 1738 3408 aliquot

668 3401 889 3467 Regulo,
1004 3438 1018 3452 .
1217 3440 1230 3453 .
1430 3442 1443 3455 .
1643 3410 1738 3459 364

539 3466 787 3533 Serpentes
809 3466 965 3582 witi,
993 3466 1240 3519 Israelitis
1262 3468 1495 3531 immissi,
1520 3472 1642 3535 quid
1665 3472 1738 3521 fu-

666 3533 800 3583 erint
1036 3568 1051 3582 .
1252 3570 1264 3582 .
1466 3572 1477 3584 .
1642 3538 1735 3586 372

600 3612 669 3647 an
691 3596 882 3647 fuerint
902 3596 1175 3660 naturales,
1201 3614 1269 3647 an
1292 3598 1623 3649 miraculosi?
1643 3604 1736 3650 373

599 3677 692 3713 cnr
726 3661 868 3712 Deus
890 3661 1023 3711 hanc
1045 3661 1250 3728 plagam
1286 3662 1555 3713 immiserit
1576 3664 1632 3713 in
1668 3665 1738 3713 Is-

665 3725 869 3776 ra‘eIitas
885 3726 911 3775 ’ἰ
1082 3762 1097 3776 .
1294 3762 1307 3776 .
1506 3763 1521 3776 .
1675 3728 1735 3777 ib.

601 3790 649 3841 ei
672 3790 951 3840 remedium
973 3790 1151 3839 datum
1174 3805 1379 3855 serpens
1402 3807 1590 3852 aeneus,
1641 3795 1736 3842 374

534 3854 741 3921 serpeus
786 3871 938 3905 oeneus
967 3870 1069 3904 non
1094 3854 1193 3905 suit
1214 3854 1382 3930 figura
1414 3856 1738 3921 Astrologica

665 3918 920 3969 Arabibus
947 3918 1198 3968 Talisman
1218 3920 1369 3980 dicta,
1641 3924 1738 3973 376

596 4000 691 4036 cur
714 3984 882 4035 Moses
904 3998 1023 4033 eum
1046 3998 1245 4033 aeneum
1268 3982 1443 4033 fecerit
1458 3984 1485 4033 ἰ’
1641 3989 1738 4037 374

598 4049 850 4115 serpentis
872 4048 997 4097 senei
1019 4048 1220 4109 erectio,
1323 4084 1335 4097 .
1536 4085 1549 4098 .
1642 4054 1736 4101 375

596 4128 689 4163 cur
710 4120 764 4163 et
786 4112 1034 4178 quomodo
1056 4110 1300 4162 Israfflitae
1334 4126 1452 4162 eum
1469 4112 1738 4163 debuerint

661 4177 887 4228 intueri?
997 4212 1011 4227 .
1218 4212 1231 4225 .
1431 4214 1443 4226 .
1641 4181 1738 4229 376

600 4242 853 4306 serpentis
874 4240 999 4293 aenei
1022 4240 1325 4307 mysterium
1349 4240 1736 4357 explicatur,3⁷7

596 4366 764 4431 qualis
796 4368 951 4419 fuerit
983 4369 1324 4434 discrepantia
1368 4370 1503 4434 inter
1540 4386 1740 4439 serpen·

660 4436 765 4480 tem
786 4448 980 4482 aeneum
1002 4440 1055 4485 et
1072 4433 1364 4484 Christum?
1432 4472 1446 4485 .
1644 4440 1734 4487 381

591 4511 659 4545 an
684 4510 891 4560 serpens
913 4512 1081 4547 aeneus
1116 4498 1347 4549 stabiliat
1379 4498 1580 4550 cultum
1620 4500 1741 4550 ima-

662 4558 845 4625 ginum
861 4558 887 4607 ’ἰ
984 4596 998 4610 .
1643 4568 1737 4614 377

1639 1100 1734 1171 234
1763 1099 1768 1154 ;

1602 258 1768 295 nemu
1805 260 1996 295 RERUM.

1807 390 2026 503 Spu-iuis1
2037 404 2140 439 vox
2160 387 2464 502 quandoque·
2483 388 2862 505 Egangelinm
2880 400 3050 455 notat,

1933 458 2080 581 ἐπὶ,
2105 467 2242 519 ‘¹⁰⁸¹'
2269 468 2403 567 .⁰‘¹¹¹⁰
2449 468 2506 568 ¹¹3
2559 470 2660 504 ‘¹¹²
2703 467 3046 587 fpffi‘gffass

1867 583 2078 649 spiritus
2093 582 2218 647 quid
2246 582 2452 633 denotet
2473 576 2614 649 apud
2635 584 2674 635 J
2673 583 2990 645 ohannem,
3018 594 3040 637 1

1864 649 2180 789 anEfpigitgs
2194 651 2266 760 8i’n
2299 682 2444 787 noliis
2475 716 2678 761 testans
2715 686 2928 765 afferat
2951 656 3050 766 :illel-

1929 777 2100 826 linum
2121 775 2573 837 enthusiastarum,
2949 785 3048 831 320

1801 840 2014 906 Spin-iem
2037 840 2089 891 S.
2111 855 2203 891 cnr
2222 840 2297 889 ita
2317 846 2528 891 vocetur
2543 840 2570 889 ’ἐ
2949 850 3046 895 294

1865 906 2112 969 quomodo
2135 904 2388 955 testetur?
2478 940 2493 953 .
2698 941 2716 955 .
2945 914 3044 960 299

1865 969 2084 1035 Spiritus
2107 969 2282 1020 Sancti
2303 967 2642 1034 personalitas
2663 970 3042 1089 probatur3303

2361 1270 2412 1328 Τ

1805 1450 2062 1502 Transitus
2101 1450 2446 1502 Israelitarum
2483 1468 2577 1517 per
2615 1468 2762 1505 mare
2803 1456 3048 1508 historia

1930 1516 2194 1577 recensita,
2263 1552 2276 1566 .
2476 1554 2490 1565 .
2693 1555 2708 1568 .
2935 1528 3042 1573 327

1865 1596 1958 1631 nec
1981 1580 2243 1643 naturalis,
2267 1594 2362 1630 nec
2385 1580 2618 1645 magicus
2637 1600 2650 1641 ;
2675 1583 2770 1634 sed
2797 1586 3044 1637 miracu·

1930 1647 2069 1695 losus
2093 1644 2206 1706 fuit,
2265 1681 2278 1694 .
2477 1682 2491 1694 .
2693 1684 2710 1698 .
2935 1656 3040 1703 328

1865 1724 1932 1758 an
1973 1715 2111 1759 recta
2154 1708 2454 1759 transierint
2497 1709 2762 1773 Israe'litae,
2817 1730 2898 1764 an
2949 1717 3045 1764 via

1931 1772 2290 1824 semicirculari
2315 1788 2520 1823 emensa
2546 1773 2602 1823 in
2625 1774 2764 1827 idem
2791 1778 3042 1854 AEgypti

1929 1837 2072 1887 littus
2095 1839 2283 1887 reversi
2307 1838 2535 1887 fuerint?
2605 1876 2618 1887 .
2837 1878 2850 1891 .
2969 1846 3036 1893 ὠ.

1867 1901 2116 1966 quomodo
2162 1902 2400 1952 Isra'elitoe
2507 1918 2533 1951 r
2573 1901 2730 1952 fidem
2779 1906 3044 1958 dicantur

1929 1966 2195 2017 transiisse
2217 1982 2356 2016 mare
2377 1981 2440 2015 ru
2473 1968 2627 2016 rum?
2697 2004 2711 2016 .
2935 1976 3042 2024 329

1866 2031 2116 2079 transitus
2169 2046 2260 2095 per
2311 2044 2450 2080 mare
2503 2046 2574 2079 an
2627 2042 3042 2085 sacramentum

1931 2095 2086 2143 fuerit
2107 2093 2348 2159 baptismi
2364 2094 2390 2143 ?
2804 2134 2819 2147 .
2933 2104 3036 2151 332

1867 2158 2114 2223 quomodo
2153 2158 2400 2207 transitus
2441 2173 2532 2223 per
2575 2174 2718 2210 mare
2765 2159 3031 2227 baptismi

1932 2222 2134 2271 nomine
2151 2222 2460 2286 insigniatur
2471 2222 2498 2271 ἰ’
2698 2260 2712 2273 .
2927 2232 3032 2280 335

1867 2286 2118 2337 transitus
2151 2300 2240 2352 per
2272 2302 2410 2336 mare
2443 2300 2562 2337 cum
2597 2285 2864 2353 baptismo
2906 2308 3032 2342 oon·

1933 2350 2093 2411 venit,
2150 2386 2162 2399 .
2362 2386 2376 2399 .
2575 2387 2588 2400 .
2795 2391 2810 2404 .
2923 2361 3032 2408 336

1869 2420 1971 2464 tres
2008 2414 2167 2465 Testes
2197 2414 2425 2465 coelestes
2447 2430 2513 2465 cx
2551 2414 2663 2467 loco
2691 2421 2713 2465 1
2737 2418 2869 2469 Joh.
2897 2437 2956 2471 v.
2985 2427 3032 2483 ⁷,

1935 2478 2189 2543 explicati,
2247 2516 2260 2529 .
2458 2515 2471 2528 .
2669 2518 2686 2530 .
2753 2486 2900 2545 289,
2929 2486 3026 2537 &c-

1869 2544 2079 2607 quinam
2103 2544 2209 2593 sint
2228 2542 2316 2593 isti
2341 2547 2444 2595 tres
2467 2543 2665 2607 Testes,
2925 2553 3022 2600 291

1871 2608 2150 2658 testimonii
2185 2608 2410 2683 ipsorum
2447 2608 2640 2659 veritas
2679 2626 2746 2661 ex
2793 2611 3026 2677 triplicis

1935 2672 2242 2737 operationis
2263 2672 2329 2722 ad
2361 2672 2762 2737 redemptionem
2785 2686 3028 2727 nostram

1935 2737 2239 2786 necessitate
2261 2736 2604 2798 confirmatur,
2699 2774 2713 2787 .
2923 2746 3026 2793 295

1871 2801 2006 2864 quod
2027 2806 2081 2849 et
2115 2800 2361 2863 quomodo
2383 2800 2536 2851 Pater
2573 2804 2838 2853 testetur?
2961 2806 3026 2855 ὦ.

1872 2864 2118 2929 quomodo
2141 2870 2358 2915 testetur
2381 2866 2522 2927 Λῦγη
2539 2866 2566 2913 ’Β
2925 2874 3028 2921 296

1872 2931 1983 2994 ejus
2005 2928 2357 2979 testimonium
2378 2936 2457 2979 est
2480 2932 2782 2993 αὕη-κίστη,
2929 2939 3030 2987 297

1869 2994 2116 3057 quomodo
2137 2999 2354 3043 testetur
2375 2992 2594 3069 Spiritus
2617 2994 2842 3047 Sanctus
2859 2998 2892 3047 ἰ’
2931 3004 3031 3051 299

1869 3056 2041 3107 unitas
2063 3056 2273 3107 testium
2295 3057 2460 3121 quahs
2475 3056 2502 3106 ⁶?
2697 3096 2712 3107 .
2929 3067 3030 3115 300

1869 3136 2099 3186 quaenam
2123 3136 2248 3172 vera
2268 3121 2423 3172 fuerit
2445 3122 2702 3173 sententia
2724 3123 2950 3177 Calvini
2975 3136 3032 3179 et

1935 3186 2075 3235 Bezae
2097 3186 2234 3235 circa
2253 3186 2392 3236 hune
2413 3184 2580 3235 locum
2598 3186 2624 3235 ?
2929 3196 3027 3244 301

1808 3248 1970 3299 Testes
1995 3249 2264 3299 Terre-§tres
2284 3265 2376 3299 eur
2397 3256 2502 3299 tres
2523 3259 2900 3305 recenseantur
2913 3258 2944 3306 ⁶?

1866 3393 1932 3427 an
1955 3377 2148 3427 fuerim:
2169 3382 2326 3428 testes
2348 3378 2683 3429 humanitatis
2705 3379 2916 3433 Christi
2925 3324 3034 3434 ξοδ

1867 3522 1935 3555 an
1957 3510 2062 3556 tres
2105 3512 2266 3557 testes
2303 3511 2568 3558 terrestres
2599 3507 2888 3573 designent
2927 3517 3040 3566 tria

1931 3568 2249 3620 oraculorum
2271 3586 2458 3635 genera
2486 3572 2547 3622 de
2571 3571 2815 3623 Christo?
2969 3582 3038 3629 ib.

1867 3634 1955 3698 qui
1977 3634 2083 3683 sint
2105 3640 2210 3684 tres
2233 3634 2320 3684 isti
2341 3640 2498 3685 testes
2511 3636 2537 3685 ⁶?
2625 3671 2638 3685 .
2776 3641 2906 3701 310,
2936 3645 3042 3695 stc,

1871 3698 2122 3761 quomodo
2143 3700 2379 3749 dicantur
2399 3699 2578 3749 testari
2598 3700 2654 3748 in
2677 3705 2819 3751 terra
2833 3704 2868 3752 ἰ)
2933 3711 3038 3759 317

1869 3762 2036 3826 qualis
2079 3764 2293 3813 istorum
2337 3764 2546 3813 testium
2591 3764 2660 3813 sit
2700 3766 2892 3819 unitas
2915 3790 2931 3831 ς
2981 3782 3044 3823 et

1968 3828 2180 3876 uomodo
2191 3826 2258 3876 ab
2271 3828 2470 3877 unitate
2491 3828 2703 3877 testium
2723 3830 3044 3887 caelestium

1967 3890 2280 3955 'stinguatur
2295 3892 2320 3941 ‘1²
2929 3905 2994 3951 31
3005 3908 3038 3953 7

1807 3953 2064 4004 Trinitatis
2085 3971 2187 4005 vox
2209 3972 2310 4005 non
2332 3962 2412 4006 est
2432 3954 2583 4021 plane
2605 3958 2835 4024 ἅγςιφος,
2929 3968 3039 4017 302

1868 4019 2073 4069 trinitas
2111 4036 2444 4085 personarum
2479 4020 2778 4071 ‘divinarum
2801 4024 2864 4074 in
2913 4028 3044 4081 loeo

1935 4088 1958 4132 1
1983 4084 2020 4133 J
2024 4083 2104 4133 oh.
2130 4099 2180 4134 v.
2208 4090 2254 4145 7,
2277 4084 2538 4146 fundatur,
2929 4098 3040 4147 303

1867 4147 2112 4197 trinitatis
2133 4149 2359 4213 cognitio
2390 4148 2690 4211 necessaria,
2967 4160 3040 4209 ῑὸ,

2354 4398 2414 4457 V

1814 4567 2010 4618 Vra-Imm
2035 4566 2130 4617 Dei
2153 4581 2270 4619 eum
2295 4584 2484 4619 manna
2515 4572 2860 4633 eomparatur,
2929 4581 3044 4631 347
