3234 5192
310 346 555 388 Disrur.
588 334 681 405 11.]
930 348 1009 387 m:
1038 346 1385 389 SCRIPTURAE
1417 344 1620 386 sxcuae:
1649 344 2100 387 Aurnomnrs.
2631 336 2742 395 241

288 498 491 545 -tenus
518 506 840 547 consensus
886 494 977 545 est
1022 487 1178 544 inter
1225 494 1439 561 partes,
1468 486 1595 544 fleri
1645 488 1756 543 hoc
1799 504 1906 561 per
1946 488 2126 545 fidem
2169 490 2472 549 mediante
2515 493 2738 551 virtute

317 567 593 641 Spiritus.
620 567 737 625 Sed
762 568 820 623 in
848 566 1156 641 posteriori
1173 566 1373 639 gravis
1393 573 1482 621 est
1502 564 1868 640 disceptatio.
1899 564 2004 623 Illi
2031 566 2192 624 enim
2230 588 2339 626 nos
2361 577 2602 644 propter
2627 572 2740 629 Ec-

310 647 554 703 clesiam
572 648 809 703 credere
832 646 1152 720 Scripturae
1175 644 1385 701 dicunt
1409 666 1422 713 ;
1448 643 1581 701 Nos
1598 661 1740 700 vero
1765 642 2092 701 Ecclesiam
2109 654 2352 721 propter
2371 648 2738 723 Scripturam

313 726 828 782 audiendamesse.
862 722 2094 797 IllicredendumScripturae,quatenusab
2107 724 2738 785 EcclesiaTcstimoni-

312 822 420 859 um
447 803 661 877 accipit
672 827 687 875 ;
712 822 821 861 nos
840 810 1049 860 contra
1068 801 1367 871 Ecclesiae,
1380 808 1680 875 quatenus
1699 800 2017 874 scripturae
2039 810 2436 861 consentanea
2445 806 2732 880 loquitur.

398 880 663 939 XVIII.
726 884 781 940 2.
830 881 1051 955 Liquet
1092 880 1275 937 etiam
1326 898 1445 935 non
1494 879 1789 953 disputari
1839 879 2184 954 simpliciter
2237 882 2314 939 de
2369 882 2734 942 Testimonio

318 960 615 1029 Ecclesiae,
669 960 771 1017 An
822 961 951 1017 ulla
996 960 1075 1015 sit
1118 957 1251 1031 ejus
1299 958 1453 1015 ratio
1498 958 1814 1025 habenda;
1875 958 1992 1015 Sed
2042 959 2118 1015 tle
2172 959 2304 1033 ejus
2359 963 2620 1035 pondere
2673 972 2736 1021 et

318 1040 709 1097 Authoritatc
733 1060 747 1107 ;
818 1038 921 1095 An
976 1036 1327 1113 primarium
1383 1036 1461 1093 sit
1513 1043 1573 1092 et
1627 1036 1998 1109 praecipuum
2053 1054 2176 1111 quo
2229 1038 2424 1096 utitur
2477 1040 2735 1115 Spiritus

318 1117 597 1174 Sanctus.
680 1117 743 1175 N
748 1135 825 1173 on
854 1134 1147 1191 negamus
1174 1114 1331 1171 euim
1360 1132 1497 1173 suas
1524 1132 1648 1169 esse
1679 1115 1789 1171 hac
1818 1114 1878 1171 in
1917 1122 2084 1189 parte
2115 1114 2392 1175 Ecclesiae
2419 1126 2636 1193 partes,
2665 1130 2736 1179 ut

318 1202 499 1253 antea
526 1196 987 1265 observavimus,
1018 1196 1165 1251 dum
1212 1192 1489 1267 fungitur
1537 1192 1730 1249 officio
1762 1194 2057 1263 Custodia,
2093 1192 2408 1266 Praeconis,
2443 1197 2732 1269 Vindicis,

318 1280 381 1329 et
402 1273 785 1347 Interpretis3
832 1273 947 1331 Sed
970 1271 1255 1361 quicquid
1273 1272 1370 1329 hic
1396 1272 1593 1339 faciat,
1618 1288 1966 1327 concurrere
1994 1272 2248 1329 dicimus
2269 1280 2504 1331 tantum
2531 1277 2735 1333 minis—

319 1351 609 1407 terialiter
645 1358 705 1407 et
737 1351 1029 1425 organice,
1069 1359 1137 1407 ut
1164 1350 1241 1407 sit
1283 1350 1548 1407 medium
1587 1354 1914 1430 λιιτουςγικὸι
1941 1356 2002 1405 et
2027 1357 2359 1423 ιέσ-ιιγοκικὸι,
2389 1371 2510 1427 quo
2543 1354 2732 1411 utitur

327 1428 589 1501 Spiritus
618 1428 885 1500 SanctuS,
914 1448 1035 1486 non
1062 1428 1218 1511 κὺςιου
1246 1438 1307 1486 ct
1333 1428 1658 1503 principale
1681 1450 1696 1497 ;
1728 1438 1798 1487 ut
1824 1438 2130 1487 conservet
2155 1432 2398 1506 quidem
2421 1431 2730 1489 veritatem

323 1507 429 1563 sed
457 1524 577 1563 non
606 1504 857 1582 fundat3
900 1518 1211 1583 proponat,
1235 1510 1337 1565 sed
1361 1526 1479 1563 non
1507 1507 1858 1577 constituat;
1898 1507 2119 1566 indicet
2139 1517 2200 1567 et
2215 1510 2490 1578 vindicet,
2519 1512 2622 1565 sed
2651 1528 2731 1567 no

320 1590 575 1666 αὑτοκςοιτ
630 1589 743 1651 ιιὸς
776 1588 1025 1662 judicet.
1112 1587 1642 1655 Quemadmodum
1687 1586 1900 1643 Edicta
1929 1585 2272 1663 Principum
2311 1595 2371 1645 et
2411 1588 2734 1661 Magistra-

320 1672 495 1723 tuum
522 1684 559 1723 a
640 1668 971 1725 raeconibus
1000 1674 1060 1723 et
1086 1665 1381 1725 Ministris
1410 1664 1617 1739 Regiis
1645 1666 2075 1723 authoritatem
2104 1685 2273 1725 suam
2303 1684 2421 1723 non
2449 1675 2732 1724 mutuan-

318 1752 437 1814 tur,
465 1745 603 1804 licet
642 1764 748 1821 per
790 1764 891 1803 eos
936 1746 1164 1820 populo
1210 1744 1615 1819 innotescant3
1684 1744 1774 1802 Ut
1819 1744 2076 1803 Aurifex
2121 1754 2343 1803 statera
2384 1752 2492 1802 aut
2533 1745 2734 1819 lapide

326 1839 535 1879 aurum
564 1843 601 1883 a
626 1843 811 1899 cupro
839 1826 1047 1882 aliisve
1076 1822 1331 1881 metallis
1359 1822 1716 1895 dijudicans,
1745 1842 1964 1881 aurum
2004 1843 2126 1882 non
2155 1823 2300 1882 facit
2346 1825 2450 1881 sed
2493 1830 2730 1881 tantum

328 1917 531 1957 verum
558 1920 680 1961 esse
708 1904 969 1978 indicat3
1011 1909 1073 1959 et
1120 1910 1189 1959 ut
1238 1899 1539 1975 Interpres
1587 1904 1745 1961 fidus
1788 1902 1938 1959 nihil
1985 1904 2060 1961 de
2108 1922 2218 1961 suo
2261 1901 2626 1960 comminisci
2670 1910 2732 1961 et

324 1977 535 2039 inferre
562 1983 757 2051 debet,
788 1983 891 2038 sed
932 1998 1173 2039 sensum
1212 1979 1497 2035 latentem
1538 1979 1812 2055 diligenti
1853 1982 2128 2039 examine
2158 1988 2394 2039 tantum
2436 1980 2644 2038 efferre
2672 1990 2732 2039 et

320 2057 545 2117 elicere.
624 2060 743 2117 Sed
770 2060 861 2114 illi
904 2077 1041 2114 cum
1069 2058 1286 2130 quibus
1314 2057 1567 2129 agimus,
1598 2078 1720 2117 non
1749 2058 2147 2119 ministerium
2173 2063 2470 2117 duntaxat
2498 2060 2729 2130 volunt,

312 2138 415 2193 sed
464 2136 913 2209 magisterium3
956 2152 1079 2190 non
1122 2142 1192 2191 ut
1237 2151 1341 2207 per
1391 2134 1714 2195 Ecclesiam
1763 2146 2001 2195 tantum
2048 2142 2376 2209 credamus,
2407 2139 2510 2195 sed
2551 2138 2732 2195 etiam

312 2222 559 2288 propter
593 2231 743 2269 eam.
828 2212 964 2269 Imo
1013 2212 1344 2269 censorium
1388 2212 1501 2269 sibi
1538 2217 1646 2288 jus
1691 2217 1752 2274 in
1803 2217 2004 2274 Deum
2051 2218 2248 2293 ipsum
2293 2224 2590 2291 arrogant,
2625 2236 2735 2275 nec

314 2297 555 2347 tantum
584 2291 765 2347 fidem
790 2296 1054 2347 nostram
1082 2291 1158 2347 ab
1185 2289 1470 2350 arbitratu
1498 2311 1606 2352 suo
1635 2298 2024 2372 suspendunt,
2045 2304 2106 2355 et
2133 2314 2304 2355 suam
2325 2314 2361 2353 a
2381 2295 2603 2370 seipsis,
2625 2296 2732 2353 sed

316 2378 379 2425 et
405 2366 593 2443 ipsius
624 2366 737 2425 Dei
778 2386 1001 2439 vocem,
1028 2368 1287 2444 priscum
1339 2370 1593 2431 Senatus
1639 2374 1900 2433 Romani
1947 2376 2170 2435 fastum
2218 2376 2536 2443 imitanteS‚
2568 2376 2732 2450 apud

315 2466 497 2522 quem
528 2452 563 2480 ‘⁴
582 2448 657 2503 de
683 2448 949 2505 humano
977 2448 1261 2507 arbitratu
1291 2450 1571 2509 divinitas
1592 2454 2062 2528 pensitabatur‚”
2093 2462 2164 2511 ut
2187 2454 2458 2529 loquitur
2480 2452 2731 2513 Tertull.

320 2527 503 2601 Apol.
534 2544 659 2601 cap.
690 2524 747 2596 5,
782 2527 955 2583 Idem
983 2528 1202 2604 quippe
1230 2528 1341 2586 sibi
1373 2530 1479 2605 jus
1506 2540 1794 2606 arrogant
1819 2532 1878 2589 in
1927 2534 2236 2609 Scriptura
2269 2534 2464 2591 Sacra.
2549 2532 2734 2593 Unde

318 2604 667 2679 blasphema
720 2604 779 2663 N
786 2605 962 2663 ieolai
1034 2606 1213 2683 Papae
1268 2610 1541 2680 audacia,
1591 2612 1698 2685 qui
1769 2611 2028 2670 distinct.
2084 2612 2176 2681 19,
2246 2612 2390 2668 Can.
2439 2610 2502 2669 Si
2555 2610 2731 2671 Rom.

321 2681 561 2753 pontif„
588 2691 846 2743 statuere
873 2704 995 2743 non
1016 2687 1278 2757 erubuit,
1312 2686 1435 2743 “Id
1455 2694 1692 2745 tantum
1711 2688 2108 2761 probandum,
2131 2690 2294 2761 quod
2321 2688 2735 2747 Romanorum

320 2759 679 2819 Pontificum
707 2764 937 2821 calculo
964 2765 1289 2839 probatum
1317 2766 1412 2821 vel
1442 2765 1866 2838 improbatum,
1897 2773 1958 2822 et
1996 2767 2132 2822 ideo
2161 2767 2404 2820 demum
2438 2766 2633 2822 Vetus
2673 2774 2734 2824 et

318 2838 569 2897 Novum
587 2840 1029 2900 Testamentum
1048 2843 1473 2917 recipiendum,
1491 2842 1638 2915 quia
1657 2842 2047 2899 Innocentius
2070 2840 2350 2900 Pontifex
2371 2842 2733 2899 authoritate

318 2925 380 2975 et
406 2919 697 2977 sententia
724 2939 835 2978 sua
851 2921 1257 2995 recipiendum
1286 2936 1409 2973 esse
1438 2919 1759 2975 sanxerit.'’
1823 2919 1876 2975 3.
1910 2919 2052 2975 Non
2083 2918 2390 2992 quaeritur,
2413 2916 2514 2973 An
2545 2918 2733 2975 Testi-

320 2997 589 3053 monium
628 3000 939 3073 publicum
980 2996 1258 3054 Ecclesiae
1300 2994 1742 3067 praeferendum
1781 2995 1860 3051 sit
1897 2996 2132 3069 privato
2175 2994 2496 3067 cujuslibet
2540 2996 2732 3053 fidelis

322 3072 705 3147 Testimonio‚
758 3084 827 3133 ut
875 3074 1123 3150 quidam
1172 3088 1481 3145 perperam
1526 3078 1751 3129 statum
1800 3074 2144 3146 quaestionis
2197 3071 2500 3130 formant:
2565 3072 2628 3131 N
2631 3091 2729 3131 am

319 3160 719 3234 praeterquam
763 3154 927 3229 quod
974 3150 1131 3207 falso
1180 3148 1555 3223 supponitur,
1586 3150 1880 3225 Spiritum
1929 3153 1990 3209 in
2032 3152 2205 3209 nobis
2246 3156 2565 3209 testantem
2605 3171 2734 3210 esse

318 3232 645 3308 proprium,
674 3248 813 3289 cum
841 3230 917 3289 sit
944 3226 1276 3285 communis
1308 3226 1605 3299 Ecclesiae,
1634 3236 1706 3286 ut
1732 3238 1912 3287 antea
1937 3232 2166 3301 visum;
2200 3230 2454 3305 Spiritus
2484 3230 2545 3287 in
2569 3232 2732 3289 fideli

318 3316 542 3367 testans
571 3328 691 3367 non
722 3330 781 3367 se
810 3309 991 3365 habet
1019 3308 1097 3363 ad
1146 3308 1393 3364 modum
1435 3308 1652 3382 objecti
1678 3309 1776 3366 vel
1818 3311 2176 3383 argumenti,
2207 3311 2311 3366 sed
2357 3310 2434 3367 ad
2482 3313 2732 3369 modum

320 3388 629 3463 principii;
676 3390 881 3461 Atque
909 3386 995 3443 ita
1021 3403 1141 3442 non
1171 3392 1367 3461 potest
1392 3387 1663 3461 legitima
1688 3388 1916 3446 institui
1948 3390 2241 3465 oppositio
2269 3388 2423 3447 inter
2453 3388 2732 3449 Ecclesiae

319 3474 381 3523 et
436 3466 693 3540 Spiritus
739 3464 1189 3522 Testimonium.
1291 3464 1407 3522 Sed
1457 3467 1762 3542 quaeritur,
1817 3468 1918 3525 An
1966 3468 2398 3527 Testimonium
2451 3468 2730 3527 Ecclesiae

318 3545 755 3619 praeferendum
780 3544 861 3599 sit
879 3542 1241 3601 Testimonio
1262 3562 1368 3601 seu
1390 3542 1569 3601 Notis
1595 3545 1782 3620 ipsius
1812 3546 2150 3621 Scripturas,
2174 3555 2244 3604 ut
2269 3546 2468 3621 potius
2495 3556 2736 3623 propter

318 3624 815 3757 illTludlcredamus
857 3622 1195 3697 Scripturae,
1225 3640 1404 3698 quam
1454 3632 1697 3698 propter
1743 3626 1886 3683 istas
1903 3647 1919 3697 ;
1965 3624 2259 3685 Pontificii
2305 3625 2472 3700 prius
2499 3626 2732 3696 volunt,

386 3720 451 3759 os
532 3702 799 3759 osteriuS.

404 3780 588 3838 XIX.
632 3782 687 3839 4.
732 3782 873 3841 Non
922 3782 1215 3857 quaeritur
1242 3782 1439 3858 etiam,
1472 3781 1573 3841 An
1619 3783 1740 3842 sint
1781 3790 1939 3843 notae
1969 3786 2244 3861 quaedam
2287 3789 2346 3839 et
2389 3782 2626 3840 criteria
2665 3782 2728 3838 in

324 3858 645 3934 Scriptura,
677 3880 751 3918 ex
779 3862 997 3937 quibus
1037 3860 1335 3918 Divinitas
1372 3862 1503 3936 ejus
1530 3863 1766 3921 ostendi
1806 3864 1994 3937 possit
2021 3870 2082 3921 et
2129 3860 2384 3929 suaderi,
2415 3860 2528 3917 hoc
2569 3860 2730 3917 enim

320 3956 439 3995 non
472 3939 801 3997 diffitentur
830 3938 1141 4009 Pontificii,
1165 3946 1225 3995 et
1254 3938 1585 3999 Nobiscum
1614 3958 1688 3997 ex
1718 3941 1792 3999 iis
1825 3941 2144 4015 Scripturae
2173 3938 2566 3997 Divinitatem
2593 3956 2730 4011 pro-

321 4016 503 4085 bant;
557 4016 690 4073 Imo
719 4024 1051 4091 agnoscunt
1089 4034 1211 4074 non
1254 4035 1387 4074 raro
1419 4019 1613 4095 (tanta
1639 4028 1730 4077 est
1755 4020 1844 4076 vis
1875 4018 2212 4093 Scripturae,
2241 4024 2310 4073 ut
2339 4016 2414 4071 ab
2458 4016 2732 4072 hostibus

322 4093 447 4149 suis
475 4110 683 4150 verum
712 4098 1073 4170 quandoque
1100 4096 1505 4153 testimonium
1535 4096 1854 4173 exprimat)
1887 4104 1921 4131 “
1943 4096 2088 4153 nihil
2139 4113 2264 4151 esse
2311 4094 2532 4163 notius,
2575 4093 2729 4149 nihil

320 4171 553 4241 certina,
584 4179 655 4229 ut
680 4174 1095 4229 stultissimum
1113 4192 1239 4231 esse
1268 4192 1500 4231 necesse
1522 4176 1616 4243 sit,
1649 4176 1754 4249 qui
1781 4175 1874 4231 illi
1900 4176 2080 4232 fidem
2121 4179 2300 4245 neget
2326 4171 2728 4240 habendam,”

318 4257 389 4305 ut
416 4250 685 4323 loquitur
712 4250 995 4308 Bellarm.
1024 4251 1127 4310 lib.
1162 4250 1213 4321 1,
1245 4252 1320 4309 de
1352 4252 1557 4309 Verbo
1588 4254 1702 4310 Dei
1731 4272 1780 4311 c.
1823 4252 1880 4309 ii.
1913 4252 1996 4308 sic
2023 4257 2083 4307 et
2114 4249 2400 4308 Valentia
2427 4249 2529 4307 lib.
2569 4249 2607 4305 i.
2651 4250 2728 4305 de

320 4327 577 4402 Analysi
604 4328 781 4397 fidei;
828 4328 943 4385 Sed
975 4347 1048 4385 an
1080 4336 1239 4387 notae
1268 4330 1390 4387 illae
1419 4349 1525 4405 per
1553 4350 1613 4387 se
1644 4330 1941 4387 sufficiant
1977 4330 2052 4386 ad
2083 4328 2466 4384 fundandum
2494 4326 2557 4383 in
2599 4327 2728 4384 ani-

320 4406 434 4463 mis
462 4408 681 4465 nostris
726 4406 1075 4465 Divinitatis
1105 4410 1323 4466 fidem?
1366 4426 1489 4478 seu,
1522 4409 1627 4465 An
1673 4410 1750 4465 sit
1795 4406 2166 4480 praecipuum
2213 4405 2370 4460 illud
2413 4405 2730 4477 motivum,

318 4492 557 4559 propter
584 4488 745 4561 quod
777 4486 1133 4543 adducimur
1160 4488 1238 4543 ad
1266 4488 1652 4556 credendum,
1681 4493 1742 4541 et
1770 4503 1890 4558 quo
1917 4482 2134 4540 nititur
2159 4484 2338 4553 fides;
2387 4484 2565 4551 Quod
2611 4492 2730 4542 sta·

320 4562 575 4623 tuimus:
622 4564 725 4621 Illi
750 4582 889 4621 vcro
919 4571 1157 4638 negant,
1188 4564 1501 4639 eripientes
1534 4582 1654 4619 una
1675 4580 1878 4629 manu,
1918 4562 2080 4635 quod
2112 4562 2304 4619 altera
2329 4563 2636 4621 dederant.

402 4642 541 4700 XX.
588 4644 641 4701 5.
687 4642 745 4700 N
756 4662 827 4699 on
860 4643 1165 4717 quam-itur,
1200 4644 1301 4699 Au
1336 4640 1650 4699 Revelatio
1678 4639 1884 4697 divina
1914 4640 1990 4697 sit
2017 4640 2154 4697 fidei
2187 4648 2401 4699 nostrae
2433 4642 2586 4699 ratio
2608 4642 2736 4699 for-.

2383 4738 2422 4783 Q
