3234 5192
495 354 613 413 262
1103 368 1184 409 m:
1213 368 1552 411 semp-rums.
1581 369 1789 411 sacam
1818 369 2260 413 mmmm-run.
2516 346 2785 433 [msru'r.
2812 368 2905 413 m.

509 512 638 589 alia,
669 531 800 589 quae
827 510 888 569 in
916 510 1043 589 ejus
1071 512 1292 589 gremio
1319 530 1414 570 me
1441 510 1765 589 justissime
1814 520 2065 588 teneant,
2116 512 2301 572 Tenet
2328 512 2629 572 consensio
2666 514 2909 591 populo—

508 612 636 652 rum
665 601 839 669 atque
884 591 1160 668 gentium,
1210 591 1396 651 Tenet
1441 591 1787 651 Authoritas
1832 592 2127 653 miraculis
2179 591 2465 667 inchoata,
2524 612 2625 669 spe
2671 593 2907 669 nutrita,

507 672 786 733 charitate
815 679 1000 745 aucta,
1030 678 1320 729 vetustate
1346 670 1632 730 firmata.”
1718 671 1816 731 Sic
1844 680 2044 731 contra
2088 673 2367 732 Faustum
2389 672 2777 731 Manichaeum
2804 672 2908 731 lib.

508 752 570 811 ii.
601 772 725 829 cap.
755 756 812 827 2,
843 751 1140 829 explicans
1185 750 1340 809 unde
1370 758 1795 827 cognoscantur
1814 753 2067 828 genuina
2098 752 2325 829 Scripta
2343 752 2779 829 Apostolorum,
2809 752 2908 828 ait,

515 834 552 865 ‘⁴
570 832 756 891 Vides
781 832 892 889 hac
918 830 982 888 in
1007 848 1070 887 re
1097 829 1239 905 quid
1267 829 1545 887 Ecclesiae
1574 828 1889 889 Catholicae
1915 831 2109 889 valeat
2136 829 2499 907 Authoritas,
2522 850 2653 909 quae
2674 832 2749 889 ab
2768 831 2911 909 ipsis

511 910 930 971 fundatissimis
959 908 1193 968 sedibus
1221 905 1637 984 Apostolorum
1677 928 1862 987 usque
1906 909 1981 968 ad
2024 908 2357 969 hodiernam
2397 910 2549 969 diem
2599 910 2909 970 succeden-

511 992 658 1051 tium
687 990 919 1049 sibimet
946 988 1364 1065 Episcoporum
1393 987 1539 1045 serie
1567 995 1628 1046 et
1652 996 1741 1046 tot
1783 989 2125 1065 populorum
2174 989 2551 1049 consensione
2592 990 2911 1049 fimatur.”

515 1072 649 1129 Hoc
677 1088 852 1129 sensu
877 1087 995 1127 non
1022 1086 1303 1143 negamus
1335 1064 1763 1126 Authoritatem
1811 1069 1983 1127 istam
2032 1068 2312 1128 Ecclesiae
2347 1090 2517 1147 posse
2544 1069 2719 1129 fidem
2746 1070 2911 1148 adju-

515 1150 742 1209 varein
769 1146 1191 1223 convertendis,
1239 1166 1479 1223 eamque
1522 1146 1584 1204 in
1627 1147 1923 1207 conversis
1966 1147 2320 1226 confirmare,
2369 1149 2471 1209 sed
2518 1169 2813 1227 nunquam
2842 1169 2911 1208 eo

513 1230 841 1309 pertinebit,
869 1237 936 1288 ut
963 1228 1090 1306 ejus
1117 1228 1194 1286 sit
1217 1225 1552 1305 primarium
1592 1226 2047 1304 fundamentum,
2098 1229 2253 1306 quod
2302 1236 2471 1289 extra
2498 1230 2797 1290 veritatem
2826 1230 2911 1308 ip·

513 1331 636 1371 sam
670 1310 966 1389 Scriptura
992 1316 1322 1367 contentam
1348 1306 1722 1384 quaerendum
1747 1326 1867 1364 non
1894 1314 2001 1366 est.

1117 1387 1333 1448 XVII.
1377 1386 1576 1463 Atque
1612 1406 1690 1446 ex
1715 1386 1809 1445 his
1836 1387 1977 1447 satis
1998 1406 2283 1466 superque
2325 1387 2622 1466 evicimus,
2659 1389 2913 1466 Scriptu-

517 1452 999 1569 sffiffiffimssffi
1037 1488 1160 1527 ram
1205 1468 1280 1525 ab
1335 1466 1599 1525 Ecclesia
1647 1466 2053 1526 authoritatem
2109 1486 2272 1527 suam
2317 1489 2437 1528 non
2482 1470 2749 1543 mutuari,
2806 1488 2913 1527 nec

575 1571 870 1617 ostenditur.
1038 1547 1231 1625 quoad
1259 1566 1320 1605 se
1347 1566 1455 1605 nec
1481 1545 1675 1623 quoad
1699 1564 1826 1621 nos,
1866 1547 2023 1622 quod
2049 1547 2295 1625 primum
2334 1548 2443 1607 fuit
2468 1556 2681 1606 nostrae
2707 1546 2912 1625 proba-

1039 1628 1214 1686 tionis
1242 1633 1448 1703 caput:
1492 1624 1592 1684 Ad
1615 1624 1932 1684 secundum
1952 1646 2105 1685 nunc
2131 1627 2443 1703 pergimus,
2474 1634 2539 1685 ut
2560 1626 2912 1685 demonstre-

517 1728 648 1769 mus
678 1726 796 1767 non
822 1703 1054 1765 aliunde
1077 1726 1250 1783 quam
1285 1726 1320 1762 a
1347 1725 1408 1764 se
1436 1704 1562 1782 ipsa
1584 1704 1939 1781 Scripturam
1959 1706 2206 1783 probari,
2227 1713 2287 1764 et
2314 1712 2546 1783 propter
2574 1725 2635 1764 se
2656 1706 2916 1764 divinam

517 1829 545 1875 1
590 1832 639 1876 A
669 1832 850 1873 natura
929 1827 989 1870 ri-
1037 1786 1211 1845 credi.
1297 1784 1430 1843 Hoc
1482 1804 1624 1843 vero
1650 1804 1768 1842 non
1824 1802 1939 1843 una
1990 1785 2211 1844 ratione
2256 1785 2637 1843 demonstrari
2688 1792 2916 1864 potest:

550 1861 770 1936 'morum
806 1839 987 1943 prhi'ci-
1029 1866 1244 1941 Primo,
1275 1885 1314 1924 a
1341 1872 1554 1923 natura
1587 1884 1931 1922 summorum
1968 1884 2237 1941 qenerum
2264 1874 2318 1923 et
2334 1866 2655 1941 primorum
2691 1865 2915 1942 princi-

577 1951 789 2006 piorum.
1028 1948 1276 2024 piorum.
1359 1944 1415 2002 N
1417 1963 1510 2002 am
1539 1944 1589 2003 si
1618 1962 1842 2002 summa
1868 1964 2059 2003 rerum
2080 1964 2308 2021 genera,
2340 1953 2399 2004 et
2424 1944 2611 2023 prima
2636 1944 2919 2023 principia

519 2037 582 2094 in
609 2032 809 2094 ordine
829 2049 1022 2090 rerum
1047 2024 1396 2086 naturalium
1423 2025 1534 2083 hoc
1559 2023 1779 2082 habent
1803 2024 2112 2101 peculiare,
2145 2031 2208 2084 ut
2248 2024 2366 2084 sint
2389 2032 2530 2083 nota
2556 2025 2779 2103 seipsis,
2810 2043 2918 2083 nec

521 2114 754 2175 aliunde
783 2107 1164 2171 demonstrari
1190 2104 1432 2184 possint,
1459 2102 1677 2180 alioqui
1697 2122 1790 2162 res
1816 2104 1879 2160 in
1904 2103 2191 2163 infinitum
2220 2103 2442 2181 abiret;
2476 2104 2694 2182 Utique
2727 2104 2917 2182 Scrip-

517 2206 665 2270 tura,
695 2213 826 2272 quae
853 2191 1098 2269 primum
1143 2194 1232 2245 est
1278 2183 1623 2263 principium
1666 2183 1729 2239 in
1756 2182 1956 2241 ordine
2006 2183 2403 2243 Revelationis
2444 2183 2913 2261 supernaturalis,

520 2296 555 2335 a
598 2294 714 2351 quo
761 2281 970 2330 caetera
1022 2267 1293 2346 pendent,
1363 2284 1398 2322 a
1447 2282 1508 2322 se
1551 2263 1679 2339 ipsa
1733 2262 2139 2322 authoritatem
2186 2263 2397 2322 habere
2448 2264 2637 2340 debet,
2696 2272 2755 2323 et
2798 2283 2917 2321 non

517 2353 752 2413 aliunde
803 2350 1060 2409 ascitam.
1177 2346 1308 2403 Hoc
1360 2350 1552 2402 autem
1595 2361 1721 2400 esse
1764 2342 1837 2401 de
1877 2343 2097 2401 ratione
2138 2343 2451 2419 primorum
2508 2343 2919 2421 principiorum

521 2431 909 2508 Philosophus
941 2432 994 2488 l.
1036 2426 1272 2504 Topico.
1301 2429 1481 2499 notat,
1522 2426 1679 2485 dano?
1699 2422 1786 2497 μὲν
1812 2425 1903 2479 καὶ
1920 2425 2093 2501 πςῖτα
2113 2422 2184 2479 τοί
2220 2425 2291 2497 μὲ
2316 2420 2365 2481 δί
2390 2420 2563 2501 idem,
2594 2426 2743 2480 ἁλλὰ
2764 2421 2828 2480 δι’
2848 2428 2918 2481 αὖ

519 2518 617 2573 ὧν
637 2510 818 2589 ’ἔχοντα
843 2513 927 2572 τὸν
956 2510 1144 2580 πίστιν,
1175 2508 1229 2564 οὖ
1266 2502 1453 2583 διῖγὲς
1483 2504 1524 2560 ἔν
1553 2507 1669 2566 ταῖς
1698 2502 2095 2577 imo-mmmm&
2121 2507 2308 2581 ἄρχεις
2336 2500 2661 2577 ἔπιζιιπίσθιιι
2682 2508 2735 2561 τὶ
2774 2499 2916 2579 διότι,

521 2593 650 2654 :aaa'
673 2592 876 2655 {mim-2,
900 2592 993 2649 «ὅ,
1021 2590 1189 2668 aaz·
1229 2587 1379 2646 αὑτὴν
1405 2582 1516 2641 καθ’
1539 2584 1711 2644 iamt·
1737 2588 1851 2641 ιέυιιι
1878 2584 2069 2657 πιστὴ,
2104 2584 2141 2614 “
2160 2582 2317 2639 Vera
2338 2590 2396 2639 et
2422 2580 2607 2659 prima
2634 2582 2737 2640 illa
2765 2588 2917 2657 suut,

522 2694 654 2755 quae
681 2693 798 2731 non
827 2672 900 2729 ab
929 2670 1075 2744 aliis,
1121 2666 1224 2725 sed
1252 2686 1288 2725 a
1329 2684 1391 2724 se
1438 2663 1580 2741 ipsis
1619 2661 1794 2721 fidem
1836 2660 2069 2738 habent,
2114 2680 2231 2720 non
2272 2660 2425 2719 enim
2468 2668 2695 2738 oportet
2720 2662 2781 2719 in
2810 2661 2921 2719 sci-

523 2753 772 2814 entificis
819 2748 1117 2829 principiis
1158 2762 1413 2823 quaerere
1455 2762 1651 2820 quare,
1695 2741 1799 2801 sed
1839 2740 2291 2819 unumquodque
2334 2740 2524 2817 ipsum
2552 2760 2657 2817 per
2704 2760 2766 2799 se
2794 2760 2922 2799 esse

522 2832 804 2895 certum.''
889 2830 1016 2905 Quo
1045 2826 1336 2905 pertinent
1359 2824 1474 2883 ista
1502 2821 1709 2880 Basilii
1736 2822 1796 2879 in
1840 2821 1994 2880 Psal.
2036 2840 2191 2897 cxv„
2219 2820 2415 2893 sulm
2442 2820 2650 2886 ἔκιίστης
2674 2822 2924 2897 μιθέων,-

525 2913 869 2988 ἇηξηάηως
898 2916 1011 2969 am
1043 2910 1136 2973 τὰς
1163 2908 1334 2988 &aas
1371 2908 1472 2969 τοῖς
1499 2902 1834 2979 μανθάνουσιν,
1881 2903 1919 2935 “
1940 2898 2203 2960 Necesse
2231 2910 2320 2961 est
2348 2901 2707 2977 singularum
2749 2900 2921 2961 disci-

524 2995 809 3075 plinarum
854 2988 1140 3071 ejusmodi
1181 3006 1308 3045 esse
1350 2982 1633 3062 principia
1670 2990 1737 3041 ut
1777 2983 1839 3039 in
1866 3000 1936 3039 ea
1954 3000 2072 3039 non
2114 2980 2465 3057 inquirant.''
2553 2980 2618 3039 Si
2645 3001 2785 3059 ergo
2814 2980 2924 3040 sci-

525 3075 810 3135 entiarum
865 3070 1105 3129 aliarum
1146 3064 1428 3144 principia
1468 3061 1876 3122 authoritatem
1916 3080 2081 3121 suam
2134 3060 2367 3119 aliunde
2407 3080 2526 3119 non
2566 3069 2921 3135 mutuantur,

529 3154 633 3213 sed
673 3153 748 3212 ab
789 3150 862 3209 iis
903 3150 1004 3227 qui
1031 3146 1282 3205 naturali
1317 3142 1533 3202 lumine
1573 3142 1797 3219 pollent
1822 3160 1927 3218 per
1962 3160 2025 3199 se
2072 3140 2485 3201 innotescunt:
2526 3140 2670 3215 Quis
2714 3140 2929 3199 dixerit

531 3233 902 3309 Scripturam,
932 3248 1062 3304 quae
1103 3225 1352 3303 primum
1393 3231 1482 3280 est
1501 3219 1641 3279 fidei
1680 3220 2042 3297 principium,
2087 3218 2405 3279 adventitio
2433 3220 2683 3297 quodam
2710 3220 2929 3278 lumine

527 3310 808 3387 indigere,
864 3314 932 3365 ut
983 3306 1309 3362 innotescat
1347 3300 1436 3374 iis,
1481 3298 1584 3376 qui
1626 3300 1826 3357 oculos
1866 3300 2077 3358 mentis
2116 3300 2435 3359 illustratos
2490 3300 2704 3358 habent
2723 3302 2753 3357 Ρ
2790 3298 2930 3356 hinc

532 3390 802 3467 Lyranus
831 3384 1083 3459 Prologo
1111 3382 1173 3438 in
1215 3379 1449 3437 Biblia:
1509 3380 1545 3410 “
1571 3376 1737 3435 Sicut
1776 3377 1838 3433 in
1880 3376 2257 3455 Philosophia
2303 3379 2519 3437 veritas
2560 3378 2931 3455 cognoscitur

528 3488 632 3549 per
659 3463 1052 3525 reductionem
1101 3458 1178 3518 ad
1219 3458 1406 3537 prima
1443 3455 1727 3533 principia
1764 3475 1870 3532 per
1910 3474 1971 3513 se
2014 3464 2167 3531 nota,
2210 3457 2293 3517 ita
2332 3466 2393 3517 et
2432 3458 2492 3515 in
2538 3457 2849 3534 Scripturis
2897 3475 2932 3515 a

535 3548 765 3611 Sanctis
807 3541 1158 3603 Doctoribus
1183 3537 1412 3598 traditis
1453 3534 1670 3593 veritas
1710 3534 2079 3611 cognoscitur
2104 3544 2383 3612 quantum
2412 3537 2487 3595 ad
2528 3558 2612 3610 ea,
2644 3556 2774 3615 quae
2796 3544 2933 3595 sunt

531 3628 648 3691 fide
688 3622 938 3685 tenenda
963 3642 1068 3700 per
1093 3617 1486 3679 reductionem
1515 3613 1591 3672 ad
1632 3614 1957 3691 Scripturas
1986 3615 2364 3674 canonicas.''
2448 3617 2571 3675 Nec
2598 3616 2781 3675 hilum
2801 3636 2930 3694 pro-

532 3708 656 3771 ficit
700 3704 1088 3783 stapletonus,
1131 3700 1248 3757 imo
1290 3715 1394 3775 pro
1433 3692 1603 3753 nobis
1644 3692 1798 3768 facit,
1844 3712 2022 3769 quum
2086 3694 2319 3771 excipit,
2362 3696 2646 3773 principia
2698 3696 2931 3773 quidem

534 3790 596 3851 in
639 3807 700 3847 se
727 3805 845 3845 non
887 3780 1118 3861 probari
1159 3786 1218 3838 et
1245 3796 1372 3836 esse
1413 3773 1947 3833 indemonstrabilia
1987 3773 2048 3830 in
2094 3778 2168 3849 τᾷ
2193 3770 2330 3847 διότι,
2375 3775 2479 3833 sed
2518 3784 2753 3853 propter
2798 3794 2931 3833 nos-

535 3877 685 3928 tram
739 3864 1070 3926 tarditatem
1123 3858 1293 3917 nobis
1333 3854 1623 3914 interdum
1666 3852 1945 3931 explicari
1984 3852 2178 3930 quoad
2217 3858 2272 3911 τὸ
2321 3855 2412 3928 ‘dv-c,
2466 3854 2548 3913 sic
2608 3856 2934 3932 Scripturas

537 3943 920 4009 demonstrari
973 3960 1076 4019 per
1124 3936 1462 4011 Ecclesiam,
1507 3952 1625 3992 non
1666 3932 1808 4010 quid
1850 3932 1968 3991 sint
2006 3932 2067 3989 in
2122 3950 2202 4008 se,
2247 3932 2351 3991 sed
2391 3933 2533 4009 quid
2588 3934 2705 3993 sint
2745 3933 2937 4011 quoad

537 4048 663 4105 nos,
705 4035 773 4085 ut
799 4045 836 4082 a
872 4022 1044 4081 nobis
1070 4024 1478 4095 acceptentur:
1521 4013 1693 4071 Nunc
1732 4012 1887 4071 enim
1912 4030 2031 4069 non
2071 4011 2399 4088 quaerimus,
2451 4032 2567 4089 quo
2594 4012 2787 4072 medio
2834 4032 2937 4070 no-

537 4108 631 4169 bis
671 4105 856 4186 possit
882 4103 1240 4162 innotescere
1286 4095 1582 4172 Scriptura
1609 4090 1804 4169 quoad
1842 4110 1967 4165 nos,
1998 4090 2103 4149 sed
2130 4110 2245 4167 quo
2272 4101 2615 4169 argumento
2641 4093 2740 4151 vel
2766 4111 2935 4171 prop·

537 4196 629 4249 ter
681 4185 823 4264 quid
877 4182 1078 4241 divina
1130 4198 1167 4237 a
1218 4176 1386 4234 nobis
1439 4171 1739 4231 habeatur.
1878 4169 2038 4229 Illud
2102 4178 2192 4229 est
2243 4174 2297 4228 τὶ
2366 4171 2457 4245 δ’τι,
2514 4172 2625 4231 hoc
2685 4190 2827 4230 vero
2882 4176 2938 4228 τὸ

541 4267 683 4328 διὰ-ι.
769 4264 833 4325 Si
873 4282 1014 4341 ergo
1061 4256 1432 4335 Stapletonus
1453 4250 1736 4324 concedit,
1774 4250 2128 4328 Scripturam
2168 4270 2285 4308 non
2312 4270 2484 4328 posse
2534 4249 2768 4309 aliunde
2807 4268 2931 4325 pro·

542 4346 669 4406 bari
709 4344 902 4422 quoad
941 4346 997 4403 τὶ
1038 4338 1176 4415 διότι,
1221 4335 1326 4396 sed
1363 4341 1588 4394 tantum
1618 4330 1811 4408 quoad
1850 4336 1906 4391 τὶ
1954 4330 2045 4406 ὅτι,
2089 4330 2164 4389 ad
2190 4348 2297 4388 nos
2334 4330 2557 4388 accedit
2597 4335 2655 4387 et
2694 4328 2943 4405 largitur

544 4426 698 4484 ultro
739 4422 893 4500 quod
937 4422 1224 4492 volumus,
1268 4416 1514 4475 fatemur
1541 4412 1694 4470 enim
1728 4410 2081 4489 Scripturam
2110 4430 2145 4469 a
2170 4409 2472 4487 posteriori
2498 4426 2669 4485 posse
2710 4408 2943 4485 probari

544 4522 648 4583 per
673 4510 842 4561 notas
871 4521 1020 4576 suas,
1053 4500 1154 4559 sed
1197 4496 1428 4555 aliunde
1449 4514 1484 4551 a
1522 4491 1703 4570 priori
1741 4509 2040 4567 negamus.

635 4578 894 4638 XVIII.
939 4578 1232 4647 Secundo,
1264 4594 1302 4631 a
1338 4570 1727 4649 comparatis,
1758 4564 1849 4629 Ut
1892 4570 2124 4643 objecta
2169 4582 2451 4627 sensuum
2478 4583 2517 4623 a
2558 4572 2778 4625 natura
2804 4573 2945 4624 sunt

547 4661 632 4721 ita
659 4662 1015 4731 comparata,
1037 4662 1107 4711 ut
1129 4672 1160 4709 a
1190 4650 1577 4709 facultatibus
1594 4648 1716 4705 suis
1744 4648 1893 4703 bene
1910 4646 2208 4721 dispositis
2230 4646 2429 4703 statim
2450 4652 2519 4702 ut
2546 4644 2618 4701 iis
2646 4645 2943 4721 applicata
