3234 5192
562 313 679 370 466
1144 330 1221 369 m:
1252 328 1728 371 sA'nsrAc‘noms
1755 328 1992 371 cnmsrx
2023 324 2342 369 vsm‘rA‘rs.
2547 310 2812 391 [msru‘r.
2843 332 2979 373 xm.

568 490 737 530 suum
764 471 1127 547 unigenitum
1158 472 1361 531 salutis
1396 478 1609 530 nostrae
1655 469 2074 529 constituendae
2120 489 2294 530 causa
2321 470 2384 528 in
2429 470 2980 532 truculentissimam

567 559 812 611 mortem
860 550 1156 626 tradidit,”
1206 558 1265 611 et
1311 552 1385 610 ab
1430 551 1587 611 omni
1632 551 1852 610 ratione
1898 551 2148 609 alienum
2195 558 2286 610 est
2331 558 2390 609 et
2443 550 2506 608 vi
2552 552 2717 610 vocis
2770 572 2980 631 repug-

566 639 685 689 nat.
745 632 893 689 Nam
922 631 973 689 si
1000 626 1405 690 antecedenter
1430 631 1506 691 ad
1536 632 1752 690 Christi
1771 639 2014 690 mortem
2044 631 2206 690 Deus
2249 630 2420 689 nobis
2456 630 2718 707 placatus
2755 631 2978 711 fuisset,

567 710 709 788 quid
738 730 883 788 opus
922 711 1127 770 fuisset
1176 712 1407 771 Patrem
1429 712 1659 789 proprio
1707 710 1829 769 filio
1876 730 1995 769 non
2041 730 2293 787 parcere,
2342 711 2512 769 Rom.
2541 711 2664 769 viii.
2695 715 2790 787 32,
2821 732 2983 773 eum-

568 810 681 869 que
709 791 993 869 subjicere
1024 791 1201 868 Legis
1228 791 1638 867 maledictioni,
1670 790 1804 851 Gal.
1834 789 1914 849 iii.
1949 793 2041 865 13,
2073 798 2134 849 et
2160 791 2375 849 Filium
2405 790 2656 849 animam
2685 810 2848 851 suam
2875 813 2978 870 po-

566 890 704 930 nere
732 872 793 929 in
832 872 1171 931 sacrificium
1215 892 1325 950 pro
1352 881 1606 949 peccat0,
1657 871 1772 930 Isa.
1815 870 1922 929 liii.
1955 872 2046 945 10,
2091 879 2152 931 et
2188 870 2528 948 sanguinem
2577 870 2870 933 effundere
2917 873 2982 931 in

570 950 967 1011 remissionem
1009 958 1391 1029 peccatorum,
1434 952 1647 1011 Matth.
1695 951 1862 1009 xxvi.
1905 952 2022 1009 28?
2073 950 2216 1025 Quae
2267 950 2573 1011 manifeste
2601 951 2812 1027 docent
2845 973 2978 1011 san·

566 1032 793 1108 quinem
849 1031 1064 1089 Christi
1092 1050 1208 1090 non
1228 1039 1294 1090 ut
1321 1033 1569 1105 effectum
1611 1032 1709 1089 vel
1745 1032 1976 1108 signum
2021 1030 2234 1109 placati
2269 1030 2542 1090 muminis
2587 1030 2691 1091 sed
2731 1040 2796 1091 ut
2843 1052 2978 1091 cau-

572 1130 697 1169 sam
752 1112 1028 1189 proponi;
1100 1110 1257 1189 quod
1304 1120 1364 1170 et
1410 1111 1537 1189 ipsa
1590 1130 1712 1170 vox
1749 1112 2031 1193 ἱλαστήριον
2077 1111 2393 1185 confirmat,
2451 1130 2587 1169 nam
2639 1120 2705 1171 ιιι
2755 1114 2983 1195 σας-ἧμιν

571 1190 784 1250 dicitur
818 1211 936 1249 non
983 1192 1136 1269 quod
1184 1191 1427 1249 salutem
1474 1190 1670 1251 datam
1711 1191 1946 1266 indicat,
2005 1190 2108 1249 sed
2155 1190 2312 1268 quod
2365 1190 2550 1268 ipsam
2582 1192 2825 1251 salutem
2859 1194 2979 1253 effi-

572 1270 654 1331 cit
702 1280 760 1331 et
807 1278 1093 1349 procurat,
1144 1273 1455 1354 mecedem
1520 1292 1638 1331 non
1700 1270 1857 1349 quod
1897 1272 2300 1348 purgationem
2349 1270 2622 1347 declarat,
2671 1272 2776 1331 sed
2822 1273 2980 1351 quod

571 1372 699 1411 eam
728 1360 1037 1429 operatur:
1068 1353 1163 1411 Ita
1188 1354 1464 1434 ἱλασιτῆςιοι
1490 1352 1756 1412 absolute
1781 1358 1946 1410 notat
1982 1351 2045 1410 id
2073 1352 2242 1429 cujus
2269 1348 2524 1410 efficacia
2549 1372 2666 1410 non
2693 1352 2983 1413 indicatur

572 1440 799 1491 tantum
828 1431 932 1491 sed
960 1432 1263 1492 conficitur
1287 1433 1417 1510 ipsa
1441 1431 1793 1510 propitiatio.

656 1512 891 1572 LVIII.
964 1512 1230 1590 Denique
1287 1512 1364 1571 ad
1424 1515 1506 1571 8¹¹²
1564 1513 1742 1589 Resp.
1801 1510 1998 1569 Aliam
2043 1530 2170 1570 esse
2225 1512 2608 1588 placationem
2675 1514 2978 1589 hominum,

572 1592 772 1651 Aliam
799 1593 930 1665 Dei,
964 1592 1078 1651 Illa
1098 1600 1290 1669 potest
1305 1593 1652 1669 quandoque
1669 1592 1792 1650 fieri
1811 1591 2097 1668 precibus,
2129 1612 2261 1651 cum
2284 1591 2358 1650 iis
2379 1591 2644 1651 homines
2664 1611 2726 1653 se
2751 1593 2977 1670 patiun-

572 1680 668 1733 tur
695 1671 1025 1747 demulceri,
1078 1672 1181 1731 sed
1208 1673 1333 1731 haec
1359 1691 1742 1750 nequaquam,
1773 1672 1910 1749 quia
1928 1670 2172 1749 justitiae
2200 1671 2383 1749 ipsius
2423 1672 2674 1731 naturali
2698 1682 2984 1750 repugnat

572 1759 873 1829 peccatum
900 1751 1071 1829 plane
1100 1752 1445 1830 impunitum
1476 1752 1783 1827 dimittere,
1816 1751 1985 1811 Rom.
2014 1752 2054 1810 i.
2086 1754 2182 1829 32,
2207 1772 2314 1811 nec
2339 1760 2534 1830 potest
2561 1752 2747 1829 magis
2775 1753 2846 1812 de
2869 1754 2982 1813 hoc

567 1834 700 1910 jure
730 1851 834 1891 suo
864 1840 1076 1891 aetemo
1106 1840 1165 1891 et
1192 1832 1539 1891 immutabili
1558 1832 1849 1890 remittere
1877 1850 2050 1909 quam
2069 1832 2322 1910 seipsum
2350 1832 2654 1909 abnegare,
2675 1834 2772 1892 vel
2799 1834 2982 1892 domi-

572 1912 735 1972 nium
753 1932 919 1971 suum
936 1913 999 1970 in
1015 1922 1306 1973 creaturas
1320 1932 1439 1972 non
1460 1930 1746 1972 exercere.
1768 1912 1860 1971 Ita
1865 1912 2122 1988 placatio
2139 1913 2263 1971 haec
2281 1932 2396 1971 non
2411 1912 2524 1973 fuit
2543 1933 2697 1972 mere
2715 1916 2983 1990 depreca-

576 1994 742 2069 toria,
764 1992 869 2052 sed
886 1993 1059 2053 etiam
1076 1994 1475 2070 εαιιΖςῘασίονία,
1498 2000 1567 2052 ιιι
1582 2012 1712 2070 quae
1730 2012 1848 2051 non
1865 1991 2018 2051 facta
2033 1992 2111 2051 sit
2130 1992 2397 2070 precibus
2415 2001 2474 2053 et
2492 1994 2981 2071 persuasionibus,

574 2074 677 2133 sed
719 2073 860 2133 reali
898 2073 1084 2151 pretio
1128 2074 1429 2152 sanguinis
1468 2073 1880 2148 intercedente,
1925 2074 1956 2129 1
1991 2072 2118 2132 Pet.
2149 2073 2188 2131 i.
2235 2074 2329 2149 18,
2365 2076 2458 2146 19,
2512 2076 2543 2131 1
2597 2073 2728 2132 Cor.
2770 2075 2852 2133 vi.
2882 2078 2980 2149 20,

576 2174 683 2213 nec
714 2154 980 2213 Christus
1007 2153 1294 2214 diceretur
1320 2154 1507 2214 sactus
1534 2173 1639 2231 pro
1667 2153 1836 2213 nobis
1863 2154 2084 2229 ἕλη-μσς
2099 2153 2214 2212 nisi
2241 2162 2525 2230 quatenus
2545 2153 2800 2232 seipsum
2822 2153 2984 2214 dedit

574 2256 679 2315 pro
706 2234 877 2293 nobis
902 2236 1203 2317 siniam-got,
1224 2244 1283 2295 et
1302 2256 1405 2313 per
1422 2234 1676 2312 seipsum
1693 2234 2097 2311 purgationem
2117 2241 2482 2310 peccatorum
2506 2232 2658 2309 fecit,
2685 2233 2840 2293 Heb.
2863 2235 2900 2293 i.
2921 2238 2978 2295 3.

658 2315 833 2373 LIX.
878 2316 974 2373 Ex
1028 2316 1187 2374 hisce
1242 2316 1510 2374 omnibus
1565 2322 1756 2373 autem
1805 2314 1889 2373 ita
1951 2313 2260 2391 disputatis
2315 2313 2530 2372 clarum
2590 2315 2714 2391 jam
2763 2314 2978 2389 evadit,

573 2393 730 2471 quod
779 2395 1195 2472 quaerebamus,
1252 2395 1524 2454 nimirum
1554 2393 1848 2453 Christum
1876 2413 2012 2454 vere
2060 2413 2166 2471 pro
2203 2392 2372 2451 nobis
2401 2393 2768 2453 satisfecisse.
2829 2395 2980 2454 Nam

576 2494 709 2533 cum
736 2474 1101 2533 mediationis
1128 2474 1279 2534 inter
1309 2475 1499 2534 Deum
1527 2480 1585 2534 et
1610 2494 1720 2533 nos
1759 2494 1996 2533 munere
2025 2473 2255 2533 functus
2283 2472 2375 2549 sit,
2407 2483 2466 2532 et
2492 2474 2601 2533 hac
2630 2494 2736 2533 sua
2761 2475 2980 2533 media-

574 2554 733 2613 tione
776 2574 883 2613 nos
926 2554 1250 2631 redemerit,
1298 2554 1551 2633 seipsum
1598 2574 1704 2632 pro
1752 2554 1922 2614 nobis
1955 2553 2018 2612 in
2061 2557 2348 2635 έηίλυτςου
2375 2552 2584 2629 dand0,
2633 2562 2707 2628 et,
2738 2556 2850 2613 hoc
2889 2575 2980 2615 re-

574 2634 923 2713 demptionis
971 2634 1218 2712 pretium
1262 2635 1471 2711 dando,
1518 2654 1628 2694 nos
1679 2635 1805 2694 Deo
1853 2633 2313 2693 reconciliaverit
2360 2633 2477 2693 odii
2525 2642 2586 2693 et
2619 2634 2986 2694 alienationis

574 2735 779 2774 causas
822 2715 1093 2793 utrinque
1135 2715 1506 2790 removendo,
1533 2714 1736 2792 utique
1773 2734 1970 2773 veram
1997 2722 2057 2773 et
2099 2714 2492 2791 plenissimam
2519 2734 2651 2773 eum
2721 2734 2786 2773 ro
2811 2715 2985 2775 nobis

574 2796 1025 2856 satisfactionem
1075 2797 1203 2855 Deo
1252 2796 1587 2856 exhibuisse
1633 2814 1936 2854 necessum
1957 2802 2084 2871 est3
2114 2793 2272 2871 quod
2299 2794 2670 2853 demonstran
2713 2814 2810 2853 um
2851 2795 2980 2855 fuit.

576 2877 861 2937 Caeterum
881 2896 998 2937 non
1020 2896 1090 2937 ea
1108 2884 1331 2937 tantum
1354 2877 1491 2935 huic
1509 2875 1885 2936 saluberrimo
1897 2874 2172 2951 mysterio
2183 2874 2608 2952 comprobando
2621 2874 2988 2953 Argumenta

574 2957 787 3017 sufficit
812 2958 981 3017 nobis
1014 2958 1325 3035 Scriptura.
1356 2956 1491 3016 Alia
1512 2964 1648 3016 sunt
1673 2954 1840 3033 plura
1867 2974 2016 3032 quae,
2035 2974 2108 3013 ne
2129 2954 2472 3031 prolixiores
2501 2954 2700 3031 simus,
2731 2956 2876 3015 alias
2903 2956 2986 3015 ia»

576 3040 600 3096 ὅ
645 3036 818 3119 ιεῦςιος
862 3040 1051 3102 &Mn
1092 3043 1181 3097 καὶ
1217 3038 1431 3114 (impu
1478 3056 1678 3097 sumus
1725 3036 2055 3113 expensuri.
2138 3034 2180 3093 J
2183 3054 2278 3093 am
2339 3035 2491 3093 enim
2533 3043 2761 3112 tempus
2801 3044 2891 3097 est
2917 3044 2987 3096 ut

574 3136 808 3176 manum
852 3118 923 3176 de
966 3117 1165 3177 tabula
1204 3136 1503 3195 ponamus.
1586 3115 1723 3174 Tibi
1760 3135 1902 3175 vero
1953 3114 2202 3174 Domine
2244 3114 2289 3174 J
2291 3134 2434 3191 esu,-
2455 3115 2850 3192 potentissime
2892 3135 2983 3176 re-

577 3196 842 3272 demptor
882 3205 941 3255 et
978 3198 1291 3274 sospitator
1350 3204 1562 3271 noster,
1606 3196 1708 3274 qui
1749 3214 1856 3255 nos
1907 3195 2184 3268 dilexisti,
2228 3202 2288 3255 et
2328 3216 2363 3253 a
2422 3194 2675 3273 peccatis
2716 3196 2988 3256 omnibus

576 3276 789 3335 nostris
829 3277 1089 3353 precioso
1132 3278 1413 3356 sanguine
1454 3286 1554 3336 tuo
1595 3276 1811 3351 lavisti,
1857 3276 2007 3335 sicut
2034 3284 2093 3335 et
2137 3274 2298 3335 Patri
2339 3282 2398 3334 et
2433 3275 2674 3353 Spiritui
2707 3276 2785 3352 S„
2817 3296 2988 3335 sanc-

575 3356 814 3414 tissimae
872 3365 931 3416 et
984 3358 1417 3435 gloriosissimas
1457 3356 1744 3433 Trinitati,
1789 3354 1867 3416 sit
1922 3356 2124 3433 honos,
2169 3355 2300 3415 laus
2338 3362 2398 3415 et
2437 3354 2642 3433 gloria,
2684 3355 2746 3414 in
2788 3357 2988 3418 secula

580 3436 922 3498 seculorum.
1006 3436 1219 3498 Amen.

1226 3594 1666 3656 EPIMETRA
1719 3594 2340 3655 MISCELLANEA.

728 3758 782 3817 1.
828 3758 1125 3835 Scriptura
1152 3774 1315 3816 sacra
1341 3756 1425 3815 ita
1472 3762 1562 3815 est
1588 3776 1693 3833 per
1739 3774 1802 3815 se
1848 3753 2145 3819 αὖτᾶω-ιπος
2171 3759 2238 3812 ιιι
2305 3753 2638 3813 nullatenus
2667 3753 2764 3813 vel
2791 3754 2992 3830 quoad

580 3856 659 3914 se,
690 3839 784 3897 vel
815 3837 1008 3915 quoad
1034 3856 1159 3912 nos,
1192 3836 1625 3897 Authoritatem
1653 3854 1818 3895 suam
1845 3835 1922 3893 ab
1951 3833 2216 3893 Ecclesia
2240 3841 2552 3893 mutuetur.

700 3918 786 3977 II.
833 3918 1043 3977 Libero
1102 3916 1363 3977 Arbitrio
1416 3936 1714 3995 nunquam
1766 3914 1940 3973 homo
1996 3912 2327 3973 destituitur
2382 3913 2444 3970 in
2497 3932 2840 3990 quocunque
2885 3912 2992 3973 de-

578 4018 737 4059 mum
777 4007 1043 4058 versetur
1082 4005 1255 4073 statu,
1298 4006 1452 4057 recte
1494 4005 1690 4057 tamen
1730 3995 2005 4055 asseritur
2043 3994 2270 4053 nullum
2325 4011 2453 4053 esse
2505 3992 2751 4053 liberum
2807 3992 2993 4051 Arbi-

576 4080 753 4139 trium
780 4080 843 4137 in
870 4087 1025 4139 statu
1050 4078 1291 4157 peccati.

660 4160 781 4219 III.
827 4158 1107 4234 Quamvis
1156 4157 1547 4218 Providentiae
1590 4156 1806 4216 divinae
1836 4154 2063 4215 subsint
2090 4158 2480 4213 creaturarum
2507 4160 2761 4231 peccata,
2791 4159 2996 4212 tamen

576 4240 721 4300 citra
748 4240 1166 4317 blasphemiam
1196 4240 1359 4299 Deus
1386 4240 1595 4299 author
1622 4236 1720 4297 vel
1745 4254 1920 4297 causa
1944 4234 2170 4313 peccati
2194 4233 2312 4292 dici
2338 4232 2557 4311 nequit.

660 4321 770 4380 IV.
828 4321 1006 4380 Nulla
1033 4321 1203 4381 datur
1230 4338 1385 4379 mors
1410 4318 1709 4379 naturalis.

659 4400 737 4459 V.
782 4401 856 4458 In
910 4400 1358 4461 Justificationis
1411 4399 1648 4477 negotio
1691 4404 1846 4457 recte
1890 4394 2270 4472 distinguitur
2331 4392 2634 4472 imputatio
2678 4390 2926 4472 Justitioe
2957 4412 3002 4451 a.

576 4486 943 4557 peccatorum
970 4481 1323 4555 remissione,
1352 4488 1419 4539 ut
1446 4499 1622 4541 causa
1647 4478 1724 4536 ab
1751 4476 1977 4536 effectu.

660 4558 772 4617 VI.
834 4560 1095 4651 §ecessio
1152 4569 1353 4620 nostra
1404 4561 1479 4619 ab
1536 4557 1802 4619 Ecclesia
1843 4558 2108 4617 Romana
2147 4553 2474 4633 justissima
2513 4554 2624 4615 fuit
2665 4561 2724 4614 et
2765 4572 3001 4614 summe

576 4657 918 4699 necessaria.
