3234 5192
446 262 561 325 632
1060 268 1139 311 nn
1171 268 1667 310 sA‘risrAcnoms
1695 268 1936 311 CHRISTI
1965 268 2285 311 vanu-ars.
2475 254 2740 327 [nxspur.
2771 268 2894 311 xx.

460 418 561 499 qui
601 417 761 497 prius
798 415 955 473 illam
997 413 1449 472 satisfactionem
1478 412 1733 471 admittit
1764 421 1825 470 ut
1852 411 1971 489 fiat,
1992 410 2202 469 deinde
2231 409 2438 469 factam
2469 418 2654 469 ratam
2681 411 2896 487 habet,

462 511 520 561 et
549 498 865 559 debitorem
896 502 995 553 aut
1022 514 1183 552 reum
1213 500 1630 568 consequenter
1655 492 1880 551 liberat.

548 579 694 638 XV.
742 578 885 634 Inst.
916 584 1138 652 quarto,
1174 574 1291 633 Sed
1319 593 1433 651 quo
1462 573 1695 633 tandem
1719 581 1888 651 pacto
1915 571 2206 630 remittere
2236 570 2398 628 Deus
2425 578 2620 647 potest
2647 591 2721 629 ex
2751 591 2899 648 gra·

467 662 551 722 tia
580 660 629 719 si
658 656 899 718 remittit
928 676 1003 713 ex
1025 654 1273 733 justitia,
1317 653 1558 712 remittit
1596 662 1790 712 autem
1832 673 1906 710 ex
1939 650 2172 730 justitia
2209 650 2346 729 quia
2384 651 2670 710 solutione
2707 652 2900 711 semel

469 741 728 821 praestita
764 757 882 794 non
924 744 1116 813 potest
1151 756 1269 793 non
1308 734 1615 808 remittere,
1664 734 1944 811 injustum
1983 732 2196 809 quippe
2235 738 2390 789 esset
2425 740 2758 810 peccatores
2785 753 2904 810 pro

475 822 687 901 quibus
718 818 981 877 Christus
1012 814 1305 889 satisfecit,
1337 834 1453 872 non
1483 814 1785 872 absolvere
1806 817 1834 872 P
1889 812 2066 889 Resp.
2119 812 2436 889 Scrupulus
2471 812 2640 871 facile
2666 812 2907 871 tollitur

479 900 850 961 distinctione
863 896 1119 973 justitiae,
1164 915 1297 952 nam
1327 894 1423 951 vel
1453 895 1699 952 sumitur
1725 914 1830 971 pro
1852 892 2083 971 justitia
2111 892 2482 951 distributiva
2511 913 2640 969 quae
2668 892 2905 971 obliga-

480 983 695 1042 tionem
726 986 785 1037 et
813 975 1426 1035 commensurationem
1455 974 1742 1051 quandam
1778 974 1967 1047 infert,
2011 974 2106 1031 vel
2133 993 2235 1049 pro
2256 971 2486 1051 justitia
2514 973 2810 1032 fidelitatis
2843 982 2908 1033 et

384 1100 393 1107 ·
486 1059 783 1133 decentiae,
824 1076 954 1135 quae
982 1076 1199 1114 meram
1229 1054 1665 1131 dispositionem
1693 1052 2058 1113 liberalitatis
2097 1052 2312 1111 divinae
2340 1062 2399 1111 et
2427 1054 2810 1112 constantiam
2843 1054 2910 1111 in

486 1138 787 1222 promissis
827 1144 1008 1196 notat.
1054 1136 1241 1194 Priori
1283 1133 1455 1193 modo
1490 1155 1689 1193 verum
1735 1143 1842 1204 est,
1882 1134 1932 1191 si
1973 1143 2209 1211 peccata
2250 1133 2648 1192 condonentur
2673 1154 2749 1191 ex
2771 1134 2912 1208 jus-

487 1223 633 1297 titia,
686 1240 800 1277 non
846 1216 1159 1277 condonari
1204 1236 1279 1273 ex
1320 1215 1525 1292 gratia,
1576 1215 1716 1292 quia
1759 1213 1948 1293 gratia
1992 1222 2050 1271 et
2084 1212 2314 1290 justitia
2363 1222 2747 1291 opponuntur,
2797 1214 2914 1272 sed

492 1320 773 1380 negamus
814 1319 890 1357 ex
930 1299 1039 1356 hac
1074 1296 1304 1376 justitia
1345 1294 1656 1354 condonari
1698 1295 1867 1353 nobis
1907 1303 2144 1371 peccata
2178 1293 2350 1351 etiam
2378 1294 2569 1371 posita
2597 1294 2912 1369 solutione,

493 1404 646 1456 nam,
690 1387 757 1438 ut
787 1380 911 1456 jam
940 1377 1212 1451 diximuS,
1260 1376 1420 1434 Deus
1449 1396 1523 1433 ex
1552 1376 1744 1453 rigore
1771 1373 1920 1451 legis
1949 1393 2065 1431 non
2093 1373 2398 1433 tenebatur
2424 1374 2724 1433 admittere
2751 1376 2918 1432 hanc

498 1460 965 1533 satisfactionem,
1024 1466 1084 1517 et
1130 1456 1414 1535 potuisset
1462 1456 1808 1515 solutionem
1855 1454 2146 1531 propriam
2193 1454 2430 1532 exigere
2477 1474 2607 1532 quae
2655 1474 2690 1511 a
2737 1455 2918 1513 nobis

500 1541 820 1601 debebatur
850 1562 865 1599 z
922 1539 1129 1613 Itaque
1178 1536 1337 1613 quod
1379 1536 1567 1595 voluit
1620 1535 1924 1594 admittere
1973 1534 2318 1593 solutionem
2367 1542 2426 1593 et
2472 1554 2700 1613 poenam
2749 1535 2916 1593 vica-

502 1623 646 1681 riam
690 1618 893 1695 gratiae
936 1617 1045 1675 fuit
1086 1626 1145 1675 et
1188 1614 1596 1674 misericordiae
1647 1614 1878 1691 divinae,
1929 1631 2031 1692 per
2073 1613 2384 1691 benignam
2428 1615 2718 1691 quandam
2767 1617 2916 1673 ἐπιεί-

503 1725 635 1759 κιιιιι
677 1717 961 1757 summum
996 1697 1097 1773 jus
1136 1694 1286 1772 legis
1328 1696 1718 1772 temperantis.
1767 1695 1828 1753 Si
1867 1714 2005 1753 vero
2042 1694 2345 1772 posteriori
2373 1714 2547 1754 sensu
2565 1695 2800 1769 justitia
2825 1696 2920 1753 in-

504 1780 805 1856 telligitur,
850 1774 1220 1834 concedimus
1257 1775 1490 1852 quidem
1520 1796 1595 1833 ex
1617 1775 1847 1851 justitia
1875 1774 2203 1849 condonari,
2249 1775 2385 1851 quia
2413 1796 2488 1833 ex
2515 1784 2684 1853 pacto
2712 1775 2922 1853 gratiae

430 1922 446 1936 ‚
509 1863 671 1919 Deus
712 1856 1004 1936 pollicitus
1046 1864 1135 1914 est
1174 1855 1569 1913 remissionem
1610 1862 1977 1932 peccatorum
2019 1853 2387 1915 credentibus
2418 1856 2706 1915 Christum
2742 1856 2823 1915 ita
2851 1864 2926 1913 ut

510 1948 743 2021 propter
770 1936 1141 1995 veracitatem
1184 1943 1242 1994 et
1282 1934 1617 1993 fidelitatem
1665 1954 1827 1993 suam
1873 1954 1990 1993 non
2033 1935 2217 2012 possit
2259 1956 2374 1993 non
2419 1936 2760 1995 beneficium
2806 1937 2924 1994 hoc

428 2016 433 2021 ⁸
514 2020 683 2080 nobis
722 2016 1073 2092 concedere;
1121 2016 1405 2075 Caeterum
1435 2016 1666 2093 justitia
1691 2015 1816 2074 haec
1845 2023 2066 2074 tantum
2098 2014 2264 2073 abest
2289 2025 2354 2073 ut
2383 2025 2600 2095 pugnet
2627 2036 2758 2075 cum
2789 2036 2924 2093 gra-

512 2102 611 2178 tia,
642 2099 783 2178 quin
812 2099 1004 2176 potius
1033 2117 1158 2156 eam
1188 2105 1474 2174 supponat
1501 2104 1560 2155 et
1588 2096 1866 2169 adstruat,
1903 2098 1932 2154 1
1966 2095 2009 2155 J
2013 2096 2105 2153 oh.
2135 2096 2174 2153 i.
2206 2098 2261 2170 9,
2301 2096 2469 2155 Rom.
2500 2096 2580 2155 iii.
2611 2099 2706 2172 25,
2738 2100 2837 2155 26.

600 2180 780 2240 XVI.
826 2178 995 2253 Quod
1024 2178 1224 2255 quinto
1252 2177 1381 2235 1000
1404 2176 1639 2235 affertur
1667 2175 1738 2235 de
1769 2175 2256 2235 satisfactionibus
2284 2176 2551 2235 humanis
2579 2196 2708 2253 quae
2746 2196 2784 2235 a
2818 2196 2928 2235 no·

514 2260 609 2321 bis
636 2260 815 2337 vulgo
844 2258 1198 2336 rejiciuntur,
1236 2276 1305 2315 ea
1330 2257 1690 2333 potissimum
1723 2256 1795 2315 de
1825 2276 1998 2315 causa
2025 2256 2181 2333 quod
2209 2256 2410 2332 gratiae
2441 2256 2552 2315 Dei
2581 2266 2927 2334 repugnent,

516 2350 577 2400 et
606 2360 735 2399 eum
764 2359 833 2396 ea
861 2347 1012 2395 stare
1040 2346 1345 2413 nequeant,
1376 2356 1562 2412 neque
1590 2356 1824 2394 causam
1855 2335 2338 2395 Adversariorum
2363 2338 2552 2414 juvat,
2576 2356 2762 2413 neque
2793 2357 2932 2396 nos-

518 2428 622 2477 trae
652 2420 817 2477 obest
836 2413 1046 2493 {quasi
1075 2415 1274 2473 eadem
1304 2424 1457 2475 esset
1485 2415 1894 2475 satisfactionis
1917 2415 2132 2475 Christi
2159 2416 2339 2475 ratio:
2371 2424 2431 2475 at
2451 2417 2688 2494 longum
2717 2417 2930 2477 latum·

519 2518 632 2576 que
660 2494 964 2555 intercedit
991 2494 1333 2571 discrimen3
1371 2494 1792 2554 satisfactiones
1818 2497 2086 2555 humanae
2114 2506 2326 2555 nostrae
2356 2505 2506 2571 sunt,
2531 2497 2776 2573 ideoque
2799 2518 2933 2556 cum

522 2577 711 2655 gratia
748 2572 1025 2635 debon-ama
1066 2595 1194 2652 quae
1238 2593 1409 2652 opera
1450 2575 1644 2634 omnia
1682 2584 1882 2634 nostra
1923 2576 2198 2647 excludit,
2237 2596 2372 2635 nam
2404 2577 2512 2636 “si
2539 2597 2613 2635 ex
2643 2578 2932 2655 operibus,

522 2679 639 2717 non
668 2676 744 2717 ex
773 2656 1019 2735 gratia,”
1050 2655 1218 2713 Rom.
1249 2654 1329 2713 xi.
1362 2657 1416 2729 6,
1461 2655 1591 2732 quis
1626 2654 1778 2715 enim
1809 2657 1990 2733 gratis
2018 2657 2321 2717 remissum
2348 2657 2403 2717 ei
2429 2657 2688 2717 debitum
2719 2658 2936 2718 dixerit

523 2760 559 2799 a
586 2757 700 2816 quo
728 2756 863 2815 pars
891 2736 1018 2811 ejus
1046 2734 1240 2812 aliqua
1268 2735 1535 2795 exsoluta
1571 2745 1663 2794 est
1681 2738 1710 2795 Ρ
1751 2736 1882 2813 quis
1910 2737 2063 2795 sonti
2092 2738 2272 2814 gratis
2301 2737 2686 2797 condonatum
2716 2739 2935 2797 crimen

526 2840 630 2899 pro
672 2838 787 2897 quo
830 2838 1031 2897 poenas
1073 2816 1281 2875 dedit?
1336 2816 1665 2878 Satisfaetio
1696 2836 1833 2875 vero
1864 2816 2077 2875 Christi
2119 2817 2308 2875 aliena
2339 2826 2430 2877 est
2458 2825 2516 2876 et
2544 2817 2757 2893 divina,
2804 2818 2936 2877 ideo

525 2900 727 2979 gratiae
784 2899 1091 2978 conjuncta
1145 2905 1234 2956 est
1282 2904 1342 2956 et
1389 2895 1779 2973 subordinata,
1812 2916 1941 2973 quae
1983 2916 2109 2955 eam
2163 2918 2281 2955 non
2325 2897 2602 2969 excludit,
2653 2899 2757 2958 sed
2801 2919 2934 2977 sup·

524 2980 707 3061 ponit.

609 3058 823 3119 XVII.
852 3054 1119 3118 Secunda
1148 3056 1364 3116 Classis
1391 3055 1644 3116 rationes
1671 3054 1969 3116 continent
1997 3078 2070 3116 ex
2094 3056 2305 3135 quibus
2334 3066 2614 3118 conantur
2641 3058 2882 3137 probare
2903 3080 2938 3117 a

518 3149 694 3217 parte
728 3139 938 3197 Christi
961 3136 1374 3215 impossibilem
1406 3158 1531 3195 esse
1576 3137 1749 3196 istam
1789 3137 2254 3197 satisfactionem.
2288 3138 2368 3198 1⁰.
2419 3138 2568 3214 Quia
2597 3140 2644 3198 si
2675 3140 2937 3198 Christus

531 3239 635 3297 pro
663 3217 831 3275 nobis
862 3216 1154 3289 satisfecit,
1206 3214 1485 3275 satisfecit
1532 3237 1671 3293 ergo
1722 3218 1832 3276 sibi
1859 3218 1986 3295 ipsi,
2035 3219 2264 3295 quando
2303 3238 2378 3277 ex
2406 3220 2714 3298 hypothesi
2743 3228 2938 3278 nostra

533 3297 875 3375 supponitur
902 3315 1027 3353 esse
1058 3296 1221 3353 Deus
1249 3296 1341 3353 cui
1372 3296 1544 3355 debet
1570 3296 1698 3355 fieri
1727 3297 2042 3357 satisfactio
2072 3322 2087 3358 z
2130 3309 2191 3358 at
2216 3299 2326 3357 1100
2356 3298 2664 3361 absurdam
2693 3320 2820 3359 esse
2841 3300 2936 3358 vel

532 3399 606 3437 ex
634 3378 744 3433 hac
774 3395 887 3433 una
914 3374 1135 3433 ratione
1164 3374 1464 3455 evincitur,
1495 3376 1634 3452 quia
1661 3377 1744 3435 sic
1773 3388 2108 3454 sequeretur
2135 3400 2264 3437 eum
2315 3379 2490 3461 simul
2516 3389 2574 3439 et
2595 3380 2775 3438 semel
2803 3379 2938 3438 dare

536 3466 595 3518 et
624 3454 880 3532 accipere
912 3452 1273 3529 solutionem,
1307 3454 1477 3512 simul
1506 3464 1565 3513 et
1594 3456 1772 3515 semel
1801 3457 1920 3516 fore
1950 3458 2155 3518 iratum
2187 3468 2245 3519 et
2272 3459 2578 3538 placatum,
2610 3460 2820 3519 iratum
2841 3462 2940 3536 qui

532 3537 805 3619 postulat,
836 3536 1123 3614 placatum
1156 3553 1293 3593 vero
1330 3534 1432 3613 qui
1479 3536 1718 3595 exhibet
1771 3538 2235 3614 satisfactionem,
2286 3560 2416 3617 quae
2458 3540 2691 3599 omnino
2720 3550 2942 3599 eontra-

537 3618 847 3680 dictionem
876 3616 1123 3693 aliquam
1150 3615 1449 3674 involvere
1471 3616 1760 3676 videntur.
1807 3617 2002 3695 Resp.,
2039 3622 2090 3677 1.
2124 3620 2270 3695 Neg.
2295 3640 2526 3697 conseq.
2560 3621 2763 3679 Pecca.
2786 3620 2940 3679 falla.

538 3722 575 3759 a
602 3700 756 3759 dicto
787 3698 1100 3757 secundum
1132 3696 1288 3774 qnid,
1314 3694 1421 3755 &c.
1472 3696 1534 3755 Si
1564 3696 1827 3756 Christus
1855 3698 2132 3757 satisfecit
2159 3719 2276 3757 1100
2305 3700 2498 3759 statim
2528 3700 2806 3760 satisfecit
2834 3700 2942 3759 sibi

538 3780 650 3859 ipsi
678 3778 915 3857 praecise
964 3776 1253 3855 loquendo
1301 3786 1368 3837 ut
1412 3777 1652 3851 Chr-ziam,
1685 3776 1786 3835 sed
1817 3778 2095 3838 satisfecit
2137 3780 2248 3838 sibi
2295 3788 2362 3838 ut
2389 3782 2516 3838 Deo
2561 3788 2619 3839 et
2649 3781 2760 3839 Dei
2803 3781 2938 3855 filio,

542 3860 815 3919 differunt
858 3878 997 3917 vero
1052 3868 1118 3918 ut
1165 3866 1365 3916 notum
1412 3862 1531 3921 Θιὸς
1574 3867 1634 3915 et
1657 3856 1976 3938 θιείιθςυπος,
2011 3858 2195 3918 Filius
2227 3860 2338 3918 Dei
2369 3868 2426 3918 et
2465 3860 2769 3936 Mediator,
2801 3862 2942 3920 illud

542 3942 697 3999 enim
752 3948 1014 3999 naturam
1044 3946 1222 4012 notat,
1255 3937 1365 3995 hoc
1413 3936 1680 4012 officium,
1711 3937 1858 3996 illud
1907 3938 2168 3999 absolute
2197 3949 2255 3998 et
2303 3940 2360 3997 in
2392 3960 2602 4017 genere
2640 3942 2778 4000 entis
2813 3960 2940 3999 eum

544 4021 828 4099 designat,
860 4018 1015 4078 istud
1045 4038 1183 4076 vero
1214 4016 1390 4075 relate
1436 4017 1510 4075 ad
1558 4018 1932 4075 oeconomiam
1985 4029 2043 4078 et
2091 4020 2151 4077 in
2195 4039 2406 4095 genere
2435 4022 2606 4079 moris
2631 4046 2657 4095 ;
2703 4020 2852 4079 Sane
2895 4023 2942 4080 si

544 4102 835 4161 Mediator
861 4098 1064 4158 fuisset
1092 4107 1315 4157 tantum
1346 4097 1523 4171 Deus,
1556 4096 1976 4175 satisfaciendO,
2009 4099 2118 4157 sibi
2148 4099 2321 4158 etiam
2351 4100 2613 4160 absolute
2642 4110 2700 4160 et
2729 4102 2943 4180 simpli-

544 4183 688 4241 citer
716 4179 1105 4251 satisfecisset,
1138 4176 1241 4237 sed
1270 4196 1399 4235 cum
1430 4176 1559 4235 duae
1588 4177 1706 4235 sint
1732 4184 1950 4236 naturae
1981 4177 2040 4235 in
2067 4199 2314 4256 persona
2363 4180 2720 4256 Mediatoris,
2752 4182 2945 4241 divina

546 4272 605 4321 et
630 4262 899 4333 humana,
930 4279 1046 4317 non
1074 4258 1269 4318 statim
1300 4256 1578 4317 satisfacit
1605 4256 1757 4335 apud
1788 4258 2038 4335 seipsum
2070 4259 2412 4335 omnimode,
2446 4260 2561 4319 imo
2589 4270 2788 4320 contra
2815 4264 2946 4340 quia

548 4341 862 4400 satisfactio
890 4340 957 4399 fit
984 4360 1019 4397 a
1047 4348 1251 4397 natura
1277 4339 1545 4411 humana,
1572 4346 1630 4397 et
1659 4336 1964 4397 exhibetur
1997 4348 2216 4399 naturae
2245 4340 2474 4415 divinae,
2507 4342 2821 4401 satisfactio
2847 4362 2940 4419 po·

548 4427 662 4477 test
690 4418 805 4477 dici
834 4419 1233 4495 quadantenus
1261 4418 1555 4477 terminari
1584 4419 1660 4477 ad
1688 4416 1949 4477 alterum.
1995 4424 2050 4479 2.
2083 4420 2226 4481 Cum
2254 4420 2425 4479 Pater
2451 4422 2508 4479 in
2539 4420 2649 4481 hoc
2676 4423 2944 4499 mysterio

544 4518 649 4575 per
674 4498 875 4555 miram
920 4498 1207 4575 quandam
1254 4498 1836 4558 accommodationem
1887 4500 2096 4560 referat
2143 4520 2444 4579 personam
2493 4502 2537 4561 J
2540 4502 2724 4561 udicis
2753 4502 2948 4561 offensi

547 4578 701 4656 apud
729 4596 900 4654 quem
929 4578 1054 4636 ficri
1082 4577 1254 4638 debet
1281 4578 1612 4654 satisfactiO,
1638 4588 1703 4638 ut
1734 4579 1996 4639 Christus
2046 4582 2299 4661 suscepit
2345 4602 2648 4659 personam
2693 4582 2876 4659 vadis,
2895 4593 2950 4643 et
