3234 5192
561 315 678 376 320
1257 339 1336 382 ns
1367 338 1627 395 smlurU,
1658 338 1845 395 sum,
1880 342 1953 381 εἰ·
1982 342 2299 385 saxonum.
2604 329 2861 403 [msrur.
2892 344 2972 390 v1.

556 483 722 559 quod
751 477 1094 537 institutum
1121 481 1299 539 estin
1327 482 1679 541 memoriam
1710 480 1931 541 Christi
1954 482 2233 556 absentis,
2262 494 2464 561 aperte
2492 498 2785 562 repugnat
2796 511 2812 561 3
2857 492 2973 549 Sed

555 560 778 637 partim
803 560 1234 619 sacramentalis
1261 568 1322 619 et
1345 560 1650 639 symbolica
1675 560 1738 615 in
1776 559 1960 635 signis
2008 580 2145 635 quse
2190 562 2302 622 illa
2342 572 2782 639 repraesentant,
2811 573 2873 625 et
2898 587 2972 627 ex

557 640 768 698 ordine
795 636 910 695 Dei
939 638 1277 713 obsignant,
1304 640 1520 715 partim
1547 637 1863 716 spirituales
1890 646 1951 697 et
1978 642 2212 717 mystica
2234 642 2375 700 fidei
2402 644 2584 718 digne
2618 645 2975 721 participan-

553 720 1028 791 tium‚quatenus
1053 734 1196 775 vera
1219 719 1338 776 fide
1374 718 1787 794 amplectendo
1838 716 2144 777 Christum
2186 738 2296 796 pro
2338 738 2399 779 se
2445 728 2770 794 mortuum,
2818 725 2971 783 fiunt

551 795 866 875 participes
892 794 1085 854 carnis
1112 802 1174 853 et
1199 797 1507 871 sanguinis
1533 797 1681 871 ejus,
1710 795 1774 852 id
1802 804 1893 853 est
1933 797 2340 871 perfectissimi
2382 799 2578 857 meriti
2620 805 2682 857 et
2726 801 2970 861 virtutis

551 873 800 932 vivificae
838 872 1045 931 mortis
1093 873 1242 948 ejus,
1289 882 1472 951 atque
1520 873 1607 933 ita
1654 873 1718 931 in
1764 891 1957 931 unum
2004 893 2216 951 corpus
2251 893 2391 934 cum
2433 877 2563 951 ipso
2606 878 2963 939 coalescunt.

552 952 734 1012 Unde
767 950 914 1010 Unio
934 956 1140 1009 nostra
1165 971 1304 1010 cum
1335 952 1570 1012 Christo
1597 953 1984 1012 substantialis
2010 953 2279 1029 sequitur
2304 954 2534 1012 ratione
2554 974 2960 1030 personarum,

550 1040 612 1091 et
637 1030 946 1090 communio
973 1031 1162 1102 realis,
1191 1031 1298 1089 sed
1323 1032 1576 1105 mystica
1600 1033 1833 1091 ratione
1860 1032 2258 1111 beneficiorum.

629 1108 985 1168 XXXVII.
1029 1109 1230 1167 Tertio
1257 1109 1566 1185 quoeritur,
1597 1110 1721 1183 An,
1750 1111 1892 1187 quia
1920 1111 2177 1188 Spiritus
2202 1110 2420 1169 dicitur
2448 1111 2651 1169 testari
2676 1112 2741 1171 in
2767 1114 2959 1185 nobis,

545 1188 748 1248 faveat
771 1190 888 1247 hoc
914 1188 1420 1247 enthusiastarum
1449 1188 1682 1261 deliri0,
1710 1188 1817 1265 qui
1846 1190 2137 1267 Spiritum
2156 1190 2458 1265 privatum
2498 1189 2749 1264 jactant,
2778 1198 2839 1251 et
2864 1210 2959 1250 ar-

547 1286 726 1327 canas
752 1267 883 1342 ejus
910 1266 1304 1325 revelationes
1318 1268 1347 1326 Ρ
1388 1266 1565 1344 Resp.
1608 1267 1674 1326 N
1677 1286 1767 1343 eg.
1798 1268 1959 1344 quia,
1988 1274 2060 1327 ut
2084 1268 2280 1327 visum
2327 1272 2521 1337 antea,
2568 1267 2826 1343 Spiritus
2850 1270 2960 1327 iste

543 1354 768 1406 testans
794 1346 858 1403 in
887 1346 1080 1417 corde,
1108 1363 1420 1421 nunquam
1448 1346 1830 1405 divellendus
1868 1353 1962 1405 est
2005 1348 2083 1407 ab
2129 1347 2342 1405 eodem
2368 1346 2433 1402 in
2462 1344 2668 1403 Verbo
2694 1354 2961 1418 testante,

542 1444 653 1485 ncc
679 1424 1088 1484 testimonium
1114 1424 1422 1499 perhibere
1451 1426 1783 1483 censendus
1812 1432 1903 1483 est
1927 1426 2200 1503 objective,
2230 1443 2337 1500 per
2361 1423 2626 1500 privatas
2652 1425 2963 1483 revelatio-

539 1522 646 1563 nes
698 1502 940 1562 seorsim
971 1520 1008 1559 a
1032 1502 1234 1572 verbo,
1263 1504 1368 1560 sed
1395 1504 1687 1579 efficienter
1706 1520 1812 1576 per
1832 1503 2401 1561 demonstrationem
2416 1508 2477 1559 et
2504 1502 2966 1577 applicationem

537 1582 804 1640 veritatis
829 1580 894 1637 in
921 1579 1105 1636 verbo
1131 1580 1468 1653 propositae,
1499 1588 1681 1655 atque
1708 1579 1792 1635 ita
1817 1580 1941 1636 duo
1970 1581 2084 1637 ista
2126 1597 2249 1635 non
2284 1580 2643 1652 opponenda
2670 1586 2829 1650 sunt,
2858 1582 2961 1638 sed

537 1658 966 1734 componenda,
995 1661 1066 1712 ut
1091 1674 1199 1713 nec
1229 1656 1501 1714 Verbum
1529 1656 1657 1714 sine
1686 1654 1915 1730 Spiritu
1943 1661 2237 1729 operetur,
2264 1671 2375 1711 nec
2404 1653 2661 1727 Spiritus
2688 1656 2814 1713 sine
2829 1675 2963 1714 ver-

535 1738 632 1795 bo.
718 1733 900 1803 Quod
928 1732 1358 1790 alienissimum
1385 1739 1479 1790 est
1503 1751 1540 1791 a
1561 1737 1761 1789 mente
1780 1732 2196 1802 fanaticorum,
2224 1730 2331 1806 qui
2358 1729 2469 1787 sub
2516 1738 2813 1803 praetextu
2839 1735 2960 1811 pri-

533 1820 815 1873 vatarum
840 1809 1293 1881 revelationum,
1319 1809 1688 1885 Scripturam
1736 1814 2029 1883 tanquam
2072 1810 2308 1867 literam
2354 1813 2657 1866 mortuam
2703 1817 2765 1869 et
2806 1814 2978 1872 occir

533 1896 774 1952 dentem
801 1887 1215 1963 susquedeque
1259 1888 1496 1945 habent.
1578 1885 1713 1945 Nec
1754 1886 1893 1944 talis
1939 1886 2197 1962 Spiritus
2250 1891 2449 1961 potest
2493 1883 2613 1944 dici
2666 1888 2954 1965 privatus,

530 1972 671 2029 licet
699 1967 858 2026 enim
883 1964 1071 2041 possit
1100 1972 1408 2041 utcunque
1455 1982 1527 2022 eo
1574 1964 1815 2023 nomine
1853 1965 2157 2040 designari
2198 1964 2507 2043 subjective,
2559 1965 2706 2040 quia
2748 1976 2839 2027 est
2886 1970 2951 2029 in

529 2046 784 2123 singulis
807 2043 1107 2115 fidelibus,
1136 2061 1258 2101 non
1286 2050 1481 2119 potest
1507 2050 1707 2101 tamen
1736 2043 1871 2101 talis
1914 2044 2137 2102 censeri
2186 2042 2565 2121 oriqinaliter,
2617 2042 2764 2120 quia
2789 2046 2949 2107 idem

530 2134 622 2187 est
650 2124 906 2201 Spiritus
931 2122 996 2179 in
1023 2121 1301 2179 omnibus
1331 2121 1435 2198 qui
1465 2122 1668 2180 omnia
1694 2127 1993 2197 operatur,
2028 2122 2060 2181 1
2094 2121 2228 2183 Gor.
2257 2122 2357 2181 xii.
2389 2124 2446 2180 4.

611 2199 1005 2262 XXXVIII.
1049 2199 1237 2257 Porro
1264 2218 1340 2257 ex
1367 2199 1587 2275 triplici
1613 2200 1727 2258 isto
1754 2200 2095 2259 testimonio
2122 2208 2255 2259 tum
2281 2201 2503 2259 coelesti
2528 2207 2661 2259 tum
2686 2204 2951 2262 terrestri

529 2284 753 2343 invicta
778 2282 1071 2339 formatur
1096 2278 1362 2336 veritatis
1375 2279 1751 2353 evangelicae
1780 2278 2249 2351 demonstr-atim
2306 2278 2370 2337 N
2373 2296 2473 2337 am
2515 2279 2682 2356 quod
2727 2280 2948 2341 divinis

524 2358 881 2421 testimoniis
927 2364 988 2414 et
1032 2356 1093 2413 in
1128 2358 1276 2415 coelo
1325 2364 1386 2414 et
1428 2356 1491 2415 in
1528 2366 1689 2416 terra
1738 2362 2106 2439 πικςμοηιῢς
2140 2358 2297 2417 inter
2340 2375 2401 2415 se
2445 2358 2948 2421 consentientibus

525 2436 968 2499 evidentissime
993 2437 1399 2507 confirmatur,
1429 2442 1717 2511 tanquam
1744 2443 1913 2495 extra
1940 2454 2179 2495 omnem
2204 2436 2599 2494 dubitationis
2625 2436 2819 2495 aleam
2842 2456 2948 2514 po-

523 2519 723 2588 situm,
751 2516 901 2575 citra
927 2516 1105 2592 imni„
1129 2513 1460 2572 firmissime
1486 2514 1854 2571 credendum
1880 2522 1987 2587 est,
2032 2514 2149 2574 nisi
2192 2514 2392 2573 Deum
2426 2515 2709 2572 volumus
2753 2514 2946 2576 facere

521 2596 886 2665 mendacem,
914 2595 1080 2670 quod
1108 2593 1378 2650 omnium
1397 2592 1717 2649 criminum
1742 2593 1922 2668 longe
1948 2594 2335 2652 teterrimum.
2418 2591 2461 2651 J
2465 2610 2563 2651 am
2576 2590 2622 2649 J
2624 2610 2791 2650 esum
2816 2592 2881 2651 N
2882 2614 2946 2653 a-

521 2691 807 2734 zarenum
833 2689 960 2730 esse
987 2679 1283 2730 aeternum
1309 2669 1424 2728 Dei
1453 2668 1698 2742 Filium,
1728 2671 1835 2746 qui
1879 2670 1944 2730 in
1992 2690 2169 2731 carne
2195 2671 2376 2743 venit,
2404 2688 2617 2729 verum
2658 2670 2944 2732 Messium

519 2761 582 2813 et
609 2752 1079 2828 Redemptorem
1105 2756 1380 2807 nostrum
1407 2749 1470 2805 in
1499 2748 1674 2823 cujus
1702 2749 1889 2808 solius
1913 2751 2158 2809 nomine
2183 2750 2311 2808 vita
2327 2756 2549 2808 aeterna
2566 2750 2943 2810 credentibus

521 2834 772 2892 offertur
797 2836 860 2887 et
883 2829 1203 2899 confertur,
1232 2846 1368 2903 quas
1394 2844 1633 2885 summa
1658 2833 1748 2885 est
1774 2834 1835 2884 et
1862 2829 2284 2904 compendium
2310 2825 2623 2903 evangelii,
2668 2827 2939 2887 unanimi

519 2911 652 2971 coeli
680 2915 742 2967 et
765 2914 938 2967 terrae
987 2924 1278 2967 consensu
1326 2906 1764 2981 comprobatur,
1815 2924 1925 2965 nec
1971 2907 2139 2965 aliud
2186 2906 2465 2978 clamant,
2512 2904 2611 2962 vel
2660 2903 2938 2966 Personae

518 2990 738 3050 divinae
765 2986 828 3045 in
857 2986 1038 3058 coelis,
1057 2986 1159 3044 vel
1185 3002 1392 3043 earum
1437 2984 1725 3042 beneficia
1769 2984 1831 3041 in
1879 2986 2053 3044 terris
2079 3008 2093 3044 ε
2138 2985 2207 3043 Ε.
2237 2985 2351 3042 hoc
2376 2990 2667 3059 tanquam
2694 2984 2940 3045 certissi-

516 3086 687 3128 mum
721 3071 784 3124 et
829 3072 1069 3123 aeternae
1124 3062 1389 3123 veritatis
1436 3063 1767 3136 oraculum,
1816 3064 1955 3123 fidei
1996 3070 2219 3123 nostrae
2266 3062 2529 3120 fiilcrum
2554 3064 2846 3135 ἐνέλιπον,
2870 3072 2937 3141 ίθίι

517 3142 824 3219 religionis
854 3141 1207 3201 Christianae
1234 3142 1556 3200 immotum
1571 3140 2036 3201 fundamentum
2080 3139 2323 3200 retineri
2369 3158 2601 3215 semper
2639 3142 2835 3214 debet,
2863 3149 2936 3201 ut

515 3223 694 3298 plane
735 3220 812 3277 sit
848 3220 1240 3292 ἀναπολόγητος,
1271 3219 1376 3295 qui
1403 3226 1530 3277 tam
1556 3219 2006 3279 admirabilium
2044 3220 2290 3280 testium
2323 3218 2475 3277 nubi
2520 3218 2937 3280 incredulitate

515 3316 626 3358 sua
651 3298 850 3355 adhuc
875 3298 1164 3373 refragari
1189 3298 1391 3355 audet.

598 3372 912 3432 XXXIX.
957 3376 1049 3434 Ut
1074 3392 1220 3432 vero
1249 3375 1312 3431 in
1340 3392 1412 3431 eo
1440 3392 1734 3433 summam
1753 3384 1815 3434 et
1840 3375 2206 3435 ineffabilem
2234 3376 2349 3437 Dei
2391 3395 2535 3453 erga
2561 3395 2672 3436 nos
2700 3378 2936 3437 bonita-

513 3461 637 3513 tem
657 3451 864 3510 mirari
889 3453 1074 3526 decet,
1103 3452 1209 3527 qui
1236 3451 1578 3510 certitudini
1593 3453 1733 3510 fidei
1751 3461 1967 3512 nostrae
1984 3456 2100 3513 hoc
2114 3457 2297 3514 modo
2316 3461 2693 3533 prospectum
2714 3456 2907 3515 voluit
2918 3479 2935 3529 ς

517 3533 618 3592 Ita
643 3548 886 3607 oequum
912 3538 1001 3589 est
1027 3548 1136 3587 nos
1162 3530 1305 3588 huic
1331 3528 1536 3587 divino
1564 3530 1905 3591 testimonio
1948 3532 2030 3591 sic
2049 3534 2437 3609 acquiescere,
2466 3540 2538 3592 ut
2565 3535 2645 3591 ad
2670 3534 2935 3594 testimo-

513 3612 683 3669 nium
711 3611 1046 3668 humanum
1067 3610 1130 3665 in
1175 3608 1584 3667 confirmanda
1608 3608 1777 3667 verbi
1822 3610 2015 3668 divini
2064 3612 2447 3684 authoritate,
2495 3620 2559 3670 ct
2603 3614 2933 3672 coelestium

511 3686 936 3765 mysteriorum
961 3687 1231 3757 veritate,
1276 3685 1598 3763 confugere
1640 3706 1764 3745 non
1791 3688 2000 3748 liceat:
2059 3690 2225 3765 quod
2274 3690 2573 3749 Pontificii
2619 3709 2931 3767 perperam

511 3770 756 3839 vellent,
770 3766 1092 3843 Scripturas
1114 3764 1540 3825 authoritatem
1551 3766 1629 3825 ab
1640 3764 1919 3825 Ecclesiae
1940 3768 2281 3827 testimonio
2298 3770 2741 3845 suspendentes,
2754 3769 2931 3845 quasi

514 3846 680 3906 Deus
706 3846 784 3904 ab
811 3845 1072 3915 homine,
1101 3850 1163 3903 et
1189 3850 1414 3902 aeterna
1437 3850 1623 3921 atque
1650 3844 1983 3905 infallibilis
2022 3846 2319 3907 creatoris
2359 3847 2596 3919 veritas,
2626 3866 2665 3907 a
2687 3848 2931 3906 fallibili

511 3932 573 3984 et
624 3926 851 3984 incerta
880 3924 1304 3984 creaturarum
1351 3940 1497 3982 voce
1544 3924 1847 3999 penderet.
1931 3924 2113 3983 Absit
2157 3942 2299 3983 vero
2347 3932 2419 3983 nt
2464 3925 2617 3985 tanti
2665 3925 2927 3984 criminis

509 4010 746 4063 reatum
773 4002 836 4061 in
865 4020 975 4061 nos
1019 4017 1403 4074 accersamus,
1452 4001 1619 4071 Quin
1667 4002 1869 4078 potius
1914 4004 2135 4061 devota
2178 4011 2394 4076 mente,
2444 4003 2559 4062 Dei
2606 4005 2681 4062 de
2730 4004 2925 4079 seipso

509 4081 920 4141 testimonium
945 4079 1354 4157 irrefragabile
1381 4080 1784 4156 suspicientes,
1807 4089 2045 4141 aeternoe
2060 4080 2328 4141 veritatis
2354 4089 2416 4140 et
2438 4085 2766 4148 ..ammius
2792 4083 2927 4140 lau-

507 4161 645 4219 dem
671 4160 766 4218 illi
791 4160 1142 4219 tribuamus.
1228 4158 1309 4216 Et
1335 4160 1384 4217 si
1411 4166 1588 4219 testes
1634 4159 1781 4218 istos
1822 4160 2055 4219 divinos
2106 4160 2426 4238 utrobique
2440 4169 2726 4222 testantes
2752 4160 2925 4221 audi-

505 4257 660 4311 mus,
689 4246 750 4297 et
775 4240 958 4298 verbo
987 4244 1049 4297 et
1091 4256 1285 4315 opere,
1312 4238 1435 4296 illis
1483 4238 1665 4297 etiam
1710 4258 1821 4315 pro
1865 4238 2027 4295 virili
2052 4239 2408 4314 respondere
2450 4248 2829 4317 satagamus3
2872 4238 2923 4297 si

507 4314 767 4391 Spiritus
796 4318 1034 4389 clamat,
1075 4319 1194 4375 fide
1241 4318 1584 4389 credamus3
1628 4317 1678 4376 si
1703 4316 2085 4378 sacramentis
2110 4317 2421 4377 dominicis
2446 4319 2670 4379 initiati
2696 4326 2757 4378 et
2782 4336 2923 4376 con-

501 4394 723 4451 firmati
743 4414 966 4465 sumus,
989 4414 1306 4456 caveamus
1325 4414 1402 4455 ne
1419 4395 1727 4473 impietate
1745 4403 1952 4456 nostra
1966 4394 2090 4454 vim
2105 4414 2313 4455 eorum
2330 4397 2563 4456 irritam
2578 4400 2821 4457 reddam
2828 4413 2919 4472 us,

503 4478 566 4527 et
593 4470 792 4544 sigilla
817 4474 970 4529 tanti
995 4473 1235 4532 foederis
1261 4476 1484 4550 perfide
1509 4476 1977 4553 abrumpamus:
2062 4474 2199 4533 Imo
2247 4492 2409 4551 aqua
2454 4477 2636 4535 semel
2681 4476 2811 4547 loti,
2858 4479 2920 4532 ct

501 4548 794 4622 sanguine
819 4549 1007 4621 tincti,
1028 4552 1474 4625 justificationis
1521 4554 1877 4612 beneficium
1920 4558 1981 4611 et
2018 4553 2479 4628 regenerationis
2506 4556 2782 4629 gratiam,
2810 4571 2919 4629 per

499 4626 681 4685 iidem
707 4632 768 4685 et
795 4628 1122 4687 sanctitatis
1147 4631 1433 4702 studium,
1461 4630 1548 4689 ita
1571 4632 1637 4689 in
1681 4630 1895 4691 animis
1936 4630 2155 4690 nostris
2180 4632 2617 4709 confirmemus,
2647 4640 2717 4691 ut
2744 4631 2918 4691 nulla
