3234 5192
215 370 416 414 DISPUT.
448 353 577 435 HL]
977 370 1201 409 uos'rRA
1231 370 1309 409 AB
1338 370 1617 411 ECCLESIA
1651 371 1916 411 nouum.
2579 360 2653 417 67

999 512 1199 568 Electa
1228 510 1398 585 digno
1424 510 1626 587 sapite,

1002 591 1145 647 Tam
1172 600 1369 647 cancta
1396 592 1646 649 membra
1674 600 1918 667 tanqere,

988 670 1177 727 Beata
1216 672 1371 743 cujus
1398 670 1642 729 brachiis

992 749 1144 807 Secli
1156 750 1429 825 pependit
1444 751 1710 826 pretium,

993 830 1396 903 Staterasacta
1424 831 1696 905 cor-poris,

992 910 1369 984 Pnzdamque
1408 911 1534 967 tulit
1562 911 1817 968 Tartari.

1000 990 1050 1048 0
1088 1009 1251 1061 crvx,
1282 1010 1402 1061 ave,
1432 1009 1555 1065 spes
1583 991 1766 1063 unica,

990 1069 1119 1126 Hoc
1142 1069 1419 1144 passionis
1448 1080 1696 1145 tempore

989 1150 1150 1223 Auqe
1166 1149 1284 1224 piis
1295 1149 1595 1223 justitiam,

986 1230 1229 1304 Rei-sque
1256 1231 1407 1287 dona
1434 1229 1671 1287 veniam.

198 1382 303 1443 Ubi
332 1408 512 1448 nemo
560 1410 699 1449 non
726 1387 891 1446 videt
932 1407 1155 1447 erucem
1193 1390 1431 1448 seorsim
1460 1410 1493 1447 a
1537 1388 1768 1448 Christo
1817 1388 2164 1467 compellari.
2255 1390 2380 1449 Non
2427 1393 2634 1451 melius

198 1464 516 1545 elabuntur,
552 1470 673 1546 qui
718 1468 919 1526 dicunt
958 1468 1061 1527 has
1108 1469 1310 1527 laudes
1338 1470 1581 1545 figurate
1610 1468 1684 1525 ad
1730 1489 1954 1527 crucem
1983 1468 2180 1526 referri
2215 1488 2317 1546 per
2359 1491 2632 1547 prosopo-

198 1562 387 1620 poeam,
432 1551 649 1627 poetis
682 1558 743 1606 et
784 1548 1105 1606 oratoribus
1142 1550 1283 1607 satis
1324 1549 1697 1623 familiarem3
1743 1568 1892 1623 nam,
1923 1556 1988 1606 ut
2015 1548 2160 1607 bene
2188 1558 2350 1608 notat
2390 1553 2635 1626 Vosques

196 1622 307 1683 in3
337 1628 492 1687 Tho.
548 1650 615 1706 q.
676 1630 773 1686 25.
818 1626 927 1685 dis.
962 1630 1093 1686 109.
1144 1649 1268 1705 cap.
1334 1633 1388 1703 4,
1433 1629 1700 1705 quamvis
1755 1648 1860 1705 per
1906 1628 2148 1703 figuram
2197 1649 2632 1707 prosopopoeam

201 1706 398 1781 saepius
426 1729 573 1766 cum
624 1728 693 1766 re
722 1707 1035 1766 inanimata
1076 1708 1395 1785 loquamur,
1441 1708 1632 1785 inepte
1675 1718 1867 1767 tamen
1915 1708 2138 1766 etiamsi
2181 1710 2424 1785 figurate
2452 1712 2526 1769 ab
2565 1731 2634 1770 ea

198 1794 521 1856 peteremus
554 1788 815 1847 salutem
856 1794 915 1844 et
958 1788 1158 1863 gratiae
1188 1796 1576 1863 augmentum,
1630 1809 1736 1847 nec
1777 1808 2154 1864 prosopopoea
2197 1790 2404 1849 liberat
2447 1812 2546 1849 eos
2598 1812 2633 1850 a

200 1862 425 1925 crimine
456 1868 841 1941 idololatriae,
874 1866 995 1925 sine
1024 1869 1189 1943 cujus
1230 1868 1484 1925 criminis
1526 1878 1686 1927 reatu
1723 1888 1893 1926 nemo
1921 1878 2111 1944 potest
2137 1870 2219 1927 ita
2246 1869 2460 1947 alloqui
2489 1874 2630 1929 ima-

201 1941 400 2021 ginem,
432 1958 547 2006 aut
580 1946 873 2024 ejusmodi
900 1966 1020 2003 rem
1048 1948 1317 2024 aliquam,
1348 1956 1414 2006 ut
1462 1948 1515 2005 ei
1555 1948 1824 2023 religiose
1867 1949 2166 2023 supplicet,
2198 1957 2256 2007 et
2309 1951 2382 2008 ab
2433 1971 2501 2008 ea
2529 1972 2627 2009 ve—

200 2020 343 2081 niam
390 2037 787 2103 peccatorum
832 2036 1007 2103 petat,
1059 2048 1187 2104 quae
1232 2036 1423 2085 tamen
1470 2028 1566 2085 isti
1620 2047 1737 2085 non
1786 2038 2057 2086 verentur
2099 2038 2292 2105 petere
2349 2050 2382 2087 a
2435 2030 2631 2107 lignea

202 2118 377 2162 eruce.

275 2182 617 2247 XXVIII.
708 2186 883 2265 Spem
908 2196 1100 2245 autem
1123 2196 1181 2247 et
1200 2188 1469 2248 fiduciam
1500 2190 1780 2249 collocare
1810 2190 1965 2266 ipsos
1993 2189 2054 2248 in
2077 2210 2260 2263 cruce,
2287 2200 2408 2248 tum
2437 2192 2630 2268 quoad

206 2259 573 2339 adeptionem
592 2268 896 2339 bonorum,
923 2276 1043 2326 tum
1062 2269 1253 2344 quoad
1275 2270 1672 2328 liberationem
1699 2282 1758 2330 et
1785 2270 2198 2347 protectionem
2219 2290 2256 2327 a
2281 2269 2464 2344 malis,
2497 2290 2626 2347 pro·-

205 2336 335 2400 bant
364 2348 555 2406 verba.
576 2348 928 2427 Pontg'sl'calis
948 2350 1134 2424 Rom„
1160 2348 1371 2424 quibus
1396 2350 1718 2427 Episcopus
1739 2351 1917 2409 utitur
1943 2351 2004 2408 in
2035 2349 2430 2409 benedictione
2459 2370 2628 2410 novae

207 2423 399 2498 crucia,
447 2438 627 2504 parte
670 2427 937 2502 secunda,
970 2428 1138 2486 titulo
1188 2428 1261 2486 de
1312 2429 1584 2487 Benedic.
1628 2450 1796 2487 novae
1845 2430 2071 2490 crucis:
2119 2430 2268 2489 “lta
2296 2450 2626 2506 quaesumus

210 2502 449 2579 accipias
470 2508 655 2567 istam
678 2526 923 2581 crucem,
945 2507 1427 2583 quemadmodum
1450 2518 1509 2567 et
1536 2509 1694 2567 illam
1725 2529 1898 2586 quam
1927 2510 2192 2567 manibus
2213 2510 2516 2587 amplexus
2545 2531 2626 2586 ee,

208 2588 261 2635 et
281 2584 431 2645 sicut
468 2608 583 2665 per
604 2587 765 2644 illam
787 2587 1036 2645 mundus
1064 2588 1332 2664 expiatus
1360 2598 1449 2647 est
1476 2609 1511 2647 a
1539 2598 1717 2663 reatu,
1750 2590 1831 2647 ita
1879 2588 2237 2648 afferentium
2281 2590 2625 2649 famulorum

208 2663 427 2723 tuorum
470 2666 688 2725 animae
731 2666 1119 2725 devotissimae
1154 2668 1327 2745 hujus
1368 2670 1554 2727 crucis
1582 2668 1787 2728 merito
1816 2678 2050 2727 careant
2096 2669 2252 2727 omni
2297 2680 2625 2746 perpetrato

210 2748 497 2808 peccato.”
552 2746 629 2805 Et
656 2766 872 2822 rursus,
901 2749 935 2779 “
960 2746 1204 2805 Oramus
1232 2758 1306 2823 tc,
1342 2748 1587 2807 Domine
1618 2758 1830 2821 sancte,
1865 2749 2040 2807 Pater
2067 2750 2444 2825 omnipotenS,
2478 2770 2621 2807 sem·

209 2815 419 2888 piterne
452 2826 638 2900 Deus,
670 2834 735 2884 ut
764 2826 1020 2902 digneris
1048 2827 1385 2885 benedicere
1413 2828 1523 2885 hoc
1564 2829 1788 2904 lignum
1817 2828 2003 2885 crucis
2045 2837 2175 2901 tuae,
2207 2838 2272 2886 ut
2307 2830 2624 2887 remedium

214 2898 451 2963 salutare
482 2906 687 2983 generi
724 2906 973 2965 humano
1004 2906 1095 2981 sit,
1144 2907 1407 2966 soliditas
1453 2907 1604 2981 fidei,
1638 2907 1916 2965 bonorum
1947 2926 2182 2983 operum
2230 2907 2519 2981 profectus
2567 2918 2626 2966 et

211 2976 527 3061 redemptio
556 2986 891 3058 animarum,
923 2986 999 3044 sit
1028 2987 1285 3045 solamen
1314 3006 1381 3044 ac
1410 2985 1591 3043 tutela
1620 2996 1820 3043 contra
1849 3004 2006 3042 saeva
2037 2984 2234 3060 jacula
2263 2984 2624 3043 inimicorum

212 3070 305 3126 Per
322 3060 641 3123 Dominum
660 3066 977 3123 nostrum.”
1010 3066 1258 3124 Accedit
1279 3075 1541 3123 externus
1562 3065 1744 3121 latriae
1789 3063 1978 3122 cultus
1996 3063 2292 3139 tum-signi
2313 3073 2434 3121 tum
2457 3063 2621 3142 facti;

212 3133 359 3213 θῖθηὶ,
374 3145 519 3219 quia
534 3164 663 3203 eam
680 3143 939 3203 adorant.
972 3146 1119 3205 Nam
1144 3147 1203 3203 in
1224 3144 1453 3203 Pontifi.
1474 3144 1576 3201 ubi
1593 3163 1782 3219 supra,
1813 3146 1888 3201 1⁰·
1913 3147 1947 3175 “
1963 3143 2234 3201 Pontifex
2257 3162 2358 3202 seu
2382 3144 2620 3221 Episco-

214 3230 311 3284 PUS
327 3224 541 3298 quivis,
566 3223 735 3282 flexis
757 3233 889 3283 ante
901 3245 1128 3284 crucem
1140 3224 1401 3302 genibus,
1426 3225 1610 3301 ipsam
1629 3222 1837 3282 devote
1856 3224 2059 3283 adorat
2075 3234 2133 3283 et
2150 3224 2457 3301 osculatur,
2479 3247 2620 3285 vex·

212 3289 307 3351 illo
336 3303 487 3361 enim
508 3304 694 3362 crucis
724 3324 889 3362 omne
918 3326 1091 3382 genu,
1138 3316 1195 3364 et
1217 3305 1401 3363 omnis
1419 3305 1622 3381 lingua
1643 3304 2001 3363 confitetur.”
2055 3306 2350 3384 Praecipue
2378 3327 2518 3365 vero
2563 3309 2623 3367 in

215 3368 299 3431 die
345 3378 697 3441 Parasceves
744 3384 930 3443 solent
974 3386 1203 3444 flectere
1252 3406 1405 3463 genu
1450 3384 1624 3459 cruci,
1671 3404 1912 3462 eamque
1957 3386 2221 3447 osculari.
2323 3388 2441 3447 Ubi
2469 3388 2622 3447 enim

216 3448 365 3539 Papa
394 3472 500 3521 aut
526 3462 794 3521 sacerdos
816 3464 1036 3541 detegit
1064 3466 1339 3541 paulatim
1368 3486 1611 3540 crucem,
1644 3486 1883 3543 eamque
1901 3468 2114 3543 populo
2143 3468 2469 3541 ostendens,
2519 3469 2618 3543 ait,

219 3532 249 3561 ‘⁴
267 3533 415 3599 Ecce
442 3542 671 3619 lignum
700 3544 944 3617 cruciS,’'
976 3546 1071 3603 cui
1098 3546 1445 3622 respondent
1474 3546 1787 3622 Capeliani,
1823 3550 1858 3578 “
1877 3547 1937 3603 in
1964 3566 2080 3622 quo
2107 3547 2264 3605 salus
2293 3548 2492 3605 mundi
2519 3568 2617 3624 pe-

214 3617 463 3695 pendit,”
496 3622 703 3681 deinde
750 3634 1013 3683 cantores
1060 3626 1379 3700 perficiunt,
1435 3628 1471 3657 ‘⁴
1499 3626 1712 3697 venite,
1763 3625 2126 3684 adoremus.’'
2185 3626 2284 3683 Ad
2323 3647 2392 3684 ea
2439 3628 2620 3686 verba

216 3701 463 3763 Procedit
482 3702 658 3778 Papa,
680 3702 871 3761 exutis
890 3704 1099 3762 calceis
1117 3724 1219 3779 per
1236 3725 1415 3762 unum
1433 3726 1508 3761 ex
1528 3706 1830 3779 scutiferiS,
1851 3715 1908 3764 et
1932 3726 2084 3780 genu
2105 3714 2194 3764 ter
2225 3704 2394 3777 fleam,
2415 3704 2618 3765 adorat

216 3783 267 3827 et
292 3781 583 3840 osculatur
608 3804 621 3841 :
666 3791 797 3859 post
840 3784 1059 3859 Papam
1087 3784 1437 3857 Cardinales,
1473 3784 1870 3861 Imperatores,
1905 3786 2116 3861 RegeS,
2162 3784 2210 3841 si
2239 3783 2444 3857 adsint,
2493 3794 2616 3842 tum

218 3846 495 3938 Episcopi,
526 3860 637 3919 &a
669 3862 763 3920 Ita
802 3884 839 3920 a
866 3880 1091 3921 summo
1121 3862 1400 3921 Pontifice
1428 3863 1505 3921 ad
1535 3864 1796 3922 infimum
1825 3865 2218 3923 caudatarium
2262 3883 2460 3920 omnes
2487 3884 2614 3921 cru-

218 3948 329 3993 ce111
350 3941 593 4002 adorant
622 3950 681 4000 et
707 3942 1056 4001 osculantur.
1090 3941 1242 4000 Vide
1284 3943 1385 4001 lib.
1420 3943 1900 4002 Ceraemoniarum
1927 3947 2340 4015 Romanarum,
2383 3942 2524 3999 feria
2559 3946 2613 4002 6.

216 4017 375 4091 majo.
404 4021 613 4079 hebd0.
699 4022 871 4080 Facti
895 4022 1068 4080 etiam
1098 4022 1317 4081 cultum
1359 4022 1653 4096 exhibent,
1685 4023 1914 4100 templa,
1955 4024 2118 4097 festa,
2151 4041 2278 4081 aras
2319 4021 2374 4079 ei
2415 4041 2612 4081 conse-

218 4099 432 4175 orando,
479 4101 777 4159 incensum
798 4102 885 4160 illi
914 4101 1213 4177 adolendO,
1248 4113 1306 4161 et
1334 4122 1543 4161 suaves
1600 4103 1805 4160 odores
1847 4101 2155 4175 offerendo,
2199 4111 2347 4160 teste
2391 4103 2612 4162 Bellar.

216 4186 328 4249 cap,
363 4182 452 4254 13,
482 4180 583 4238 lib.
620 4183 671 4237 1.
703 4180 775 4239 de
804 4182 1177 4259 Triumphe-n,
1210 4183 1451 4256 Eccle5.‚
1488 4186 1522 4215 ‘⁴
1545 4182 1767 4241 Suaves
1808 4180 2014 4238 odores
2041 4182 2214 4239 etiam
2243 4180 2399 4237 cruci
2426 4180 2614 4241 offen·-

217 4264 335 4312 mus
362 4258 419 4315 in
465 4259 783 4320 Ecclesia.'’
828 4262 967 4319 Jam
1015 4262 1313 4320 incensum
1340 4262 1571 4320 adolere
1620 4260 1962 4319 sacrificium
2013 4259 2140 4317 Deo
2177 4258 2470 4335 proprium
2507 4270 2614 4323 est.

222 4324 376 4395 Unde
428 4338 705 4398 Israe‘litae
746 4349 1019 4400 notantur
1066 4340 1463 4400 abominandae
1504 4340 1845 4399 idololatriae
1894 4337 2146 4410 crimine,
2181 4338 2318 4396 Eze.
2365 4339 2486 4398 viii.
2520 4343 2612 4417 11,

218 4416 359 4482 quod
388 4417 633 4494 quisque
664 4418 722 4475 in
750 4439 923 4477 manu
954 4441 1057 4479 sua
1084 4421 1439 4480 thuribulum
1468 4420 1722 4491 haberet,
1755 4437 1868 4494 quo
1892 4417 2241 4491 imaginibus
2270 4420 2390 4479 suis
2417 4420 2612 4481 adole·

220 4503 349 4554 rent.
436 4497 515 4555 Et
560 4498 622 4554 in
662 4500 956 4574 primitiva
998 4502 1275 4573 Ecclesia,
1310 4510 1533 4559 veteres
1562 4497 1873 4557 Christiani
1915 4506 2157 4556 mortem
2199 4500 2390 4561 subire
2431 4504 2614 4563 malu-

217 4586 385 4650 erunt,
446 4596 621 4653 quam
669 4579 891 4655 aliquot
946 4600 1126 4657 grana
1174 4582 1357 4639 thuris
1401 4580 1461 4635 in
1522 4580 1799 4637 honorem
1845 4577 2086 4637 Caesaris
2149 4600 2451 4659 apponere,
2512 4584 2612 4659 qui

222 4653 359 4713 enim
390 4656 453 4714 id
481 4656 784 4735 faciebant,
810 4661 1157 4735 putabantur
1186 4659 1519 4719 sacrificare.
1587 4658 1721 4716 Hoc
1749 4678 1886 4717 vero
1915 4658 2126 4719 clarius
2154 4670 2312 4738 patet
2341 4682 2414 4720 ex
2443 4664 2614 4721 sacri-
