3234 5192
934 1011 1479 1094 DISPUTATIO
1563 1009 2152 1101 THEoLoelca

658 1309 839 1401 DE
960 1311 1794 1406 SERPENTE
1918 1309 2358 1403 AENEO.

1315 1585 1716 1594 ———

392 1753 441 1814 1.
490 1753 574 1815 Ut
604 1757 755 1816 inter
782 1757 1037 1818 illustres
1065 1759 1297 1819 Veteris
1344 1757 1706 1819 Testamenti
1731 1767 1922 1835 typos,
1967 1755 2178 1834 quibus
2219 1773 2374 1814 mors
2403 1751 2616 1813 Christi
2661 1757 2720 1810 et

314 1832 579 1910 ejusdem
605 1836 887 1897 beneficia
912 1839 1083 1898 nobis
1110 1839 1451 1898 adumbrata
1472 1849 1624 1916 sunt,
1659 1838 1863 1898 merito
1903 1836 2202 1915 reponitur
2242 1854 2477 1913 serpens
2505 1851 2717 1907 aeneus,

316 1914 485 1988 cujus
528 1916 829 1976 historiam
880 1919 1077 1978 Moses
1116 1921 1387 1998 proponit
1428 1919 1601 1978 Num.
1651 1920 1796 1992 xxi„
1839 1930 1898 1978 et
1943 1917 2280 1994 mysterium
2325 1915 2494 1974 nobis
2535 1914 2721 1992 aperit

317 1993 597 2072 Christus,
629 1998 769 2057 Joh.
800 1998 918 2075 iii.;
965 2000 1059 2058 Ita
1103 1998 1305 2058 sedula
1332 2003 1461 2077 ejus
1502 1999 1912 2077 contemplatio
1955 2018 2072 2056 non
2116 2005 2306 2075 potest
2333 2017 2450 2055 non
2477 1994 2718 2053 maximi

312 2091 439 2133 esse
468 2095 625 2150 usus,
654 2099 787 2137 cum
809 2078 883 2136 ad
902 2081 1191 2137 variorum
1212 2081 1619 2156 mysteriorum
1651 2079 2134 2156 Evangelicorum
2159 2077 2566 2154 cognitionem,
2593 2085 2716 2134 tum

312 2153 387 2212 ad
414 2155 640 2232 piorum
684 2158 941 2216 omnium
977 2159 1398 2218 institutionem
1428 2171 1487 2220 et
1528 2159 1819 2220 solatium.
1905 2159 2051 2218 Haec
2079 2159 2227 2218 ratio
2255 2177 2362 2216 nos
2405 2156 2606 2230 movit,
2651 2164 2716 2216 ut

314 2235 826 2296 exercitationibus
874 2238 1331 2315 praecedentibus
1386 2239 1458 2299 de
1500 2240 1689 2300 tribus
1737 2240 2046 2312 miraculis,
2105 2239 2167 2296 in
2215 2236 2460 2316 gratiam
2515 2235 2716 2313 populi

316 2311 618 2374 Israelitici
647 2316 707 2374 in
736 2317 963 2378 deserto
1004 2319 1260 2396 patratis,
1301 2321 1599 2398 Baptiemo
1629 2321 1850 2381 scilicet
1889 2321 2046 2380 nubis
2087 2328 2142 2378 et
2179 2319 2372 2393 maris,
2416 2335 2630 2376 manna
2657 2324 2716 2376 et

303 2403 496 2470 petra,
528 2395 763 2457 brevem
791 2399 941 2458 hanc
968 2399 1041 2458 de
1080 2401 1351 2478 Serpente
1394 2422 1563 2476 oeneo,
1594 2402 1656 2460 in
1695 2422 1813 2480 quo
1853 2421 1970 2460 non
2015 2399 2206 2459 minus
2257 2397 2370 2458 Dei
2413 2397 2614 2476 gratiae
2656 2405 2716 2457 et

313 2475 547 2535 virtutis
602 2478 939 2540 miraculum
984 2481 1248 2559 occurrit,
1302 2483 1782 2542 Dissertationem
1837 2481 2196 2555 adderemus,
2254 2499 2427 2556 quam
2475 2477 2551 2537 ad
2597 2477 2715 2536 duo

311 2555 515 2634 Capita
540 2559 978 2638 revocabimus3
1025 2561 1097 2620 In
1125 2563 1309 2641 primo
1339 2563 1595 2623 historiae
1625 2563 1924 2622 veritatem
1968 2560 2028 2619 in
2057 2570 2215 2638 typo,
2246 2560 2310 2618 in
2336 2559 2516 2618 altero
2557 2560 2712 2636 ejus·

310 2635 441 2695 dem
470 2641 809 2716 mysterium
837 2643 898 2700 in
926 2643 1206 2721 antityp0,
1231 2665 1363 2703 cum
1385 2644 1539 2703 bono
1564 2644 1708 2718 De0,
1733 2642 2042 2720 expensuri
2073 2659 2290 2699 sumus.
2374 2639 2448 2696 In
2467 2647 2714 2716 utroque

309 2717 526 2857 mallugn
551 2722 776 2798 peccati
804 2731 863 2782 et
888 2742 1075 2801 poenae
1104 2724 1214 2784 erit
1240 2722 1658 2782 attendendum
1686 2742 1818 2781 cum
1845 2719 2100 2780 remedio
2147 2718 2492 2778 miraculoso
2520 2738 2557 2776 a
2585 2719 2714 2777 Deo

311 2815 387 2856 ex
428 2819 449 2856 1
492 2799 590 2859 ito,

392 2876 477 2938 ΙΙ.
522 2879 786 2940 Historia
827 2881 1073 2942 refertur
1098 2903 1133 2942 a
1176 2883 1360 2957 Mose,
1404 2883 1579 2941 Num.
1622 2881 1768 2954 xxi„
1815 2881 1918 2940 ubi
1959 2887 2222 2939 recenset
2263 2878 2540 2956 populum
2581 2887 2714 2952 post

311 2957 735 3035 suppeditatum
762 2981 973 3038 aquam
999 2982 1032 3020 e
1058 2972 1223 3039 petra
1248 2963 1311 3020 in
1338 2961 1558 3035 Kades,
1588 2980 1722 3019 cum
1749 2959 1887 3018 inde
1913 2959 1990 3018 ad
2014 2967 2270 3017 montem
2299 2957 2430 3015 Hor
2454 2955 2712 3034 proficis-

314 3045 553 3110 ceretur,
584 3047 646 3098 et
670 3059 787 3098 non
814 3050 971 3099 recta
998 3041 1111 3116 via,
1144 3039 1249 3100 sed
1274 3061 1379 3120 per
1404 3039 1678 3100 taediosas
1706 3039 2072 3098 circuitiones
2112 3047 2281 3098 terres
2325 3035 2713 3096 Idumaeorum

308 3117 667 3194 pergendum
709 3118 823 3178 sibi
864 3120 1090 3180 videret
1132 3121 1193 3179 in
1236 3129 1449 3180 terram
1488 3119 1740 3196 Canaan,
1789 3128 1964 3197 atque
1991 3119 2074 3178 ita
2120 3117 2338 3177 diutius
2378 3119 2440 3176 in
2484 3117 2712 3178 deserto

312 3197 713 3274 oberrandum,
764 3218 839 3258 ex
880 3199 1240 3278 impatientia
1277 3201 1340 3259 in
1367 3200 1542 3260 duras
1583 3208 1643 3259 et
1670 3219 1880 3277 graves
1921 3207 2122 3259 contra
2163 3199 2354 3258 Deum
2395 3209 2456 3260 et
2485 3199 2712 3258 Mosem

311 3296 487 3338 voces
514 3277 705 3339 denuo
734 3279 1007 3358 erupisse·
1096 3280 1269 3342 Unde
1297 3281 1385 3340 ira
1411 3289 1734 3341 commotus
1778 3281 1938 3340 Deus
1971 3287 2266 3358 serpentes
2291 3289 2610 3340 venenatos
2652 3288 2711 3341 et

310 3358 519 3418 noxios
540 3359 601 3417 in
628 3379 728 3420 eos
749 3359 1004 3438 immisit,
1036 3381 1281 3439 quorum
1307 3360 1594 3422 morsibus
1620 3359 1904 3421 lethiferis
1929 3381 2143 3439 magna
2168 3361 2368 3439 populi
2395 3359 2708 3421 multitudo

314 3439 583 3500 concidit.
669 3441 889 3501 Verum
932 3461 1065 3502 cum
1118 3450 1421 3520 peccatum
1450 3463 1619 3503 suum
1663 3450 2045 3521 agnoscerent
2083 3449 2144 3502 et
2164 3441 2574 3503 confiterentur
2617 3441 2706 3501 Is-

304 3517 541 3596 raelitae,
573 3529 747 3598 atque
775 3522 931 3598 apud
959 3523 1185 3582 Mosem
1215 3523 1676 3602 deprecarentur,
1709 3523 1870 3583 Deus
1897 3521 1974 3582 ad
2021 3522 2208 3581 Mosis
2249 3542 2450 3600 preces
2493 3530 2706 3590 motus.

310 3597 513 3658 salutis
541 3601 857 3660 remedium
884 3603 1003 3663 illis
1028 3605 1291 3682 praebuit,
1311 3604 1451 3664 dum
1470 3603 1654 3680 jussit
1682 3604 1910 3663 Mosem
1951 3612 2275 3682 serpentem
2317 3623 2540 3662 aeneum
2568 3621 2704 3661 con·

306 3675 463 3754 flare,
495 3688 554 3740 et
580 3680 827 3742 eundem
854 3683 1085 3760 publice
1110 3685 1172 3743 in
1200 3685 1475 3746 eminenti
1498 3685 1631 3744 loco
1659 3685 1897 3764 erigere,
1927 3683 2128 3743 addita
2151 3684 2262 3742 hac
2288 3681 2706 3761 promissione3

306 3755 427 3817 fore
454 3767 523 3820 ut
549 3780 747 3820 omnes
774 3764 952 3824 morsi
978 3785 1109 3826 eum
1136 3765 1521 3844 adspicientes
1550 3774 1922 3841 sanarentur3
1967 3763 2137 3840 Quod
2165 3772 2408 3824 eventus
2442 3781 2704 3839 compro-

304 3837 485 3914 bavit,
518 3839 819 3918 siquidem,
865 3844 1031 3906 Mose
1072 3846 1343 3907 mandato
1388 3845 1589 3906 divino
1635 3847 2004 3924 obsequente,
2051 3853 2335 3922 quotquot
2381 3852 2706 3921 serpentem

306 3916 461 3978 hunc
488 3940 712 3981 aeneum
738 3922 1143 4003 adspexerant,
1176 3927 1363 3987 sanati
1390 3935 1541 3987 sunt.

912 4005 1033 4065 ΙΙΙ.
1088 4007 1208 4068 Ubi
1254 4009 1440 4086 primo
1482 4007 1731 4068 occurrit
1779 4006 2161 4066 consideratio
2203 4004 2423 4082 peccati
2473 4004 2706 4064 Israeli·

335 4067 377 4112 P
379 4072 675 4173 ffliaeum
678 4069 761 4172 J*
825 4095 1031 4166 tarum,
1075 4089 1443 4166 postmodum
1482 4109 1623 4149 vero
1651 4107 1838 4166 poenae
1865 4107 1900 4146 a
1949 4087 2076 4144 Deo
2117 4084 2236 4144 illis
2275 4094 2578 4162 propterea
2619 4085 2704 4144 in·

832 4167 1019 4228 flictae.
1104 4168 1415 4229 Peccatum
1457 4169 1722 4229 consistit
1755 4169 1817 4226 in
1855 4185 2164 4240 murmure,
2194 4185 2309 4241 quo
2337 4165 2398 4222 in
2429 4165 2619 4224 Deum
2645 4175 2706 4226 et

306 4245 535 4304 Mosem
564 4246 1018 4325 insurrexerunt,
1049 4249 1173 4308 sive
1210 4257 1443 4328 propter
1470 4249 1693 4309 itineris
1720 4245 2084 4308 incommoda
2113 4254 2170 4304 et
2191 4244 2582 4322 prolixitatem
2601 4265 2703 4322 po-

344 4325 441 4385 ulo
469 4326 789 4406 defatigato
817 4336 878 4388 et
912 4327 1230 4404 fatiscente,
1270 4330 1397 4388 sive
1438 4337 1672 4407 propter
1699 4347 1864 4405 aqute
1891 4335 1950 4386 ct
1991 4326 2104 4385 cibi
2149 4323 2448 4401 penuriam
2494 4345 2708 4386 manna

300 4345 645 4484 Estidientffi
676 4417 737 4469 et
764 4409 921 4469 sitim
950 4429 1019 4468 ac
1045 4408 1255 4468 famem
1284 4407 1397 4468 sibi
1422 4408 1682 4468 adnexas
1707 4414 2078 4486 proetexente,
2108 4404 2246 4464 licet
2286 4404 2516 4465 abunde
2546 4406 2708 4468 Deus

300 4483 389 4544 illi
408 4488 804 4566 prospexisset
832 4489 1027 4567 quoad
1051 4497 1377 4567 utrumque,
1411 4490 1447 4522 “
1472 4488 1776 4564 Loquutus
1803 4494 1893 4545 est
1917 4485 2168 4564 populus
2195 4494 2396 4546 contra
2425 4487 2614 4546 Deum
2649 4497 2708 4548 et

306 4565 553 4645 Mosem,
584 4577 651 4628 ut
678 4569 823 4646 quid
864 4569 1175 4629 ascendere
1200 4589 1309 4629 nos
1336 4569 1523 4629 fecisti
1564 4587 1642 4626 ex
1683 4565 1966 4645 AEgyptO,
1997 4575 2063 4625 ut
2109 4586 2460 4627 moreremur
2505 4567 2568 4626 in
2609 4568 2706 4627 de-

308 4655 461 4706 serto
480 4650 509 4707 ⁴?
592 4648 649 4708 N
648 4669 727 4708 on
754 4657 845 4709 est
864 4649 1017 4709 enim
1044 4650 1210 4729 panis
1238 4669 1425 4730 neque
1452 4669 1619 4728 aqua,
1644 4655 1704 4708 et
1729 4646 1906 4708 taedet
1945 4647 2196 4708 animam
2237 4659 2494 4709 nostram
2539 4668 2712 4728 super

306 4745 455 4803 pane
519 4728 695 4806 levi‚’'
728 4729 902 4792 Num.
946 4730 1069 4791 xxi.
1102 4733 1157 4792 5.
1244 4729 1412 4808 Quod
1456 4729 1776 4810 Apostolus
1825 4728 2066 4808 exponit
2103 4749 2209 4808 per
2248 4731 2642 4808 tentationem,
2680 4733 2710 4790 1
