3234 5192
277 374 514 416 msru'r.
545 356 656 438 1v.]
911 376 990 416 ns.
1035 374 1313 417 Roscium
1358 373 1596 413 onmium
1641 371 2065 415 NECESSITATE.
2570 361 2687 417 273

272 537 389 576 non
417 525 643 577 tantum
670 537 797 577 esse
826 517 1040 577 debent
1081 517 1140 573 in
1169 515 1330 575 fideli
1372 514 1675 589 servand0,
1720 516 1825 575 sed
1854 524 1912 577 et
1940 516 2165 595 operari
2192 526 2250 576 et
2278 516 2500 576 efficere
2531 520 2683 579 salu-

271 604 427 673 tem;
472 597 614 657 Alia
635 608 724 658 est
747 598 1067 657 Necessitas
1093 596 1279 672 medii,
1310 614 1413 673 per
1440 614 1614 673 quam
1643 594 1797 655 bona
1830 616 2004 675 opera
2033 606 2367 657 statuuntur
2406 618 2534 657 esse
2564 618 2680 659 me-

267 676 366 735 dia
391 678 718 738 necessaria
764 678 842 737 ad
886 676 1295 757 possidendam
1323 674 1570 733 salutem
1593 698 1608 751 ;
1654 676 1793 735 Alia
1837 697 1977 735 vero
2003 679 2319 737 Necessitas
2348 680 2548 752 meriti,
2579 700 2683 758 per

267 776 440 834 quam
469 759 562 818 vis
588 760 764 817 etiam
790 759 1084 818 meritoria
1109 758 1228 815 illis
1255 755 1526 815 tribuitur
1553 755 1630 814 ad
1658 775 1785 813 eam
1812 759 2221 835 acquirendam
2245 780 2259 835 ;
2306 757 2445 816 Alia
2472 762 2677 819 Neces-

263 837 401 896 sitas
427 840 786 899 connexionis
829 848 890 898 et
915 837 1334 917 dependentiae,
1365 855 1480 913 qua
1519 836 1676 894 bona
1704 836 1893 914 Opera
1920 838 2191 897 dicuntur
2216 838 2555 898 antecedere
2578 860 2677 899 ne·

261 919 530 996 cessari0,
561 929 622 979 et
638 921 902 979 connecti
927 939 996 978 ac
1022 926 1156 997 post
1183 938 1244 977 se
1273 916 1500 977 trahere
1527 915 1711 974 vitam
1732 924 1791 975 et
1818 916 2091 994 salutem;
2138 918 2277 977 Alia
2304 938 2442 978 vero
2470 921 2683 979 Neces-

265 997 408 1057 sitas
449 1002 815 1077 causalitate‘s,
851 1002 1027 1079 juxta
1069 1018 1244 1077 quam
1293 1015 1468 1074 opera
1493 995 1711 1054 habent
1737 998 2017 1056 rationem
2048 1018 2237 1058 causas
2285 999 2361 1057 ad
2410 999 2673 1077 salutem,

258 1097 392 1154 quae
421 1100 548 1139 eam
591 1081 690 1139 vel
716 1088 1150 1159 promereantur
1195 1077 1293 1135 vel
1336 1075 1676 1154 producant.
1766 1078 2087 1137 Statuimus
2116 1087 2317 1139 contra
2344 1078 2677 1140 Libertinos

260 1157 412 1219 bona
434 1161 625 1238 Opera
645 1161 970 1221 necessaria
990 1179 1118 1218 esse
1139 1158 1316 1235 priori
1338 1176 1530 1232 sensu,
1555 1155 1659 1215 sed
1679 1175 1961 1234 negamus
1978 1159 2283 1235 posteriori
2300 1168 2499 1219 contra
2521 1160 2671 1220 Pon·

260 1237 486 1299 tificios.
519 1242 600 1299 Et
627 1241 698 1299 de
725 1242 902 1319 priori
928 1258 1082 1299 nunc
1109 1238 1380 1297 distincte
1407 1235 1700 1313 agendum
1728 1237 2089 1315 suscipimus.

261 1355 400 1403 Bona
430 1358 594 1417 Opera
625 1364 744 1404 sunt
865 1320 942 1379 V.
1004 1320 1150 1378 Cum
1198 1337 1337 1377 vero
1385 1318 1702 1375 Necessitas
1744 1318 1927 1395 vulgo
1970 1318 2190 1397 duplex
2234 1327 2535 1399 statuatur,
2566 1342 2671 1400 pro

351 1420 638 1473 necessaria,
783 1408 990 1460 natura
1015 1418 1206 1458 rerum
1233 1418 1362 1475 quae
1389 1397 1734 1475 praestandae
1762 1406 1914 1473 sunt,
1948 1397 2087 1457 Alia
2114 1418 2243 1477 quse
2272 1399 2485 1459 dicitur
2512 1422 2668 1477 proe-

259 1474 572 1592 Nec‘ffggitf
621 1490 744 1535 1³1·ae-
785 1482 944 1574 cepfi,
975 1500 1104 1574 quse
1135 1478 1432 1571 voluntate
1473 1477 1861 1570 praecipientis
1902 1478 2123 1551 nititur,
2152 1478 2441 1573 quomodo
2470 1501 2669 1541 neces-

782 1582 934 1621 saria
953 1560 1064 1619 suit
1079 1561 1407 1618 observatio
1431 1557 1913 1617 Caeremomarum
1936 1559 2044 1617 sub
2056 1560 2259 1619 Veteri
2279 1560 2667 1637 TestamentO,

253 1650 316 1703 et
341 1643 702 1703 necessarius
751 1651 841 1701 est
885 1661 1024 1701 usus
1069 1639 1358 1718 Baptismi
1384 1638 1444 1696 in
1485 1638 1657 1697 Novo
1689 1638 2096 1716 Testamento;
2145 1639 2283 1699 Alia
2310 1660 2449 1699 vero
2478 1644 2665 1720 medii,

253 1743 386 1800 quse
412 1744 530 1784 non
557 1723 772 1803 pendet
797 1730 1022 1783 tantum
1051 1742 1088 1780 a
1113 1720 1413 1780 voluntate
1457 1718 1857 1795 Legislatoris,
1889 1720 1991 1778 sed
2034 1739 2164 1796 quse
2192 1720 2467 1779 fundatur
2493 1722 2668 1782 etiam

252 1803 314 1862 in
340 1824 532 1863 rerum
555 1806 808 1881 ipsarum
830 1811 1052 1877 natura,
1077 1810 1135 1861 et
1153 1808 1354 1860 mutua
1379 1799 1530 1858 inter
1551 1799 1881 1857 seinvicem
1899 1800 2177 1859 relatione
2196 1810 2255 1861 et
2272 1802 2629 1863 counexione
2650 1828 2665 1881 ;

251 1883 542 1961 quomodo
567 1885 714 1944 fides
741 1884 952 1943 dicitur
972 1902 1099 1941 esse
1127 1880 1454 1941 necessaria
1468 1878 1546 1937 ad
1573 1878 1837 1955 salutem,
1860 1900 1977 1939 non
1998 1888 2223 1940 tantum
2244 1882 2381 1959 quia
2401 1883 2483 1940 ita
2505 1884 2667 1944 Deus

250 1965 530 2043 praecipit,
561 1964 666 2025 sed
693 1965 866 2023 etiam
895 1963 1034 2042 quia
1059 1971 1180 2021 tarn
1207 1968 1368 2019 arcta
1395 1968 1484 2019 est
1510 1960 1662 2019 inter
1704 1958 1880 2019 fidem
1908 1969 1967 2020 et
1994 1962 2240 2021 salutem
2268 1964 2569 2039 connexi0,
2600 1973 2668 2024 ut

253 2045 498 2105 salutem
545 2046 668 2104 sine
714 2044 830 2103 fide
875 2044 1136 2103 obtinere
1175 2041 1252 2100 sit
1289 2039 1665 2118 impossibile.
1752 2040 1919 2099 Bona
1968 2040 2157 2119 Opera
2198 2050 2443 2119 utroque
2492 2043 2665 2103 modo

247 2124 520 2184 fidelibus
547 2124 816 2183 omnibus
842 2123 920 2182 ad
947 2122 1194 2181 salutem
1239 2120 1564 2179 necessaria
1607 2139 1733 2179 esse
1761 2120 2193 2198 pertendimus:
2235 2122 2385 2181 Tum
2412 2125 2663 2183 necessi-

247 2211 368 2264 tate
395 2205 686 2282 praecepti,
717 2204 854 2281 quia
879 2223 916 2261 a
945 2203 1072 2261 Deo
1097 2199 1372 2259 mandata
1391 2209 1542 2275 sunt,
1572 2209 1633 2259 et
1658 2200 1733 2259 ab
1760 2200 1993 2261 homine
2020 2201 2340 2280 debentur;
2385 2202 2533 2261 Tum
2562 2223 2660 2263 ne-

247 2284 518 2343 cessitate
532 2283 721 2360 medii,
735 2284 872 2361 quia
881 2282 1174 2341 indivulso
1191 2300 1322 2341 cum
1341 2280 1524 2340 salute
1543 2300 1701 2339 nexu
1716 2282 2024 2341 cohaerent.
2070 2283 2148 2342 Et
2168 2291 2233 2342 ut
2255 2282 2327 2342 de
2344 2284 2663 2345 necessitate

238 2366 522 2441 praecepti
544 2364 804 2424 dicamus
829 2364 1096 2443 primum,
1145 2361 1442 2440 Scriptura
1466 2361 1685 2439 passim
1712 2362 1871 2420 illam
1900 2361 2164 2439 adstruit,
2196 2364 2333 2423 dum
2364 2364 2660 2424 Bonorum

247 2444 504 2523 Operum
544 2444 771 2524 praxim
801 2453 859 2504 et
889 2442 1375 2505 sanctificationis
1405 2442 1659 2501 studium
1687 2441 1959 2503 fidelibus
1978 2444 2259 2523 praecipit.
2333 2448 2370 2479 ‘⁴
2394 2444 2541 2504 Haec
2569 2454 2659 2506 est

244 2524 516 2586 voluntas
562 2524 734 2601 Dei,’'
783 2524 973 2603 inquit
1023 2521 1243 2583 Paulus
1291 2525 1320 2581 1
1385 2521 1462 2581 ad
1505 2522 1710 2582 Thess.
1758 2542 1807 2581 c.
1857 2523 1937 2583 iv.
1968 2542 2089 2585 ver.
2120 2528 2175 2601 3,
2225 2525 2657 2586 “sanctificatio

240 2615 456 2683 nostra,
486 2615 553 2666 ut
579 2607 823 2685 quisque
849 2626 956 2665 vas
986 2624 1155 2665 suum
1224 2602 1476 2662 ossideat
1503 2602 1564 2660 in
1593 2602 1897 2663 sanctitate
1926 2613 1985 2663 et
2010 2604 2288 2665 honore.''
2335 2606 2433 2665 Sic
2462 2606 2654 2665 Chris-

236 2695 351 2761 tus,
386 2688 596 2746 Matth.
626 2707 685 2746 v.
722 2690 812 2763 16,
849 2690 884 2721 ‘⁴
907 2686 1130 2745 Luceat
1175 2623 1310 2743 Lux
1356 2691 1552 2743 vestra
1589 2702 1785 2742 coram
1832 2684 2225 2760 hominibus,'’
2256 2694 2314 2745 et
2358 2686 2498 2746 Joh.
2528 2687 2653 2747 xiii.

240 2770 336 2843 34,
385 2770 421 2801 ‘⁶
445 2767 788 2827 Mandatum
815 2787 1032 2827 novum
1059 2764 1137 2823 do
1167 2764 1352 2841 vobis,
1383 2771 1452 2823 ut
1497 2782 1606 2822 vos
1654 2763 1905 2822 invicem
1951 2764 2267 2841 diligatis,”
2316 2772 2375 2823 et
2434 2768 2463 2823 1
2508 2765 2553 2825 J
2556 2767 2649 2827 oh.

235 2846 319 2906 iii.
363 2851 460 2923 23,
507 2848 700 2907 “Hoc
744 2856 834 2907 est
879 2846 1216 2905 mandatum
1259 2843 1419 2921 quod
1465 2842 1637 2902 nobis
1683 2841 1861 2918 dedit,
1906 2851 1969 2901 ut
2010 2844 2312 2903 credamus
2352 2844 2415 2901 in
2440 2864 2647 2904 nomen

241 2926 380 2985 Filii
408 2928 514 3003 sui,
535 2935 594 2985 et
621 2927 932 3003 diligamus
959 2925 1269 2983 invicem.'’
1356 2922 1480 2982 Nec
1520 2922 1637 2980 alio
1684 2922 2001 2999 respiciunt
2027 2930 2115 2981 tot
2143 2922 2562 2998 Prophetarum
2591 2934 2649 2985 et

239 3004 658 3084 Apostolorum
705 3004 1120 3081 potentissimae
1167 3003 1243 3062 ad
1269 3002 1542 3081 pietatem
1591 3009 1653 3059 et
1680 3001 2040 3061 sanctitatem
2069 3002 2441 3079 hortationes,
2472 3024 2647 3081 quam

237 3095 304 3145 ut
333 3084 578 3143 doceant
603 3103 722 3142 non
749 3104 854 3143 suo
881 3082 1162 3142 arbitratu
1197 3082 1437 3141 vivendi
1463 3080 1757 3141 licentiam
1800 3081 2006 3159 cuique
2034 3102 2069 3141 a
2100 3082 2226 3141 Deo
2256 3083 2511 3159 concedi,
2542 3085 2648 3145 sed

235 3158 520 3226 bonorum
549 3164 803 3242 Operum
823 3162 1164 3222 exercitium
1189 3170 1256 3221 ut
1295 3161 1686 3240 justissimum
1702 3167 1763 3220 et
1789 3181 2009 3221 summe
2053 3163 2303 3223 salutare
2328 3165 2643 3242 praescribi.

235 3247 364 3323 Quo
385 3245 634 3325 pertinet
651 3245 824 3305 etiam
836 3263 956 3303 vox
967 3243 1172 3318 Debiti,
1192 3262 1322 3321 quae
1337 3242 1608 3303 fidelibus
1628 3241 1916 3319 tribuitur,
1930 3262 2107 3319 quum
2118 3244 2414 3304 Debitores
2428 3265 2641 3307 vocan-

230 3336 342 3403 tur,
374 3326 546 3386 Rom.
565 3325 688 3384 viii.
723 3328 815 3400 12,
847 3332 908 3384 et
933 3322 1058 3381 xiii.
1090 3326 1144 3399 7,
1171 3324 1226 3397 8,
1249 3322 1392 3383 Luc.
1415 3324 1560 3382 xvii.
1587 3325 1681 3382 10.
1740 3323 1865 3382 Nec
1892 3324 2043 3383 enim
2070 3324 2377 3385 Debitores
2404 3337 2643 3406 possent

229 3408 363 3486 dici,
385 3408 498 3466 nisi
519 3406 659 3486 quia
685 3402 994 3465 obediendi
1019 3403 1336 3465 necessitas
1362 3403 1503 3482 ipsis
1531 3424 1607 3465 ex
1640 3403 1751 3463 Dei
1777 3405 2113 3483 praescripto
2152 3406 2423 3485 imposita
2448 3418 2556 3470 est.

833 3485 946 3544 VI.
991 3484 1172 3544 Porro
1225 3484 1490 3544 Debitum
1545 3484 1642 3543 hic
1696 3484 1915 3563 duplex
1983 3485 2458 3565 distinguendum
2527 3498 2634 3567 est,

227 3556 466 3661 D‘ss’stmss
510 3554 712 3657 {¹2:¹2¹}ss
753 3564 940 3625 Aliud
963 3566 1194 3643 Leqale,
1225 3564 1410 3624 Aliud
1437 3566 1845 3643 Evangelt'cum
1862 3590 1888 3640 ;
1929 3567 2142 3643 Leyale
2168 3588 2367 3627 rursus
2396 3568 2631 3646 duplex,

286 3626 512 3731 ςεῗιξὲιιωῗ
757 3646 869 3705 Vel
883 3648 1150 3723 perfectae
1177 3645 1496 3706 obedientia
1522 3645 1585 3703 in
1613 3646 1775 3723 Lege
1816 3647 2109 3723 requisitae
2138 3646 2214 3706 ad
2252 3648 2391 3707 vitae
2434 3648 2631 3725 acqui-

751 3726 1034 3804 sitionem,
1065 3746 1182 3805 quo
1229 3745 1404 3785 sensu
1445 3726 1665 3784 Paulus
1710 3733 1885 3785 vocat
1910 3729 2121 3803 Leqem
2157 3728 2629 3803 Chiroqraphum,

227 3811 350 3872 Col.
380 3810 441 3868 ii.
475 3811 570 3881 14,
599 3808 736 3885 quia
761 3808 824 3866 in
850 3828 920 3867 ea
947 3806 1276 3867 obedientia
1304 3806 1430 3866 Deo
1459 3805 1673 3881 debita,
1705 3814 1763 3865 et
1788 3816 2023 3885 propter
2042 3826 2217 3883 quam
2246 3806 2507 3866 obstricti
2536 3826 2628 3865 su-

223 3908 354 3950 mus
399 3890 527 3969 ipsi,
573 3888 862 3963 sancitur3
909 3888 1004 3947 Ita
1055 3886 1284 3947 debitor
1329 3893 1452 3945 erat
1480 3885 1763 3961 Adamus,
1822 3894 1883 3945 et
1929 3895 2215 3965 quotquot
2240 3896 2475 3946 manent
2520 3886 2628 3945 sub

221 3970 439 4030 foedere
482 3969 732 4047 Operum
755 3992 770 4045 ;
816 3968 950 4029 Gal.
1012 3988 1074 4027 v.
1117 3970 1172 4043 3,
1237 3970 1273 4002 ‘⁴
1294 3966 1398 4043 qui
1449 3966 1578 4025 vult
1641 3966 1991 4041 circumcidi,
2034 3966 2263 4026 debitor
2318 3975 2409 4025 est
2446 3966 2627 4026 totius

222 4051 404 4129 Legis
445 4049 744 4109 servandae
767 4050 822 4126 ;’'
849 4048 967 4108 Vel
993 4049 1198 4124 Poenoe,
1241 4047 1464 4106 ratione
1507 4046 1730 4107 seilicet
1769 4046 2210 4124 maledictionis,
2254 4066 2429 4126 quam
2477 4045 2625 4104 ferre

218 4130 434 4191 debent
477 4130 656 4207 Legis
695 4138 1188 4207 transgressores3
1230 4127 1366 4186 hinc
1410 4126 1770 4205 Peccatores,
1814 4128 1917 4204 qui
1953 4128 2041 4187 rei
2081 4135 2217 4186 sunt
2257 4146 2450 4186 coram
2480 4126 2625 4201 Deo,

213 4220 499 4273 vocantur
526 4211 791 4285 zeuxim,
824 4210 1036 4269 Matth.
1079 4207 1245 4267 xviii.
1275 4210 1370 4283 34,
1401 4216 1461 4267 et
1485 4214 1727 4286 peccata
1753 4208 1937 4267 debita
1963 4208 2235 4267 dicuntur
2260 4206 2323 4265 in
2351 4206 2623 4265 Oratione

215 4293 540 4369 Dominica,
574 4291 788 4350 Matth.
817 4290 895 4350 vi.
981 4289 1114 4349 Non
1141 4288 1300 4366 quod
1322 4307 1391 4346 ea
1416 4287 1733 4346 debeamus
1760 4288 1906 4363 Deo,
1936 4285 2083 4346 nihil
2110 4286 2263 4343 enim
2290 4284 2484 4344 minus
2525 4285 2625 4344 de-

211 4373 449 4449 bemus3
495 4393 626 4450 quse
667 4371 816 4432 ratio
857 4378 948 4431 est
974 4390 1078 4429 cur
1116 4375 1354 4447 peccata
1391 4366 1596 4426 mortis
1635 4386 1773 4425 vere
1814 4368 1933 4425 sint
1970 4364 2278 4441 meritoria,
2323 4366 2461 4444 quia
2486 4374 2623 4427 sunt

209 4454 382 4532 plane
421 4454 714 4529 indebita3
775 4451 880 4511 sed
919 4450 1142 4511 ratione
1201 4468 1388 4528 poenoe
1431 4446 1853 4523 consequentis,
1898 4447 2037 4523 quia
2076 4444 2151 4503 ad
2190 4444 2353 4505 illam
2394 4454 2622 4509 tenetur

207 4542 476 4611 peccator
503 4554 579 4594 ex
621 4532 824 4594 ordine
858 4530 1122 4610 justitias,
1167 4550 1274 4589 nec
1314 4534 1507 4607 potest
1547 4525 1719 4601 elabi,
1764 4526 1905 4605 quin
1946 4524 2207 4586 debitum
2244 4527 2393 4587 illud
2434 4530 2617 4589 serius

208 4612 370 4674 ocius
396 4614 730 4675 exsolverit.
778 4612 877 4671 Ab
905 4618 1150 4689 utroque
1175 4611 1288 4670 hoc
1316 4607 1512 4669 debito
1538 4607 1769 4667 liberati
1791 4615 1926 4667 sunt
1944 4606 2147 4669 fideles
2172 4628 2278 4687 per
2306 4609 2614 4686 Christum,

203 4694 304 4770 qui
347 4694 565 4772 Legem
607 4691 902 4772 implendo
943 4710 1048 4769 pro
1089 4690 1248 4769 ipsis,
1279 4697 1340 4751 et
1365 4687 1559 4768 quoad
1599 4687 2005 4767 obedientiam,
2036 4696 2097 4751 et
2134 4689 2329 4768 quoad
2368 4708 2615 4769 poenam,

2344 4788 2372 4829 s
