<?xml version="1.0" encoding="UTF-8"?>
<!DOCTYPE html PUBLIC "-//W3C//DTD XHTML 1.0 Transitional//EN"
    "http://www.w3.org/TR/xhtml1/DTD/xhtml1-transitional.dtd">
<html xmlns="http://www.w3.org/1999/xhtml" xml:lang="en" lang="en">
 <head>
  <title>
</title>
<meta http-equiv="Content-Type" content="text/html;charset=utf-8" />
  <meta name='ocr-system' content='tesseract 3.04.00' />
  <meta name='ocr-capabilities' content='ocr_page ocr_carea ocr_par ocr_line ocrx_word'/>
</head>
<body>
  <div class='ocr_page' id='page_1' title='image "./denecessariasec00turrgoog_0605.png"; bbox 0 0 3234 5192; ppageno 0'>
   <div class='ocr_carea' id='block_1_1' title="bbox 287 323 2689 407">
    <p class='ocr_par' dir='ltr' id='par_1_1' title="bbox 287 323 2689 407">
     <span class='ocr_line' id='line_1_1' title="bbox 287 323 2689 407; baseline 0.002 -24"><span class='ocrx_word' id='word_1_1' title='bbox 287 343 521 386; x_wconf 56' lang='lat' dir='ltr'><strong>masur.</strong></span> <span class='ocrx_word' id='word_1_2' title='bbox 565 323 748 407; x_wconf 61' lang='lat' dir='ltr'><strong>xvia]</strong></span> <span class='ocrx_word' id='word_1_3' title='bbox 949 343 1028 384; x_wconf 76' lang='lat' dir='ltr'><strong>ns</strong></span> <span class='ocrx_word' id='word_1_4' title='bbox 1058 341 1534 385; x_wconf 65' lang='lat' dir='ltr'><strong>sxrrsrxc&#39;rroms</strong></span> <span class='ocrx_word' id='word_1_5' title='bbox 1563 341 1801 384; x_wconf 65' lang='lat' dir='ltr'><strong>efflusi-1</strong></span> <span class='ocrx_word' id='word_1_6' title='bbox 1830 341 2149 384; x_wconf 71' lang='lat' dir='ltr'><strong>vsm‘rATS.</strong></span> <span class='ocrx_word' id='word_1_7' title='bbox 2576 332 2689 390; x_wconf 81' lang='lat'><strong>551</strong></span> 
     </span>
    </p>
   </div>
   <div class='ocr_carea' id='block_1_2' title="bbox 247 483 2751 4728">
    <p class='ocr_par' dir='ltr' id='par_1_2' title="bbox 267 483 2691 2482">
     <span class='ocr_line' id='line_1_2' title="bbox 361 483 2691 563; baseline 0.002 -19"><span class='ocrx_word' id='word_1_8' title='bbox 361 485 508 544; x_wconf 88' lang='lat' dir='ltr'><strong>XV.</strong></span> <span class='ocrx_word' id='word_1_9' title='bbox 553 484 698 544; x_wconf 85' lang='lat' dir='ltr'><strong>Cum</strong></span> <span class='ocrx_word' id='word_1_10' title='bbox 731 483 802 544; x_wconf 89' lang='lat' dir='ltr'><strong>E.</strong></span> <span class='ocrx_word' id='word_1_11' title='bbox 847 504 922 544; x_wconf 85' lang='lat' dir='ltr'><strong>ex</strong></span> <span class='ocrx_word' id='word_1_12' title='bbox 970 485 1262 563; x_wconf 86' lang='lat' dir='ltr'><strong>pathetica</strong></span> <span class='ocrx_word' id='word_1_13' title='bbox 1309 485 1420 544; x_wconf 87' lang='lat' dir='ltr'><strong>hac</strong></span> <span class='ocrx_word' id='word_1_14' title='bbox 1450 484 1667 544; x_wconf 82' lang='lat' dir='ltr'><strong>Christi</strong></span> <span class='ocrx_word' id='word_1_15' title='bbox 1712 483 2131 544; x_wconf 77' lang='lat' dir='ltr'><strong>exclamatione</strong></span> <span class='ocrx_word' id='word_1_16' title='bbox 2179 484 2515 546; x_wconf 88' lang='lat' dir='ltr'><strong>derelictum</strong></span> <span class='ocrx_word' id='word_1_17' title='bbox 2560 509 2691 548; x_wconf 91' lang='lat' dir='ltr'><strong>eum</strong></span> 
     </span>
     <span class='ocr_line' id='line_1_3' title="bbox 275 564 2691 643; baseline 0.002 -20"><span class='ocrx_word' id='word_1_18' title='bbox 275 565 456 624; x_wconf 86' lang='lat' dir='ltr'><strong>fuisse</strong></span> <span class='ocrx_word' id='word_1_19' title='bbox 486 585 522 624; x_wconf 89' lang='lat' dir='ltr'><strong>a</strong></span> <span class='ocrx_word' id='word_1_20' title='bbox 544 565 716 624; x_wconf 88' lang='lat' dir='ltr'><strong>Patre</strong></span> <span class='ocrx_word' id='word_1_21' title='bbox 739 573 978 641; x_wconf 86' lang='lat' dir='ltr'><strong>constet,</strong></span> <span class='ocrx_word' id='word_1_22' title='bbox 1004 573 1064 628; x_wconf 86' lang='lat' dir='ltr'><strong>et</strong></span> <span class='ocrx_word' id='word_1_23' title='bbox 1089 586 1167 625; x_wconf 87' lang='lat' dir='ltr'><strong>ex</strong></span> <span class='ocrx_word' id='word_1_24' title='bbox 1194 565 1366 624; x_wconf 88' lang='lat' dir='ltr'><strong>dictis</strong></span> <span class='ocrx_word' id='word_1_25' title='bbox 1392 565 1612 642; x_wconf 80' lang='lat' dir='ltr'><strong>liqueat</strong></span> <span class='ocrx_word' id='word_1_26' title='bbox 1639 564 1928 643; x_wconf 89' lang='lat' dir='ltr'><strong>quomodo</strong></span> <span class='ocrx_word' id='word_1_27' title='bbox 1951 565 2200 624; x_wconf 84' lang='lat' dir='ltr'><strong>desertio</strong></span> <span class='ocrx_word' id='word_1_28' title='bbox 2227 567 2352 625; x_wconf 65' lang='lat' dir='ltr'><strong>haec</strong></span> <span class='ocrx_word' id='word_1_29' title='bbox 2374 567 2449 625; x_wconf 89' lang='lat' dir='ltr'><strong>sit</strong></span> <span class='ocrx_word' id='word_1_30' title='bbox 2475 567 2691 628; x_wconf 87' lang='lat' dir='ltr'><strong>intelli·</strong></span> 
     </span>
     <span class='ocr_line' id='line_1_4' title="bbox 274 645 2691 724; baseline 0.001 -19"><span class='ocrx_word' id='word_1_31' title='bbox 274 646 485 724; x_wconf 87' lang='lat' dir='ltr'><strong>genda,</strong></span> <span class='ocrx_word' id='word_1_32' title='bbox 534 654 796 722; x_wconf 77' lang='lat' dir='ltr'><strong>superest</strong></span> <span class='ocrx_word' id='word_1_33' title='bbox 840 645 1183 722; x_wconf 88' lang='lat' dir='ltr'><strong>inquirenda</strong></span> <span class='ocrx_word' id='word_1_34' title='bbox 1227 646 1460 722; x_wconf 89' lang='lat' dir='ltr'><strong>propria</strong></span> <span class='ocrx_word' id='word_1_35' title='bbox 1506 647 1675 704; x_wconf 88' lang='lat' dir='ltr'><strong>istius</strong></span> <span class='ocrx_word' id='word_1_36' title='bbox 1719 645 2062 704; x_wconf 81' lang='lat' dir='ltr'><strong>desertionis</strong></span> <span class='ocrx_word' id='word_1_37' title='bbox 2101 646 2267 721; x_wconf 86' lang='lat' dir='ltr'><strong>rati0,</strong></span> <span class='ocrx_word' id='word_1_38' title='bbox 2299 655 2357 706; x_wconf 91' lang='lat' dir='ltr'><strong>et</strong></span> <span class='ocrx_word' id='word_1_39' title='bbox 2384 667 2560 706; x_wconf 88' lang='lat' dir='ltr'><strong>causa</strong></span> <span class='ocrx_word' id='word_1_40' title='bbox 2588 669 2691 708; x_wconf 87' lang='lat' dir='ltr'><strong>cur</strong></span> 
     </span>
     <span class='ocr_line' id='line_1_5' title="bbox 273 725 2689 803; baseline 0.001 -19"><span class='ocrx_word' id='word_1_41' title='bbox 273 727 436 784; x_wconf 88' lang='lat' dir='ltr'><strong>Deus</strong></span> <span class='ocrx_word' id='word_1_42' title='bbox 461 725 754 785; x_wconf 81' lang='lat' dir='ltr'><strong>Christum</strong></span> <span class='ocrx_word' id='word_1_43' title='bbox 772 725 1120 802; x_wconf 87' lang='lat' dir='ltr'><strong>deseruerit;</strong></span> <span class='ocrx_word' id='word_1_44' title='bbox 1164 726 1274 784; x_wconf 93' lang='lat' dir='ltr'><strong>hoc</strong></span> <span class='ocrx_word' id='word_1_45' title='bbox 1297 726 1450 784; x_wconf 89' lang='lat' dir='ltr'><strong>enim</strong></span> <span class='ocrx_word' id='word_1_46' title='bbox 1477 745 1594 785; x_wconf 88' lang='lat' dir='ltr'><strong>non</strong></span> <span class='ocrx_word' id='word_1_47' title='bbox 1622 725 1827 785; x_wconf 88' lang='lat' dir='ltr'><strong>fecisse</strong></span> <span class='ocrx_word' id='word_1_48' title='bbox 1856 725 1979 784; x_wconf 90' lang='lat' dir='ltr'><strong>sine</strong></span> <span class='ocrx_word' id='word_1_49' title='bbox 2008 726 2175 802; x_wconf 81' lang='lat' dir='ltr'><strong>gravi</strong></span> <span class='ocrx_word' id='word_1_50' title='bbox 2203 726 2452 803; x_wconf 88' lang='lat' dir='ltr'><strong>quadam</strong></span> <span class='ocrx_word' id='word_1_51' title='bbox 2480 737 2540 786; x_wconf 88' lang='lat' dir='ltr'><strong>et</strong></span> <span class='ocrx_word' id='word_1_52' title='bbox 2566 749 2689 788; x_wconf 90' lang='lat' dir='ltr'><strong>me-</strong></span> 
     </span>
     <span class='ocr_line' id='line_1_6' title="bbox 270 805 2685 884; baseline 0.002 -20"><span class='ocrx_word' id='word_1_53' title='bbox 270 805 539 864; x_wconf 89' lang='lat' dir='ltr'><strong>morabili</strong></span> <span class='ocrx_word' id='word_1_54' title='bbox 568 825 742 864; x_wconf 88' lang='lat' dir='ltr'><strong>causa</strong></span> <span class='ocrx_word' id='word_1_55' title='bbox 769 813 936 864; x_wconf 89' lang='lat' dir='ltr'><strong>extra</strong></span> <span class='ocrx_word' id='word_1_56' title='bbox 963 805 1414 865; x_wconf 84' lang='lat' dir='ltr'><strong>controversiam</strong></span> <span class='ocrx_word' id='word_1_57' title='bbox 1441 825 1568 864; x_wconf 91' lang='lat' dir='ltr'><strong>esse</strong></span> <span class='ocrx_word' id='word_1_58' title='bbox 1597 805 1789 865; x_wconf 86' lang='lat' dir='ltr'><strong>debet.</strong></span> <span class='ocrx_word' id='word_1_59' title='bbox 1821 805 1965 864; x_wconf 89' lang='lat' dir='ltr'><strong>Cum</strong></span> <span class='ocrx_word' id='word_1_60' title='bbox 1990 805 2059 864; x_wconf 87' lang='lat' dir='ltr'><strong>E.</strong></span> <span class='ocrx_word' id='word_1_61' title='bbox 2081 805 2295 882; x_wconf 89' lang='lat' dir='ltr'><strong>triplici</strong></span> <span class='ocrx_word' id='word_1_62' title='bbox 2322 806 2685 884; x_wconf 88' lang='lat' dir='ltr'><strong>potissimum</strong></span> 
     </span>
     <span class='ocr_line' id='line_1_7' title="bbox 271 883 2683 964; baseline 0.001 -20"><span class='ocrx_word' id='word_1_63' title='bbox 271 884 347 944; x_wconf 89' lang='lat' dir='ltr'><strong>de</strong></span> <span class='ocrx_word' id='word_1_64' title='bbox 375 905 554 945; x_wconf 87' lang='lat' dir='ltr'><strong>causa</strong></span> <span class='ocrx_word' id='word_1_65' title='bbox 573 886 743 952; x_wconf 85' lang='lat' dir='ltr'><strong>Deus</strong></span> <span class='ocrx_word' id='word_1_66' title='bbox 771 885 1034 944; x_wconf 89' lang='lat' dir='ltr'><strong>deserere</strong></span> <span class='ocrx_word' id='word_1_67' title='bbox 1063 885 1248 945; x_wconf 80' lang='lat' dir='ltr'><strong>soleat</strong></span> <span class='ocrx_word' id='word_1_68' title='bbox 1275 893 1625 944; x_wconf 85' lang='lat' dir='ltr'><strong>creaturam:</strong></span> <span class='ocrx_word' id='word_1_69' title='bbox 1659 889 1711 944; x_wconf 93' lang='grc'><strong>1.</strong></span> <span class='ocrx_word' id='word_1_70' title='bbox 1734 883 1851 943; x_wconf 89' lang='lat' dir='ltr'><strong>Vel</strong></span> <span class='ocrx_word' id='word_1_71' title='bbox 1872 885 1945 943; x_wconf 89' lang='lat' dir='ltr'><strong>ad</strong></span> <span class='ocrx_word' id='word_1_72' title='bbox 1968 887 2429 962; x_wconf 66' lang='lat' dir='ltr'><strong>explorationem,</strong></span> <span class='ocrx_word' id='word_1_73' title='bbox 2444 906 2683 964; x_wconf 89' lang='lat' dir='ltr'><strong>quomo·</strong></span> 
     </span>
     <span class='ocr_line' id='line_1_8' title="bbox 272 964 2683 1046; baseline 0.002 -22"><span class='ocrx_word' id='word_1_74' title='bbox 272 964 350 1024; x_wconf 93' lang='lat' dir='ltr'><strong>do</strong></span> <span class='ocrx_word' id='word_1_75' title='bbox 383 967 546 1025; x_wconf 89' lang='lat' dir='ltr'><strong>Deus</strong></span> <span class='ocrx_word' id='word_1_76' title='bbox 573 965 786 1024; x_wconf 88' lang='lat' dir='ltr'><strong>dieitur</strong></span> <span class='ocrx_word' id='word_1_77' title='bbox 811 985 847 1023; x_wconf 86' lang='lat' dir='ltr'><strong>a</strong></span> <span class='ocrx_word' id='word_1_78' title='bbox 873 965 1220 1042; x_wconf 87' lang='lat' dir='ltr'><strong>quibusdam</strong></span> <span class='ocrx_word' id='word_1_79' title='bbox 1249 965 1540 1024; x_wconf 88' lang='lat' dir='ltr'><strong>Adamum</strong></span> <span class='ocrx_word' id='word_1_80' title='bbox 1581 965 1905 1024; x_wconf 86' lang='lat' dir='ltr'><strong>deseruisse</strong></span> <span class='ocrx_word' id='word_1_81' title='bbox 1934 985 2065 1024; x_wconf 88' lang='lat' dir='ltr'><strong>cum</strong></span> <span class='ocrx_word' id='word_1_82' title='bbox 2094 985 2307 1025; x_wconf 87' lang='lat' dir='ltr'><strong>novam</strong></span> <span class='ocrx_word' id='word_1_83' title='bbox 2338 967 2423 1024; x_wconf 92' lang='lat' dir='ltr'><strong>illi</strong></span> <span class='ocrx_word' id='word_1_84' title='bbox 2452 967 2527 1025; x_wconf 91' lang='lat' dir='ltr'><strong>ad</strong></span> <span class='ocrx_word' id='word_1_85' title='bbox 2554 989 2683 1046; x_wconf 89' lang='lat' dir='ltr'><strong>per-</strong></span> 
     </span>
     <span class='ocr_line' id='line_1_9' title="bbox 273 1045 2681 1125; baseline 0.001 -21"><span class='ocrx_word' id='word_1_86' title='bbox 273 1045 660 1105; x_wconf 85' lang='lat' dir='ltr'><strong>severandum</strong></span> <span class='ocrx_word' id='word_1_87' title='bbox 711 1045 954 1122; x_wconf 79' lang='lat' dir='ltr'><strong>gratiam</strong></span> <span class='ocrx_word' id='word_1_88' title='bbox 1002 1065 1120 1103; x_wconf 88' lang='lat' dir='ltr'><strong>non</strong></span> <span class='ocrx_word' id='word_1_89' title='bbox 1149 1045 1411 1121; x_wconf 88' lang='lat' dir='ltr'><strong>contulit,</strong></span> <span class='ocrx_word' id='word_1_90' title='bbox 1456 1045 1530 1103; x_wconf 87' lang='lat' dir='ltr'><strong>ad</strong></span> <span class='ocrx_word' id='word_1_91' title='bbox 1573 1045 1989 1122; x_wconf 79' lang='lat' dir='ltr'><strong>explorandam</strong></span> <span class='ocrx_word' id='word_1_92' title='bbox 2028 1046 2292 1123; x_wconf 89' lang='lat' dir='ltr'><strong>obsequii</strong></span> <span class='ocrx_word' id='word_1_93' title='bbox 2320 1047 2681 1125; x_wconf 88' lang='lat' dir='ltr'><strong>fidelitatem,</strong></span> 
     </span>
     <span class='ocr_line' id='line_1_10' title="bbox 273 1125 2681 1203; baseline 0.002 -19"><span class='ocrx_word' id='word_1_94' title='bbox 273 1127 401 1184; x_wconf 91' lang='lat' dir='ltr'><strong>Deo</strong></span> <span class='ocrx_word' id='word_1_95' title='bbox 420 1126 588 1203; x_wconf 80' lang='lat' dir='ltr'><strong>quasi</strong></span> <span class='ocrx_word' id='word_1_96' title='bbox 609 1126 832 1184; x_wconf 89' lang='lat' dir='ltr'><strong>eminus</strong></span> <span class='ocrx_word' id='word_1_97' title='bbox 854 1125 1230 1200; x_wconf 88' lang='lat' dir='ltr'><strong>concedente;</strong></span> <span class='ocrx_word' id='word_1_98' title='bbox 1253 1125 1352 1200; x_wconf 90' lang='lat' dir='ltr'><strong>sic,</strong></span> <span class='ocrx_word' id='word_1_99' title='bbox 1378 1129 1414 1183; x_wconf 81' lang='lat'><strong><em>2</em></strong></span> <span class='ocrx_word' id='word_1_100' title='bbox 1440 1125 1651 1184; x_wconf 91' lang='lat' dir='ltr'><strong>Chrou.</strong></span> <span class='ocrx_word' id='word_1_101' title='bbox 1676 1125 1865 1185; x_wconf 86' lang='lat' dir='ltr'><strong>xxxii.</strong></span> <span class='ocrx_word' id='word_1_102' title='bbox 1890 1127 1985 1201; x_wconf 87' lang='lat'><strong>31,</strong></span> <span class='ocrx_word' id='word_1_103' title='bbox 2010 1125 2223 1184; x_wconf 87' lang='lat' dir='ltr'><strong>dicitur</strong></span> <span class='ocrx_word' id='word_1_104' title='bbox 2246 1127 2555 1186; x_wconf 84' lang='lat' dir='ltr'><strong>Ezechiam</strong></span> <span class='ocrx_word' id='word_1_105' title='bbox 2580 1129 2681 1188; x_wconf 91' lang='lat' dir='ltr'><strong>de-</strong></span> 
     </span>
     <span class='ocr_line' id='line_1_11' title="bbox 270 1205 2685 1286; baseline 0.002 -22"><span class='ocrx_word' id='word_1_106' title='bbox 270 1207 522 1264; x_wconf 87' lang='lat' dir='ltr'><strong>seruisse</strong></span> <span class='ocrx_word' id='word_1_107' title='bbox 551 1225 682 1264; x_wconf 89' lang='lat' dir='ltr'><strong>cum</strong></span> <span class='ocrx_word' id='word_1_108' title='bbox 707 1205 888 1281; x_wconf 88' lang='lat' dir='ltr'><strong>legati</strong></span> <span class='ocrx_word' id='word_1_109' title='bbox 916 1225 992 1263; x_wconf 86' lang='lat' dir='ltr'><strong>ex</strong></span> <span class='ocrx_word' id='word_1_110' title='bbox 1021 1205 1348 1282; x_wconf 88' lang='lat' dir='ltr'><strong>Babylonia</strong></span> <span class='ocrx_word' id='word_1_111' title='bbox 1374 1213 1659 1264; x_wconf 85' lang='lat' dir='ltr'><strong>venerunt</strong></span> <span class='ocrx_word' id='word_1_112' title='bbox 1686 1213 1749 1265; x_wconf 86' lang='lat' dir='ltr'><strong>ut</strong></span> <span class='ocrx_word' id='word_1_113' title='bbox 1771 1225 1901 1264; x_wconf 87' lang='lat' dir='ltr'><strong>eum</strong></span> <span class='ocrx_word' id='word_1_114' title='bbox 1930 1206 2273 1282; x_wconf 84' lang='lat' dir='ltr'><strong>exploraret,</strong></span> <span class='ocrx_word' id='word_1_115' title='bbox 2299 1211 2335 1240; x_wconf 92' lang='lat'><strong>⁴⁴</strong></span> <span class='ocrx_word' id='word_1_116' title='bbox 2359 1207 2685 1286; x_wconf 89' lang='lat' dir='ltr'><strong>Dereliquit</strong></span> 
     </span>
     <span class='ocr_line' id='line_1_12' title="bbox 269 1284 2683 1363; baseline 0.002 -20"><span class='ocrx_word' id='word_1_117' title='bbox 269 1305 404 1344; x_wconf 88' lang='lat' dir='ltr'><strong>eum</strong></span> <span class='ocrx_word' id='word_1_118' title='bbox 438 1286 597 1344; x_wconf 87' lang='lat' dir='ltr'><strong>Deus</strong></span> <span class='ocrx_word' id='word_1_119' title='bbox 619 1285 894 1344; x_wconf 88' lang='lat' dir='ltr'><strong>tentando</strong></span> <span class='ocrx_word' id='word_1_120' title='bbox 923 1305 1056 1344; x_wconf 86' lang='lat' dir='ltr'><strong>eum</strong></span> <span class='ocrx_word' id='word_1_121' title='bbox 1083 1293 1146 1344; x_wconf 92' lang='lat' dir='ltr'><strong>ut</strong></span> <span class='ocrx_word' id='word_1_122' title='bbox 1173 1285 1532 1361; x_wconf 84' lang='lat' dir='ltr'><strong>experiretur</strong></span> <span class='ocrx_word' id='word_1_123' title='bbox 1546 1284 1830 1363; x_wconf 88' lang='lat' dir='ltr'><strong>quidquid</strong></span> <span class='ocrx_word' id='word_1_124' title='bbox 1858 1294 1983 1344; x_wconf 88' lang='lat' dir='ltr'><strong>erat</strong></span> <span class='ocrx_word' id='word_1_125' title='bbox 2008 1286 2063 1344; x_wconf 88' lang='lat' dir='ltr'><strong>ei</strong></span> <span class='ocrx_word' id='word_1_126' title='bbox 2090 1285 2149 1344; x_wconf 89' lang='lat' dir='ltr'><strong>in</strong></span> <span class='ocrx_word' id='word_1_127' title='bbox 2178 1286 2375 1344; x_wconf 87' lang='lat' dir='ltr'><strong>animo</strong></span> <span class='ocrx_word' id='word_1_128' title='bbox 2396 1288 2455 1363; x_wconf 84' lang='lat'><strong>;&#39;&#39;</strong></span> <span class='ocrx_word' id='word_1_129' title='bbox 2480 1292 2536 1346; x_wconf 87' lang='grc'><strong>2.</strong></span> <span class='ocrx_word' id='word_1_130' title='bbox 2568 1289 2683 1347; x_wconf 89' lang='lat' dir='ltr'><strong>Vel</strong></span> 
     </span>
     <span class='ocr_line' id='line_1_13' title="bbox 273 1363 2679 1442; baseline 0.001 -19"><span class='ocrx_word' id='word_1_131' title='bbox 273 1364 348 1424; x_wconf 87' lang='lat' dir='ltr'><strong>ad</strong></span> <span class='ocrx_word' id='word_1_132' title='bbox 378 1367 790 1439; x_wconf 72' lang='lat' dir='ltr'><strong>correctionem,</strong></span> <span class='ocrx_word' id='word_1_133' title='bbox 822 1383 938 1442; x_wconf 89' lang='lat' dir='ltr'><strong>quo</strong></span> <span class='ocrx_word' id='word_1_134' title='bbox 968 1383 1141 1424; x_wconf 89' lang='lat' dir='ltr'><strong>sensu</strong></span> <span class='ocrx_word' id='word_1_135' title='bbox 1189 1363 1400 1423; x_wconf 87' lang='lat' dir='ltr'><strong>dicitur</strong></span> <span class='ocrx_word' id='word_1_136' title='bbox 1443 1365 1841 1442; x_wconf 89' lang='lat' dir='ltr'><strong>derelinquere</strong></span> <span class='ocrx_word' id='word_1_137' title='bbox 1868 1365 2069 1424; x_wconf 85' lang='lat' dir='ltr'><strong>fideles</strong></span> <span class='ocrx_word' id='word_1_138' title='bbox 2096 1375 2155 1425; x_wconf 89' lang='lat' dir='ltr'><strong>et</strong></span> <span class='ocrx_word' id='word_1_139' title='bbox 2185 1367 2507 1425; x_wconf 78' lang='lat' dir='ltr'><strong>Ecclesiam</strong></span> <span class='ocrx_word' id='word_1_140' title='bbox 2534 1387 2679 1426; x_wconf 89' lang='lat' dir='ltr'><strong>non·</strong></span> 
     </span>
     <span class='ocr_line' id='line_1_14' title="bbox 267 1445 2678 1524; baseline 0.001 -21"><span class='ocrx_word' id='word_1_141' title='bbox 267 1463 584 1522; x_wconf 89' lang='lat' dir='ltr'><strong>nunquam,</strong></span> <span class='ocrx_word' id='word_1_142' title='bbox 609 1453 676 1504; x_wconf 91' lang='lat' dir='ltr'><strong>ut</strong></span> <span class='ocrx_word' id='word_1_143' title='bbox 697 1445 804 1502; x_wconf 91' lang='lat' dir='ltr'><strong>hoc</strong></span> <span class='ocrx_word' id='word_1_144' title='bbox 820 1452 990 1522; x_wconf 88' lang='lat' dir='ltr'><strong>pacto</strong></span> <span class='ocrx_word' id='word_1_145' title='bbox 1018 1445 1096 1503; x_wconf 88' lang='lat' dir='ltr'><strong>ad</strong></span> <span class='ocrx_word' id='word_1_146' title='bbox 1119 1445 1521 1521; x_wconf 84' lang='lat' dir='ltr'><strong>humilitatem,</strong></span> <span class='ocrx_word' id='word_1_147' title='bbox 1551 1445 1967 1523; x_wconf 86' lang='lat' dir='ltr'><strong>poenitentiam,</strong></span> <span class='ocrx_word' id='word_1_148' title='bbox 2000 1453 2058 1504; x_wconf 90' lang='lat' dir='ltr'><strong>et</strong></span> <span class='ocrx_word' id='word_1_149' title='bbox 2083 1447 2307 1524; x_wconf 87' lang='lat' dir='ltr'><strong>peccati</strong></span> <span class='ocrx_word' id='word_1_150' title='bbox 2334 1447 2528 1506; x_wconf 91' lang='lat' dir='ltr'><strong>odium</strong></span> <span class='ocrx_word' id='word_1_151' title='bbox 2558 1467 2678 1505; x_wconf 87' lang='lat' dir='ltr'><strong>ma·</strong></span> 
     </span>
     <span class='ocr_line' id='line_1_15' title="bbox 269 1524 2680 1604; baseline 0.002 -21"><span class='ocrx_word' id='word_1_152' title='bbox 269 1525 364 1601; x_wconf 87' lang='lat' dir='ltr'><strong>gis</strong></span> <span class='ocrx_word' id='word_1_153' title='bbox 387 1545 455 1583; x_wconf 87' lang='lat' dir='ltr'><strong>ac</strong></span> <span class='ocrx_word' id='word_1_154' title='bbox 483 1524 670 1602; x_wconf 89' lang='lat' dir='ltr'><strong>magis</strong></span> <span class='ocrx_word' id='word_1_155' title='bbox 697 1524 1086 1600; x_wconf 75' lang='lat' dir='ltr'><strong>inciter-entur,</strong></span> <span class='ocrx_word' id='word_1_156' title='bbox 1116 1545 1248 1584; x_wconf 87' lang='lat' dir='ltr'><strong>cum</strong></span> <span class='ocrx_word' id='word_1_157' title='bbox 1290 1525 1511 1584; x_wconf 90' lang='lat' dir='ltr'><strong>scilicet</strong></span> <span class='ocrx_word' id='word_1_158' title='bbox 1537 1526 1610 1584; x_wconf 86' lang='lat' dir='ltr'><strong>ab</strong></span> <span class='ocrx_word' id='word_1_159' title='bbox 1640 1525 1713 1584; x_wconf 90' lang='lat' dir='ltr'><strong>iis</strong></span> <span class='ocrx_word' id='word_1_160' title='bbox 1742 1525 2028 1586; x_wconf 84' lang='lat' dir='ltr'><strong>subtrahit</strong></span> <span class='ocrx_word' id='word_1_161' title='bbox 2054 1526 2130 1584; x_wconf 90' lang='lat' dir='ltr'><strong>ad</strong></span> <span class='ocrx_word' id='word_1_162' title='bbox 2156 1535 2383 1604; x_wconf 88' lang='lat' dir='ltr'><strong>tempus</strong></span> <span class='ocrx_word' id='word_1_163' title='bbox 2412 1527 2680 1603; x_wconf 67' lang='lat' dir='ltr'><strong>gratiosa)</strong></span> 
     </span>
     <span class='ocr_line' id='line_1_16' title="bbox 269 1605 2683 1682; baseline 0.001 -18"><span class='ocrx_word' id='word_1_164' title='bbox 269 1623 392 1664; x_wconf 76' lang='lat' dir='ltr'><strong>suae</strong></span> <span class='ocrx_word' id='word_1_165' title='bbox 439 1605 760 1682; x_wconf 77' lang='lat' dir='ltr'><strong>praesentiae</strong></span> <span class='ocrx_word' id='word_1_166' title='bbox 807 1605 1154 1680; x_wconf 86' lang='lat' dir='ltr'><strong>testimonia,</strong></span> <span class='ocrx_word' id='word_1_167' title='bbox 1185 1624 1352 1682; x_wconf 89' lang='lat' dir='ltr'><strong>opem</strong></span> <span class='ocrx_word' id='word_1_168' title='bbox 1381 1625 1543 1664; x_wconf 87' lang='lat' dir='ltr'><strong>suam</strong></span> <span class='ocrx_word' id='word_1_169' title='bbox 1571 1605 1648 1664; x_wconf 87' lang='lat' dir='ltr'><strong>ad</strong></span> <span class='ocrx_word' id='word_1_170' title='bbox 1676 1625 1775 1665; x_wconf 89' lang='lat' dir='ltr'><strong>eos</strong></span> <span class='ocrx_word' id='word_1_171' title='bbox 1802 1605 2133 1666; x_wconf 88' lang='lat' dir='ltr'><strong>liberandos</strong></span> <span class='ocrx_word' id='word_1_172' title='bbox 2162 1607 2355 1666; x_wconf 83' lang='lat' dir='ltr'><strong>statim</strong></span> <span class='ocrx_word' id='word_1_173' title='bbox 2397 1627 2515 1666; x_wconf 87' lang='lat' dir='ltr'><strong>non</strong></span> <span class='ocrx_word' id='word_1_174' title='bbox 2542 1627 2683 1667; x_wconf 85' lang='lat' dir='ltr'><strong>exe—</strong></span> 
     </span>
     <span class='ocr_line' id='line_1_17' title="bbox 269 1685 2675 1764; baseline 0.002 -21"><span class='ocrx_word' id='word_1_175' title='bbox 269 1704 424 1760; x_wconf 89' lang='lat' dir='ltr'><strong>rens,</strong></span> <span class='ocrx_word' id='word_1_176' title='bbox 457 1685 562 1744; x_wconf 88' lang='lat' dir='ltr'><strong>sed</strong></span> <span class='ocrx_word' id='word_1_177' title='bbox 605 1687 800 1744; x_wconf 88' lang='lat' dir='ltr'><strong>sinens</strong></span> <span class='ocrx_word' id='word_1_178' title='bbox 849 1705 950 1745; x_wconf 92' lang='lat' dir='ltr'><strong>eos</strong></span> <span class='ocrx_word' id='word_1_179' title='bbox 993 1686 1054 1745; x_wconf 90' lang='lat' dir='ltr'><strong>in</strong></span> <span class='ocrx_word' id='word_1_180' title='bbox 1102 1685 1408 1745; x_wconf 87' lang='lat' dir='ltr'><strong>afflictione</strong></span> <span class='ocrx_word' id='word_1_181' title='bbox 1452 1685 1673 1746; x_wconf 89' lang='lat' dir='ltr'><strong>diutius</strong></span> <span class='ocrx_word' id='word_1_182' title='bbox 1699 1685 1919 1745; x_wconf 80' lang='lat' dir='ltr'><strong>versari</strong></span> <span class='ocrx_word' id='word_1_183' title='bbox 1966 1687 2134 1764; x_wconf 85' lang='lat' dir='ltr'><strong>quasi</strong></span> <span class='ocrx_word' id='word_1_184' title='bbox 2160 1707 2261 1746; x_wconf 91' lang='lat' dir='ltr'><strong>eos</strong></span> <span class='ocrx_word' id='word_1_185' title='bbox 2288 1707 2405 1746; x_wconf 88' lang='lat' dir='ltr'><strong>non</strong></span> <span class='ocrx_word' id='word_1_186' title='bbox 2433 1697 2675 1764; x_wconf 80' lang='lat' dir='ltr'><strong>curaret,</strong></span> 
     </span>
     <span class='ocr_line' id='line_1_18' title="bbox 267 1764 2677 1846; baseline 0.001 -22"><span class='ocrx_word' id='word_1_187' title='bbox 267 1765 560 1842; x_wconf 89' lang='lat' dir='ltr'><strong>quomodo</strong></span> <span class='ocrx_word' id='word_1_188' title='bbox 588 1765 968 1843; x_wconf 87' lang='lat' dir='ltr'><strong>intelligenda</strong></span> <span class='ocrx_word' id='word_1_189' title='bbox 995 1776 1130 1826; x_wconf 89' lang='lat' dir='ltr'><strong>sunt</strong></span> <span class='ocrx_word' id='word_1_190' title='bbox 1160 1767 1328 1826; x_wconf 66' lang='lat' dir='ltr'><strong>Isaiae</strong></span> <span class='ocrx_word' id='word_1_191' title='bbox 1351 1766 1546 1842; x_wconf 87' lang='lat' dir='ltr'><strong>verba,</strong></span> <span class='ocrx_word' id='word_1_192' title='bbox 1567 1787 1617 1826; x_wconf 87' lang='lat' dir='ltr'><strong>c.</strong></span> <span class='ocrx_word' id='word_1_193' title='bbox 1649 1767 1750 1825; x_wconf 85' lang='lat' dir='ltr'><strong>liv.</strong></span> <span class='ocrx_word' id='word_1_194' title='bbox 1776 1771 1829 1843; x_wconf 84' lang='lat'><strong>7,</strong></span> <span class='ocrx_word' id='word_1_195' title='bbox 1862 1764 1990 1842; x_wconf 83' lang='lat' dir='ltr'><strong>&amp;c.,</strong></span> <span class='ocrx_word' id='word_1_196' title='bbox 2018 1769 2054 1800; x_wconf 99' lang='lat'><strong>‘⁴</strong></span> <span class='ocrx_word' id='word_1_197' title='bbox 2074 1767 2319 1826; x_wconf 89' lang='lat' dir='ltr'><strong>Deserui</strong></span> <span class='ocrx_word' id='word_1_198' title='bbox 2342 1776 2397 1826; x_wconf 92' lang='lat' dir='ltr'><strong>te</strong></span> <span class='ocrx_word' id='word_1_199' title='bbox 2426 1787 2530 1846; x_wconf 89' lang='lat' dir='ltr'><strong>per</strong></span> <span class='ocrx_word' id='word_1_200' title='bbox 2558 1789 2677 1826; x_wconf 87' lang='lat' dir='ltr'><strong>mo·</strong></span> 
     </span>
     <span class='ocr_line' id='line_1_19' title="bbox 267 1843 2681 1924; baseline 0.002 -22"><span class='ocrx_word' id='word_1_201' title='bbox 267 1853 466 1904; x_wconf 89' lang='lat' dir='ltr'><strong>menta</strong></span> <span class='ocrx_word' id='word_1_202' title='bbox 491 1847 730 1924; x_wconf 80' lang='lat' dir='ltr'><strong>aliquot,</strong></span> <span class='ocrx_word' id='word_1_203' title='bbox 755 1846 856 1905; x_wconf 89' lang='lat' dir='ltr'><strong>sed</strong></span> <span class='ocrx_word' id='word_1_204' title='bbox 879 1847 1150 1924; x_wconf 88' lang='lat' dir='ltr'><strong>colligam</strong></span> <span class='ocrx_word' id='word_1_205' title='bbox 1177 1856 1236 1906; x_wconf 90' lang='lat' dir='ltr'><strong>te</strong></span> <span class='ocrx_word' id='word_1_206' title='bbox 1265 1847 1324 1904; x_wconf 88' lang='lat' dir='ltr'><strong>in</strong></span> <span class='ocrx_word' id='word_1_207' title='bbox 1353 1843 1817 1906; x_wconf 84' lang='lat' dir='ltr'><strong>miserationibus</strong></span> <span class='ocrx_word' id='word_1_208' title='bbox 1846 1847 2135 1923; x_wconf 75' lang='lat' dir='ltr'><strong>aeternis,”</strong></span> <span class='ocrx_word' id='word_1_209' title='bbox 2162 1857 2223 1906; x_wconf 87' lang='lat' dir='ltr'><strong>et</strong></span> <span class='ocrx_word' id='word_1_210' title='bbox 2250 1848 2351 1906; x_wconf 87' lang='lat' dir='ltr'><strong>illa</strong></span> <span class='ocrx_word' id='word_1_211' title='bbox 2377 1847 2589 1907; x_wconf 83' lang='lat' dir='ltr'><strong>Thren.</strong></span> <span class='ocrx_word' id='word_1_212' title='bbox 2622 1869 2681 1908; x_wconf 89' lang='lat' dir='ltr'><strong>v.</strong></span> 
     </span>
     <span class='ocr_line' id='line_1_20' title="bbox 269 1926 2681 2006; baseline 0.001 -23"><span class='ocrx_word' id='word_1_213' title='bbox 269 1928 368 1999; x_wconf 84' lang='lat'><strong>20,</strong></span> <span class='ocrx_word' id='word_1_214' title='bbox 397 1928 432 1958; x_wconf 92' lang='lat'><strong>⁴⁴</strong></span> <span class='ocrx_word' id='word_1_215' title='bbox 453 1927 640 2001; x_wconf 82' lang='lat' dir='ltr'><strong>Quare</strong></span> <span class='ocrx_word' id='word_1_216' title='bbox 658 1928 718 1984; x_wconf 90' lang='lat' dir='ltr'><strong>in</strong></span> <span class='ocrx_word' id='word_1_217' title='bbox 741 1935 1018 1986; x_wconf 83' lang='lat' dir='ltr'><strong>aeternum</strong></span> <span class='ocrx_word' id='word_1_218' title='bbox 1041 1927 1402 1985; x_wconf 88' lang='lat' dir='ltr'><strong>oblivisceris</strong></span> <span class='ocrx_word' id='word_1_219' title='bbox 1421 1926 1619 2002; x_wconf 87' lang='lat' dir='ltr'><strong>nostri,</strong></span> <span class='ocrx_word' id='word_1_220' title='bbox 1646 1926 2072 2004; x_wconf 86' lang='lat' dir='ltr'><strong>derelinqueres</strong></span> <span class='ocrx_word' id='word_1_221' title='bbox 2093 1945 2201 1986; x_wconf 87' lang='lat' dir='ltr'><strong>nos</strong></span> <span class='ocrx_word' id='word_1_222' title='bbox 2229 1927 2485 2004; x_wconf 85' lang='lat' dir='ltr'><strong>quandiu</strong></span> <span class='ocrx_word' id='word_1_223' title='bbox 2504 1929 2681 2006; x_wconf 85' lang='lat' dir='ltr'><strong>longa</strong></span> 
     </span>
     <span class='ocr_line' id='line_1_21' title="bbox 267 2005 2675 2084; baseline 0.001 -20"><span class='ocrx_word' id='word_1_224' title='bbox 267 2012 440 2064; x_wconf 87' lang='lat' dir='ltr'><strong>erunt</strong></span> <span class='ocrx_word' id='word_1_225' title='bbox 467 2015 726 2084; x_wconf 88' lang='lat' dir='ltr'><strong>tempora</strong></span> <span class='ocrx_word' id='word_1_226' title='bbox 747 2007 798 2082; x_wconf 85' lang='lat'><strong>;’&#39;</strong></span> <span class='ocrx_word' id='word_1_227' title='bbox 831 2010 886 2065; x_wconf 82' lang='lat'><strong>3.</strong></span> <span class='ocrx_word' id='word_1_228' title='bbox 935 2007 1048 2064; x_wconf 89' lang='lat' dir='ltr'><strong>Vel</strong></span> <span class='ocrx_word' id='word_1_229' title='bbox 1093 2005 1168 2064; x_wconf 91' lang='lat' dir='ltr'><strong>ad</strong></span> <span class='ocrx_word' id='word_1_230' title='bbox 1195 2007 1497 2064; x_wconf 82' lang='lat' dir='ltr'><strong>vindictam</strong></span> <span class='ocrx_word' id='word_1_231' title='bbox 1541 2016 1598 2064; x_wconf 90' lang='lat' dir='ltr'><strong>et</strong></span> <span class='ocrx_word' id='word_1_232' title='bbox 1635 2027 1883 2082; x_wconf 82' lang='lat' dir='ltr'><strong>poenam,</strong></span> <span class='ocrx_word' id='word_1_233' title='bbox 1934 2015 2000 2065; x_wconf 90' lang='lat' dir='ltr'><strong>ut</strong></span> <span class='ocrx_word' id='word_1_234' title='bbox 2041 2007 2296 2067; x_wconf 87' lang='lat' dir='ltr'><strong>deseruit</strong></span> <span class='ocrx_word' id='word_1_235' title='bbox 2344 2008 2593 2084; x_wconf 87' lang='lat' dir='ltr'><strong>Saulem,</strong></span> <span class='ocrx_word' id='word_1_236' title='bbox 2646 2011 2675 2066; x_wconf 96' lang='lat' dir='ltr'><strong>l</strong></span> 
     </span>
     <span class='ocr_line' id='line_1_22' title="bbox 275 2085 2682 2162; baseline 0.001 -19"><span class='ocrx_word' id='word_1_237' title='bbox 275 2085 432 2144; x_wconf 86' lang='lat' dir='ltr'><strong>Sam.</strong></span> <span class='ocrx_word' id='word_1_238' title='bbox 462 2086 690 2162; x_wconf 66' lang='lat' dir='ltr'><strong>xxviii„</strong></span> <span class='ocrx_word' id='word_1_239' title='bbox 715 2087 854 2145; x_wconf 90' lang='lat' dir='ltr'><strong>dum</strong></span> <span class='ocrx_word' id='word_1_240' title='bbox 871 2087 922 2144; x_wconf 93' lang='lat' dir='ltr'><strong>ei</strong></span> <span class='ocrx_word' id='word_1_241' title='bbox 952 2105 1059 2144; x_wconf 91' lang='lat' dir='ltr'><strong>nec</strong></span> <span class='ocrx_word' id='word_1_242' title='bbox 1087 2105 1190 2161; x_wconf 88' lang='lat' dir='ltr'><strong>per</strong></span> <span class='ocrx_word' id='word_1_243' title='bbox 1225 2085 1406 2160; x_wconf 89' lang='lat' dir='ltr'><strong>Urim,</strong></span> <span class='ocrx_word' id='word_1_244' title='bbox 1435 2103 1542 2143; x_wconf 88' lang='lat' dir='ltr'><strong>nec</strong></span> <span class='ocrx_word' id='word_1_245' title='bbox 1560 2105 1663 2161; x_wconf 89' lang='lat' dir='ltr'><strong>per</strong></span> <span class='ocrx_word' id='word_1_246' title='bbox 1690 2085 1978 2142; x_wconf 87' lang='lat' dir='ltr'><strong>Tummim</strong></span> <span class='ocrx_word' id='word_1_247' title='bbox 2002 2085 2402 2162; x_wconf 86' lang='lat' dir='ltr'><strong>respondebat,</strong></span> <span class='ocrx_word' id='word_1_248' title='bbox 2427 2085 2682 2146; x_wconf 87' lang='lat' dir='ltr'><strong>deseruit</strong></span> 
     </span>
     <span class='ocr_line' id='line_1_23' title="bbox 267 2163 2678 2241; baseline 0.001 -19"><span class='ocrx_word' id='word_1_249' title='bbox 267 2165 312 2223; x_wconf 89' lang='lat' dir='ltr'>J</span> <span class='ocrx_word' id='word_1_250' title='bbox 315 2165 530 2240; x_wconf 79' lang='lat' dir='ltr'><strong>udaeos,</strong></span> <span class='ocrx_word' id='word_1_251' title='bbox 565 2167 733 2223; x_wconf 88' lang='lat' dir='ltr'><strong>Rom.</strong></span> <span class='ocrx_word' id='word_1_252' title='bbox 763 2165 866 2238; x_wconf 88' lang='lat' dir='ltr'><strong>xi.‚</strong></span> <span class='ocrx_word' id='word_1_253' title='bbox 899 2163 1155 2222; x_wconf 86' lang='lat' dir='ltr'><strong>deseruit</strong></span> <span class='ocrx_word' id='word_1_254' title='bbox 1183 2173 1386 2239; x_wconf 86' lang='lat' dir='ltr'><strong>gentes</strong></span> <span class='ocrx_word' id='word_1_255' title='bbox 1414 2163 1702 2241; x_wconf 89' lang='lat' dir='ltr'><strong>profanas,</strong></span> <span class='ocrx_word' id='word_1_256' title='bbox 1737 2164 1907 2221; x_wconf 90' lang='lat' dir='ltr'><strong>Rom.</strong></span> <span class='ocrx_word' id='word_1_257' title='bbox 1948 2163 2007 2239; x_wconf 86' lang='lat' dir='ltr'><strong>i.‚</strong></span> <span class='ocrx_word' id='word_1_258' title='bbox 2039 2164 2177 2222; x_wconf 88' lang='lat' dir='ltr'><strong>dum</strong></span> <span class='ocrx_word' id='word_1_259' title='bbox 2207 2164 2445 2224; x_wconf 86' lang='lat' dir='ltr'><strong>tradidit</strong></span> <span class='ocrx_word' id='word_1_260' title='bbox 2472 2184 2571 2224; x_wconf 89' lang='lat' dir='ltr'><strong>eas</strong></span> <span class='ocrx_word' id='word_1_261' title='bbox 2614 2173 2678 2232; x_wconf 70' lang='grc' dir='ltr'><strong>εἰς</strong></span> 
     </span>
     <span class='ocr_line' id='line_1_24' title="bbox 269 2241 2679 2322; baseline 0 -20"><span class='ocrx_word' id='word_1_262' title='bbox 269 2241 504 2302; x_wconf 63' lang='grc' dir='ltr'><strong>ἀδόκιμοι</strong></span> <span class='ocrx_word' id='word_1_263' title='bbox 531 2251 646 2318; x_wconf 58' lang='grc' dir='ltr'><em>γοῦν,</em></span> <span class='ocrx_word' id='word_1_264' title='bbox 678 2244 891 2302; x_wconf 87' lang='lat' dir='ltr'><strong>deserit</strong></span> <span class='ocrx_word' id='word_1_265' title='bbox 916 2244 1192 2322; x_wconf 90' lang='lat' dir='ltr'><strong>reprobos</strong></span> <span class='ocrx_word' id='word_1_266' title='bbox 1209 2263 1408 2302; x_wconf 87' lang='lat' dir='ltr'><strong>omnes</strong></span> <span class='ocrx_word' id='word_1_267' title='bbox 1435 2245 1497 2301; x_wconf 87' lang='lat' dir='ltr'><strong>in</strong></span> <span class='ocrx_word' id='word_1_268' title='bbox 1524 2244 1636 2302; x_wconf 90' lang='lat' dir='ltr'><strong>hoc</strong></span> <span class='ocrx_word' id='word_1_269' title='bbox 1652 2243 1869 2302; x_wconf 88' lang='lat' dir='ltr'><strong>mundo</strong></span> <span class='ocrx_word' id='word_1_270' title='bbox 1897 2251 1957 2302; x_wconf 91' lang='lat' dir='ltr'><strong>et</strong></span> <span class='ocrx_word' id='word_1_271' title='bbox 1972 2244 2199 2302; x_wconf 87' lang='lat' dir='ltr'><strong>deseret</strong></span> <span class='ocrx_word' id='word_1_272' title='bbox 2225 2245 2287 2301; x_wconf 91' lang='lat' dir='ltr'><strong>in</strong></span> <span class='ocrx_word' id='word_1_273' title='bbox 2309 2253 2583 2303; x_wconf 78' lang='lat' dir='ltr'><strong>aeternum</strong></span> <span class='ocrx_word' id='word_1_274' title='bbox 2615 2247 2679 2304; x_wconf 89' lang='lat' dir='ltr'><strong>in</strong></span> 
     </span>
     <span class='ocr_line' id='line_1_25' title="bbox 273 2323 2679 2403; baseline 0.001 -21"><span class='ocrx_word' id='word_1_275' title='bbox 273 2325 500 2384; x_wconf 88' lang='lat' dir='ltr'><strong>inferis:</strong></span> <span class='ocrx_word' id='word_1_276' title='bbox 531 2324 864 2383; x_wconf 88' lang='lat' dir='ltr'><strong>Videndum</strong></span> <span class='ocrx_word' id='word_1_277' title='bbox 888 2344 1018 2402; x_wconf 82' lang='lat' dir='ltr'><strong>quae</strong></span> <span class='ocrx_word' id='word_1_278' title='bbox 1035 2324 1180 2383; x_wconf 88' lang='lat' dir='ltr'><strong>ratio</strong></span> <span class='ocrx_word' id='word_1_279' title='bbox 1202 2323 1432 2382; x_wconf 89' lang='lat' dir='ltr'><strong>Patrem</strong></span> <span class='ocrx_word' id='word_1_280' title='bbox 1449 2343 1684 2383; x_wconf 85' lang='lat' dir='ltr'><strong>movere</strong></span> <span class='ocrx_word' id='word_1_281' title='bbox 1704 2323 1957 2401; x_wconf 87' lang='lat' dir='ltr'><strong>potuerit</strong></span> <span class='ocrx_word' id='word_1_282' title='bbox 1975 2333 2042 2383; x_wconf 90' lang='lat' dir='ltr'><strong>ut</strong></span> <span class='ocrx_word' id='word_1_283' title='bbox 2064 2323 2354 2384; x_wconf 86' lang='lat' dir='ltr'><strong>Christum</strong></span> <span class='ocrx_word' id='word_1_284' title='bbox 2373 2323 2679 2403; x_wconf 89' lang='lat' dir='ltr'><strong>desereret,</strong></span> 
     </span>
     <span class='ocr_line' id='line_1_26' title="bbox 269 2404 2640 2482; baseline 0.001 -19"><span class='ocrx_word' id='word_1_285' title='bbox 269 2425 346 2463; x_wconf 88' lang='lat' dir='ltr'><strong>an</strong></span> <span class='ocrx_word' id='word_1_286' title='bbox 374 2404 546 2464; x_wconf 87' lang='lat' dir='ltr'><strong>fuerit</strong></span> <span class='ocrx_word' id='word_1_287' title='bbox 573 2413 796 2464; x_wconf 89' lang='lat' dir='ltr'><strong>tantum</strong></span> <span class='ocrx_word' id='word_1_288' title='bbox 825 2404 1074 2464; x_wconf 88' lang='lat' dir='ltr'><strong>desertio</strong></span> <span class='ocrx_word' id='word_1_289' title='bbox 1101 2405 1522 2482; x_wconf 64' lang='lat' dir='ltr'><strong>ezploratiomls,</strong></span> <span class='ocrx_word' id='word_1_290' title='bbox 1544 2413 1645 2464; x_wconf 85' lang='lat' dir='ltr'><strong>aut</strong></span> <span class='ocrx_word' id='word_1_291' title='bbox 1670 2405 2043 2481; x_wconf 74' lang='lat' dir='ltr'><strong>correctionis,</strong></span> <span class='ocrx_word' id='word_1_292' title='bbox 2066 2414 2167 2464; x_wconf 90' lang='lat' dir='ltr'><strong>aut</strong></span> <span class='ocrx_word' id='word_1_293' title='bbox 2194 2406 2368 2464; x_wconf 88' lang='lat' dir='ltr'><strong>etiam</strong></span> <span class='ocrx_word' id='word_1_294' title='bbox 2378 2407 2640 2482; x_wconf 67' lang='lat' dir='ltr'><strong>poenalis.</strong></span> 
     </span>
    </p>

    <p class='ocr_par' dir='ltr' id='par_1_3' title="bbox 249 2484 2751 4164">
     <span class='ocr_line' id='line_1_27' title="bbox 352 2484 2679 2565; baseline 0.001 -22"><span class='ocrx_word' id='word_1_295' title='bbox 352 2484 534 2545; x_wconf 88' lang='lat' dir='ltr'><strong>XVI.</strong></span> <span class='ocrx_word' id='word_1_296' title='bbox 557 2487 634 2545; x_wconf 85' lang='lat' dir='ltr'><strong>Et</strong></span> <span class='ocrx_word' id='word_1_297' title='bbox 651 2486 728 2544; x_wconf 89' lang='lat' dir='ltr'><strong>ad</strong></span> <span class='ocrx_word' id='word_1_298' title='bbox 747 2487 1190 2563; x_wconf 52' lang='lat' dir='ltr'><strong>efflorationem</strong></span> <span class='ocrx_word' id='word_1_299' title='bbox 1213 2485 1445 2562; x_wconf 89' lang='lat' dir='ltr'><strong>quidem</strong></span> <span class='ocrx_word' id='word_1_300' title='bbox 1469 2485 1629 2565; x_wconf 90' lang='lat' dir='ltr'><strong>quod</strong></span> <span class='ocrx_word' id='word_1_301' title='bbox 1648 2485 1869 2560; x_wconf 85' lang='lat' dir='ltr'><strong>attinet,</strong></span> <span class='ocrx_word' id='word_1_302' title='bbox 1890 2486 1997 2544; x_wconf 90' lang='lat' dir='ltr'><strong>etsi</strong></span> <span class='ocrx_word' id='word_1_303' title='bbox 2020 2505 2137 2544; x_wconf 89' lang='lat' dir='ltr'><strong>non</strong></span> <span class='ocrx_word' id='word_1_304' title='bbox 2158 2485 2468 2546; x_wconf 86' lang='lat' dir='ltr'><strong>diffitemur</strong></span> <span class='ocrx_word' id='word_1_305' title='bbox 2486 2487 2679 2546; x_wconf 88' lang='lat' dir='ltr'><strong>Chris·</strong></span> 
     </span>
     <span class='ocr_line' id='line_1_28' title="bbox 267 2566 2681 2644; baseline 0.001 -20"><span class='ocrx_word' id='word_1_306' title='bbox 267 2574 394 2624; x_wconf 89' lang='lat' dir='ltr'><strong>tum</strong></span> <span class='ocrx_word' id='word_1_307' title='bbox 420 2566 482 2624; x_wconf 90' lang='lat' dir='ltr'><strong>in</strong></span> <span class='ocrx_word' id='word_1_308' title='bbox 509 2567 714 2626; x_wconf 88' lang='lat' dir='ltr'><strong>horum</strong></span> <span class='ocrx_word' id='word_1_309' title='bbox 745 2567 1100 2627; x_wconf 88' lang='lat' dir='ltr'><strong>cruciatuum</strong></span> <span class='ocrx_word' id='word_1_310' title='bbox 1147 2567 1514 2644; x_wconf 87' lang='lat' dir='ltr'><strong>perpessione</strong></span> <span class='ocrx_word' id='word_1_311' title='bbox 1561 2566 2080 2627; x_wconf 86' lang='lat' dir='ltr'><strong>luculentissimum</strong></span> <span class='ocrx_word' id='word_1_312' title='bbox 2130 2566 2359 2626; x_wconf 77' lang='lat' dir='ltr'><strong>dedisse</strong></span> <span class='ocrx_word' id='word_1_313' title='bbox 2388 2567 2681 2644; x_wconf 81' lang='lat' dir='ltr'><strong>patientiae</strong></span> 
     </span>
     <span class='ocr_line' id='line_1_29' title="bbox 268 2645 2679 2726; baseline 0.001 -22"><span class='ocrx_word' id='word_1_314' title='bbox 268 2655 328 2704; x_wconf 92' lang='lat' dir='ltr'><strong>et</strong></span> <span class='ocrx_word' id='word_1_315' title='bbox 356 2648 694 2708; x_wconf 82' lang='lat' dir='ltr'><strong>constantiae</strong></span> <span class='ocrx_word' id='word_1_316' title='bbox 723 2667 842 2706; x_wconf 81' lang='lat' dir='ltr'><strong>suae</strong></span> <span class='ocrx_word' id='word_1_317' title='bbox 870 2647 1226 2706; x_wconf 87' lang='lat' dir='ltr'><strong>admirabilis</strong></span> <span class='ocrx_word' id='word_1_318' title='bbox 1253 2648 1729 2726; x_wconf 86' lang='lat' dir='ltr'><strong>experimentum,</strong></span> <span class='ocrx_word' id='word_1_319' title='bbox 1759 2666 1875 2724; x_wconf 90' lang='lat' dir='ltr'><strong>quo</strong></span> <span class='ocrx_word' id='word_1_320' title='bbox 1904 2654 2126 2724; x_wconf 84' lang='lat' dir='ltr'><strong>spectat</strong></span> <span class='ocrx_word' id='word_1_321' title='bbox 2152 2645 2490 2723; x_wconf 86' lang='lat' dir='ltr'><strong>Apostolus,</strong></span> <span class='ocrx_word' id='word_1_322' title='bbox 2525 2647 2579 2705; x_wconf 84' lang='lat'><strong>11</strong></span> <span class='ocrx_word' id='word_1_323' title='bbox 2588 2647 2679 2706; x_wconf 91' lang='lat' dir='ltr'><strong>eb.</strong></span> 
     </span>
     <span class='ocr_line' id='line_1_30' title="bbox 268 2725 2681 2804; baseline 0 -20"><span class='ocrx_word' id='word_1_324' title='bbox 268 2746 327 2785; x_wconf 83' lang='lat' dir='ltr'><strong>v.</strong></span> <span class='ocrx_word' id='word_1_325' title='bbox 359 2729 414 2803; x_wconf 85' lang='lat'><strong>8,</strong></span> <span class='ocrx_word' id='word_1_326' title='bbox 447 2748 578 2787; x_wconf 88' lang='lat' dir='ltr'><strong>cum</strong></span> <span class='ocrx_word' id='word_1_327' title='bbox 607 2729 758 2788; x_wconf 84' lang='lat' dir='ltr'><strong>dixit</strong></span> <span class='ocrx_word' id='word_1_328' title='bbox 788 2731 824 2762; x_wconf 91' lang='lat'><strong>⁴⁴</strong></span> <span class='ocrx_word' id='word_1_329' title='bbox 847 2729 1118 2788; x_wconf 89' lang='lat' dir='ltr'><strong>didicisse</strong></span> <span class='ocrx_word' id='word_1_330' title='bbox 1147 2745 1223 2785; x_wconf 85' lang='lat' dir='ltr'><strong>ex</strong></span> <span class='ocrx_word' id='word_1_331' title='bbox 1271 2727 1344 2785; x_wconf 88' lang='lat' dir='ltr'><strong>iis</strong></span> <span class='ocrx_word' id='word_1_332' title='bbox 1366 2747 1496 2804; x_wconf 78' lang='lat' dir='ltr'><strong>quse</strong></span> <span class='ocrx_word' id='word_1_333' title='bbox 1516 2747 1723 2804; x_wconf 87' lang='lat' dir='ltr'><strong>passus</strong></span> <span class='ocrx_word' id='word_1_334' title='bbox 1752 2734 1842 2784; x_wconf 88' lang='lat' dir='ltr'><strong>est</strong></span> <span class='ocrx_word' id='word_1_335' title='bbox 1868 2725 2311 2799; x_wconf 88' lang='lat' dir='ltr'><strong>obedientiam,&#39;’</strong></span> <span class='ocrx_word' id='word_1_336' title='bbox 2342 2735 2535 2786; x_wconf 88' lang='lat' dir='ltr'><strong>tamen</strong></span> <span class='ocrx_word' id='word_1_337' title='bbox 2564 2747 2681 2786; x_wconf 87' lang='lat' dir='ltr'><strong>non</strong></span> 
     </span>
     <span class='ocr_line' id='line_1_31' title="bbox 269 2804 2683 2884; baseline 0.001 -20"><span class='ocrx_word' id='word_1_338' title='bbox 269 2807 438 2866; x_wconf 87' lang='lat' dir='ltr'><strong>facile</strong></span> <span class='ocrx_word' id='word_1_339' title='bbox 482 2808 694 2866; x_wconf 82' lang='lat' dir='ltr'><strong>adduci</strong></span> <span class='ocrx_word' id='word_1_340' title='bbox 735 2827 1042 2884; x_wconf 89' lang='lat' dir='ltr'><strong>possumus</strong></span> <span class='ocrx_word' id='word_1_341' title='bbox 1089 2815 1156 2865; x_wconf 87' lang='lat' dir='ltr'><strong>ut</strong></span> <span class='ocrx_word' id='word_1_342' title='bbox 1198 2806 1500 2866; x_wconf 85' lang='lat' dir='ltr'><strong>credamus</strong></span> <span class='ocrx_word' id='word_1_343' title='bbox 1545 2826 1661 2864; x_wconf 90' lang='lat' dir='ltr'><strong>non</strong></span> <span class='ocrx_word' id='word_1_344' title='bbox 1704 2805 1819 2863; x_wconf 85' lang='lat' dir='ltr'><strong>alia</strong></span> <span class='ocrx_word' id='word_1_345' title='bbox 1862 2805 1935 2864; x_wconf 87' lang='lat' dir='ltr'><strong>dc</strong></span> <span class='ocrx_word' id='word_1_346' title='bbox 1976 2823 2151 2863; x_wconf 84' lang='lat' dir='ltr'><strong>eausa</strong></span> <span class='ocrx_word' id='word_1_347' title='bbox 2176 2804 2457 2865; x_wconf 85' lang='lat' dir='ltr'><strong>inflictum</strong></span> <span class='ocrx_word' id='word_1_348' title='bbox 2502 2806 2683 2866; x_wconf 84' lang='lat' dir='ltr'><strong>fuisse</strong></span> 
     </span>
     <span class='ocr_line' id='line_1_32' title="bbox 249 2885 2679 2966; baseline 0 -22"><span class='ocrx_word' id='word_1_349' title='bbox 249 2887 442 2966; x_wconf 45' lang='lat' dir='ltr'><strong>,istum</strong></span> <span class='ocrx_word' id='word_1_350' title='bbox 473 2887 728 2945; x_wconf 88' lang='lat' dir='ltr'><strong>dolorem</strong></span> <span class='ocrx_word' id='word_1_351' title='bbox 759 2907 932 2962; x_wconf 89' lang='lat' dir='ltr'><strong>quam</strong></span> <span class='ocrx_word' id='word_1_352' title='bbox 961 2886 1036 2944; x_wconf 89' lang='lat' dir='ltr'><strong>ad</strong></span> <span class='ocrx_word' id='word_1_353' title='bbox 1057 2885 1476 2962; x_wconf 89' lang='lat' dir='ltr'><strong>explorandum</strong></span> <span class='ocrx_word' id='word_1_354' title='bbox 1503 2887 1632 2962; x_wconf 86' lang='lat' dir='ltr'><strong>ejus</strong></span> <span class='ocrx_word' id='word_1_355' title='bbox 1660 2885 2059 2943; x_wconf 88' lang='lat' dir='ltr'><strong>constantiam.</strong></span> <span class='ocrx_word' id='word_1_356' title='bbox 2105 2885 2307 2960; x_wconf 90' lang='lat' dir='ltr'><strong>Neque</strong></span> <span class='ocrx_word' id='word_1_357' title='bbox 2337 2886 2489 2942; x_wconf 89' lang='lat' dir='ltr'><strong>enim</strong></span> <span class='ocrx_word' id='word_1_358' title='bbox 2517 2885 2679 2944; x_wconf 83' lang='lat' dir='ltr'><strong>vidc-</strong></span> 
     </span>
     <span class='ocr_line' id='line_1_33' title="bbox 265 2961 2681 3042; baseline 0.001 -20"><span class='ocrx_word' id='word_1_359' title='bbox 265 2965 436 3025; x_wconf 86' lang='lat' dir='ltr'><strong>batur</strong></span> <span class='ocrx_word' id='word_1_360' title='bbox 463 2965 772 3024; x_wconf 88' lang='lat' dir='ltr'><strong>convenire</strong></span> <span class='ocrx_word' id='word_1_361' title='bbox 803 2965 1004 3042; x_wconf 88' lang='lat' dir='ltr'><strong>optimi</strong></span> <span class='ocrx_word' id='word_1_362' title='bbox 1031 2966 1212 3042; x_wconf 87' lang='lat' dir='ltr'><strong>patris</strong></span> <span class='ocrx_word' id='word_1_363' title='bbox 1241 2965 1536 3041; x_wconf 75' lang='lat' dir='ltr'><strong>sapientiae</strong></span> <span class='ocrx_word' id='word_1_364' title='bbox 1565 2973 1625 3023; x_wconf 92' lang='lat' dir='ltr'><strong>et</strong></span> <span class='ocrx_word' id='word_1_365' title='bbox 1652 2963 1894 3021; x_wconf 87' lang='lat' dir='ltr'><strong>bonitati</strong></span> <span class='ocrx_word' id='word_1_366' title='bbox 1924 2972 1989 3020; x_wconf 90' lang='lat' dir='ltr'><strong>ut</strong></span> <span class='ocrx_word' id='word_1_367' title='bbox 2030 2961 2468 3022; x_wconf 87' lang='lat' dir='ltr'><strong>dilectissimum</strong></span> <span class='ocrx_word' id='word_1_368' title='bbox 2494 2964 2681 3024; x_wconf 89' lang='lat' dir='ltr'><strong>filium</strong></span> 
     </span>
     <span class='ocr_line' id='line_1_34' title="bbox 263 3043 2681 3120; baseline 0.001 -17"><span class='ocrx_word' id='word_1_369' title='bbox 263 3064 382 3103; x_wconf 89' lang='lat' dir='ltr'><strong>non</strong></span> <span class='ocrx_word' id='word_1_370' title='bbox 409 3045 524 3103; x_wconf 87' lang='lat' dir='ltr'><strong>alia</strong></span> <span class='ocrx_word' id='word_1_371' title='bbox 552 3045 624 3104; x_wconf 90' lang='lat' dir='ltr'><strong>de</strong></span> <span class='ocrx_word' id='word_1_372' title='bbox 653 3064 828 3103; x_wconf 85' lang='lat' dir='ltr'><strong>causa</strong></span> <span class='ocrx_word' id='word_1_373' title='bbox 858 3053 972 3103; x_wconf 88' lang='lat' dir='ltr'><strong>tam</strong></span> <span class='ocrx_word' id='word_1_374' title='bbox 1023 3045 1166 3102; x_wconf 90' lang='lat' dir='ltr'><strong>diris</strong></span> <span class='ocrx_word' id='word_1_375' title='bbox 1209 3043 1558 3102; x_wconf 89' lang='lat' dir='ltr'><strong>cruciatibus</strong></span> <span class='ocrx_word' id='word_1_376' title='bbox 1606 3051 1922 3120; x_wconf 88' lang='lat' dir='ltr'><strong>exponeret</strong></span> <span class='ocrx_word' id='word_1_377' title='bbox 1942 3061 2115 3119; x_wconf 87' lang='lat' dir='ltr'><strong>quam</strong></span> <span class='ocrx_word' id='word_1_378' title='bbox 2142 3051 2211 3101; x_wconf 90' lang='lat' dir='ltr'><strong>ut</strong></span> <span class='ocrx_word' id='word_1_379' title='bbox 2237 3061 2367 3101; x_wconf 87' lang='lat' dir='ltr'><strong>eum</strong></span> <span class='ocrx_word' id='word_1_380' title='bbox 2396 3043 2681 3106; x_wconf 83' lang='lat' dir='ltr'><strong>duntaxat</strong></span> 
     </span>
     <span class='ocr_line' id='line_1_35' title="bbox 264 3121 2675 3202; baseline 0 -19"><span class='ocrx_word' id='word_1_381' title='bbox 264 3133 532 3184; x_wconf 87' lang='lat' dir='ltr'><strong>tentaret.</strong></span> <span class='ocrx_word' id='word_1_382' title='bbox 577 3124 828 3183; x_wconf 88' lang='lat' dir='ltr'><strong>Accedit</strong></span> <span class='ocrx_word' id='word_1_383' title='bbox 853 3124 1027 3184; x_wconf 88' lang='lat' dir='ltr'><strong>etiam</strong></span> <span class='ocrx_word' id='word_1_384' title='bbox 1054 3123 1213 3201; x_wconf 90' lang='lat' dir='ltr'><strong>quod</strong></span> <span class='ocrx_word' id='word_1_385' title='bbox 1239 3143 1371 3182; x_wconf 89' lang='lat' dir='ltr'><strong>cum</strong></span> <span class='ocrx_word' id='word_1_386' title='bbox 1402 3123 1665 3182; x_wconf 89' lang='lat' dir='ltr'><strong>Christus</strong></span> <span class='ocrx_word' id='word_1_387' title='bbox 1693 3141 1799 3180; x_wconf 90' lang='lat' dir='ltr'><strong>nec</strong></span> <span class='ocrx_word' id='word_1_388' title='bbox 1828 3121 1940 3180; x_wconf 92' lang='lat' dir='ltr'><strong>sibi</strong></span> <span class='ocrx_word' id='word_1_389' title='bbox 1968 3121 2096 3198; x_wconf 87' lang='lat' dir='ltr'><strong>ipsi,</strong></span> <span class='ocrx_word' id='word_1_390' title='bbox 2138 3131 2201 3182; x_wconf 92' lang='lat' dir='ltr'><strong>ut</strong></span> <span class='ocrx_word' id='word_1_391' title='bbox 2230 3132 2365 3182; x_wconf 89' lang='lat' dir='ltr'><strong>sunt</strong></span> <span class='ocrx_word' id='word_1_392' title='bbox 2393 3143 2544 3202; x_wconf 78' lang='lat' dir='ltr'><strong>saepe</strong></span> <span class='ocrx_word' id='word_1_393' title='bbox 2572 3126 2675 3184; x_wconf 84' lang='lat' dir='ltr'><strong>ho·</strong></span> 
     </span>
     <span class='ocr_line' id='line_1_36' title="bbox 264 3201 2679 3284; baseline 0.001 -21"><span class='ocrx_word' id='word_1_394' title='bbox 264 3205 452 3264; x_wconf 87' lang='lat' dir='ltr'><strong>mines</strong></span> <span class='ocrx_word' id='word_1_395' title='bbox 479 3225 556 3264; x_wconf 85' lang='lat' dir='ltr'><strong>ex</strong></span> <span class='ocrx_word' id='word_1_396' title='bbox 581 3204 743 3263; x_wconf 89' lang='lat' dir='ltr'><strong>inani</strong></span> <span class='ocrx_word' id='word_1_397' title='bbox 769 3205 979 3263; x_wconf 86' lang='lat' dir='ltr'><strong>virium</strong></span> <span class='ocrx_word' id='word_1_398' title='bbox 1007 3203 1470 3282; x_wconf 78' lang='lat' dir='ltr'><strong>praesumptione,</strong></span> <span class='ocrx_word' id='word_1_399' title='bbox 1501 3221 1689 3281; x_wconf 91' lang='lat' dir='ltr'><strong>neque</strong></span> <span class='ocrx_word' id='word_1_400' title='bbox 1717 3201 1867 3279; x_wconf 89' lang='lat' dir='ltr'><strong>patri</strong></span> <span class='ocrx_word' id='word_1_401' title='bbox 1893 3202 2130 3279; x_wconf 88' lang='lat' dir='ltr'><strong>ignotus</strong></span> <span class='ocrx_word' id='word_1_402' title='bbox 2158 3213 2327 3280; x_wconf 90' lang='lat' dir='ltr'><strong>esset,</strong></span> <span class='ocrx_word' id='word_1_403' title='bbox 2358 3205 2505 3262; x_wconf 88' lang='lat' dir='ltr'><strong>nihil</strong></span> <span class='ocrx_word' id='word_1_404' title='bbox 2532 3225 2679 3284; x_wconf 86' lang='lat' dir='ltr'><strong>opus</strong></span> 
     </span>
     <span class='ocr_line' id='line_1_37' title="bbox 267 3281 2676 3363; baseline 0 -18"><span class='ocrx_word' id='word_1_405' title='bbox 267 3295 391 3346; x_wconf 88' lang='lat' dir='ltr'><strong>erat</strong></span> <span class='ocrx_word' id='word_1_406' title='bbox 419 3305 550 3345; x_wconf 88' lang='lat' dir='ltr'><strong>eum</strong></span> <span class='ocrx_word' id='word_1_407' title='bbox 596 3291 900 3363; x_wconf 87' lang='lat' dir='ltr'><strong>propterea</strong></span> <span class='ocrx_word' id='word_1_408' title='bbox 927 3285 1038 3343; x_wconf 90' lang='lat' dir='ltr'><strong>hoc</strong></span> <span class='ocrx_word' id='word_1_409' title='bbox 1083 3283 1258 3342; x_wconf 91' lang='lat' dir='ltr'><strong>modo</strong></span> <span class='ocrx_word' id='word_1_410' title='bbox 1307 3284 1580 3343; x_wconf 84' lang='lat' dir='ltr'><strong>exerceri.</strong></span> <span class='ocrx_word' id='word_1_411' title='bbox 1627 3283 1829 3360; x_wconf 87' lang='lat' dir='ltr'><strong>Neque</strong></span> <span class='ocrx_word' id='word_1_412' title='bbox 1874 3281 2149 3342; x_wconf 86' lang='lat' dir='ltr'><strong>audiendi</strong></span> <span class='ocrx_word' id='word_1_413' title='bbox 2193 3281 2329 3343; x_wconf 82' lang='lat' dir='ltr'><strong>sunt</strong></span> <span class='ocrx_word' id='word_1_414' title='bbox 2374 3285 2676 3346; x_wconf 78' lang='lat' dir='ltr'><strong>Socinistae</strong></span> 
     </span>
     <span class='ocr_line' id='line_1_38' title="bbox 264 3362 2681 3444; baseline 0.001 -19"><span class='ocrx_word' id='word_1_415' title='bbox 264 3367 366 3444; x_wconf 90' lang='lat' dir='ltr'><strong>qui</strong></span> <span class='ocrx_word' id='word_1_416' title='bbox 393 3367 544 3426; x_wconf 90' lang='lat' dir='ltr'><strong>hanc</strong></span> <span class='ocrx_word' id='word_1_417' title='bbox 573 3364 972 3439; x_wconf 86' lang='lat' dir='ltr'><strong>desertionem,</strong></span> <span class='ocrx_word' id='word_1_418' title='bbox 1002 3373 1069 3424; x_wconf 88' lang='lat' dir='ltr'><strong>ut</strong></span> <span class='ocrx_word' id='word_1_419' title='bbox 1095 3372 1156 3424; x_wconf 89' lang='lat' dir='ltr'><strong>et</strong></span> <span class='ocrx_word' id='word_1_420' title='bbox 1191 3373 1428 3423; x_wconf 65' lang='lat' dir='ltr'><strong>caeteras</strong></span> <span class='ocrx_word' id='word_1_421' title='bbox 1449 3364 1823 3438; x_wconf 86' lang='lat' dir='ltr'><strong>calamitates,</strong></span> <span class='ocrx_word' id='word_1_422' title='bbox 1857 3362 2086 3422; x_wconf 90' lang='lat' dir='ltr'><strong>Christo</strong></span> <span class='ocrx_word' id='word_1_423' title='bbox 2114 3363 2391 3423; x_wconf 87' lang='lat' dir='ltr'><strong>inflictam</strong></span> <span class='ocrx_word' id='word_1_424' title='bbox 2419 3374 2681 3428; x_wconf 89' lang='lat' dir='ltr'><strong>statuunt</strong></span> 
     </span>
     <span class='ocr_line' id='line_1_39' title="bbox 261 3442 2675 3524; baseline 0 -18"><span class='ocrx_word' id='word_1_425' title='bbox 261 3457 504 3522; x_wconf 86' lang='lat' dir='ltr'><strong>tantum,</strong></span> <span class='ocrx_word' id='word_1_426' title='bbox 535 3447 682 3506; x_wconf 91' lang='lat' dir='ltr'><strong>utin</strong></span> <span class='ocrx_word' id='word_1_427' title='bbox 709 3445 1108 3522; x_wconf 85' lang='lat' dir='ltr'><strong>exploratione</strong></span> <span class='ocrx_word' id='word_1_428' title='bbox 1135 3444 1478 3504; x_wconf 81' lang='lat' dir='ltr'><strong>obedientiae</strong></span> <span class='ocrx_word' id='word_1_429' title='bbox 1515 3443 1845 3521; x_wconf 89' lang='lat' dir='ltr'><strong>exemplum</strong></span> <span class='ocrx_word' id='word_1_430' title='bbox 1889 3442 2059 3501; x_wconf 89' lang='lat' dir='ltr'><strong>nobis</strong></span> <span class='ocrx_word' id='word_1_431' title='bbox 2086 3443 2427 3504; x_wconf 88' lang='lat' dir='ltr'><strong>imitandum</strong></span> <span class='ocrx_word' id='word_1_432' title='bbox 2456 3448 2675 3524; x_wconf 71' lang='lat' dir='ltr'><strong>praebe-</strong></span> 
     </span>
     <span class='ocr_line' id='line_1_40' title="bbox 262 3522 2677 3604; baseline -0 -18"><span class='ocrx_word' id='word_1_433' title='bbox 262 3536 388 3604; x_wconf 88' lang='lat' dir='ltr'><strong>ret;</strong></span> <span class='ocrx_word' id='word_1_434' title='bbox 435 3526 714 3603; x_wconf 87' lang='lat' dir='ltr'><strong>Quamvis</strong></span> <span class='ocrx_word' id='word_1_435' title='bbox 741 3526 894 3583; x_wconf 90' lang='lat' dir='ltr'><strong>enim</strong></span> <span class='ocrx_word' id='word_1_436' title='bbox 923 3535 1144 3585; x_wconf 85' lang='lat' dir='ltr'><strong>certum</strong></span> <span class='ocrx_word' id='word_1_437' title='bbox 1173 3525 1250 3585; x_wconf 88' lang='lat' dir='ltr'><strong>sit</strong></span> <span class='ocrx_word' id='word_1_438' title='bbox 1279 3525 1570 3584; x_wconf 88' lang='lat' dir='ltr'><strong>Christum</strong></span> <span class='ocrx_word' id='word_1_439' title='bbox 1608 3522 1883 3603; x_wconf 88' lang='lat' dir='ltr'><strong>patiendo</strong></span> <span class='ocrx_word' id='word_1_440' title='bbox 1910 3523 2079 3582; x_wconf 89' lang='lat' dir='ltr'><strong>nobis</strong></span> <span class='ocrx_word' id='word_1_441' title='bbox 2108 3524 2336 3584; x_wconf 88' lang='lat' dir='ltr'><strong>dedisse</strong></span> <span class='ocrx_word' id='word_1_442' title='bbox 2366 3527 2677 3586; x_wconf 86' lang='lat' dir='ltr'><strong>absolutis·</strong></span> 
     </span>
     <span class='ocr_line' id='line_1_41' title="bbox 263 3603 2678 3684; baseline -0.001 -16"><span class='ocrx_word' id='word_1_443' title='bbox 263 3608 472 3668; x_wconf 89' lang='lat' dir='ltr'><strong>simum</strong></span> <span class='ocrx_word' id='word_1_444' title='bbox 501 3606 798 3684; x_wconf 87' lang='lat' dir='ltr'><strong>exemplar</strong></span> <span class='ocrx_word' id='word_1_445' title='bbox 823 3614 891 3665; x_wconf 91' lang='lat' dir='ltr'><strong>ut</strong></span> <span class='ocrx_word' id='word_1_446' title='bbox 933 3625 1242 3683; x_wconf 87' lang='lat' dir='ltr'><strong>sequamur</strong></span> <span class='ocrx_word' id='word_1_447' title='bbox 1284 3607 1410 3682; x_wconf 89' lang='lat' dir='ltr'><strong>ejus</strong></span> <span class='ocrx_word' id='word_1_448' title='bbox 1455 3604 1722 3682; x_wconf 86' lang='lat' dir='ltr'><strong>vestigia,</strong></span> <span class='ocrx_word' id='word_1_449' title='bbox 1758 3607 1789 3661; x_wconf 93' lang='lat'>1</span> <span class='ocrx_word' id='word_1_450' title='bbox 1823 3603 1948 3663; x_wconf 90' lang='lat' dir='ltr'><strong>Pet.</strong></span> <span class='ocrx_word' id='word_1_451' title='bbox 1978 3603 2059 3680; x_wconf 91' lang='lat' dir='ltr'><strong>ii.‚</strong></span> <span class='ocrx_word' id='word_1_452' title='bbox 2090 3605 2221 3682; x_wconf 90' lang='lat' dir='ltr'><strong>quis</strong></span> <span class='ocrx_word' id='word_1_453' title='bbox 2248 3613 2441 3664; x_wconf 91' lang='lat' dir='ltr'><strong>tamen</strong></span> <span class='ocrx_word' id='word_1_454' title='bbox 2463 3605 2678 3666; x_wconf 87' lang='lat' dir='ltr'><strong>dixerit</strong></span> 
     </span>
     <span class='ocr_line' id='line_1_42' title="bbox 262 3684 2673 3765; baseline -0 -19"><span class='ocrx_word' id='word_1_455' title='bbox 262 3696 496 3765; x_wconf 88' lang='lat' dir='ltr'><strong>propter</strong></span> <span class='ocrx_word' id='word_1_456' title='bbox 522 3689 632 3746; x_wconf 90' lang='lat' dir='ltr'><strong>hoc</strong></span> <span class='ocrx_word' id='word_1_457' title='bbox 680 3705 858 3744; x_wconf 89' lang='lat' dir='ltr'><strong>unum</strong></span> <span class='ocrx_word' id='word_1_458' title='bbox 886 3686 1156 3746; x_wconf 87' lang='lat' dir='ltr'><strong>debuisse</strong></span> <span class='ocrx_word' id='word_1_459' title='bbox 1183 3685 1368 3744; x_wconf 85' lang='lat' dir='ltr'><strong>filium</strong></span> <span class='ocrx_word' id='word_1_460' title='bbox 1411 3685 1850 3744; x_wconf 87' lang='lat' dir='ltr'><strong>dilectissimum</strong></span> <span class='ocrx_word' id='word_1_461' title='bbox 1884 3705 1920 3742; x_wconf 88' lang='lat' dir='ltr'><strong>a</strong></span> <span class='ocrx_word' id='word_1_462' title='bbox 1950 3684 2121 3742; x_wconf 89' lang='lat' dir='ltr'><strong>Patre</strong></span> <span class='ocrx_word' id='word_1_463' title='bbox 2150 3686 2259 3742; x_wconf 93' lang='lat' dir='ltr'><strong>hoc</strong></span> <span class='ocrx_word' id='word_1_464' title='bbox 2288 3686 2545 3744; x_wconf 88' lang='lat' dir='ltr'><strong>cruciatu</strong></span> <span class='ocrx_word' id='word_1_465' title='bbox 2573 3689 2673 3763; x_wconf 92' lang='lat' dir='ltr'><strong>qui</strong></span> 
     </span>
     <span class='ocr_line' id='line_1_43' title="bbox 263 3764 2751 3843; baseline -0.002 -17"><span class='ocrx_word' id='word_1_466' title='bbox 263 3767 519 3826; x_wconf 89' lang='lat' dir='ltr'><strong>omnium</strong></span> <span class='ocrx_word' id='word_1_467' title='bbox 547 3765 835 3826; x_wconf 86' lang='lat' dir='ltr'><strong>maximus</strong></span> <span class='ocrx_word' id='word_1_468' title='bbox 864 3775 954 3826; x_wconf 88' lang='lat' dir='ltr'><strong>est</strong></span> <span class='ocrx_word' id='word_1_469' title='bbox 980 3765 1206 3843; x_wconf 83' lang='lat' dir='ltr'><strong>affligi?</strong></span> <span class='ocrx_word' id='word_1_470' title='bbox 1247 3765 1402 3840; x_wconf 88' lang='lat' dir='ltr'><strong>Quid</strong></span> <span class='ocrx_word' id='word_1_471' title='bbox 1443 3765 1599 3842; x_wconf 91' lang='lat' dir='ltr'><strong>quod</strong></span> <span class='ocrx_word' id='word_1_472' title='bbox 1642 3764 1868 3842; x_wconf 90' lang='lat' dir='ltr'><strong>proprie</strong></span> <span class='ocrx_word' id='word_1_473' title='bbox 1896 3783 2014 3822; x_wconf 88' lang='lat' dir='ltr'><strong>non</strong></span> <span class='ocrx_word' id='word_1_474' title='bbox 2039 3783 2347 3841; x_wconf 89' lang='lat' dir='ltr'><strong>possumus</strong></span> <span class='ocrx_word' id='word_1_475' title='bbox 2373 3775 2475 3824; x_wconf 85' lang='lat' dir='ltr'><strong>aut</strong></span> <span class='ocrx_word' id='word_1_476' title='bbox 2501 3765 2674 3824; x_wconf 88' lang='lat' dir='ltr'><strong>debe·</strong></span> <span class='ocrx_word' id='word_1_477' title='bbox 2731 3813 2751 3820; x_wconf 91' lang='lat'><strong>-</strong></span> 
     </span>
     <span class='ocr_line' id='line_1_44' title="bbox 257 3843 2675 3924; baseline -0.001 -18"><span class='ocrx_word' id='word_1_478' title='bbox 257 3867 389 3906; x_wconf 86' lang='lat' dir='ltr'><strong>mus</strong></span> <span class='ocrx_word' id='word_1_479' title='bbox 417 3847 629 3906; x_wconf 89' lang='lat' dir='ltr'><strong>imitari</strong></span> <span class='ocrx_word' id='word_1_480' title='bbox 654 3846 764 3904; x_wconf 86' lang='lat' dir='ltr'><strong>hac</strong></span> <span class='ocrx_word' id='word_1_481' title='bbox 793 3847 852 3904; x_wconf 90' lang='lat' dir='ltr'><strong>in</strong></span> <span class='ocrx_word' id='word_1_482' title='bbox 880 3855 1042 3924; x_wconf 85' lang='lat' dir='ltr'><strong>parte</strong></span> <span class='ocrx_word' id='word_1_483' title='bbox 1072 3847 1364 3906; x_wconf 86' lang='lat' dir='ltr'><strong>Christum</strong></span> <span class='ocrx_word' id='word_1_484' title='bbox 1387 3865 1488 3923; x_wconf 91' lang='lat' dir='ltr'><strong>per</strong></span> <span class='ocrx_word' id='word_1_485' title='bbox 1515 3847 1725 3920; x_wconf 88' lang='lat' dir='ltr'><strong>omnia,</strong></span> <span class='ocrx_word' id='word_1_486' title='bbox 1752 3863 1885 3902; x_wconf 85' lang='lat' dir='ltr'><strong>nam</strong></span> <span class='ocrx_word' id='word_1_487' title='bbox 1914 3844 1963 3902; x_wconf 90' lang='lat' dir='ltr'><strong>si</strong></span> <span class='ocrx_word' id='word_1_488' title='bbox 1992 3865 2135 3902; x_wconf 85' lang='lat' dir='ltr'><strong>cmx</strong></span> <span class='ocrx_word' id='word_1_489' title='bbox 2156 3843 2393 3903; x_wconf 87' lang='lat' dir='ltr'><strong>ferenda</strong></span> <span class='ocrx_word' id='word_1_490' title='bbox 2420 3851 2525 3920; x_wconf 83' lang='lat' dir='ltr'><strong>est,</strong></span> <span class='ocrx_word' id='word_1_491' title='bbox 2556 3865 2675 3904; x_wconf 91' lang='lat' dir='ltr'><strong>non</strong></span> 
     </span>
     <span class='ocr_line' id='line_1_45' title="bbox 261 3923 2671 4005; baseline -0.001 -18"><span class='ocrx_word' id='word_1_492' title='bbox 261 3927 540 3987; x_wconf 89' lang='lat' dir='ltr'><strong>debemus</strong></span> <span class='ocrx_word' id='word_1_493' title='bbox 566 3927 796 3985; x_wconf 88' lang='lat' dir='ltr'><strong>horrere</strong></span> <span class='ocrx_word' id='word_1_494' title='bbox 819 3927 1066 4005; x_wconf 90' lang='lat' dir='ltr'><strong>amplius</strong></span> <span class='ocrx_word' id='word_1_495' title='bbox 1091 3927 1277 3984; x_wconf 90' lang='lat' dir='ltr'><strong>Deum</strong></span> <span class='ocrx_word' id='word_1_496' title='bbox 1299 3935 1574 4003; x_wconf 86' lang='lat' dir='ltr'><strong>tanquam</strong></span> <span class='ocrx_word' id='word_1_497' title='bbox 1596 3925 1639 3984; x_wconf 88' lang='lat' dir='ltr'>J</span> <span class='ocrx_word' id='word_1_498' title='bbox 1646 3925 1871 3982; x_wconf 85' lang='lat' dir='ltr'><strong>udicem</strong></span> <span class='ocrx_word' id='word_1_499' title='bbox 1898 3923 2123 3999; x_wconf 86' lang='lat' dir='ltr'><strong>iratum,</strong></span> <span class='ocrx_word' id='word_1_500' title='bbox 2154 3924 2253 4001; x_wconf 92' lang='lat' dir='ltr'><strong>qui</strong></span> <span class='ocrx_word' id='word_1_501' title='bbox 2283 3943 2411 3983; x_wconf 87' lang='lat' dir='ltr'><strong>sese</strong></span> <span class='ocrx_word' id='word_1_502' title='bbox 2442 3925 2671 3984; x_wconf 87' lang='lat' dir='ltr'><strong>Patrem</strong></span> 
     </span>
     <span class='ocr_line' id='line_1_46' title="bbox 261 4003 2669 4084; baseline -0.001 -18"><span class='ocrx_word' id='word_1_503' title='bbox 261 4009 322 4066; x_wconf 89' lang='lat' dir='ltr'><strong>in</strong></span> <span class='ocrx_word' id='word_1_504' title='bbox 350 4007 828 4084; x_wconf 87' lang='lat' dir='ltr'><strong>castigationibus</strong></span> <span class='ocrx_word' id='word_1_505' title='bbox 857 4008 1068 4066; x_wconf 90' lang='lat' dir='ltr'><strong>nostris</strong></span> <span class='ocrx_word' id='word_1_506' title='bbox 1095 4007 1263 4066; x_wconf 86' lang='lat' dir='ltr'><strong>nobis</strong></span> <span class='ocrx_word' id='word_1_507' title='bbox 1291 4005 1561 4065; x_wconf 87' lang='lat' dir='ltr'><strong>ostendit.</strong></span> <span class='ocrx_word' id='word_1_508' title='bbox 1609 4005 1817 4081; x_wconf 86' lang='lat' dir='ltr'><strong>Itaque</strong></span> <span class='ocrx_word' id='word_1_509' title='bbox 1858 4021 1975 4062; x_wconf 90' lang='lat' dir='ltr'><strong>non</strong></span> <span class='ocrx_word' id='word_1_510' title='bbox 1992 4003 2101 4062; x_wconf 88' lang='lat' dir='ltr'><strong>fuit</strong></span> <span class='ocrx_word' id='word_1_511' title='bbox 2127 4005 2243 4062; x_wconf 89' lang='lat' dir='ltr'><strong>ista</strong></span> <span class='ocrx_word' id='word_1_512' title='bbox 2268 4003 2517 4064; x_wconf 88' lang='lat' dir='ltr'><strong>desertio</strong></span> <span class='ocrx_word' id='word_1_513' title='bbox 2546 4015 2669 4064; x_wconf 88' lang='lat' dir='ltr'><strong>tan·</strong></span> 
     </span>
     <span class='ocr_line' id='line_1_47' title="bbox 263 4087 1310 4164; baseline -0.004 -16"><span class='ocrx_word' id='word_1_514' title='bbox 263 4101 386 4148; x_wconf 88' lang='lat' dir='ltr'><strong>tum</strong></span> <span class='ocrx_word' id='word_1_515' title='bbox 413 4087 808 4164; x_wconf 59' lang='lat' dir='ltr'><strong>exploratoria</strong></span> <span class='ocrx_word' id='word_1_516' title='bbox 829 4087 924 4146; x_wconf 82' lang='lat' dir='ltr'><strong>vel</strong></span> <span class='ocrx_word' id='word_1_517' title='bbox 952 4087 1310 4163; x_wconf 76' lang='lat' dir='ltr'><strong>exemplaris.</strong></span> 
     </span>
    </p>

    <p class='ocr_par' dir='ltr' id='par_1_4' title="bbox 247 4163 2673 4728">
     <span class='ocr_line' id='line_1_48' title="bbox 342 4163 2669 4245; baseline -0.001 -19"><span class='ocrx_word' id='word_1_518' title='bbox 342 4167 558 4227; x_wconf 89' lang='lat' dir='ltr'><strong>XVII.</strong></span> <span class='ocrx_word' id='word_1_519' title='bbox 593 4167 709 4226; x_wconf 87' lang='lat' dir='ltr'><strong>Sed</strong></span> <span class='ocrx_word' id='word_1_520' title='bbox 735 4187 843 4227; x_wconf 90' lang='lat' dir='ltr'><strong>nec</strong></span> <span class='ocrx_word' id='word_1_521' title='bbox 869 4175 1062 4245; x_wconf 90' lang='lat' dir='ltr'><strong>potest</strong></span> <span class='ocrx_word' id='word_1_522' title='bbox 1081 4167 1196 4225; x_wconf 89' lang='lat' dir='ltr'><strong>dici</strong></span> <span class='ocrx_word' id='word_1_523' title='bbox 1225 4165 1462 4226; x_wconf 73' lang='lat' dir='ltr'><strong>desertio</strong></span> <span class='ocrx_word' id='word_1_524' title='bbox 1489 4164 1863 4239; x_wconf 71' lang='lat' dir='ltr'><strong>correctionis,</strong></span> <span class='ocrx_word' id='word_1_525' title='bbox 1894 4163 2007 4222; x_wconf 91' lang='lat' dir='ltr'><strong>nisi</strong></span> <span class='ocrx_word' id='word_1_526' title='bbox 2034 4172 2297 4241; x_wconf 86' lang='lat' dir='ltr'><strong>respectu</strong></span> <span class='ocrx_word' id='word_1_527' title='bbox 2324 4165 2507 4222; x_wconf 75' lang='lat' dir='ltr'><strong>nostri</strong></span> <span class='ocrx_word' id='word_1_528' title='bbox 2530 4185 2669 4243; x_wconf 90' lang='lat' dir='ltr'><strong>qua-</strong></span> 
     </span>
     <span class='ocr_line' id='line_1_49' title="bbox 261 4242 2672 4325; baseline -0.001 -18"><span class='ocrx_word' id='word_1_529' title='bbox 261 4259 432 4308; x_wconf 88' lang='lat' dir='ltr'><strong>tenus</strong></span> <span class='ocrx_word' id='word_1_530' title='bbox 464 4249 500 4281; x_wconf 95' lang='lat'><strong>‘⁴</strong></span> <span class='ocrx_word' id='word_1_531' title='bbox 521 4247 800 4307; x_wconf 79' lang='lat' dir='ltr'><strong>correctio</strong></span> <span class='ocrx_word' id='word_1_532' title='bbox 828 4247 988 4325; x_wconf 88' lang='lat' dir='ltr'><strong>pacis</strong></span> <span class='ocrx_word' id='word_1_533' title='bbox 1029 4255 1242 4306; x_wconf 70' lang='lat' dir='ltr'><strong>nostrae</strong></span> <span class='ocrx_word' id='word_1_534' title='bbox 1269 4247 1380 4306; x_wconf 85' lang='lat' dir='ltr'><strong>fuit</strong></span> <span class='ocrx_word' id='word_1_535' title='bbox 1423 4264 1598 4322; x_wconf 88' lang='lat' dir='ltr'><strong>super</strong></span> <span class='ocrx_word' id='word_1_536' title='bbox 1646 4248 1830 4320; x_wconf 86' lang='lat' dir='ltr'><strong>eum,”</strong></span> <span class='ocrx_word' id='word_1_537' title='bbox 1860 4244 1976 4302; x_wconf 87' lang='lat' dir='ltr'><strong>Isa.</strong></span> <span class='ocrx_word' id='word_1_538' title='bbox 2024 4242 2127 4301; x_wconf 91' lang='lat' dir='ltr'><strong>liii.</strong></span> <span class='ocrx_word' id='word_1_539' title='bbox 2160 4246 2215 4302; x_wconf 85' lang='lat'><strong>5.</strong></span> <span class='ocrx_word' id='word_1_540' title='bbox 2302 4243 2451 4302; x_wconf 88' lang='lat' dir='ltr'><strong>Nam</strong></span> <span class='ocrx_word' id='word_1_541' title='bbox 2479 4246 2672 4322; x_wconf 88' lang='lat' dir='ltr'><strong>quoad</strong></span> 
     </span>
     <span class='ocr_line' id='line_1_50' title="bbox 265 4322 2673 4406; baseline -0.001 -18"><span class='ocrx_word' id='word_1_542' title='bbox 265 4329 558 4388; x_wconf 88' lang='lat' dir='ltr'><strong>Christum</strong></span> <span class='ocrx_word' id='word_1_543' title='bbox 585 4328 775 4406; x_wconf 90' lang='lat' dir='ltr'><strong>ipsum</strong></span> <span class='ocrx_word' id='word_1_544' title='bbox 804 4347 936 4386; x_wconf 89' lang='lat' dir='ltr'><strong>cum</strong></span> <span class='ocrx_word' id='word_1_545' title='bbox 979 4347 1158 4404; x_wconf 89' lang='lat' dir='ltr'><strong>purus</strong></span> <span class='ocrx_word' id='word_1_546' title='bbox 1203 4336 1263 4387; x_wconf 92' lang='lat' dir='ltr'><strong>et</strong></span> <span class='ocrx_word' id='word_1_547' title='bbox 1307 4325 1580 4384; x_wconf 87' lang='lat' dir='ltr'><strong>immunis</strong></span> <span class='ocrx_word' id='word_1_548' title='bbox 1623 4322 1697 4382; x_wconf 88' lang='lat' dir='ltr'><strong>ab</strong></span> <span class='ocrx_word' id='word_1_549' title='bbox 1742 4322 1899 4382; x_wconf 91' lang='lat' dir='ltr'><strong>omni</strong></span> <span class='ocrx_word' id='word_1_550' title='bbox 1940 4322 2071 4382; x_wconf 91' lang='lat' dir='ltr'><strong>labe</strong></span> <span class='ocrx_word' id='word_1_551' title='bbox 2100 4323 2271 4382; x_wconf 87' lang='lat' dir='ltr'><strong>fuerit</strong></span> <span class='ocrx_word' id='word_1_552' title='bbox 2298 4343 2537 4402; x_wconf 85' lang='lat' dir='ltr'><strong>semper,</strong></span> <span class='ocrx_word' id='word_1_553' title='bbox 2570 4327 2673 4404; x_wconf 91' lang='lat' dir='ltr'><strong>qui</strong></span> 
     </span>
     <span class='ocr_line' id='line_1_51' title="bbox 257 4403 2670 4488; baseline -0.002 -19"><span class='ocrx_word' id='word_1_554' title='bbox 257 4429 366 4469; x_wconf 91' lang='lat' dir='ltr'><strong>nec</strong></span> <span class='ocrx_word' id='word_1_555' title='bbox 393 4417 692 4488; x_wconf 85' lang='lat' dir='ltr'><strong>peccatum</strong></span> <span class='ocrx_word' id='word_1_556' title='bbox 721 4408 902 4483; x_wconf 83' lang='lat' dir='ltr'><strong>novit,</strong></span> <span class='ocrx_word' id='word_1_557' title='bbox 933 4427 1041 4466; x_wconf 88' lang='lat' dir='ltr'><strong>nec</strong></span> <span class='ocrx_word' id='word_1_558' title='bbox 1067 4407 1220 4483; x_wconf 86' lang='lat' dir='ltr'><strong>fecit,</strong></span> <span class='ocrx_word' id='word_1_559' title='bbox 1251 4406 1395 4485; x_wconf 88' lang='lat' dir='ltr'><strong>quid</strong></span> <span class='ocrx_word' id='word_1_560' title='bbox 1421 4404 1657 4464; x_wconf 88' lang='lat' dir='ltr'><strong>tandem</strong></span> <span class='ocrx_word' id='word_1_561' title='bbox 1683 4404 1745 4462; x_wconf 91' lang='lat' dir='ltr'><strong>in</strong></span> <span class='ocrx_word' id='word_1_562' title='bbox 1774 4403 2136 4463; x_wconf 88' lang='lat' dir='ltr'><strong>sanctissima</strong></span> <span class='ocrx_word' id='word_1_563' title='bbox 2162 4404 2264 4461; x_wconf 88' lang='lat' dir='ltr'><strong>illa</strong></span> <span class='ocrx_word' id='word_1_564' title='bbox 2298 4413 2505 4464; x_wconf 88' lang='lat' dir='ltr'><strong>natura</strong></span> <span class='ocrx_word' id='word_1_565' title='bbox 2546 4425 2670 4465; x_wconf 86' lang='lat' dir='ltr'><strong>cor·-</strong></span> 
     </span>
     <span class='ocr_line' id='line_1_52' title="bbox 257 4483 2671 4568; baseline -0.001 -19"><span class='ocrx_word' id='word_1_566' title='bbox 257 4490 566 4568; x_wconf 87' lang='lat' dir='ltr'><strong>rigendum</strong></span> <span class='ocrx_word' id='word_1_567' title='bbox 593 4488 691 4548; x_wconf 84' lang='lat' dir='ltr'><strong>vel</strong></span> <span class='ocrx_word' id='word_1_568' title='bbox 719 4487 1117 4565; x_wconf 89' lang='lat' dir='ltr'><strong>castigandum</strong></span> <span class='ocrx_word' id='word_1_569' title='bbox 1149 4488 1324 4546; x_wconf 87' lang='lat' dir='ltr'><strong>Pater</strong></span> <span class='ocrx_word' id='word_1_570' title='bbox 1343 4487 1582 4544; x_wconf 86' lang='lat' dir='ltr'><strong>haberet</strong></span> <span class='ocrx_word' id='word_1_571' title='bbox 1601 4487 1631 4544; x_wconf 67' lang='lat' dir='ltr'><strong>P</strong></span> <span class='ocrx_word' id='word_1_572' title='bbox 1715 4485 1991 4563; x_wconf 87' lang='lat' dir='ltr'><strong>Superest</strong></span> <span class='ocrx_word' id='word_1_573' title='bbox 2018 4483 2087 4541; x_wconf 88' lang='lat' dir='ltr'><strong>E.</strong></span> <span class='ocrx_word' id='word_1_574' title='bbox 2118 4494 2185 4543; x_wconf 92' lang='lat' dir='ltr'><strong>ut</strong></span> <span class='ocrx_word' id='word_1_575' title='bbox 2208 4483 2383 4544; x_wconf 87' lang='lat' dir='ltr'><strong>fuerit</strong></span> <span class='ocrx_word' id='word_1_576' title='bbox 2408 4487 2671 4547; x_wconf 79' lang='lat' dir='ltr'><strong>Desertio</strong></span> 
     </span>
     <span class='ocr_line' id='line_1_53' title="bbox 247 4563 2671 4648; baseline -0.001 -17"><span class='ocrx_word' id='word_1_577' title='bbox 247 4573 510 4648; x_wconf 79' lang='lat' dir='ltr'><strong>poenalis,</strong></span> <span class='ocrx_word' id='word_1_578' title='bbox 534 4570 630 4628; x_wconf 87' lang='lat' dir='ltr'><strong>ad·</strong></span> <span class='ocrx_word' id='word_1_579' title='bbox 651 4569 930 4629; x_wconf 88' lang='lat' dir='ltr'><strong>ultionem</strong></span> <span class='ocrx_word' id='word_1_580' title='bbox 971 4575 1335 4645; x_wconf 83' lang='lat' dir='ltr'><strong>peccatorum</strong></span> <span class='ocrx_word' id='word_1_581' title='bbox 1379 4575 1707 4624; x_wconf 82' lang='lat' dir='ltr'><strong>nostrorum</strong></span> <span class='ocrx_word' id='word_1_582' title='bbox 1754 4563 2089 4624; x_wconf 87' lang='lat' dir='ltr'><strong>sumendam</strong></span> <span class='ocrx_word' id='word_1_583' title='bbox 2134 4573 2193 4624; x_wconf 89' lang='lat' dir='ltr'><strong>et</strong></span> <span class='ocrx_word' id='word_1_584' title='bbox 2220 4565 2671 4629; x_wconf 84' lang='lat' dir='ltr'><strong>satisfactionem</strong></span> 
     </span>
     <span class='ocr_line' id='line_1_54' title="bbox 247 4644 2671 4728; baseline -0.004 -17"><span class='ocrx_word' id='word_1_585' title='bbox 247 4653 494 4728; x_wconf 75' lang='lat' dir='ltr'><strong>justitiae</strong></span> <span class='ocrx_word' id='word_1_586' title='bbox 523 4671 642 4711; x_wconf 80' lang='lat' dir='ltr'><strong>suae</strong></span> <span class='ocrx_word' id='word_1_587' title='bbox 670 4646 1036 4726; x_wconf 86' lang='lat' dir='ltr'><strong>exigendam,</strong></span> <span class='ocrx_word' id='word_1_588' title='bbox 1067 4669 1198 4706; x_wconf 88' lang='lat' dir='ltr'><strong>nam</strong></span> <span class='ocrx_word' id='word_1_589' title='bbox 1228 4649 1322 4708; x_wconf 88' lang='lat' dir='ltr'><strong>hic</strong></span> <span class='ocrx_word' id='word_1_590' title='bbox 1352 4646 1486 4705; x_wconf 86' lang='lat' dir='ltr'><strong>Chri</strong></span> <span class='ocrx_word' id='word_1_591' title='bbox 1503 4653 1618 4704; x_wconf 68' lang='lat' dir='ltr'><strong>-tus</strong></span> <span class='ocrx_word' id='word_1_592' title='bbox 1654 4665 1771 4704; x_wconf 89' lang='lat' dir='ltr'><strong>non</strong></span> <span class='ocrx_word' id='word_1_593' title='bbox 1798 4645 1855 4703; x_wconf 89' lang='lat' dir='ltr'><strong>in</strong></span> <span class='ocrx_word' id='word_1_594' title='bbox 1878 4644 2110 4724; x_wconf 86' lang='lat' dir='ltr'><strong>propria</strong></span> <span class='ocrx_word' id='word_1_595' title='bbox 2134 4665 2379 4724; x_wconf 89' lang='lat' dir='ltr'><strong>persona</strong></span> <span class='ocrx_word' id='word_1_596' title='bbox 2408 4661 2671 4728; x_wconf 78' lang='lat' dir='ltr'><strong>spectan.</strong></span> 
     </span>
    </p>
   </div>
  </div>
 </body>
</html>
