3234 5192
526 361 655 417 186·
1311 373 1390 413 DE
1420 372 1784 414 necessarus
1813 371 2160 413 secessione
2515 340 2773 432 [msrur.
2803 372 2938 413 vm.

512 537 645 577 nus.
677 516 805 574 Imo
816 515 941 574 sola
954 513 1249 593 Scriptura
1269 522 1574 575 contentus
1591 514 1665 573 ad
1677 514 1923 591 primum
1937 512 2280 591 principium
2295 519 2588 589 provocat,
2607 510 2754 571 “Ab
2771 513 2940 573 initio·

516 596 752 656 nonfuit
774 597 916 671 sic,’'
932 596 1143 654 Matth.
1167 596 1289 654 xix.
1304 600 1357 670 8,
1373 597 1485 671 vel,
1504 595 1792 667 “ErratiS,
1805 596 2128 652 nescientes
2154 594 2536 669 Scripturas,”
2555 594 2764 652 Matth.
2787 595 2933 653 xxii.

514 678 613 736 29.
660 677 776 735 Cur
802 696 941 753 ergo
970 675 1044 733 ad
1073 676 1467 753 scrupulosam
1515 675 1684 733 istam
1715 676 1988 751 temporis
2017 682 2074 731 et
2117 682 2448 731 caeterarum
2479 672 2936 732 circumstantia·

514 776 643 816 rum
672 758 1041 829 notationem,
1067 775 1197 832 quae
1216 755 1360 813 nihil
1378 755 1453 813 ad
1470 775 1591 813 rem
1608 754 1844 826 faciunt,
1865 753 2388 829 adstringeremur?
2435 752 2657 811 Sufficit
2673 752 2840 811 nobis
2868 761 2934 812 ut

514 836 887 896 ostendamus
916 835 1235 893 doctrinam
1268 836 1682 911 Apostolorum
1733 852 1768 891 a
1813 832 2091 905 doctrina,
2121 852 2252 910 quae
2280 852 2432 890 nunc
2461 832 2682 891 obtinet
2722 833 2784 891 in
2815 833 2924 890 Pa-

514 926 671 994 patu,
702 912 774 978 δις
801 911 887 972 Bm
913 940 1086 971 ruem
1114 914 1410 989 dissidere,
1442 923 1501 973 et
1544 921 1758 973 statum
1807 913 2099 971 hodiernae
2150 912 2427 970 Ecclesiae
2481 912 2758 971 Romanae
2787 913 2933 972 mul-

516 1006 639 1055 tum
668 995 867 1055 differe
896 996 970 1053 ab
1000 995 1252 1071 antiqua,
1276 1003 1449 1069 atque
1474 993 1618 1051 adeo
1648 993 1722 1052 ab
1751 992 1915 1051 initio
1943 1012 2060 1051 non
2086 992 2264 1050 fuisse
2293 991 2395 1050 sic.

598 1075 719 1133 XI.
766 1075 1023 1151 Regeres
1050 1074 1213 1149 forte,
1245 1073 1472 1131 facilem
1521 1093 1647 1131 esse
1683 1073 1853 1131 istam
1881 1072 2154 1148 temporis
2203 1081 2262 1131 et
2309 1079 2608 1130 auctorum
2662 1070 2934 1131 mutatio-

516 1175 657 1215 num
686 1154 1161 1230 designationem,
1194 1154 1329 1230 quia
1350 1153 1636 1230 ejusmodi
1662 1152 2010 1211 mutationes
2039 1152 2099 1209 in
2121 1172 2182 1209 re
2203 1152 2349 1211 tanti
2377 1150 2652 1209 momenti
2679 1151 2805 1210 fieri
2833 1171 2934 1211 ne-

511 1243 740 1312 queunt
768 1234 892 1292 sino
936 1233 1164 1310 magnis
1208 1234 1499 1310 motibus-3
1544 1231 1777 1309 quando
1819 1232 2014 1309 agitur
2040 1231 2112 1289 de
2141 1232 2418 1290 mutanda
2455 1231 2638 1289 veteri
2665 1231 2796 1306 fide,
2829 1250 2934 1308 pro

512 1335 633 1392 qua
662 1322 726 1372 ut
752 1314 867 1373 aris
895 1322 953 1375 et
973 1314 1117 1372 focis
1145 1314 1523 1391 disceptatur,
1556 1322 1615 1372 et
1643 1312 1715 1371 de
1744 1331 1898 1369 nova
1939 1318 1997 1369 et
2025 1312 2310 1369 contraria
2336 1311 2769 1369 introducenda.
2817 1310 2936 1369 Sed

516 1414 705 1472 neque
752 1395 863 1453 hoc
912 1394 1147 1471 majoris
1175 1402 1262 1453 est
1304 1393 1595 1471 ponderis
1681 1392 1826 1466 Quis
1853 1390 2038 1449 nescit
2067 1392 2414 1450 mutationes
2443 1390 2785 1463 istiusmodi,
2816 1410 2932 1448 non

518 1494 744 1551 semper
790 1494 1002 1550 magno
1052 1494 1184 1532 cum
1239 1482 1518 1551 apparatu
1544 1480 1603 1532 et
1631 1498 1791 1551 07qu
1836 1498 1894 1551 τῃ
1923 1484 2140 1551 aroana,
2171 1472 2276 1529 sed
2305 1472 2514 1548 saepius
2543 1479 2602 1529 et
2649 1470 2934 1529 ordinarie

518 1554 797 1631 paulatim
836 1563 895 1611 et
925 1554 1136 1611 sensim
1165 1553 1307 1627 fieri,
1339 1554 1421 1611 ita
1441 1562 1506 1611 ut
1534 1554 1638 1610 vix
1667 1573 1734 1610 ac
1763 1572 1834 1609 ne
1854 1552 1955 1609 vix
1978 1552 2210 1629 quidem
2228 1552 2464 1628 praecise
2495 1550 2709 1627 singuli
2738 1570 2934 1609 earum

520 1633 736 1709 gradus
781 1632 1050 1692 distincte
1100 1633 1396 1691 observari
1446 1642 1677 1707 queant,
1728 1632 1979 1690 maxime
2024 1651 2203 1708 quum
2247 1630 2394 1689 tales
2439 1632 2788 1688 mutationes
2816 1648 2934 1688 non

518 1713 668 1770 fiunt
690 1712 884 1769 statim
915 1732 1017 1788 per
1044 1713 1258 1769 veteris
1288 1712 1564 1771 doctrinae
1592 1712 2048 1789 abrogationem,
2079 1711 2234 1787 quod
2262 1719 2458 1788 posset
2486 1711 2780 1768 hominum
2811 1710 2932 1767 ani-

518 1811 646 1849 mos
668 1810 1047 1865 commovere,
1078 1791 1181 1850 sed
1198 1811 1301 1867 per
1340 1811 1507 1849 novae
1536 1790 1792 1849 nondum
1823 1791 2054 1849 creditne
2083 1791 2564 1850 introductionem
2585 1792 2615 1848 ⁸?
2673 1790 2806 1848 Non
2832 1808 2937 1867 per

513 1890 773 1930 errorum
802 1871 1160 1945 crassiorum,
1191 1871 1290 1946 qui
1320 1872 1381 1927 in
1409 1890 1612 1931 sensus
1641 1870 1808 1929 facile
1830 1878 2073 1948 possunt
2102 1870 2406 1945 incurrere,
2437 1868 2922 1947 propositionem3

522 1952 627 2009 sed
655 1970 757 2027 per
779 1951 989 2008 occulti
1017 1959 1075 2009 et
1105 1971 1140 2008 a
1168 1951 1433 2009 sensibus
1475 1952 1680 2008 remoti
1715 1951 2004 2027 dogmatis
2032 1950 2278 2027 alicujus
2307 1950 2769 2009 insinuationem.
2802 1950 2936 2007 Non

518 2050 624 2108 per
648 2030 941 2107 publicam
970 2029 1382 2107 professionem
1412 2031 1563 2089 inter
1590 2049 1790 2089 omnes
1812 2053 1827 2106 3
1853 2030 1957 2089 sed
1982 2049 2086 2107 per
2127 2030 2533 2088 clanculariam
2562 2037 2621 2088 et
2647 2028 2934 2105 privatam

518 2112 671 2169 intra
714 2129 930 2187 paucos
979 2110 1526 2169 disseminationem.
1611 2110 1745 2169 Non
1793 2130 1896 2188 per
1939 2110 2328 2186 cognitionem
2368 2110 2576 2167 claram
2610 2118 2668 2167 et
2696 2108 2934 2167 distinc-

521 2199 639 2249 tam
663 2213 677 2263 ;
723 2190 827 2248 sed
867 2209 970 2266 per
1025 2190 1413 2266 cognitionem
1458 2190 1761 2248 obscuram
1803 2198 1863 2247 et
1919 2190 2233 2263 confusam,
2285 2189 2442 2267 quod
2491 2189 2586 2246 hic
2621 2189 2936 2265 contigisse

520 2279 783 2329 constat:
830 2279 969 2328 tunc
992 2270 1143 2327 enim
1174 2269 1341 2327 facile
1394 2269 1707 2347 imponitur
1746 2265 2094 2343 hominibuS,
2127 2277 2185 2327 et
2213 2269 2566 2329 insensibilis
2587 2277 2778 2346 potest
2809 2267 2936 2326 fieri

518 2350 781 2409 mutatio.
845 2349 962 2407 Hic
990 2349 1185 2425 itaque
1215 2348 1628 2426 distinguenda
1657 2358 1792 2408 sunt
1839 2370 2102 2408 errorum
2131 2350 2290 2407 inilia
2318 2360 2376 2409 et
2395 2350 2579 2425 primi
2597 2350 2835 2424 gradus,
2861 2346 2936 2406 ab

522 2448 718 2487 eorum
742 2430 1090 2487 incrementis
1118 2438 1176 2487 et
1203 2454 1341 2509 amp
1367 2451 1381 2505 3
1414 2430 1589 2487 tacita
1616 2448 1810 2487 eorum
1843 2438 1901 2487 et
1921 2428 2174 2487 subdola
2201 2430 2350 2487 inter
2375 2448 2590 2506 paucos
2617 2427 2936 2486 communi·

522 2509 691 2583 cati0,
722 2518 781 2567 et
808 2508 1040 2585 publica
1068 2528 1135 2567 ac
1162 2520 1361 2585 aperta
1388 2528 1585 2567 eorum
1614 2507 1913 2585 professio,
1999 2509 2212 2567 Fateor
2237 2510 2538 2585 posteriori
2567 2527 2738 2567 sensu
2767 2526 2940 2584 posse

521 2590 716 2647 varios
752 2590 1073 2647 animorum
1120 2598 1313 2649 motus
1361 2589 1615 2647 excitare
1660 2588 1718 2645 in
1765 2588 2045 2661 Ecclesia,
2077 2598 2136 2647 et
2179 2589 2419 2647 dissidia
2447 2608 2512 2646 ac
2541 2589 2940 2647 contentiones

520 2688 721 2747 parcre
746 2692 759 2743 ;
813 2668 970 2744 quod
1019 2668 1192 2727 nimis
1237 2669 1550 2745 contigisse
1596 2667 1851 2726 omnium
1894 2668 2216 2727 seculorum
2263 2668 2618 2745 experientia
2671 2678 2936 2727 testatur.

530 2749 645 2809 Sed
674 2769 791 2809 non
818 2768 923 2826 par
950 2758 1039 2808 est
1075 2750 1223 2807 ratio
1252 2748 1401 2807 initii
1430 2757 1489 2807 et
1515 2748 1830 2825 primorum
1859 2748 2142 2824 graduum
2183 2768 2399 2822 eorum,
2430 2748 2512 2806 ita
2539 2746 2690 2805 enim
2721 2747 2938 2806 sensim

520 2850 589 2889 ac
618 2830 741 2888 sine
770 2848 945 2888 sensu
972 2829 1097 2887 fieri
1120 2828 1323 2903 solent,
1355 2836 1421 2887 ut
1447 2848 1563 2887 non
1594 2828 1819 2905 possint
1859 2828 2025 2885 facile
2057 2828 2352 2886 observari
2375 2850 2390 2903 3
2439 2828 2652 2886 Satana
2678 2828 2788 2885 hac
2813 2836 2940 2887 arte

522 2910 763 2969 subdole
808 2908 1042 2983 utendo,
1088 2918 1153 2968 ut
1201 2910 1463 2968 incautos
1508 2908 1776 2985 decipiat,
1808 2917 1868 2967 et
1894 2908 2118 2966 felicius
2143 2927 2210 2966 ac
2259 2906 2616 2966 commodius
2643 2926 2936 2966 venenum

522 3009 688 3049 suum
716 2990 952 3049 exitiale
981 2989 1241 3063 instillet,
1273 3000 1330 3048 et
1359 2988 1563 3047 infelix
1590 2988 1795 3047 lolium
1825 2998 1993 3061 serat,
2019 2987 2158 3045 dum
2186 2988 2448 3047 homines
2477 2988 2647 3046 citius
2674 2986 2939 3045 immedi-

517 3070 707 3127 cabile
734 3069 949 3129 vulnus
978 3070 1251 3142 sentiunt,
1284 3088 1455 3145 quam
1484 3078 1551 3129 ut
1578 3069 1764 3128 sciant
1793 3087 1853 3126 se
1883 3068 2192 3143 accepisse.

518 3186 565 3231 2.
594 3188 819 3243 objectio
849 3190 1006 3243 petita
1129 3149 1283 3205 XII.
1328 3152 1385 3207 2.
1430 3149 1646 3208 Contra
1675 3148 2058 3206 secessionem
2103 3155 2358 3205 nostram
2399 3146 2484 3205 sic
2512 3154 2790 3224 pugnant.
2835 3145 2938 3205 Ab

582 3258 613 3289 a
652 3244 845 3288 defectu
890 3244 1008 3289 Suo-
1048 3246 1117 3285 ea
1146 3228 1410 3285 Ecclesia
1439 3228 1561 3285 sine
1591 3227 1829 3286 crimine
1857 3247 1972 3285 non
2001 3246 2309 3303 possumus
2338 3227 2622 3301 secedere,
2655 3246 2783 3302 quae
2811 3244 2943 3303 per-

585 3303 820 3403 eessssioriiis
849 3308 899 3345 ⁰¹⁵
912 3301 1009 3345 Vo-
1050 3317 1282 3381 petuam
1312 3315 1370 3364 et
1398 3326 1513 3363 non
1540 3306 1918 3383 interruptam
1947 3306 2122 3365 habet
2151 3306 2590 3381 successionem,
2619 3316 2686 3365 ut
2707 3305 2782 3363 ad
2808 3324 2940 3364 eam

582 3372 641 3403 ⁰⁸
682 3372 743 3402 ⁰²¹
766 3372 805 3402 Β·
1051 3404 1158 3442 nos
1201 3385 1557 3461 recipiamus,
1591 3405 1720 3461 quse
1770 3386 1926 3444 omni
1954 3386 2286 3445 destituitur
2327 3387 2629 3445 vocatione
2657 3385 2939 3462 legitima.

527 3464 673 3521 Nam
706 3463 754 3521 si
796 3463 1044 3539 aliquam
1074 3464 1414 3523 habuissent
1441 3464 1609 3541 primi
1641 3467 1822 3525 nostri
1851 3465 2294 3541 Reformatores,
2325 3467 2422 3526 vel
2449 3466 2655 3525 fuisset
2687 3467 2939 3525 Ordina-

520 3544 619 3603 νέα
648 3544 740 3601 vel
772 3544 1290 3603 Extraordinaria.
1356 3544 1719 3603 Ordinariam
1747 3566 1864 3604 non
1893 3546 2070 3605 fuisse
2097 3566 2189 3605 res
2217 3547 2344 3623 ipsa
2372 3546 2599 3619 clamat,
2644 3546 2780 3622 quia
2806 3544 2938 3603 nul-

523 3624 645 3682 lum
674 3624 863 3683 adhuc
892 3622 1274 3681 ministerium
1303 3624 1453 3683 inter
1480 3644 1585 3683 nos
1614 3634 1866 3684 erectum
1915 3635 2070 3702 erat3
2116 3646 2222 3685 nec
2251 3626 2780 3699 extraordinariam,
2801 3624 2944 3701 quia

524 3704 819 3763 miraculis
847 3703 1183 3762 debuissent
1211 3723 1337 3761 eam
1387 3705 1739 3780 confirmare,
1771 3705 1927 3783 quod
1971 3726 2086 3765 non
2117 3704 2374 3765 fecerunt
2401 3716 2613 3765 tamen.
2691 3704 2834 3763 Cum
2866 3704 2939 3763 Ε.

522 3786 741 3843 nullam
772 3784 1103 3843 missionem
1132 3783 1454 3860 habuerint,
1486 3785 1703 3844 nuliam
1749 3787 1921 3843 etiam
1969 3786 2248 3845 Ecclesiae
2289 3785 2665 3844 reformandae
2693 3784 2941 3843 auctori·

524 3872 702 3924 tatem
744 3865 1033 3939 habuisse,
1079 3872 1253 3940 atque
1282 3864 1427 3923 adeo
1453 3866 1646 3924 nullas
1684 3866 2008 3925 vocationis
2036 3886 2154 3925 suae
2184 3874 2352 3924 notas
2379 3865 2516 3925 dare
2545 3884 2732 3943 posse,
2780 3864 2942 3941 quod

526 3952 796 4004 tenentur
822 3952 1014 4003 tamen
1044 3952 1110 4002 ut
1130 3944 1474 4020 audiantur3
1520 3965 1718 4004 veram
1747 3946 1900 4005 enim
1943 3966 2069 4005 eam
2100 3946 2421 4005 Ecclesiam
2451 3965 2577 4005 esse
2607 3966 2720 4004 non
2749 3963 2938 4021 posse,

523 4044 656 4103 quse
704 4025 907 4084 falsam
960 4024 1292 4083 missionem
1341 4024 1532 4083 habet.
1622 4025 1706 4085 Ut
1750 4027 2045 4104 responsio
2075 4026 2286 4085 clarius
2313 4033 2523 4102 pateat,
2556 4026 2694 4103 quia
2720 4023 2942 4101 duplex

736 4173 747 4185 .
1052 4104 1361 4164 difficultas
1406 4104 1501 4163 hic
1549 4106 1871 4183 attingitur,
1924 4106 2109 4182 prima
2149 4106 2222 4165 de
2265 4116 2546 4182 perpetua
2581 4106 2938 4173 successione,

526 4170 795 4275 Sussffsssgl
813 4184 1011 4276 ἣίῗῇῗέ
1052 4186 1234 4243 altera
1262 4186 1335 4243 de
1386 4186 1850 4259 Reformatorum
1878 4196 2198 4245 nostromm
2225 4187 2528 4259 vocatione,
2560 4205 2705 4261 quas
2747 4184 2822 4242 ad
2849 4204 2942 4241 ra·-

584 4301 682 4331 non
727 4294 804 4333 est
846 4302 1009 4335 neees-
1050 4266 1169 4323 vim
1198 4285 1381 4342 usque
1411 4266 1599 4323 solent
1627 4266 1797 4324 nobis
1826 4266 2092 4344 objicere,
2123 4265 2297 4343 paulo
2339 4265 2668 4324 distinctius
2689 4264 2761 4322 de
2783 4272 2942 4323 utra-

586 4346 727 4397 saria,
768 4348 849 4391 ⁸⁰d
904 4354 1007 4418 “²3¹-
1050 4365 1162 4421 que
1212 4346 1379 4403 nobis
1428 4354 1517 4404 est
1544 4346 1852 4422 agendum.
1939 4346 2017 4404 Et
2065 4354 2132 4404 ut
2174 4345 2246 4404 de
2283 4346 2621 4404 successione
2665 4353 2946 4421 perpetua

587 4408 697 4446 ‘¹²¹¹‘
712 4404 1007 4450 ‘¹⁰⁰‘¹'¹¹²³¹¹⁸·
1052 4425 1310 4483 dicamus
1339 4425 1572 4502 primos.
1660 4426 1802 4484 Cum
1832 4426 2138 4503 multiplex
2159 4426 2342 4503 possit
2370 4445 2497 4484 esse
2525 4425 2809 4498 successio,
2841 4424 2945 4482 vel

518 4517 899 4573 personarum
928 4511 985 4559 et
1014 4506 1279 4573 locorum,
1310 4506 1406 4563 vel
1436 4506 1706 4563 doctrinae
1747 4514 1802 4563 et
1831 4527 2023 4565 rerum
2047 4530 2061 4581 ;
2113 4506 2210 4563 vel
2237 4506 2520 4565 naturalis
2546 4505 2767 4564 ratione
2817 4522 2944 4563 car·

526 4577 634 4653 nis,
666 4578 765 4635 vel
788 4581 1025 4654 politica
1052 4584 1270 4643 ratione
1298 4605 1619 4659 munerum,
1665 4586 1764 4644 vel
1788 4587 2098 4663 spiritualis
2139 4585 2359 4646 ratione
2407 4584 2578 4662 fidei3
2621 4583 2945 4644 videndum

520 4676 791 4735 quaenam
818 4658 912 4716 hic
942 4662 1229 4719 successio
1275 4662 1484 4722 debeat
1527 4663 1804 4723 obtinere.
1891 4666 1970 4725 Et
2013 4666 2336 4725 naturalem
2381 4664 2616 4743 quidem
2645 4684 2714 4723 ac
2741 4664 2946 4741 politi-
