3234 5192
240 361 476 402 msrur.
521 341 616 424 11.]
995 361 1223 406 nosras
1253 363 1330 404 AB
1359 365 1643 408 secessui
1674 367 1941 408 nouam.
2589 349 2665 406 49

250 502 460 582 spiritu
485 511 548 562 et
573 503 841 564 fraternae
869 503 1160 564 societatis
1189 505 1407 582 ordine,
1448 527 1564 586 quo
1591 507 1669 567 ad
1717 507 1923 567 fratres
1952 508 2012 566 in
2040 507 2209 566 terris
2239 507 2503 568 viventes
2532 527 2666 568 eon·

249 583 454 662 fugere
485 583 740 646 solemus
769 583 844 642 ad
871 585 1154 644 auxilium
1177 595 1234 644 et
1261 607 1430 664 opem
1459 608 1659 648 eorum
1686 587 2169 666 implorandum.'’
2218 588 2315 646 Sic
2346 589 2669 665 Episcopus

246 663 527 742 loquitur,
559 673 666 724 art.
697 668 756 724 4.
803 664 923 726 Sed
950 665 1082 742 quis
1111 685 1226 724 non
1256 667 1418 726 videt
1445 669 1763 728 vanitatem
1806 668 2111 742 illusionis,
2135 668 2277 745 quia
2304 667 2665 744 simpliciori-

247 744 360 804 bus
387 743 584 804 fucum
613 744 802 804 facere
831 755 1088 822 conatur,
1139 745 1276 805 dum
1295 747 1690 808 diversissima
1712 747 2028 825 confundit,
2077 759 2267 808 actum
2298 757 2439 826 puta
2464 749 2665 806 huma-

248 844 406 900 num,
440 825 692 898 civilem,
727 825 1068 885 Christianae
1097 827 1404 904 societatis,
1438 830 1564 907 opis
1607 838 1823 888 mutuae
1872 829 2024 888 inter
2050 829 2221 888 vivos
2248 837 2307 887 et
2333 837 2664 906 praesentes,

249 926 380 983 quae
407 906 804 982 praescribitur
829 905 998 964 nobis
1025 907 1088 964 in
1119 909 1430 985 Scriptura,
1462 931 1594 969 cum
1624 919 1758 968 actu
1780 909 2055 986 religioso
2096 909 2497 984 invocationiS,
2529 907 2667 966 ado-

249 985 508 1062 rationis,
527 985 773 1061 fiduciae‚
799 987 922 1045 voti
944 986 1225 1063 sacrificii,
1246 990 1412 1066 cujus
1425 991 1717 1068 objectum
1726 1010 1845 1048 non
1868 998 2002 1049 sunt
2012 989 2297 1064 viventes,
2322 989 2425 1048 sed
2437 989 2671 1064 mortui,

249 1065 453 1143 procul
481 1086 516 1123 a
537 1067 706 1124 nobis
735 1086 840 1124 nec
869 1075 1182 1144 praesentes
1199 1079 1298 1128 aut
1319 1072 1570 1130 essentia
1595 1080 1697 1130 aut
1718 1072 2047 1148 operatione
2071 1091 2199 1130 eum
2221 1069 2478 1146 scientia,
2499 1090 2569 1128 cu
2567 1071 2669 1146 jus

249 1166 356 1204 nec
385 1146 522 1203 vola
549 1167 656 1205 nee
685 1145 998 1222 vestigium
1039 1148 1100 1206 in
1147 1147 1455 1226 Scriptura,
1501 1152 1617 1210 imo
1658 1171 1775 1210 non
1804 1151 2049 1210 obseura
2076 1151 2423 1210 interdictio,
2514 1154 2569 1208 2.
2604 1149 2666 1208 Si

249 1225 450 1286 eadem
482 1226 673 1285 cultus
701 1226 870 1285 istius
897 1235 1052 1288 esset
1079 1229 1386 1306 utrobique
1412 1233 1576 1307 ratio,
1608 1240 1669 1290 et
1696 1230 1899 1290 eodem
1930 1231 2137 1308 spiritu
2165 1231 2355 1290 cultus
2396 1231 2509 1290 iste
2536 1251 2663 1308 per-

249 1307 460 1384 agitur,
505 1326 646 1383 ergo
699 1315 972 1384 poterunt
1017 1308 1126 1366 rite
1175 1311 1504 1368 canonizari
1557 1311 1842 1386 viventes,
1888 1311 2103 1388 templa
2158 1319 2217 1369 et
2258 1310 2463 1368 altaria
2503 1320 2663 1386 pote·

249 1395 390 1445 runt
417 1386 530 1444 illis
557 1387 722 1464 erigi,
753 1387 1024 1446 incensus
1051 1387 1286 1466 adoleri,
1313 1390 1595 1450 sacrificia
1616 1390 1825 1464 offerri,
1858 1399 1913 1448 et
1943 1390 2057 1448 alia
2075 1389 2133 1446 id
2154 1410 2338 1465 genus
2360 1409 2489 1466 quae
2518 1390 2665 1450 fiunt

251 1486 396 1544 erga
437 1467 680 1526 Sanctos
721 1465 1086 1542 demortuos;
1131 1479 1401 1546 poterunt
1447 1491 1649 1548 preces
1690 1479 1749 1530 et
1790 1469 2261 1547 compellationes
2305 1468 2663 1546 Christianae,

252 1567 384 1624 quae
413 1546 526 1605 illis
555 1545 718 1623 fiunt,
751 1547 942 1607 cultus
983 1549 1242 1627 religiosi
1282 1571 1494 1610 nomen
1525 1551 1803 1626 obtinere,
1848 1549 2005 1628 quod
2032 1569 2203 1608 nemo
2230 1568 2347 1608 non
2376 1548 2537 1608 videt
2566 1549 2666 1608 ab-

249 1627 490 1686 surdum
517 1647 662 1702 esse,
693 1627 809 1686 imo
839 1628 1095 1706 impium.

333 1707 594 1766 XXXI.
642 1708 762 1767 III.
829 1709 1151 1786 Excipitur,
1207 1713 1243 1743 “
1261 1731 1376 1770 non
1427 1713 1620 1790 rogari
1654 1712 1899 1770 Sanctos
1936 1719 2001 1770 ut
2050 1729 2253 1768 causas
2300 1708 2664 1788 principale8‚

291 1787 352 1846 ui
380 1788 478 1847 vel
505 1789 658 1847 bona
685 1788 840 1862 dent,
872 1789 968 1848 vel
997 1790 1244 1850 liberent
1271 1811 1306 1850 a
1333 1793 1519 1868 maliS,
1571 1813 1681 1852 nec
1709 1791 1914 1850 iisdem
1952 1791 2163 1868 quibus
2208 1789 2281 1848 ad
2314 1790 2503 1848 Deum
2532 1811 2667 1849 con·

249 1807 472 1945 angitur
497 1868 770 1946 precandi
815 1868 1094 1944 formulis,
1125 1871 1558 1948 maximumque
1587 1893 1715 1932 esse
1754 1871 2064 1930 discrimen
2090 1871 2242 1930 inter
2268 1869 2523 1946 modum,
2552 1890 2668 1947 quo

249 1948 533 2008 auxilium
567 1949 678 2007 Dei
707 1949 1043 2026 imploratur
1071 1959 1128 2009 et
1156 1971 1270 2027 quo
1303 1951 1686 2028 Sanctorum3
1734 1971 1869 2011 nam
1902 1953 2089 2010 Deum
2118 1951 2347 2028 proprie
2390 1951 2668 2027 invocari,

247 2037 314 2087 nt
337 2029 522 2088 nostri
543 2031 890 2106 misereatur,
923 2029 1027 2088 sed
1059 2030 1302 2090 Sanctos
1330 2040 1574 2108 tantum,
1618 2042 1682 2090 ut
1718 2053 1833 2108 pro
1872 2032 2025 2090 nobis
2070 2034 2261 2090 Deum
2304 2039 2481 2089 orent.
2572 2031 2669 2090 Sic

250 2107 600 2168 catechism.
645 2110 849 2168 Roma.
879 2129 936 2188 p.
967 2113 1023 2170 3.
1054 2110 1171 2170 Tit.
1200 2111 1271 2170 de
1301 2112 1473 2172 Cultu
1503 2121 1562 2172 et
1591 2112 1969 2171 Invocatione
2015 2111 2375 2185 Sanctorum,
2416 2119 2477 2170 et
2496 2131 2571 2170 ex
2600 2131 2669 2170 eo

251 2189 596 2267 Episcopus,
628 2189 894 2267 Exposit.
916 2211 975 2268 p.
999 2194 1095 2252 22.
1185 2191 1300 2250 Sed
1326 2192 1539 2252 frustra
1562 2193 1676 2252 hoe
1704 2192 1980 2270 effugium
2000 2192 2291 2269 quaeritur,
2318 2190 2477 2266 quod
2501 2191 2669 2268 praxi

245 2279 444 2346 aperte
473 2279 775 2347 repugnat.
859 2269 1010 2329 Nam
1040 2271 1090 2330 si
1116 2271 1262 2330 nihil
1289 2273 1448 2331 aliud
1484 2273 1703 2350 petitur
1728 2293 1765 2330 a
1798 2272 2042 2348 Sanctis,
2074 2292 2246 2350 quam
2276 2280 2341 2330 ut
2370 2279 2533 2329 orent
2560 2290 2666 2346 pro

245 2349 436 2424 nobis,
468 2369 572 2408 cur
590 2349 908 2410 Concilium
931 2352 1256 2429 suppliciter
1275 2353 1531 2412 invocari
1553 2353 1700 2428 vult,
1734 2361 1792 2412 et
1819 2355 1903 2412 ad
1920 2373 2113 2411 eorum
2131 2373 2289 2428 opem
2319 2359 2371 2408 et
2387 2350 2667 2409 auxilium

245 2451 350 2488 con
379 2431 479 2506 uqi
495 2432 524 2488 ,²
607 2430 722 2489 Cur
751 2431 1010 2490 formulae
1037 2432 1285 2508 publicas
1313 2453 1584 2512 expresse
1635 2441 1855 2511 petunt,
1905 2435 2024 2492 “ut
2070 2430 2329 2491 misereri
2370 2430 2571 2507 velint,
2602 2439 2669 2491 ut

247 2519 506 2590 parcant,
536 2510 798 2586 liberent,
831 2511 1162 2589 exaudiant,
1193 2513 1309 2571 imo
1337 2523 1403 2572 ut
1441 2513 1675 2572 deleant
1709 2521 1963 2592 peccata,
2006 2512 2303 2572 conferant
2330 2531 2430 2571 cor
2458 2513 2668 2572 contri-

247 2599 390 2666 tum,
423 2590 600 2650 eorda
625 2591 968 2668 illuminent,
992 2593 1312 2670 largiantur
1339 2594 1697 2672 spiritualem
1725 2594 1987 2672 gratiam,
2019 2594 2081 2652 in
2100 2595 2243 2652 hora
2258 2593 2459 2654 mortis
2489 2593 2668 2650 susei-

245 2670 467 2750 piant,''
487 2681 546 2730 et
573 2671 689 2729 alia
714 2671 776 2729 id
804 2689 1004 2748 genus,
1037 2693 1166 2750 quae
1193 2674 1410 2752 passim
1437 2674 1498 2732 in
1553 2674 1801 2733 Litaniis
1834 2684 1894 2734 et
1921 2673 2277 2734 orationibus
2322 2672 2397 2730 ad
2427 2673 2669 2732 Beatam

247 2750 556 2830 Virginem
583 2760 644 2810 et
676 2751 919 2812 Sanetos
965 2753 1256 2829 leguntur,
1287 2763 1352 2816 ut
1399 2774 1575 2832 supra
1630 2756 1839 2814 visum.
1924 2753 2047 2812 Nec
2094 2751 2485 2830 reponendum
2536 2772 2669 2810 cum

241 2831 616 2908 Belial-mino,
661 2832 744 2890 lib
785 2832 824 2890 i.
867 2832 940 2893 de
983 2833 1170 2894 Beati.
1218 2835 1577 2910 Sanctorum,
1623 2855 1749 2913 cap.
1782 2838 1875 2910 17,
1923 2836 1959 2866 “
1981 2833 2147 2892 Talia
2182 2853 2299 2890 non
2328 2832 2442 2890 alio
2476 2832 2669 2889 animo

239 2913 373 2988 dici,
405 2932 582 2990 quam
609 2921 675 2971 ut
729 2911 840 2970 ista
865 2913 1146 2973 beneficia
1171 2915 1340 2974 nobis
1395 2915 1708 2990 conferant,
1755 2913 1971 2972 orando
1998 2933 2103 2990 pro
2130 2913 2315 2984 nobiS,
2376 2911 2571 2986 itaque
2599 2911 2668 2968 li-

239 3013 368 3053 cere
397 2993 634 3072 quidem
662 2991 854 3068 quoad
880 2995 1060 3052 verba
1113 2993 1324 3068 dicere,
1354 2995 1424 3053 B.
1457 2995 1647 3068 Petre,
1698 2994 1967 3051 miserere
1994 2992 2126 3065 mei,
2158 3009 2327 3050 serva
2352 3008 2463 3062 me,
2511 2991 2677 3066 aperi

241 3074 386 3134 mihi
414 3081 640 3152 portam
665 3071 852 3150 coeli,'’
881 3071 992 3132 Sto.
1039 3075 1075 3107 ‘⁴
1095 3074 1270 3132 modo
1299 3075 1380 3132 ita
1407 3074 1819 3149 intelligamuS,
1850 3071 2121 3130 miserere
2142 3069 2255 3128 mei
2284 3077 2343 3128 et
2364 3067 2527 3127 salva
2554 3089 2665 3144 me,

243 3154 463 3215 orando
491 3173 598 3231 pro
625 3152 776 3212 me.’'
863 3153 1012 3228 Quia
1040 3155 1090 3213 si
1117 3174 1234 3212 non
1263 3153 1422 3212 aliud
1465 3171 1676 3212 munus
1704 3152 1955 3210 habeant
2007 3150 2222 3226 Sancti,
2264 3169 2438 3227 quam
2466 3149 2670 3208 orandi

241 3253 348 3314 pro
389 3234 576 3309 nobis,
620 3255 724 3294 cur
749 3234 1156 3311 praeficiuntur,
1173 3233 1432 3308 urbibus,
1463 3232 1797 3311 provinciiS,
1829 3241 1887 3291 et
1914 3231 2109 3310 regnis
2148 3229 2353 3290 mundi
2392 3239 2667 3307 tanquam

247 3315 350 3374 Dii
375 3314 668 3390 tutelares,
699 3335 736 3373 a
763 3313 990 3392 quibus,
1021 3323 1222 3393 utpote
1265 3314 1482 3374 mundo
1529 3313 1973 3391 praesidentibus
2022 3321 2081 3372 et
2110 3312 2433 3371 Ecclesiam
2454 3313 2665 3388 guber-

243 3395 536 3470 nantibuS,
581 3413 644 3454 se
684 3395 811 3471 regi
852 3403 911 3454 et
955 3395 1264 3472 gubernari
1311 3395 1662 3454 arbitrantur
1681 3397 1710 3452 Ρ
1792 3394 1909 3454 Cur
1956 3393 2201 3470 singulae
2229 3403 2382 3452 artes
2410 3401 2469 3452 et
2495 3412 2667 3452 voca-

243 3477 450 3550 tiones,
480 3475 598 3534 imo
639 3483 699 3534 et
739 3475 926 3533 morbi
953 3476 1272 3552 peculiares
1298 3485 1573 3553 patronos
1609 3475 1841 3549 habent,
1887 3473 1962 3532 ad
2003 3494 2149 3550 quos
2178 3472 2536 3549 confugiunt,
2567 3473 2669 3550 qui

244 3575 346 3616 eos
373 3555 732 3632 profitentur,
763 3555 860 3614 vel
887 3555 960 3614 iis
988 3555 1334 3631 detinentur,
1374 3575 1491 3614 non
1519 3563 1745 3614 tantum
1790 3565 1856 3614 ut
1882 3553 2167 3631 precibuS,
2201 3553 2305 3612 sed
2332 3553 2507 3612 etiam
2533 3573 2663 3630 pro-

245 3636 497 3696 tectione
527 3644 585 3694 et
606 3633 824 3694 auxilio
854 3655 1052 3694 eorum
1074 3636 1356 3712 juventur
1375 3639 1404 3695 P
1486 3635 1713 3694 Rursus
1760 3635 1809 3692 si
1853 3635 1998 3692 nihil
2030 3633 2189 3692 aliud
2230 3632 2538 3692 intendunt
2563 3653 2667 3708 per

247 3717 469 3776 cultum
503 3714 862 3791 Sanctorum,
893 3735 1068 3792 quam
1095 3723 1162 3775 ut
1189 3726 1354 3775 orent
1379 3736 1484 3793 pro
1512 3715 1699 3790 nobis,
1732 3735 1836 3773 cur
1862 3714 2160 3792 patiuntur
2184 3733 2385 3790 preces
2404 3709 2481 3770 ad
2507 3711 2665 3788 ipsos

249 3796 426 3874 dirigi
453 3815 742 3872 expresse,
774 3805 1047 3874 tanquam
1077 3795 1360 3855 bonorum
1386 3795 1693 3872 largitores
1737 3803 1795 3854 et
1821 3803 2175 3872 protectores
2202 3813 2237 3851 a
2262 3792 2447 3864 malis,
2492 3800 2666 3867 atque

248 3877 332 3938 ita
359 3885 661 3954 exponunt
687 3875 1008 3954 simplicem
1035 3876 1329 3954 popellum
1357 3876 1612 3954 periculo
1644 3875 1917 3934 continuo
1945 3873 2252 3934 teterrimae
2280 3870 2621 3930 idololatriae
2638 3873 2667 3930 Ρ

249 3957 722 4033 Quotusquisque
771 3957 925 4015 enim
954 3965 1060 4033 est,
1091 3955 1209 4033 qui,
1241 3956 1378 4014 dum
1398 3955 1639 4034 jubetur
1668 3974 1831 4014 orare
1880 3953 2131 4031 aliquem
2164 3953 2457 4025 Sanctum,
2479 3958 2547 4008 ut
2574 3951 2665 4009 sui

245 4037 604 4112 misereatur,
651 4045 711 4096 et
737 4056 800 4096 se
829 4036 1034 4112 salvet,
1077 4045 1144 4095 ut
1197 4045 1434 4114 peccata
1479 4056 1584 4096 sua
1638 4035 1845 4108 deleat,
1893 4033 2197 4110 intelligat,
2244 4032 2356 4090 hoc
2404 4049 2521 4088 non
2548 4031 2663 4088 alio

247 4139 424 4178 sensu
452 4116 584 4192 dici,
608 4136 784 4193 quam
811 4125 878 4176 ut
903 4137 1009 4194 pro
1038 4136 1100 4176 se
1121 4126 1246 4176 oret
1267 4115 1422 4194 apud
1451 4117 1660 4192 Deum,
1684 4125 1751 4174 ut
1770 4114 1911 4174 talia
1931 4111 2213 4172 beneficia
2240 4110 2516 4185 obtineat,
2545 4129 2664 4168 non

245 4218 388 4258 vero
415 4197 647 4276 proprie
675 4196 748 4255 ab
777 4197 903 4274 ipso
924 4197 1051 4256 hoec
1079 4195 1296 4256 directe
1323 4199 1520 4274 petat?
2368 4243 2377 4252 .

325 4277 626 4338 XXXII.
669 4276 782 4336 IV.
817 4277 1082 4354 Denique
1099 4277 1305 4354 excip„
1333 4279 1369 4310 “
1390 4276 1608 4335 nullam
1626 4275 1893 4353 injuriam
1916 4272 2041 4332 fieri
2064 4271 2311 4344 Christo,
2331 4269 2469 4348 quia
2483 4270 2665 4347 quod-

243 4379 476 4438 cunque
524 4357 933 4434 consequimur
959 4356 1368 4417 intercessione
1400 4357 1761 4430 Sanctorum,
1790 4353 1854 4412 id
1893 4373 2001 4412 nos
2028 4351 2217 4428 reipsa
2244 4367 2346 4427 per
2374 4349 2666 4411 Christum

243 4441 434 4500 solum
463 4438 756 4514 consequi,
788 4437 962 4514 inque
990 4436 1118 4514 ejus
1143 4437 1393 4511 nomine,
1437 4456 1568 4496 cum
1611 4433 1723 4513 ipsi
1756 4433 1953 4492 Sancti
1978 4431 2208 4490 nonnisi
2230 4451 2333 4508 per
2374 4431 2667 4492 Christum

244 4529 428 4594 orent,
448 4539 556 4578 nec
573 4517 686 4576 nisi
704 4518 764 4575 in
779 4518 903 4594 ejus
921 4517 1153 4576 nomine
1172 4516 1606 4575 exaudiantur.’'
1642 4515 1739 4574 Sic
1758 4513 2081 4590 Episcopus
2100 4520 2233 4590 post
2250 4512 2667 4572 Bellarminum

243 4612 304 4661 et
331 4598 723 4659 Tridentinus.
812 4596 929 4656 Sed
977 4597 1116 4675 quid
1157 4597 1330 4674 juvat
1375 4615 1586 4654 nomen
1630 4593 1843 4653 Christi
1886 4591 2257 4670 praetendere,
2300 4593 2350 4652 si
2376 4592 2581 4650 merita
2609 4600 2668 4649 et

240 4683 489 4741 virtutes
505 4678 850 4740 Sanctorum
863 4696 996 4738 eum
1006 4677 1134 4756 ipso
1153 4675 1559 4754 obtenduntur,
1574 4674 1651 4735 ad
1660 4675 1785 4736 haec
1796 4681 1897 4736 aut
1906 4673 2009 4734 illa
2018 4671 2296 4734 beneficia
2318 4671 2628 4731 obtinenda
2638 4673 2667 4728 Ρ

2305 4771 2346 4810 ι)
