3234 5192
572 330 691 395 752
1170 350 1249 391 nr.
1291 350 1636 393 concoama
1675 350 1860 393 raum
1901 349 1975 389 m·
2017 348 2249 405 neom,
2279 349 2410 391 src.
2549 335 2810 409 [msrur.
2841 354 2994 395 xxv.

564 492 980 572 justificatione
1030 493 1371 553 secundaria
1416 502 1477 553 et
1522 492 1716 553 minus
1763 490 1994 571 propria
2021 512 2150 569 quae
2180 492 2240 550 in
2269 490 2654 553 declaratione
2683 503 2742 554 et
2768 496 2990 573 proba·

572 574 729 631 tione
758 581 1002 633 externa
1027 583 1307 633 versatur.
1370 574 1587 634 Paulus
1616 574 1769 634 enim
1798 574 1928 633 vult
1948 573 2240 631 hominem
2268 581 2630 649 peccatorem
2657 582 2718 633 et
2737 575 2986 653 impium

565 653 892 731 justificari,
938 654 1001 713 id
1027 662 1119 713 est
1164 674 1300 713 vere
1328 654 1557 714 absolvi
1600 674 1792 713 coram
1823 654 1951 713 Deo
1978 661 2038 712 et
2070 654 2294 731 justum
2324 654 2681 730 pronuntiari
2711 654 2836 713 sola
2861 656 2984 716 fide

573 734 697 793 sine
727 734 1015 811 operibus,
1046 734 1108 793 id
1136 744 1225 794 est
1252 735 1423 794 unico
1450 744 1584 793 actu
1612 734 1750 793 fidei
1775 734 2258 812 apprehendentis
2285 734 2554 793 meritum
2594 742 2654 794 et
2684 735 2980 811 justitiam

574 814 807 890 Christi,
839 815 997 893 quod
1025 816 1229 874 asserit
1272 828 1473 874 contra
1502 815 1826 873 Pharisaeos
1869 823 1930 873 et
1973 814 2568 890 Pseudo-Apostolos,
2608 814 2710 891 qui
2743 815 2982 892 justitia

574 895 685 953 Dei
715 895 1062 972 posthabita,
1099 895 1387 972 justitiam
1436 914 1600 953 suam
1645 894 1903 954 stabilire
1945 894 2304 969 satagebant.
2387 895 2431 955 J
2435 894 2600 953 acobi
2638 914 2777 953 vero
2806 916 2980 955 mens

570 983 662 1034 est
688 976 978 1034 hominem
1006 974 1239 1033 fidelem
1266 984 1327 1034 et
1353 994 1696 1033 conversum
1732 972 2056 1052 justificari,
2100 974 2166 1045 id
2191 982 2280 1034 est
2311 975 2538 1051 justum
2568 973 2848 1033 declarari
2877 996 2980 1035 co-

568 1074 691 1113 ram
720 1055 1051 1115 hominibus
1078 1065 1137 1114 et
1164 1054 1395 1132 probari
1422 1076 1457 1113 a
1480 1056 1607 1114 Deo
1635 1056 1698 1113 in
1717 1054 1942 1133 judicio
1969 1062 2226 1131 paterno,
2251 1073 2369 1112 non
2393 1054 2510 1113 fide
2525 1062 2767 1131 tantum,
2793 1055 2854 1113 id
2875 1064 2970 1115 est

568 1134 685 1194 fide
712 1144 939 1194 mortua
966 1143 1026 1195 et
1048 1136 1247 1211 sterili,
1272 1135 1375 1194 sed
1396 1134 1509 1193 fide
1530 1134 1672 1194 viva
1699 1146 1760 1193 et
1785 1134 2004 1193 efficaci
2023 1153 2152 1209 quae
2171 1152 2233 1191 se
2255 1144 2456 1193 exerat
2479 1152 2586 1211 per
2603 1134 2756 1193 bona
2776 1155 2972 1213 opera,

568 1214 727 1293 quod
754 1224 925 1291 urget
952 1224 1152 1275 contra
1196 1215 1469 1293 profanos
1498 1214 2114 1274 Pseudo-Christianos
2155 1221 2214 1273 et
2256 1214 2607 1291 hypocritas,
2637 1214 2736 1291 qui
2765 1215 2826 1273 in
2856 1216 2976 1275 Ec·

568 1295 747 1354 clesia
774 1304 1096 1355 versantur.
1162 1296 1247 1355 Ut
1290 1316 1432 1373 ergo
1478 1296 1844 1354 verissimum
1893 1302 1984 1355 est
2029 1293 2266 1353 effatum
2313 1294 2497 1369 Pauli,
2536 1295 2825 1353 hominem
2855 1296 2974 1355 fide

569 1377 693 1434 sine
722 1376 994 1453 operibus
1027 1375 1353 1455 justificari,
1400 1376 1538 1453 quia
1580 1376 1728 1434 nihil
1765 1376 2045 1434 habemus
2089 1394 2206 1451 quo
2249 1382 2401 1433 stare
2445 1374 2734 1451 possimus
2777 1394 2972 1434 coram

560 1456 786 1534 judicio
818 1456 930 1515 Dei
957 1464 1165 1533 pra-,ter
1197 1456 1487 1534 justitiam
1533 1455 1750 1515 Christi
1780 1474 1955 1533 quem
2001 1454 2148 1513 fides
2187 1453 2445 1513 intuetur
2471 1462 2531 1514 et
2558 1453 2669 1512 sibi
2697 1456 2970 1532 applicat,

566 1554 697 1614 quae
725 1544 791 1596 ut
812 1544 901 1596 est
928 1536 1137 1596 infiniti
1161 1536 1377 1595 valoris
1404 1545 1464 1595 et
1490 1535 1763 1613 ponderis
1791 1537 1916 1595 sola
1941 1542 2135 1613 potest
2175 1534 2506 1593 satisfacere
2527 1534 2771 1612 justitiae
2801 1536 2970 1593 Divi-

566 1636 657 1676 nae
684 1625 743 1676 et
770 1610 1399 1676 mereri‘remissionem
1446 1624 1847 1693 peccatorum3
1894 1615 1989 1674 Ita
2036 1615 2418 1674 certissimum
2467 1622 2556 1673 est
2595 1614 2640 1674 J
2643 1614 2806 1674 acobi
2833 1636 2968 1692 pro-

564 1697 891 1755 nuntiatum
942 1697 1333 1755 Christianum
1382 1716 1519 1755 vere
1557 1695 1792 1755 fidelem
1833 1704 1892 1755 et
1923 1694 2308 1773 justificatum
2348 1694 2591 1771 agnosci
2620 1694 2852 1754 demum
2885 1716 2968 1755 ex

564 1776 834 1853 operibus
861 1776 999 1853 quia
1026 1785 1162 1835 sunt
1182 1776 1512 1835 essentialia
1538 1776 1912 1835 consecutiva
1938 1796 2012 1834 ex
2041 1775 2254 1852 quibus
2279 1783 2552 1851 tanquam
2581 1794 2655 1833 ex
2685 1774 2972 1835 fructibus

565 1855 737 1913 arbor
763 1854 1139 1932 dignoscitur,
1170 1856 1252 1914 ita
1279 1864 1344 1915 ut
1372 1856 1471 1932 qui
1518 1876 1636 1914 non
1683 1856 1860 1915 habet
1888 1875 2062 1934 opera
2107 1874 2296 1933 neque
2335 1854 2548 1914 habeat
2593 1855 2766 1914 etiam
2794 1854 2970 1915 fidem

566 1944 625 1995 et
654 1935 1144 2013 justificationem,
1175 1936 1332 2013 quod
1360 1935 1507 1995 falso
1551 1936 1666 1995 sibi
1707 1936 2038 1996 tribuebant
2079 1936 2169 1993 illi
2205 1934 2485 1995 adversus
2511 1953 2658 2011 quos
2707 1936 2751 1995 J
2753 1936 2974 1996 acobus

565 2017 839 2094 disputet.
906 2015 1078 2075 Unde
1128 2016 1191 2075 in
1248 2016 1431 2075 Paulo
1472 2016 1756 2076 habemus
1799 2024 2140 2094 argumenta
2185 2016 2508 2075 humilitatis
2548 2014 2828 2074 adversus
2875 2026 2972 2094 ty-

562 2099 741 2177 phum
798 2096 1083 2176 superbiae
1142 2098 1508 2173 Pharisaicae,
1566 2096 1630 2155 in
1695 2097 1922 2158 Jacobo
1977 2096 2271 2155 incentiva
2322 2097 2631 2155 sanctitatis
2687 2096 2973 2157 adversus

566 2179 800 2256 impiam
847 2177 1215 2256 profanorum
1253 2179 1533 2251 mayn-v.
1622 2177 1716 2237 Ita
1741 2176 2226 2255 quemadmodum
2255 2176 2526 2254 operibus
2571 2176 2842 2235 nuncium
2875 2196 2970 2236 re-

564 2260 790 2317 mittere
840 2268 1105 2318 tenemur
1150 2278 1282 2335 quae
1318 2258 1794 2336 justificationem
1841 2257 2175 2336 praecedunt
2221 2276 2298 2315 ex
2338 2256 2600 2315 doctrina
2629 2256 2830 2331 Pauli3
2885 2258 2974 2317 sic

564 2338 681 2397 illis
726 2338 957 2397 studere
1004 2359 1109 2415 par
1134 2346 1225 2398 est
1265 2350 1331 2397 ut
1378 2359 1504 2397 eam
1550 2345 1866 2415 sequantur
1911 2337 1988 2397 ad
2041 2336 2436 2397 sanctimoniae
2479 2356 2846 2414 progressum
2891 2358 2972 2396 ex

564 2426 757 2475 mente
801 2417 845 2475 J
848 2417 1033 2476 scobi.
1104 2419 1238 2475 Non
1266 2425 1401 2477 sunt
1444 2418 1852 2495 conjungenda
1891 2437 2022 2496 quae
2071 2418 2233 2477 Deus
2276 2415 2494 2491 divisit,
2533 2418 2638 2475 sed
2679 2437 2784 2476 nec
2833 2426 2974 2475 sunt

564 2495 878 2555 dividenda
921 2516 1051 2573 quae
1083 2497 1243 2555 Deus
1282 2498 1626 2574 conjunxit;
1681 2497 1885 2556 Fidem
1928 2499 2002 2557 ab
2031 2497 2300 2575 operibus
2349 2496 2610 2576 sejunxit
2649 2498 2710 2555 in
2750 2500 2972 2574 neyotio

548 2576 985 2653 justificationis,
1012 2577 1202 2654 Opera
1228 2596 1360 2636 cum
1386 2577 1503 2636 fide
1544 2578 1848 2655 conjunxit
1885 2579 1944 2637 in
1971 2580 2086 2638 vita
2113 2579 2419 2657 justeflcatz',
2450 2597 2566 2636 non
2607 2586 2848 2656 possunt
2873 2600 2968 2637 co-

560 2658 776 2730 qffioere
816 2657 1307 2733 justificationem,
1360 2658 1465 2717 sed
1499 2659 1804 2717 coexistere
1849 2666 2043 2717 tamen
2091 2658 2305 2717 debent
2345 2657 2408 2716 in
2455 2658 2786 2736 justificatO,
2812 2660 2973 2735 fides

566 2738 720 2796 enim
747 2740 887 2813 sola,
920 2738 1025 2797 sed
1052 2758 1169 2798 non
1196 2740 1458 2798 solitaria
1491 2738 1792 2817 justificat.
1881 2739 2087 2817 Itaque
2129 2737 2374 2816 abjectis
2402 2738 2672 2798 omnibus
2698 2738 2970 2816 operibus

562 2819 793 2893 nostris,
826 2828 1082 2878 nostram
1116 2820 1403 2898 justitiam
1458 2820 1628 2878 unice
1675 2819 1736 2877 in
1765 2820 1994 2879 Christo
2042 2838 2368 2897 quaeramus
2409 2838 2484 2877 ex
2524 2818 2658 2893 fide,
2685 2838 2758 2877 ne
2787 2817 2972 2879 simus

564 2900 763 2975 injurii
786 2899 968 2976 ipsius
988 2901 1212 2977 merito,
1243 2900 1345 2960 sed
1374 2921 1447 2959 ne
1476 2900 1693 2977 inyrati
1710 2900 1890 2959 simus
1917 2920 2057 2977 erga
2089 2899 2384 2977 Spiritum,
2413 2899 2476 2957 in
2503 2898 2672 2958 bonis
2699 2898 2970 2976 operibus

564 3000 861 3059 nunquam
904 3000 1349 3058 segnescamus3
1392 3000 1509 3039 non
1537 2988 1782 3058 possunt
1813 2979 2287 3057 justificationem
2329 2978 2588 3037 obtinere
2611 2999 2648 3036 a
2676 2980 2870 3054 priori
2897 2988 2968 3038 ut

566 3062 787 3135 merita,
840 3061 943 3120 sed
984 3070 1227 3138 possunt
1254 3060 1545 3120 declarare
1594 3068 1654 3119 et
1695 3060 1940 3138 probare
1987 3080 2024 3119 a
2068 3059 2380 3137 posteriori
2433 3066 2500 3118 ut
2546 3060 2801 3139 παμιίςω,
2847 3078 2970 3117 non

564 3140 902 3199 conducunt
948 3141 1023 3199 ad
1072 3142 1317 3201 salutem
1344 3140 1770 3218 acquirendam,
1801 3140 1906 3199 sed
1947 3139 2273 3199 necessaria
2299 3146 2436 3197 sunt
2462 3140 2696 3197 omnino
2724 3139 2800 3198 ad
2837 3158 2970 3197 eam

565 3220 993 3296 possidendam,
1026 3228 1162 3279 sunt
1200 3222 1294 3281 via
1340 3222 1517 3297 requi,
1544 3240 1664 3279 non
1705 3240 1880 3279 causa
1920 3220 2215 3297 reynandi.
2303 3218 2624 3296 Sequamur
2650 3238 2789 3297 ergo
2817 3220 2972 3279 hanc

570 3298 725 3356 viam
766 3304 833 3356 ut
872 3298 1105 3357 tandem
1148 3300 1553 3376 perveniamus
1608 3300 1685 3359 ad
1741 3300 2012 3376 Patriam,
2071 3299 2229 3376 quod
2269 3297 2418 3358 faxit
2473 3298 2972 3358 clementissimus

572 3377 733 3435 Deus
764 3378 951 3453 Pater,
984 3377 1171 3437 Filius
1200 3388 1257 3439 et
1288 3379 1537 3457 Spiritus
1568 3380 1834 3456 Sanctus,
1885 3380 1978 3439 cui
2034 3380 2110 3439 sit
2149 3380 2296 3455 laus,
2328 3386 2389 3439 et
2435 3378 2638 3438 Gloria
2665 3379 2725 3437 in
2755 3380 2974 3439 saecula

570 3457 933 3517 saeculorum.
1020 3456 1231 3518 Amen.

1498 3618 2052 3681 COROLLARIA.

655 3780 704 3839 I.
752 3778 849 3838 An
878 3778 1023 3838 fides
1048 3781 1257 3840 melius
1302 3800 1407 3859 per
1452 3780 1834 3857 ignorantiam
1887 3780 2193 3839 definiatur
2232 3798 2408 3856 quam
2435 3798 2540 3855 per
2568 3778 2849 3853 notitiam,
2899 3788 2971 3839 ut

576 3861 705 3920 vult
736 3859 1007 3919 Bellarm.
1036 3861 1097 3919 li.
1129 3862 1165 3920 i.
1197 3860 1269 3920 de
1298 3859 1553 3921 Justific.
1576 3881 1628 3919 c.
1659 3865 1692 3919 7
1714 3863 1743 3919 P
1782 3863 1863 3919 N.

656 3941 739 3999 ΙΙ.
786 3940 887 3998 An
914 3941 1120 4000 merita
1148 3941 1267 4000 ulla
1293 3941 1501 4000 dentur
1528 3941 1624 4001 vel
1654 3940 1726 3999 de
1755 3959 2010 4018 congruo
2039 3941 2133 3999 vel
2163 3939 2236 3999 de
2266 3937 2603 4015 condigno?
2643 3942 2722 3997 N.

654 4021 774 4079 III.
819 4020 919 4078 An
948 4029 1304 4080 sacramenta
1330 4020 1626 4080 conferant
1655 4022 1899 4097 gratiam
1927 4040 2002 4079 ex
2032 4040 2202 4099 opere
2230 4028 2466 4096 operato
2487 4023 2518 4077 P
2555 4017 2641 4077 N.

654 4101 765 4159 IV.
812 4102 911 4158 An
942 4101 1439 4179 Paedobaptismus
1482 4100 1874 4160 admittendus
1921 4100 1998 4159 sit
2045 4109 2205 4160 etex
2253 4098 2550 4177 Scriptura
2575 4098 2804 4176 probari
2831 4118 2966 4176 pos·

568 4179 647 4239 sit
672 4184 703 4240 ?
780 4182 833 4238 A
882 4226 897 4239 .

654 4261 729 4319 V.
776 4186 950 4321 Affsi
980 4282 1093 4321 non
1124 4269 1419 4338 peccasset
1440 4260 1725 4335 Adamus,
1755 4278 2052 4338 nunqnam
2079 4258 2284 4319 fuisset
2310 4263 2623 4321 moriturus
2649 4261 2679 4317 Ρ
2718 4260 2835 4332 Affi

652 4341 763 4399 VI.
811 4343 907 4400 An
936 4344 1105 4420 primi
1138 4342 1561 4401 Reformatores
1590 4341 1908 4419 legitimam
1939 4339 2244 4399 habuerint
2270 4344 2632 4401 vocationem
2659 4343 2690 4397 Ρ
2727 4340 2844 4413 Affi

1675 4660 1854 4703 mxl-⁶1.
