3234 5192
520 241 640 298 554
1053 254 1130 293 ns
1162 251 1641 294 sarrsracrtoffls
1669 250 1905 292 cums-rr
1934 250 2251 292 vest-run.
2476 231 2749 312 [msrtrr.
2785 253 2981 294 xvir.

601 405 752 456 stare
781 404 1024 472 possunt
1051 395 1164 454 etsi
1187 393 1448 454 nondum
1495 394 1556 452 in
1583 393 1797 453 coelum
1822 391 2187 452 ascenderint
2209 415 2225 469 ς
2270 392 2386 452 Cur
2411 413 2531 451 non
2556 401 2617 452 et
2644 393 2827 472 impii
2860 396 2975 453 in·

543 496 744 536 eruum
773 484 1000 552 gestare
1030 495 1226 535 secum
1253 475 1518 534 dicentur
1545 494 1677 534 cum
1706 473 2075 533 conscientiae
2102 473 2403 534 tormentis
2432 481 2725 533 vexantur
2744 479 2777 532 Ρ
2828 476 2979 534 Cur

517 578 637 616 non
665 565 722 616 et
746 557 1008 616 Christus
1027 576 1158 615 cum
1187 555 1651 614 maledictionem
1692 554 1804 612 Dei
1841 553 2038 629 sensit,
2070 573 2201 630 quse
2234 554 2579 630 gravissima
2606 563 2698 613 est
2720 554 2971 614 inferni

515 657 704 716 poena,
735 637 847 696 etsi
873 655 1168 713 uunquam
1189 635 1403 694 inferos
1424 634 1653 709 viderit,
1674 634 2055 710 gehennalem
2074 653 2305 711 poenam
2321 634 2525 692 tulisse
2552 634 2667 692 dici
2686 643 2903 712 potest
2930 639 2971 693 ⁶?

602 717 827 776 XXII.
872 717 926 774 N
929 737 1004 774 on
1051 736 1144 774 me
1186 716 1330 774 latet
1374 714 1472 772 hic
1515 715 1811 774 clamitare
1855 714 2216 772 adversarios
2264 733 2503 790 gravem
2538 715 2665 773 fieri
2696 715 2965 774 Christo

516 797 790 876 injuriam
817 798 868 856 si
903 816 1106 872 poenas
1153 796 1456 869 infernales
1482 794 1709 853 dicatur
1734 813 1957 872 passus,
1988 795 2071 852 sic
2093 794 2245 852 enim
2274 795 2473 871 sequi:
2521 798 2597 852 1⁰.
2630 794 2958 854 Christum

517 880 844 954 desperasse
870 896 1002 934 cum
1045 875 1370 953 desperatio
1397 875 1585 952 poeuis
1612 874 2015 934 damnatorum
2040 874 2365 933 necessario
2393 876 2802 952 conjungatur,
2854 880 2953 934 2⁰.

520 961 940 1016 Damnatorum
963 959 1144 1014 locum
1159 956 1382 1014 subiisse
1399 964 1457 1014 et
1478 954 1717 1032 proinde
1736 954 2070 1013 damnatum
2092 973 2261 1031 posse
2284 954 2416 1030 dici,
2442 957 2524 1013 3⁰.
2554 957 2963 1014 Damnatiom‘

520 1047 744 1098 oeternoe
770 1035 1064 1095 addictum
1084 1035 1262 1094 fuisse
1292 1035 1576 1113 siquidem
1604 1035 1731 1094 haec
1758 1035 1927 1093 nobis
1954 1034 2359 1093 reservabatur
2382 1054 2549 1112 poena
2570 1042 2631 1094 et
2644 1035 2803 1092 hanc
2832 1055 2949 1094 ex-

517 1118 818 1195 periuntur
844 1116 1091 1194 reprobi.
1139 1115 1257 1175 Sed
1303 1115 1426 1174 haec
1469 1115 1664 1174 omnia
1691 1115 1871 1192 gratis
1914 1123 2331 1192 supponuntur,
2360 1134 2477 1173 non
2502 1115 2843 1192 probantur,
2876 1125 2949 1174 et

524 1219 607 1258 eae
637 1197 1060 1275 consequentiae
1091 1196 1390 1255 sententiae
1417 1204 1631 1254 nostrae
1668 1195 2001 1255 tribuuntur
2026 1215 2157 1272 quse
2184 1195 2361 1253 nullis
2386 1194 2637 1253 fidiculis
2662 1196 2947 1272 exsculpi

520 1299 598 1338 ex
625 1299 694 1337 ea
720 1298 975 1354 unquam
1023 1284 1329 1354 poterunt3
1374 1285 1440 1334 ut
1483 1296 1560 1334 ex
1587 1275 1944 1352 singularum
1990 1274 2335 1335 refutatione
2380 1285 2645 1334 constare
2694 1277 2941 1351 poterit.

525 1359 676 1417 Nam
729 1357 805 1417 ad
838 1362 931 1417 1¹¹².
984 1358 1075 1417 De
1131 1357 1535 1432 desperatione,
1575 1365 1785 1434 praeter
1812 1375 1881 1414 ea
1908 1375 2038 1433 quae
2085 1375 2121 1413 a
2168 1355 2337 1413 nobis
2365 1354 2537 1413 modo
2564 1364 2702 1414 sunt
2730 1355 2945 1414 obser-

518 1448 674 1514 vata,
704 1437 1180 1515 distinguendum
1209 1445 1298 1495 est
1323 1445 1589 1496 accurate
1626 1437 1777 1495 inter
1802 1455 1873 1494 ea
1918 1455 2048 1512 quse
2076 1443 2211 1494 sunt
2238 1434 2311 1494 de
2337 1435 2465 1512 ipsa
2488 1435 2709 1494 ratione
2736 1455 2940 1512 poenae

521 1527 806 1596 quatenus
833 1539 870 1576 a
888 1518 1088 1593 judice
1116 1516 1416 1592 infligitur,
1449 1525 1508 1575 et
1534 1535 1751 1592 eaquae
1780 1524 1917 1575 sunt
1944 1516 2016 1574 de
2045 1516 2173 1592 ejus
2200 1514 2489 1593 adjunctis
2517 1535 2647 1592 quse
2674 1535 2753 1573 ex
2782 1516 2935 1574 vitio

522 1607 583 1657 et
625 1597 1019 1655 imbecillitate
1069 1596 1316 1672 subjecti
1359 1597 1419 1653 in
1464 1595 1623 1672 quod
1664 1596 1940 1672 recipitur
1973 1595 2429 1673 proficiscuntur,
2482 1596 2607 1654 sive
2655 1614 2785 1672 quse
2834 1596 2935 1654 vel

521 1677 886 1736 essentialiter
912 1675 1287 1734 includuntur
1301 1675 1364 1733 in
1384 1675 1512 1751 ipsa
1533 1693 1720 1752 poena,
1741 1675 1836 1733 vel
1856 1677 2274 1734 accidentaliter
2300 1695 2429 1734 eam
2456 1684 2893 1752 consequuntur
2914 1699 2933 1750 ;

524 1757 786 1816 Christus
834 1755 936 1814 illa
963 1756 1024 1812 in
1071 1774 1134 1813 se
1181 1754 1433 1832 recipere
1479 1755 1680 1814 debuit
1726 1773 1927 1832 poenas
1954 1755 2123 1815 nobis
2144 1755 2369 1815 debitas
2395 1754 2647 1830 ferend0,
2679 1755 2784 1814 sed
2812 1775 2940 1814 non

523 1837 720 1896 statim
747 1836 892 1913 ista;
938 1834 1024 1894 At
1051 1835 1375 1911 desperatio
1403 1843 1492 1893 est
1519 1855 1596 1892 ex
1623 1834 2002 1911 posteriorum
2026 1855 2253 1914 genere,
2285 1855 2400 1894 nou
2422 1836 2575 1894 enim
2597 1844 2685 1894 est
2714 1835 2785 1894 de
2806 1837 2939 1913 ipsa

521 1937 708 1995 poenae
737 1917 1002 1993 essentia,
1035 1914 1139 1975 sed
1167 1914 1238 1974 de
1267 1915 1412 1975 vitio
1430 1914 1679 1988 subjecti
1706 1914 1979 1992 patientis
2027 1916 2185 1993 quod
2212 1916 2651 1994 perpetuitatem
2678 1915 2819 1974 mali
2848 1916 2935 1975 fe·

525 1996 690 2058 rendi
716 1997 1016 2074 cognoscit
1059 2003 1120 2056 et
1162 1995 1450 2056 defectum
1491 1994 1814 2054 mediorum
1848 2015 1923 2054 ex
1944 2015 2013 2054 eo
2054 1996 2405 2072 emergendi,
2436 1997 2547 2056 hoc
2575 2015 2713 2054 vero
2740 1995 2801 2054 in
2840 2016 2934 2055 re-

521 2078 720 2157 probis
748 2087 808 2137 et
849 2078 1138 2137 damnatis
1183 2077 1377 2136 locum
1404 2077 1615 2134 habere
1646 2083 1853 2154 potest,
1884 2085 1943 2134 et
1967 2076 2145 2149 habet
2170 2095 2389 2152 revera,
2421 2077 2521 2153 qui
2554 2095 2779 2134 omnem
2810 2076 2935 2134 ela-

521 2159 698 2218 bendi
719 2159 952 2218 modum
981 2159 1094 2218 sibi
1141 2157 1486 2235 praeclusum
1513 2156 1752 2230 vident3
1798 2164 1859 2215 at
1900 2157 1963 2214 in
1992 2155 2219 2214 Christo
2248 2156 2351 2233 qui
2376 2165 2568 2215 certus
2596 2164 2717 2215 erat
2745 2156 2819 2215 de
2842 2156 2935 2215 fu-

521 2247 650 2298 tura
670 2239 1086 2298 resurrectione
1108 2247 1168 2295 et
1194 2237 1268 2296 de
1294 2237 1560 2314 proximo
1600 2237 1713 2295 Dei
1760 2235 1996 2310 auxili0,
2026 2237 2395 2313 neutiquam;
2440 2256 2625 2314 poenae
2647 2246 2817 2295 autor
2844 2247 2938 2298 est

523 2318 703 2392 DeuS,
737 2317 1020 2376 Diabolus
1047 2325 1106 2375 et
1133 2325 1401 2393 peccator
1425 2315 1881 2393 desperationis;
1930 2316 2269 2392 Desperatio
2297 2336 2413 2375 non
2440 2317 2674 2393 respicit
2700 2319 2935 2394 proprie

519 2415 748 2474 poenam
777 2397 978 2472 ipsam,
1011 2395 1114 2454 sed
1141 2405 1365 2454 tantum
1393 2396 1520 2473 ejus
1549 2395 2037 2454 continuationem
2076 2397 2136 2453 in
2164 2399 2457 2472 oeternum,
2488 2396 2711 2455 nullum
2742 2397 2811 2455 E.
2842 2397 2933 2456 lo-

521 2495 654 2534 cum
682 2475 892 2534 habere
920 2483 1112 2552 potest
1139 2475 1200 2532 in
1223 2495 1292 2533 eo
1321 2475 1422 2552 qui
1443 2474 1686 2532 eandem
1714 2493 1943 2552 poenam
1968 2475 2124 2535 subit
2146 2477 2221 2535 ad
2249 2485 2475 2554 tempus
2502 2477 2680 2535 breve
2709 2479 2930 2537 consti-

523 2563 712 2615 tutum
741 2564 800 2614 et
838 2554 952 2632 ipsi
994 2563 1214 2629 notum,
1245 2573 1378 2614 cum
1406 2563 1564 2614 certa
1607 2575 1711 2633 spe
1744 2554 2119 2632 liberationis,
2152 2555 2268 2615 imo
2298 2577 2428 2616 cum
2456 2565 2741 2635 potestate
2768 2558 2935 2616 illam

523 2635 830 2695 amovendi
851 2657 981 2696 cum
1011 2635 1122 2713 ipsi
1143 2635 1350 2713 placet.
1733 2645 1747 2665 '

463 2723 473 2730 ‘
605 2716 867 2778 XXIII.
912 2717 1014 2774 Ad
1062 2721 1158 2775 2¹⁰.
1200 2715 1398 2794 Resp.‚
1445 2716 1735 2776 Christum
1776 2737 1893 2776 non
1932 2724 2051 2776 tam
2101 2719 2497 2777 damnatorum
2546 2737 2720 2795 quam
2768 2719 2935 2776 dam-

520 2801 844 2858 nandorum
886 2816 1088 2876 poenas
1116 2796 1318 2856 tulisse
1345 2805 1405 2856 et
1430 2797 1623 2856 locum
1652 2797 1916 2872 subiisse,
1946 2817 2045 2856 eos
2091 2797 2312 2856 scilicet
2338 2799 2625 2857 cruciatus
2653 2797 2753 2875 qui
2778 2797 2931 2856 elec-

522 2880 598 2940 tis
627 2899 702 2938 ex
732 2878 846 2938 Dei
885 2878 1116 2957 justitia
1163 2877 1488 2956 perferendi
1534 2877 1865 2952 veniebant,
1914 2876 2028 2936 nisi
2058 2877 2321 2936 Christus
2358 2877 2489 2937 loco
2516 2879 2771 2956 ipsorum
2800 2897 2931 2937 sese

523 2960 949 3034 substituisset;
992 2958 1147 3018 unde
1169 2959 1464 3036 colligitur
1489 2958 1637 3017 falso
1654 2957 1771 3017 dici
1794 2957 2084 3016 Christum
2105 2960 2435 3016 damnatum
2461 2958 2657 3034 fuisse,
2688 2959 2739 3017 si
2766 2959 2931 3016 dam-

522 3048 724 3098 natum
749 3039 1044 3115 intelligas
1073 3039 1411 3115 simpliciter
1437 3047 1490 3097 et
1515 3040 1776 3114 absolute,
1808 3058 1939 3097 eum
1975 3037 2114 3096 nim.
2145 3037 2244 3115 qui
2272 3057 2473 3114 poenas
2500 3047 2739 3116 peccato
2766 3038 2931 3096 debi-

521 3126 612 3176 tas
641 3118 724 3176 ita
751 3119 998 3176 sustinet
1039 3127 1105 3176 ut
1145 3138 1438 3194 nunquam
1469 3127 1701 3199 superet
1726 3118 1823 3177 vel
1866 3119 2165 3194 eluctetur,
2196 3119 2484 3195 quomodo
2512 3119 2740 3196 reprobi
2769 3119 2934 3177 dam-

523 3195 647 3255 nati
673 3195 958 3270 dicuntur,
989 3197 1222 3271 quando
1251 3198 1514 3256 Christus
1541 3217 1576 3254 a
1602 3205 1787 3256 morte
1828 3197 2073 3257 detineri
2100 3217 2216 3256 non
2242 3199 2433 3276 potuit
2459 3208 2518 3257 et
2543 3207 2777 3276 propter
2802 3199 2935 3276 dig-

524 3275 766 3332 nitatem
793 3293 1054 3350 personae
1083 3283 1140 3332 et
1167 3284 1402 3353 propter
1426 3275 1834 3352 perfectionem
1857 3279 2063 3354 meriti,
2090 3278 2233 3337 Act.
2252 3279 2312 3338 ii.
2343 3283 2439 3338 24.
2484 3279 2809 3338 Fatendum
2840 3287 2933 3338 est

519 3364 715 3414 tamen
743 3353 886 3412 nihil
917 3354 1144 3424 obstare
1172 3355 1480 3431 quominus
1508 3357 1824 3432 damnatus,
1865 3356 1943 3416 id.
1974 3357 2387 3418 condemnatus
2417 3358 2642 3418 dicatur
2668 3361 2931 3436 hypothe-

527 3436 645 3510 tice,
676 3432 966 3512 quomodo
994 3432 1255 3492 damnari
1303 3454 1635 3511 sponsorem
1666 3435 1829 3495 illum
1860 3456 2086 3514 aequum
2116 3446 2221 3514 est,
2252 3439 2351 3516 qui
2374 3440 2690 3498 electorum
2718 3438 2935 3498 delicta

523 3523 584 3576 et
607 3533 808 3592 poenas
854 3513 916 3572 in
965 3533 1028 3572 se
1057 3513 1296 3591 recipit;
1339 3534 1456 3573 non
1485 3515 1653 3574 aliter
1699 3536 1873 3592 quam
1901 3537 2033 3576 cum
2060 3527 2121 3577 et
2146 3519 2269 3596 ipse
2298 3519 2510 3578 dicitur
2536 3519 2722 3579 factus
2751 3519 2928 3578 male-

523 3596 720 3671 dictio,
750 3606 816 3655 ut
843 3614 950 3653 nos
977 3614 1013 3653 a
1040 3594 1441 3654 maledictione
1464 3599 1775 3674 eximeret3
1806 3616 2136 3676 quanquam
2162 3618 2361 3657 verum
2394 3599 2469 3659 sit
2498 3599 2788 3658 Christum
2812 3619 2931 3657 non

523 3685 644 3737 tam
673 3679 1002 3735 damnatum
1029 3695 1174 3750 esse,
1205 3694 1380 3751 quarn
1407 3686 1657 3735 nostrum
1674 3687 1969 3754 peccatum
1989 3679 2047 3736 in
2078 3678 2220 3755 ips0,
2250 3687 2317 3738 ut
2344 3679 2557 3740 diserte
2586 3678 2796 3756 Apost.
2825 3698 2927 3738 no—

524 3765 626 3834 tat,
661 3757 830 3815 Rom.
861 3755 982 3815 viii.
1013 3759 1068 3832 3,
1109 3775 1242 3814 cum
1285 3755 1383 3832 ait,
1431 3759 1468 3790 ‘⁴
1491 3757 1682 3816 Deum
1722 3757 1899 3816 misso
1946 3757 2067 3816 filio
2098 3777 2203 3816 suo
2246 3758 2307 3816 in
2335 3759 2713 3818 similitudine
2742 3760 2928 3818 carnis

525 3837 746 3915 peccati
787 3845 846 3895 et
886 3856 990 3913 pro
1017 3844 1254 3913 peccato
1282 3836 1697 3896 condemnasse
1725 3846 2025 3914 peccatum
2054 3838 2115 3896 in
2138 3839 2383 3915 Carne,'’
2413 3848 2479 3899 ut
2505 3859 2677 3918 poena
2704 3848 2763 3898 et
2790 3859 2924 3898 con·

521 3917 814 3976 demnatio
841 3937 959 3976 non
987 3925 1106 3975 tam
1133 3916 1208 3974 ad
1251 3917 1560 3993 Christum,
1591 3937 1765 3995 quam
1809 3919 1885 3978 ad
1911 3927 2211 3997 peccatum
2240 3919 2395 3996 quod
2424 3925 2757 3998 susceperat
2782 3919 2924 3978 refe·

527 4006 702 4057 ratur.

607 4077 858 4137 XXIV.
882 4077 984 4136 Ad
1001 4080 1098 4137 3¹¹¹.
1125 4077 1319 4156 Resp.,
1351 4079 1484 4137 Non
1503 4096 1739 4138 necesse
1757 4077 1867 4138 fuit
1888 4077 2181 4138 Christum
2201 4080 2565 4139 ceter-nitatem
2586 4100 2772 4157 poenae
2794 4080 2925 4139 sub-

526 4159 626 4232 ire,
679 4157 783 4218 sed
825 4166 1050 4218 tantum
1094 4159 1222 4236 ejus
1270 4160 1695 4236 extremitatem,
1739 4178 1926 4236 neque
1969 4167 2273 4236 propterea
2315 4161 2665 4220 censendum
2710 4169 2799 4219 est
2826 4159 2927 4219 de·

525 4238 702 4296 fuisse
724 4237 1034 4316 quicquam
1077 4241 1205 4316 ejus
1252 4239 1636 4316 passionibuS‚
1677 4239 1813 4316 quia
1876 4239 2167 4298 aeternitas
2220 4239 2539 4299 durationis
2568 4240 2797 4299 abunde
2852 4259 2925 4298 ex

523 4317 803 4394 dignitate
834 4337 1090 4395 personae
1139 4329 1197 4378 et
1241 4320 1528 4396 gravitate
1565 4319 1832 4397 supplicii
1881 4328 2252 4398 compensata
2297 4329 2418 4397 est;
2465 4321 2667 4399 Neque
2714 4321 2827 4380 hoc
2854 4319 2925 4378 de

523 4395 847 4455 substantia
872 4418 1056 4475 poenae
1083 4398 1382 4459 infernalis
1423 4409 1512 4459 est
1540 4408 1604 4460 ut
1634 4401 1709 4459 sit
1746 4408 1975 4476 aeterna,
2028 4401 2131 4460 sed
2159 4400 2232 4458 de
2276 4399 2607 4460 infirmitate
2655 4409 2928 4460 creaturae

522 4475 796 4551 patientis
823 4494 953 4551 quae
981 4498 1098 4536 non
1125 4487 1317 4555 potest
1342 4499 1572 4557 poenam
1601 4479 1837 4539 ferendo
1860 4481 2189 4541 satisfacere
2216 4489 2275 4540 et
2302 4481 2517 4557 vivere,
2548 4482 2666 4540 imo
2694 4491 2929 4558 peccata

521 4553 774 4632 peccatis
803 4557 1149 4614 cumulando
1178 4566 1236 4617 et
1263 4559 1323 4616 in
1357 4560 1484 4636 ipsa
1509 4579 1695 4636 poenae
1746 4559 1960 4620 latione
2006 4560 2239 4622 fremitu
2266 4568 2325 4620 et
2350 4561 2710 4640 impatientia
2740 4561 2927 4620 Deum
