3234 5192
493 356 612 415 254
1095 366 1170 407 nr:
1201 364 1546 407 scammum
1577 365 1784 407 saenis:
1830 367 2275 411 amnonis-Ars.
2524 350 2789 433 [nrsrtrr.
2820 370 2910 412 ιιι.

492 516 652 575 Deus
680 513 753 573 ab
780 509 1031 581 homine,
1061 516 1120 568 et
1147 508 1332 587 prima
1358 516 1418 567 et
1444 507 1767 567 infallibilis
1796 508 2033 569 Veritas
2062 531 2099 570 a
2123 510 2304 570 verbo
2332 510 2558 573 incerto
2588 520 2647 572 et
2676 511 2907 571 fallibili

487 594 814 654 mortalium
841 590 1092 670 pendere
1118 589 1342 667 possit:
1387 589 1533 648 Cum
1554 608 1694 648 vero
1727 588 2025 667 Scriptura
2046 590 2121 651 sit
2150 591 2413 651 Verbum
2444 592 2676 669 Christi,
2702 593 2905 651 eadem

489 676 664 735 debet
691 694 819 733 esse
845 672 1146 750 utriusque
1175 670 1340 745 ratic,
1373 678 1433 729 et
1452 668 1612 746 quod
1656 668 1729 727 de
1770 669 1985 729 Christi
2016 672 2273 731 Persona
2300 671 2531 748 dicitur,
2564 674 2683 733 dici
2730 673 2906 731 etiam

489 756 664 816 debet
691 754 764 814 de
793 752 1091 812 Doctrina.
1143 749 1314 825 Quod
1341 758 1536 809 tamen
1561 769 1683 808 non
1711 769 1781 808 eo
1809 750 2001 809 animo
2030 750 2257 828 dicitur,
2289 754 2459 831 quasi
2486 753 2906 814 Testimonium

491 835 774 895 Ecclesiae
800 832 1049 911 penitus,
1079 830 1215 889 hinc
1236 838 1523 889 remotum
1549 830 1837 889 vellemus
1882 850 2017 890 suas
2046 831 2200 891 enim
2228 832 2443 892 habere
2484 844 2680 911 partes
2707 836 2769 892 in
2796 834 2907 893 hoe

491 916 727 994 negotio
776 922 947 973 antea
989 912 1305 985 evicimus3
1351 909 1455 969 sed
1497 916 1723 968 tantum
1768 918 1835 969 ut
1884 912 2257 971 ostendamus
2300 933 2419 973 non
2459 933 2587 974 esse
2642 915 2906 974 absolute

489 995 894 1070 necessarium,
925 1012 1032 1051 nec
1058 1010 1229 1069 posse
1257 988 1501 1049 ulterius
1527 1008 1636 1049 nos
1678 988 1983 1067 deducere,
2024 1010 2199 1071 quam
2238 992 2316 1052 ad
2360 993 2541 1053 fidem
2572 996 2903 1070 humanam,

489 1097 594 1155 pro
622 1076 842 1134 ratione
865 1071 1132 1152 principii
1159 1092 1194 1129 a
1220 1091 1335 1148 quo
1375 1070 1775 1147 proficiscitur.

571 1156 695 1215 ΙΙΙ.
743 1154 876 1215 Scio
921 1171 1184 1231 regerere
1221 1151 1317 1209 hic
1347 1150 1737 1209 Adversarios
1764 1150 1973 1209 falsum
2016 1153 2281 1229 supponi,
2326 1154 2754 1214 Testimonium
2796 1152 2905 1213 sci-

491 1236 630 1297 licet
659 1234 939 1294 Ecclesias
961 1252 1088 1293 esse
1117 1250 1272 1291 mere
1317 1232 1651 1305 humanum,
1672 1240 1732 1291 et
1758 1250 1861 1308 per
1888 1248 2249 1309 consequens
2272 1232 2513 1295 dubium
2541 1240 2600 1295 et
2620 1233 2861 1293 fallibile
2888 1256 2904 1311 3

493 1316 616 1377 Nec
663 1315 818 1375 enim
855 1314 1097 1373 verbum
1144 1311 1440 1384 Ecclesiae,
1469 1311 1530 1369 id
1578 1320 1683 1386 est,
1733 1310 1977 1370 Concilii
2029 1312 2128 1369 vel
2185 1313 2484 1374 Pontificis
2540 1315 2799 1377 docentis
2827 1334 2904 1372 ex

493 1396 782 1457 Cathedra
821 1414 948 1455 esse
977 1392 1210 1454 omnino
1239 1393 1482 1450 verbum
1507 1391 1775 1467 hominia
1808 1392 1987 1450 errori
2031 1392 2366 1470 obnoxium,
2402 1395 2505 1454 sed
2533 1394 2903 1473 aliquomodo

493 1478 755 1537 Verbum
785 1476 915 1551 Dei,
959 1474 1248 1553 prolatum
1291 1472 1505 1551 quippe
1553 1473 1861 1531 assistente
1890 1481 1949 1531 et
1995 1472 2355 1550 gubernante
2402 1475 2623 1553 Spiritu
2670 1476 2902 1534 Sancto.

494 1557 589 1617 Ita
617 1576 750 1616 cum
780 1556 941 1615 Deus
968 1574 1071 1632 per
1099 1552 1422 1612 Ecclesiam
1463 1552 1750 1629 loquatur,
1796 1552 1870 1611 ab
1916 1572 2001 1629 eo,
2034 1573 2149 1611 non
2178 1553 2251 1612 ab
2290 1554 2636 1630 hominibusi,
2668 1556 2902 1614 certitu-

491 1637 686 1697 dinem
713 1634 1031 1700 testimonii
1055 1632 1324 1711 pendere.
1410 1629 1607 1709 Atque
1638 1652 1713 1691 ex
1742 1651 1809 1689 eo
1839 1633 1990 1691 clare
2040 1632 2100 1691 id
2142 1633 2464 1693 confirmari
2490 1643 2712 1712 putant,
2745 1634 2903 1711 quod

497 1716 747 1794 Spiritus
774 1715 876 1791 qui
903 1714 1256 1791 promittitur
1295 1712 1590 1786 Ecclesiae,
1642 1732 1773 1769 eam
1820 1712 2103 1771 deducere
2134 1713 2341 1772 debeat
2368 1715 2429 1772 in
2474 1734 2703 1773 omnem
2750 1715 2904 1772 veri-

493 1804 693 1869 tatem,
723 1795 768 1855 J
770 1796 864 1854 oh.
894 1794 1017 1851 xvi.
1052 1796 1144 1851 14.
1230 1792 1408 1868 Resp.
1440 1792 1663 1850 Verum
1690 1811 1807 1849 non
1836 1792 2067 1851 difficile
2096 1802 2186 1853 est
2234 1794 2387 1853 hunc
2417 1793 2903 1854 Adversariorum

493 1876 773 1953 impetum
799 1873 1123 1932 retundere.
1211 1874 1265 1931 1.
1306 1873 1462 1930 Κατ-αὶ
1503 1876 1558 1929 τὶ
1588 1876 1769 1947 pastor,
1802 1892 1933 1931 cum
1985 1873 2276 1933 Pontificii
2304 1894 2467 1933 suam
2509 1876 2789 1934 Ecclesiae
2816 1874 2902 1932 in-

491 1955 962 2014 infallibilitatem
1002 1973 1119 2012 non
1159 1951 1393 2011 aliunde
1434 1972 1608 2029 quam
1636 1972 1712 2011 ex
1752 1952 1881 2029 ipsa
1931 1953 2227 2031 Scriptura
2254 1964 2564 2029 arcessant,
2596 1956 2693 2014 vel
2720 1975 2902 2031 nuga-

493 2036 644 2096 toria
670 2036 780 2094 erit
807 2042 866 2093 et
894 2032 1144 2092 absurda
1171 2052 1370 2091 eorum
1419 2033 1861 2109 argumentatiO,
1894 2032 1991 2091 vel
2035 2053 2271 2093 necesse
2300 2042 2388 2094 est
2428 2044 2495 2095 ut
2521 2036 2665 2113 ipsis
2710 2036 2900 2111 Scrip-

491 2125 637 2176 turae
665 2114 984 2175 authoritas
1011 2112 1419 2172 antecedenter
1443 2112 1520 2171 ad
1540 2132 1769 2171 omnem
1800 2113 2079 2172 Ecclesiae
2106 2114 2568 2174 testificationem
2590 2115 2903 2175 innotuerit

493 2205 554 2255 et
601 2202 822 2255 asserta
869 2195 962 2253 sit.
1021 2198 1077 2252 2.
1137 2192 1418 2251 Peccatur
1459 2192 1608 2251 falsa
1654 2193 1983 2271 hypothesi,
2024 2193 2192 2271 quasi
2222 2194 2383 2253 Deus
2429 2215 2533 2273 per
2579 2196 2902 2254 Ecclesiam

491 2277 736 2355 loquens
765 2295 892 2334 eam
921 2274 1115 2333 statim
1163 2272 1369 2331 reddat
1412 2272 1813 2349 infallibilem3
1877 2274 2113 2352 Duplex
2162 2274 2315 2333 enim
2364 2276 2659 2353 inspiratio
2699 2276 2901 2337 distin-

493 2356 726 2433 guenda
754 2355 932 2429 venit,
977 2353 1092 2411 alia
1126 2353 1382 2428 specialis
1409 2360 1468 2411 et
1515 2352 1988 2431 extraordinaria,
2040 2374 2171 2431 quoe
2219 2355 2464 2432 contigit
2494 2356 2801 2435 Prophetis
2846 2364 2906 2415 et

494 2436 813 2514 Apostolis,
844 2432 1076 2511 quando
1105 2432 1339 2511 φιρὸμιιοι
1371 2438 1463 2493 ὕει-ὃ
1491 2438 1579 2491 τοῦ
1610 2432 1883 2508 muham-04
1924 2435 2151 2511 loquuti
2194 2442 2344 2511 sunt,
2377 2444 2441 2494 ut
2468 2436 2550 2495 ait
2580 2436 2704 2495 Pet.
2736 2440 2831 2494 2⁰.
2862 2436 2900 2495 i.

493 2518 589 2590 21,
611 2536 740 2594 quae
768 2533 971 2573 revera
997 2515 1317 2571 abromum-lar
1335 2520 1392 2572 et
1413 2516 1781 2594 ἁναμαρτησήιν
1802 2514 1942 2591 ipsis
1966 2514 2296 2573 conciliavit
2318 2536 2331 2592 3
2378 2514 2491 2575 alia
2518 2516 2818 2575 communis
2846 2524 2905 2574 et

492 2596 797 2671 ordinaria,
831 2614 959 2673 quae
1005 2593 1341 2653 Pastor-ibus
1395 2601 1454 2652 et
1503 2593 1854 2653 Doctoribus
1902 2595 2009 2653 rite
2053 2612 2156 2651 suo
2214 2594 2399 2653 officio
2455 2594 2904 2673 defungentibus

495 2676 866 2754 promittitur,
912 2674 1026 2733 imo
1056 2681 1115 2734 et
1163 2674 1410 2751 singulis
1437 2674 1725 2751 fidelibus,
1761 2677 1789 2731 1
1826 2675 1955 2733 Cor.
1986 2674 2045 2732 ii.
2084 2678 2173 2749 12,
2219 2676 2429 2751 quibus
2459 2676 2629 2735 datur
2654 2676 2903 2754 Spiritus

491 2757 788 2836 sapientiae
838 2763 897 2814 et
950 2754 1336 2829 revelationis,
1396 2774 1525 2831 quae
1572 2754 1713 2814 lieet
1765 2774 1906 2814 vera
1946 2755 2023 2814 sit
2048 2755 2109 2812 in
2139 2774 2243 2813 suo
2266 2754 2482 2833 ordine,
2540 2776 2656 2815 non
2712 2766 2903 2815 tamen

491 2837 792 2896 constituit
821 2855 1021 2895 servos
1053 2836 1166 2894 Dei
1194 2843 1359 2894 extra
1397 2854 1565 2893 omne
1615 2834 1825 2894 erroris
1852 2834 2171 2913 periculum
2196 2857 2211 2910 3
2256 2834 2393 2913 quia
2420 2856 2537 2895 non
2565 2838 2647 2895 ita
2672 2836 2903 2914 perfun-

492 2916 578 2977 dit
606 2926 829 2977 mentes
856 2916 1092 2975 luminis
1138 2914 1226 2974 sui
1270 2914 1594 2992 splendore,
1640 2916 1779 2993 quin
1822 2914 2096 2991 reliquias
2138 2914 2480 2991 ignorantiae
2508 2926 2568 2975 et
2608 2916 2813 2975 erroris
2842 2914 2905 2973 in

491 2996 609 3057 illis
637 2998 942 3076 relinquat,
973 3016 1103 3075 quae
1126 2996 1359 3055 obstant
1386 2996 1698 3072 quominus
1726 2995 2146 3054 Testimonium
2177 2996 2431 3071 ipsorum
2450 2996 2711 3056 divinum
2742 2997 2817 3054 sit
2844 3004 2903 3055 et

490 3078 826 3153 infallibile;
872 3098 1002 3137 cum
1032 3074 1176 3135 illud
1205 3075 1468 3134 divinum
1497 3082 1722 3134 tantum
1752 3076 1993 3149 dicatur,
2025 3074 2181 3153 quod
2201 3094 2235 3132 a
2266 3076 2391 3133 Deo
2424 3076 2547 3153 ipso
2576 3076 2905 3135 immediate

491 3158 705 3235 pendet
733 3166 791 3215 et
819 3158 891 3215 ab
939 3158 1012 3214 iis
1061 3176 1207 3235 quos
1239 3154 1580 3221 θιοπ-ηὒπους
1609 3172 1736 3214 esse
1764 3156 1968 3231 voluit,
2000 3154 2156 3231 quod
2200 3174 2331 3214 cum
2359 3157 2575 3215 nemini
2602 3166 2735 3234 post
2765 3158 2905 3215 Pro-

493 3238 698 3314 phetas
747 3244 806 3293 et
855 3234 1174 3313 Apostolos
1217 3254 1554 3295 concessum
1610 3236 1702 3311 sit,
1754 3235 1966 3294 frustra
1996 3234 2260 3294 Ecclesia
2306 3236 2586 3295 hodierna
2632 3237 2743 3294 hoe
2793 3236 2905 3295 sibi

493 3316 833 3375 vindicaret.

577 3394 688 3452 IV.
735 3392 936 3471 Neque
989 3392 1086 3451 hic
1128 3393 1540 3471 reponendum,
1590 3392 1830 3451 eandem
1888 3412 2015 3454 esse
2044 3394 2227 3453 Verbi
2280 3394 2482 3454 Divini
2520 3394 2825 3454 veritatem
2870 3417 2907 3454 a

490 3492 837 3553 quocunque
866 3474 1310 3551 pronuncietur:
1355 3474 1504 3533 Nam
1533 3480 1913 3552 praeterquam
1956 3474 2113 3553 quod
2143 3475 2498 3554 supponitur,
2531 3482 2591 3534 et
2628 3494 2747 3533 non
2776 3495 2909 3554 pro-

493 3555 664 3613 batur
695 3554 883 3612 Deum
913 3570 1136 3630 semper
1161 3573 1265 3632 per
1293 3554 1612 3613 Ecclesiam
1644 3554 1814 3613 istam
1843 3556 2021 3633 loqui,
2054 3574 2183 3613 cum
2214 3565 2433 3615 certum
2464 3556 2538 3615 sit
2558 3556 2731 3614 nimis
2754 3576 2907 3633 saepe

491 3635 723 3713 propria
740 3640 1068 3693 commenta
1094 3642 1153 3693 et
1179 3634 1432 3693 visiones
1462 3634 1652 3693 cordis
1680 3635 1771 3693 sui
1812 3636 2074 3694 homines
2113 3636 2243 3694 loco
2272 3638 2435 3694 vocis
2463 3635 2677 3695 divinae
2706 3636 2905 3695 obtru-

490 3715 625 3774 dere
650 3736 666 3787 ;
727 3714 954 3773 accedit
980 3715 1153 3771 etiam
1183 3712 1339 3791 quod
1380 3714 1669 3774 nullorum
1703 3716 2019 3774 Doctorum
2049 3714 2366 3774 authoritas
2389 3716 2705 3793 comparari
2724 3716 2909 3792 possit

492 3816 624 3855 cum
659 3794 1049 3873 Scriptoribus
1080 3794 1402 3871 CanoniciS,
1435 3802 1634 3872 utpote
1664 3814 1907 3873 quorum
1938 3794 2177 3853 verbum
2221 3794 2296 3853 ad
2338 3796 2580 3855 istorum
2630 3796 2905 3855 trutinam

489 3895 718 3954 semper
746 3876 822 3935 sit
862 3874 1322 3952 expendendum,
1366 3882 1433 3934 ut
1471 3876 1616 3933 nihil
1660 3874 2012 3951 admittatur,
2058 3874 2215 3952 quod
2243 3874 2359 3934 illis
2400 3894 2517 3934 non
2546 3876 2623 3934 sit
2666 3894 2907 3935 consen·

491 3962 742 4014 taneum.
831 3954 988 4013 Hinc
1019 3952 1403 4032 Augustinus,
1447 3955 1548 4014 lib.
1578 3956 1639 4013 ii.
1684 3964 1885 4014 contra
1928 3954 2208 4014 Faustum
2254 3956 2642 4015 Manichaeum
2666 3976 2791 4033 cap.
2844 3957 2900 4013 5.

493 4038 532 4069 “
554 4036 625 4094 In
654 4036 897 4094 aliorum
920 4034 1209 4111 scriptis,”
1239 4036 1443 4113 inquit,
1479 4038 1514 4069 “
1533 4035 1708 4094 etiam
1738 4034 1786 4093 si
1824 4034 2153 4093 inveniatur
2180 4035 2381 4094 cadem
2430 4036 2665 4112 veritas,
2708 4044 2904 4093 tamen

492 4116 678 4195 impar
705 4122 794 4175 cst
821 4114 1155 4191 authoritaS,
1188 4116 1326 4193 quia
1352 4136 1469 4175 non
1497 4124 1655 4173 certo
1705 4121 1931 4173 constat
1980 4115 2219 4173 eandem
2267 4134 2493 4192 semper
2536 4134 2665 4174 esse
2692 4114 2908 4173 verita-

489 4198 668 4257 tem.'’
703 4196 801 4257 Sic
823 4195 898 4254 ad
932 4196 1368 4273 Hieronymum,
1403 4196 1510 4273 Ep.
1547 4196 1640 4269 19,
1668 4194 1853 4271 “Ego
1885 4194 2083 4269 soliS,'’
2105 4194 2308 4271 inquit,
2344 4196 2471 4253 “iis
2498 4194 2906 4271 scriptoribus,

489 4276 594 4353 qui
615 4278 741 4354 jam
785 4276 1060 4336 Canonici
1102 4276 1480 4354 appellantur,
1525 4274 1703 4332 didici
1748 4274 1899 4333 hunc
1948 4275 2210 4333 timorem
2242 4276 2635 4353 honoremque
2664 4273 2903 4349 deferre,

493 4366 560 4415 ut
585 4356 810 4415 nullum
838 4376 1036 4415 eorum
1067 4362 1288 4415 errasse
1318 4354 1623 4414 scribendo
1666 4354 1909 4412 audeam
1938 4354 2232 4413 credere.'’

573 4435 650 4493 V.
696 4434 936 4495 Frustra
963 4456 1102 4494 vero
1129 4437 1241 4493 hoc
1270 4454 1436 4493 suum
1466 4442 1854 4493 commentum
1896 4453 1971 4492 ex
1998 4434 2127 4493 loco
2176 4432 2221 4493 J
2223 4434 2429 4493 oannis
2467 4430 2713 4511 probare
2758 4440 2910 4492 sata-

487 4522 656 4591 gunt,
681 4514 818 4591 quia
845 4523 1064 4573 certum
1106 4524 1195 4573 est
1222 4514 1492 4591 primario
1521 4521 1580 4573 et
1620 4514 1908 4592 praecipue
1939 4514 2256 4591 Apostolos
2304 4514 2399 4572 hic
2443 4514 2672 4591 respici,
2696 4513 2795 4591 qui
2846 4521 2913 4570 ut

495 4592 774 4652 Ecclesiae
817 4594 1180 4653 Fundatores
1209 4602 1267 4651 et
1299 4594 1618 4652 Architecti
1650 4594 1862 4652 donum
1894 4592 2321 4653 infallibilitatis
2339 4594 2667 4653 necessario
2698 4592 2909 4651 habere

489 4674 830 4747 debuerunt,
863 4680 921 4731 et
961 4691 1163 4730 revera
1191 4672 1563 4731 obtinuerunt
1603 4673 2061 4732 extraordinaria
2108 4672 2357 4749 Spiritus
2404 4674 2603 4733 Sancti
2630 4670 2911 4732 effusione
