3234 5192
352 390 585 431 msrur.
617 367 707 451 v.]
1054 387 1287 429 uosrns
1316 388 1395 429 As
1424 388 1708 430 sccnssm
1737 388 2004 430 nomm.
2656 371 2768 429 117

350 532 527 591 etiam
557 529 746 589 videri
787 528 943 607 apud
970 530 1368 607 Burgundum,
1399 530 1459 589 in
1500 530 1702 591 histor.
1735 530 1904 607 Belg.
1933 529 2036 589 lib.
2065 529 2143 605 ii.,
2188 529 2352 607 leges
2379 529 2770 607 inquisitionis

354 612 557 690 Belgis
584 610 890 689 impositae,
920 610 1007 669 uti
1034 630 1133 669 eas
1164 610 1404 671 Carolus
1456 610 1535 671 V.
1580 630 1732 671 anno
1786 612 1942 671 1550
1989 610 2053 669 in
2099 629 2279 669 unum
2320 630 2528 688 corpus
2569 630 2770 671 omnes

348 692 657 768 contraxit,
703 699 762 752 et
802 690 953 749 hanc
981 691 1249 751 tabulam
1276 692 1491 769 populo
1546 691 1863 769 proposuit,
1893 700 1959 751 ut
1985 690 2084 749 vel
2111 710 2186 749 ex
2214 690 2324 749 hoc
2351 710 2468 749 uno
2510 692 2768 765 tyranni·

347 773 441 832 dis
468 772 636 832 istius
656 772 987 832 immanitas
1012 779 1225 848 pateat.
1309 771 1491 829 Primi
1538 771 1782 849 articuli,
1812 772 1874 830 in
1923 771 2385 831 Reformatorum
2413 770 2771 849 aliorumque

350 854 739 931 apapistarum
769 851 960 929 capita
988 852 1203 929 scripti,
1248 851 1331 911 sic
1361 872 1422 911 se
1472 852 1727 912 habent:
1813 852 2061 911 “Extra
2103 851 2408 928 theologos
2449 850 2523 909 ab
2541 852 2772 911 univer-

348 934 520 993 sitate
548 933 833 993 admissos
862 931 933 990 de
966 931 1389 1009 Scripturarum
1417 952 1593 993 sensu
1639 951 1962 991 sermonem
2011 931 2574 1009 controversiamque
2601 950 2772 989 nemo

350 1015 611 1073 misceto,
698 1010 1051 1087 Proferendi,
1097 1010 1418 1088 differendi,
1462 1012 1846 1073 concionandi
1892 1012 2098 1071 illicita
2135 1012 2237 1089 jus
2285 1032 2400 1071 non
2429 1020 2572 1070 estc.
2658 1011 2770 1086 Qui

352 1114 521 1153 secus
548 1092 695 1153 faxit
714 1092 1027 1171 perduellis
1055 1099 1198 1166 esto,
1230 1112 1305 1151 ex
1334 1093 1427 1151 die
1456 1092 1714 1153 criminis
1733 1092 2082 1153 intestabilis
2103 1100 2246 1167 estc,
2270 1090 2560 1151 alienandi
2590 1090 2770 1151 facul-

352 1183 533 1234 tatem
586 1194 659 1233 ne
714 1174 945 1232 habeto.
1052 1172 1361 1232 Poenarum
1406 1172 1624 1251 gradus
1673 1182 1864 1233 sunto,
1947 1172 2284 1233 Paenitentia
2337 1173 2504 1247 ducti,
2530 1172 2581 1231 si
2635 1172 2764 1249 viri,

350 1255 547 1333 gladio
602 1254 945 1332 plectuntor.
1034 1254 1293 1313 Feminae
1335 1253 1397 1311 in
1444 1262 1658 1314 terram
1706 1254 1860 1312 vivae
1903 1252 2288 1312 defodiuntor.
2403 1253 2771 1313 Contumaces

352 1336 490 1413 igne
537 1342 873 1408 cremantor,
921 1333 1075 1392 bona
1116 1333 1517 1393 universorum
1565 1334 1627 1392 in
1681 1333 1886 1393 fiscum
1932 1332 2328 1410 rediguntor‚'’
2395 1333 2562 1410 plura
2601 1332 2770 1392 istius

352 1415 599 1493 generis,
629 1435 759 1493 quse
787 1414 910 1473 sine
936 1413 1173 1473 horrore
1201 1434 1363 1473 mens
1389 1414 1487 1492 pia
1512 1415 1707 1491 legere
1729 1433 1845 1472 non
1871 1421 2078 1491 potest.
2132 1412 2302 1487 Quod
2331 1412 2380 1472 si
2395 1413 2568 1490 plena
2585 1412 2776 1471 detes-

354 1496 547 1555 tandae
592 1494 757 1554 istius
800 1514 1049 1571 praxeos
1096 1493 1303 1553 notitia
1346 1494 1547 1553 haberi
1573 1502 1786 1571 posset,
1817 1514 1992 1573 quam
2019 1512 2138 1551 non
2180 1492 2302 1551 sine
2345 1512 2520 1552 causa
2547 1493 2773 1551 carnifi-

353 1594 451 1635 ces
476 1576 576 1634 isti
602 1594 825 1633 summo
854 1573 1046 1633 studio
1075 1575 1364 1633 occultare
1409 1582 1705 1650 conantur,
1753 1573 1920 1633 facile
1967 1574 2110 1631 mihi
2137 1572 2454 1651 persuadeo
2481 1571 2772 1633 neminem

350 1655 473 1715 fore
501 1654 595 1715 cui
622 1676 721 1713 cor
748 1655 839 1731 sit,
872 1674 989 1713 non
1016 1654 1201 1713 dicam
1236 1654 1644 1730 Christianum,
1675 1654 1778 1713 sed
1807 1655 2120 1714 humanum
2137 1662 2380 1729 tantum,
2404 1652 2504 1731 qui
2532 1653 2608 1711 ad
2634 1653 2776 1713 talia

348 1744 615 1815 portenta
640 1736 875 1795 horrore
904 1742 1060 1794 totus
1086 1754 1203 1793 non
1229 1734 1655 1813 percelleretur.
1743 1735 1807 1793 Si
1834 1735 1907 1793 de
1935 1734 2141 1794 'hircis
2169 1734 2266 1795 vel
2297 1734 2548 1811 Paganis
2575 1753 2776 1811 agere-

349 1826 461 1892 tur,
492 1816 595 1894 qui
619 1816 745 1874 veri
775 1815 888 1873 Dei
916 1814 1245 1892 cognitione
1272 1814 1681 1890 destituuntur,
1712 1816 1903 1875 minus
1931 1814 2139 1874 mirum
2181 1824 2336 1873 esset
2363 1833 2462 1873 eos
2487 1814 2605 1873 tale
2633 1814 2776 1891 quid

350 1896 631 1955 adversus
658 1916 765 1955 nos
794 1895 999 1970 moliri,
1046 1895 1183 1954 licet
1212 1894 1315 1953 vix
1344 1894 1589 1955 arbitrer
1614 1895 1770 1973 apud
1798 1895 2017 1955 Turcas
2061 1902 2120 1954 et
2167 1894 2436 1972 Paganos
2463 1902 2640 1953 tantae
2667 1894 2774 1951 im-

352 1976 647 2035 manitatis
674 1976 942 2051 exempla
970 1994 1267 2034 occurrere
1294 1994 1483 2052 posse.
1542 1974 1660 2033 Sed
1687 1975 1818 2053 quis
1844 1994 2100 2053 unquam
2129 1974 2468 2035 credidisset
2497 1974 2772 2033 Christia-

352 2076 461 2115 nos
476 2057 539 2115 in
560 2056 919 2116 Christianos
936 2055 1092 2131 ipsos
1120 2055 1203 2114 ita
1224 2054 1446 2131 saevire,
1466 2074 1583 2114 non
1610 2054 1727 2113 alia
1744 2055 1816 2114 de
1835 2075 2024 2129 causa,
2049 2074 2222 2132 quam
2240 2055 2378 2131 quia
2391 2054 2604 2114 Christi
2621 2053 2772 2112 veri-

354 2145 535 2197 tatem
583 2135 941 2213 profitentur,
998 2154 1104 2193 nec
1132 2135 1275 2193 alias
1316 2135 1497 2212 leges,
1545 2155 1720 2212 quam
1749 2155 1893 2213 quas
1940 2134 2064 2213 ipse
2105 2134 2273 2194 nobis
2301 2134 2362 2193 in
2404 2134 2584 2193 verbo
2630 2154 2776 2211 prse-

353 2216 606 2293 scripsit,
638 2214 803 2291 scqui
842 2214 1049 2272 volunt
1067 2217 1095 2272 ?
1140 2214 1363 2273 Siccine
1392 2235 1533 2293 ergo
1562 2215 1828 2275 Christus
1855 2215 2160 2274 dictatoria
2173 2222 2460 2292 potestate
2479 2213 2775 2272 ministros

356 2314 497 2356 suos
524 2294 816 2370 instruxit,
848 2293 948 2371 qui
976 2292 1047 2353 de
1076 2294 1199 2354 vita
1224 2303 1284 2354 et
1312 2295 1557 2355 fortunis
1582 2296 1882 2355 hominum
1909 2315 2014 2375 pro
2041 2295 2213 2354 libitu
2241 2301 2558 2355 statuerent
2577 2296 2605 2351 Ρ
2649 2294 2774 2353 Sic-

358 2376 492 2435 cine
522 2374 595 2433 ad
624 2372 795 2433 fidem
824 2384 884 2433 et
923 2374 1267 2452 religionem
1296 2376 1485 2435 voluit
1512 2395 1613 2435 eos
1643 2376 1899 2437 adduci?
1940 2376 2027 2435 At
2055 2374 2320 2435 Christus
2345 2373 2520 2434 fidem
2541 2374 2777 2452 quidem

354 2455 691 2535 persuaderi
719 2455 862 2530 vult,
895 2454 999 2514 sed
1024 2474 1141 2513 non
1170 2455 1457 2532 imperari,
1486 2463 1553 2515 ut
1581 2456 1932 2531 doctoribuS,
1964 2476 2082 2516 non
2123 2454 2488 2531 draconibus,
2531 2454 2776 2533 pastori-

354 2538 467 2597 bus
495 2556 612 2596 non
639 2535 969 2612 tortoribus,
1002 2536 1197 2594 verbis
1244 2556 1362 2595 non
1410 2537 1767 2613 verberibus,
1819 2538 1896 2597 ad
1921 2537 1983 2596 id
2025 2556 2170 2615 opus
2198 2536 2310 2613 sit3
2355 2536 2484 2597 vult
2503 2544 2570 2595 ut
2590 2534 2776 2595 effica-

354 2616 589 2676 cissima
610 2616 870 2675 veritatis
898 2614 1404 2691 demonstratione,
1435 2626 1495 2675 et
1536 2618 1713 2676 armis
1759 2618 2168 2696 spiritualibus,
2219 2636 2336 2676 non
2363 2616 2708 2691 carnalibus,
2745 2618 2776 2673 1

366 2696 497 2757 Cor.
526 2697 585 2755 ii.
616 2704 675 2755 et
697 2700 733 2755 2
759 2697 887 2755 Cor.
912 2716 971 2754 x.
992 2700 1049 2765 4,
1080 2704 1413 2773 peccatores
1440 2716 1475 2755 a
1500 2696 1617 2755 fide
1646 2697 1804 2757 devii
1825 2698 2158 2773 invitentur,
2179 2696 2499 2771 flectantur,
2525 2704 2585 2755 et
2611 2696 2780 2755 suavi

358 2777 610 2856 quadam
646 2797 713 2837 ac
742 2784 909 2854 grata
935 2776 1214 2836 violentia
1241 2786 1301 2837 et
1347 2786 1652 2849 πυθανιγκη
1687 2778 1764 2837 ad
1807 2778 2100 2837 Christum
2147 2776 2446 2835 ducantur.
2535 2776 2652 2835 Sed
2679 2776 2780 2834 ubi

357 2878 615 2936 unquam
642 2858 987 2935 permissum
1007 2857 1105 2915 vel
1132 2856 1459 2934 injunctum
1487 2868 1593 2933 est,
1625 2844 1724 2917 'vel
1743 2878 1780 2916 a
1801 2858 2048 2932 Christe,
2073 2856 2170 2915 vel
2191 2855 2266 2915 ab
2287 2854 2581 2933 apostolis,
2613 2862 2678 2913 ut
2705 2854 2782 2913 ad

358 2936 534 2997 fidem
562 2937 825 2997 homiues
854 2937 962 2996 sub
991 2936 1337 3014 capitalibus
1352 2938 1557 3015 poenis,
1579 2946 1640 2998 et
1673 2936 1976 2996 tormentis
2023 2944 2208 2994 morte
2251 2935 2379 3013 ipsa
2395 2934 2779 3011 gravioribus,

358 3020 739 3095 cogerentur?
788 3016 888 3075 An
917 3017 1045 3076 haec
1062 3017 1283 3094 spirant
1312 3018 1577 3094 spiritum
1600 3018 1832 3091 Christi,
1863 3016 2000 3093 agni
2031 3016 2144 3075 Dei
2169 3014 2497 3074 mitissimi?
2537 3013 2638 3071 An
2665 3032 2784 3072 non

359 3098 553 3175 potius
596 3097 862 3157 draconis
892 3097 1192 3155 infernalis
1234 3096 1487 3173 genium,
1520 3098 1622 3174 qui
1649 3095 1902 3155 mendax
1931 3104 1988 3155 et
2015 3094 2305 3154 homicida
2331 3093 2441 3153 fuit
2467 3093 2541 3152 ab
2569 3094 2734 3153 initio
2754 3096 2784 3155 ?

443 3177 737 3236 XXXII.
769 3178 865 3235 Ex
887 3177 1099 3255 quibus
1128 3176 1413 3252 omnibus,
1432 3175 1532 3255 (ne
1554 3176 1772 3235 diutius
1793 3176 1856 3234 in
1874 3176 1984 3235 hoc
2005 3182 2345 3253 argumento
2363 3174 2779 3255 immoremur‚)

357 3256 488 3317 luce
515 3258 834 3317 meridiana
861 3256 1073 3315 clarius
1101 3265 1277 3334 patet,
1322 3256 1480 3335 quod
1517 3265 1688 3317 antea
1714 3255 2224 3316 demonstrandum
2263 3255 2635 3334 suscepimus,
2670 3255 2781 3315 Ec-

360 3338 597 3397 clesiam
626 3338 950 3397 Romanam
972 3337 1319 3413 gravissimo
1348 3337 1674 3416 tyrannidis
1715 3338 1866 3417 jugo
1914 3337 2294 3397 conscientias
2342 3356 2594 3412 onerare,
2625 3337 2785 3415 quod

360 3438 493 3477 cum
512 3417 779 3478 libertate
803 3416 1131 3477 Christiana
1157 3418 1329 3495 plane
1358 3427 1450 3478 cst
1474 3444 1776 3478 unna-ror.
1809 3418 1982 3479 Unde
2011 3427 2069 3478 et
2098 3426 2300 3496 sponte
2327 3416 2456 3477 fluit
2483 3420 2786 3478 sententiaa

364 3507 577 3557 nostrae
603 3498 825 3557 invicta
864 3497 1149 3574 probatiO,
1180 3498 1453 3558 nimirum
1482 3508 1541 3559 et
1568 3502 1818 3577 majores
1858 3508 2089 3558 nostros
2127 3498 2514 3577 justissimam
2541 3507 2602 3557 et
2629 3518 2784 3559 sum·

360 3597 455 3636 me
482 3578 867 3638 necessariam
895 3576 1167 3637 habuisse
1188 3579 1263 3637 ab
1285 3599 1355 3638 ea
1382 3580 1692 3639 secedendi
1720 3600 1972 3655 causam,
2020 3589 2080 3639 et
2105 3599 2212 3638 nos
2239 3579 2459 3638 nullam
2501 3579 2783 3639 rationem

358 3657 571 3717 habere
600 3659 773 3718 hodie
799 3676 1144 3735 quocunque
1174 3656 1407 3717 demum
1436 3667 1741 3737 praetextu,
1790 3660 1866 3719 ad
1893 3680 2020 3718 eam
2064 3658 2344 3718 redeundi
2373 3666 2432 3717 et
2471 3660 2780 3734 syncrctis-

356 3758 515 3797 mum
543 3758 674 3798 cum
704 3759 773 3799 ea
799 3737 1053 3796 incundi.
1125 3738 1204 3797 Et
1234 3758 1370 3799 sane
1388 3739 1439 3799 si
1461 3740 1624 3799 Deus
1642 3758 1913 3819 expresse
1929 3747 2192 3799 vetuerat
2214 3738 2369 3812 olim,
2388 3758 2461 3796 ne
2485 3737 2780 3817 Israelitis,

362 3820 543 3877 semel
570 3819 643 3878 ab
674 3817 1031 3896 AEgyptiaca
1058 3818 1336 3879 servitute
1364 3820 1610 3896 liberati,
1642 3820 1716 3880 de
1744 3818 1932 3880 reditu
1974 3820 2034 3879 in
2083 3820 2413 3896 AEgyptum
2441 3818 2781 3894 cogitarent,

364 3898 541 3957 Deut.
573 3899 716 3957 xvii.
764 3900 857 3974 16,
889 3897 1110 3958 Jerem.
1141 3898 1269 3958 xlii.
1304 3902 1395 3979 15,
1429 3900 1479 3959 si
1508 3902 1687 3961 semel
1716 3920 1983 3979 egressos
2024 3919 2057 3959 e
2085 3898 2420 3977 captivitate
2465 3897 2782 3974 Babyloni-

363 3998 434 4038 ca
475 3979 663 4038 noluit
704 3979 913 4039 iterum
954 3978 1029 4037 ad
1058 3998 1186 4037 eam
1236 4000 1298 4039 se
1349 3980 1626 4057 conferre,
1667 3980 1773 4041 sed
1819 3981 1882 4039 in
1927 3988 2268 4059 perpetuum
2293 3977 2368 4036 ab
2395 3996 2465 4035 ea
2493 3978 2784 4054 sejunctos

360 4078 615 4134 manere,
647 4078 720 4117 ne
768 4060 897 4138 ejus
928 4058 1197 4119 sordibus
1242 4060 1491 4137 amplius
1537 4062 1926 4127 inficerentur,
1960 4060 2074 4119 Isa.
2103 4060 2187 4118 lii.
2216 4059 2308 4134 11,
2351 4066 2567 4133 quanto
2595 4060 2784 4137 magis

362 4138 753 4197 necessarium
781 4147 870 4199 est
897 4159 932 4198 a
954 4139 1220 4198 Romana
1247 4141 1574 4218 tyrannide,
1608 4140 1968 4219 AEgyptiaca
1995 4149 2054 4199 et
2076 4136 2438 4215 Babylonica
2452 4137 2628 4214 longe
2657 4159 2785 4199 cru-

360 4218 586 4295 deliori,
620 4220 797 4279 semel
822 4218 1116 4295 liberatos,
1148 4219 1219 4279 de
1249 4222 1302 4299 ej
1310 4241 1377 4281 us
1392 4222 1541 4301 jugo
1558 4222 1767 4283 iterum
1786 4218 2086 4279 subeundo
2107 4237 2402 4294 nunquam
2418 4217 2478 4275 in
2508 4226 2784 4280 aeternum

360 4299 634 4378 cogitare,
676 4320 809 4360 cum
847 4298 943 4359 hic
989 4319 1106 4358 non
1174 4320 1413 4379 corpora
1465 4310 1710 4378 tantum,
1761 4299 1865 4361 sed
1911 4298 2101 4375 corda,
2151 4317 2268 4356 non
2311 4297 2632 4377 facultates,
2684 4302 2788 4362 sed

359 4380 732 4441 conscicntiae
774 4381 837 4439 in
864 4380 1200 4440 servitutem
1229 4380 1570 4441 addicantur
1598 4385 1613 4441 1

360 4498 573 4545 Frustra
652 4514 845 4558 „mm-
968 4458 1300 4520 XXXIII.
1344 4462 1543 4539 Atque
1571 4462 1708 4520 hinc
1740 4458 1998 4538 proclive
2025 4466 2116 4519 est
2141 4458 2432 4539 colligere,
2463 4461 2606 4541 quid
2628 4464 2786 4541 judi-

421 4560 625 4605 tismum
732 4574 847 4607 eum
891 4540 1139 4600 candum
1169 4542 1245 4601 sit
1262 4540 1335 4600 de
1366 4561 1563 4601 eorum
1585 4539 1845 4615 consili0,
1876 4540 1976 4617 qui
1995 4541 2118 4617 jam
2148 4540 2284 4599 olim
2302 4541 2376 4601 de
2405 4545 2785 4621 syncretismo

422 4616 581 4663 Roma
602 4620 744 4665 hodie
760 4634 841 4665 ¹¹¹·-
882 4641 1015 4679 cum
1057 4621 1379 4681 Pontificiis
1428 4621 1682 4681 ineundo
1728 4620 2071 4699 cogitarunt,
2123 4620 2282 4683 etde
2325 4623 2444 4683 illis
2487 4624 2585 4701 qui
2632 4645 2784 4684 nunc

420 4677 537 4733 μή·
884 4702 1059 4761 etiarn
1087 4702 1241 4761 idem
1266 4722 1472 4762 saxum
1501 4702 1742 4764 volvere
1759 4700 2046 4781 dicuntur,
2077 4710 2139 4764 et
2165 4724 2297 4765 eum
2325 4705 2386 4765 in
2412 4703 2584 4763 finem
2616 4705 2784 4763 cmis-
