3234 5192
323 375 558 416 nlsPU'r.
601 356 803 439 mmm]
1156 376 1235 417 DE
1277 377 1534 418 Clncuno
1574 378 1928 422 muru-uelo·
2613 363 2729 421 725

318 515 844 594 deprehenduntur,
876 516 1011 576 inde
1039 524 1197 577 certo
1224 518 1553 597 colligimus
1602 519 1880 597 Spiritum
1919 519 1980 578 in
2021 521 2190 579 nobis
2215 540 2380 598 esse3
2425 522 2475 581 si
2505 541 2732 599 quaeras

314 596 559 657 ulterius
587 598 741 657 unde
770 598 1019 657 sciamus
1048 597 1193 657 tales
1220 596 1459 658 effectus
1486 600 1548 658 in
1574 600 1744 659 nobis
1781 621 1926 676 esse,
1965 620 2084 660 non
2111 602 2236 678 jam
2273 601 2390 659 itur
2427 601 2504 659 ad
2533 602 2727 679 Scrip-

318 686 507 736 turam
532 682 665 755 quse
692 678 981 737 neminem
1008 678 1284 755 nominat,
1331 679 1436 739 sed
1473 680 1810 740 hoerendum
1837 682 1899 739 in
1925 680 2152 739 interna
2181 680 2402 740 visione
2431 681 2638 756 cordis,
2671 691 2730 745 et

314 757 378 817 in
406 758 737 835 operatione
768 758 1035 835 SpirituS,
1066 760 1233 837 cujus
1260 761 1569 837 praesentia
1593 780 1712 819 non
1739 769 1930 840 potest
1957 760 2124 820 aliter
2151 760 2530 821 demonstrari
2552 780 2728 837 quam

315 857 353 895 a
387 837 707 914 posteriori,
755 849 821 897 ut
859 839 1040 898 vitam
1080 858 1245 898 suam
1284 841 1456 901 homo
1494 860 1571 900 ex
1608 861 1784 901 sensu
1811 849 1870 900 et
1896 850 2058 901 motu
2085 841 2422 918 caeterisque
2451 840 2727 901 vitalibus

318 918 749 997 operationibus
791 918 940 978 bene
984 919 1379 997 deprehendit.
1468 922 1533 981 Si
1568 942 1708 981 vero
1757 942 1834 981 cx
1881 921 2064 981 altera
2109 930 2272 1000 parte
2316 921 2528 999 quaeris
2571 920 2728 980 unde

318 999 497 1058 sciam
534 996 891 1077 Scripturam
932 1019 1061 1059 csse
1100 999 1413 1078 «mmm-v,
1462 1002 1587 1061 sive
1631 1022 1746 1080 quo
1793 1011 2136 1079 argumento
2175 1010 2234 1061 et
2267 1010 2502 1080 propter
2538 1000 2680 1078 quid
2698 1004 2728 1061 ?

316 1076 639 1155 respondeo
666 1079 803 1157 quia
832 1078 1130 1157 Scriptura
1162 1092 1251 1141 est
1279 1082 1539 1142 Verbum
1579 1083 1710 1143 Dei.
1761 1083 1826 1142 Si
1871 1083 2072 1159 instas,
2122 1082 2278 1142 unde
2321 1082 2501 1141 sciam
2533 1080 2724 1158 Scrip·

318 1167 507 1218 turam
544 1178 671 1217 esse
701 1158 961 1219 Verbum
993 1160 1153 1220 Dei?
1198 1181 1317 1221 non
1358 1161 1547 1221 dicam
1575 1163 1702 1241 jam
1749 1161 1812 1222 id
1859 1163 2134 1240 cognosci
2181 1182 2257 1222 ex
2303 1161 2538 1240 Spiritu,
2588 1162 2728 1238 quia

321 1239 571 1316 Spiritus
600 1248 689 1298 est
716 1259 891 1299 causa
918 1240 1171 1301 efficiens
1196 1249 1439 1319 tantum,
1470 1262 1588 1302 non
1616 1243 1926 1320 objectiva,
1973 1242 2078 1301 sed
2103 1263 2180 1302 ex
2213 1241 2457 1302 criteriis
2485 1250 2544 1301 et
2571 1242 2725 1300 notis

316 1318 651 1378 coelestibus
677 1320 889 1397 quibus
916 1320 1245 1399 insignitur.
1290 1323 1413 1381 Nec
1439 1324 1594 1383 ultra
1619 1323 1911 1383 tendimus
1934 1344 1948 1399 ;
1991 1342 2128 1382 nam
2155 1322 2207 1381 si
2233 1322 2363 1399 quis
2391 1330 2596 1397 urgeat
2625 1321 2724 1380 de-

313 1419 433 1458 nuo
461 1398 613 1458 unde
642 1400 836 1459 radios
862 1399 995 1461 illos
1016 1410 1076 1461 et
1094 1413 1263 1461 notas
1288 1403 1720 1481 perspiciamus,
1751 1402 1812 1463 id
1840 1412 1945 1479 est,
1976 1423 2092 1481 quo
2107 1410 2467 1481 argumentO,
2488 1420 2722 1479 respon·

315 1479 443 1554 deo,
486 1499 619 1538 eum
646 1480 895 1540 absurde
924 1481 1128 1559 facere,
1170 1482 1319 1542 nihil
1344 1484 1499 1543 enim
1528 1492 1617 1543 est
1643 1484 1704 1541 in
1731 1484 1844 1543 hoc
1871 1482 2072 1543 ordine
2099 1488 2569 1560 argumentorum
2597 1482 2724 1542 sive

314 1559 603 1619 rationum
646 1560 709 1618 in
750 1561 981 1638 objecto
1022 1564 1301 1641 superius,
1342 1572 1402 1624 et
1437 1564 1690 1624 rationes
1721 1564 2006 1623 rationum
2034 1570 2312 1642 perpetuo
2339 1581 2596 1639 quaerere
2625 1560 2726 1621 de.-

314 1641 526 1699 mentis
554 1648 660 1716 est,
704 1660 823 1699 non
860 1660 1028 1702 secus
1056 1663 1123 1703 ac
1150 1662 1357 1721 rogare
1384 1664 1500 1722 qua
1524 1645 1656 1705 luce
1683 1644 1985 1703 videamus
2012 1644 2202 1703 lucem
2226 1666 2240 1705 t
2283 1643 2364 1702 ita
2391 1642 2725 1703 immediate

314 1728 373 1780 et
401 1730 635 1800 propter
676 1740 738 1781 se
778 1722 843 1780 in
883 1742 1094 1801 genere
1135 1744 1325 1783 causa
1352 1724 1660 1803 objectivae
1687 1724 1940 1784 creditur
1959 1724 2176 1801 Verb0,
2208 1724 2475 1802 quamvis
2509 1722 2586 1781 ad
2611 1723 2726 1783 hoc

313 1801 667 1861 credendum
716 1802 967 1863 maxime
1010 1804 1335 1865 necessaria
1380 1804 1457 1865 sit
1502 1806 1731 1865 interna
1775 1805 1879 1863 illa
1927 1805 2183 1882 operatio
2224 1803 2473 1882 Spiritus
2505 1802 2724 1879 Sancti,

313 1882 417 1959 qui
441 1882 800 1943 intellectum
829 1883 1137 1944 efficaciter
1160 1892 1361 1945 movet
1398 1887 1461 1944 in
1488 1906 1700 1963 genere
1727 1905 1916 1945 causae
1945 1884 2244 1960 effectivae,
2276 1884 2353 1944 ad
2379 1883 2726 1945 credendam

320 1961 633 2039 Scriptura>
660 1964 1105 2025 authoritatem:
1139 1965 1627 2043 quemadmodum
1655 1966 2002 2026 assentimur
2031 1966 2398 2025 scientiarum
2429 1963 2728 2041 principiis

312 2050 549 2118 propter
584 2061 664 2117 se,
708 2042 847 2102 licet
874 2042 950 2101 ad
976 2044 1141 2102 iUum
1184 2064 1483 2104 assensum
1524 2045 1958 2123 producendum
2000 2045 2360 2104 necessarius
2388 2045 2464 2103 sit
2489 2043 2725 2101 habitus

312 2120 413 2179 ille
440 2120 653 2180 mentis
682 2122 783 2198 qui
810 2122 1043 2181 habitus
1068 2123 1481 2201 principiorum
1511 2132 1570 2182 et
1596 2124 1926 2183 intellectus
1954 2123 2182 2183 dicitur.
2227 2124 2369 2197 Quae
2396 2123 2524 2180 luce
2553 2122 2723 2179 meri·-

313 2200 487 2259 diana
514 2201 726 2260 clarius
754 2201 1045 2277 evincunt,
1076 2203 1227 2261 male
1253 2202 1423 2262 nobis
1450 2203 1731 2261 circulum
1758 2202 2019 2281 impingi,
2061 2204 2197 2279 quia
2232 2203 2544 2280 probamus
2572 2200 2722 2259 divi-

313 2280 556 2341 nitatem
589 2281 899 2357 Scripturas
927 2301 1043 2357 per
1067 2282 1345 2358 »spiritum
1386 2302 1505 2341 non
1533 2292 1780 2359 propter
1818 2302 1958 2357 eum,
2006 2283 2109 2341 sed
2138 2283 2441 2341 veritatem
2473 2280 2725 2359 Spiritus

312 2360 625 2439 probamus
652 2380 727 2419 ex
744 2360 1057 2438 Scriptura
1083 2363 1353 2439 objective,
1382 2383 1501 2422 non
1519 2382 1633 2441 per
1659 2383 1786 2422 eam
1812 2362 2122 2435 efficienter.

396 2441 659 2499 XXIII.
705 2442 897 2518 Dices,
943 2442 1047 2501 scd
1088 2443 1257 2502 multi
1298 2451 1492 2503 tamen
1532 2463 1609 2503 ex
1639 2442 1996 2504 Orthodoxis
2023 2443 2296 2503 videntur
2331 2440 2413 2501 ita
2439 2439 2726 2501 Testimo-

312 2521 473 2581 nium
507 2520 755 2599 Spiritus
798 2522 1355 2601 contradistinguere
1382 2523 1740 2584 Testimonio
1771 2524 2066 2601 Ecclesiae,
2110 2531 2176 2582 ut
2214 2523 2478 2600 ejusdem
2507 2520 2727 2585 ordinis

312 2608 373 2661 et
400 2602 613 2679 speciei
640 2602 1034 2663 testimonium
1062 2604 1409 2682 intelligant,
1449 2605 1561 2663 hoc
1590 2613 1680 2664 est
1706 2604 1768 2664 in
1795 2624 2007 2682 genere
2036 2623 2224 2663 causas
2254 2603 2578 2681 objectivae,
2609 2622 2728 2661 non

312 2680 615 2743 efficientis
642 2691 865 2743 tantum
889 2706 904 2759 ;
950 2684 1105 2743 Vide
1128 2685 1393 2745 Withak.
1424 2692 1685 2744 controv.
1715 2684 1754 2742 i.
1785 2705 1881 2761 qu.
1911 2688 1968 2744 3.
1999 2704 2049 2743 c.
2077 2687 2170 2757 11,
2203 2682 2488 2742 Chamier.
2517 2682 2620 2743 lib.
2646 2681 2724 2743 vi.

312 2782 439 2841 cap.
466 2763 517 2839 1,
541 2783 651 2822 nec
678 2763 835 2822 aliud
866 2764 979 2823 sibi
1006 2765 1135 2823 vult
1164 2762 1463 2823 Confessio
1494 2764 1814 2838 Gallicana,
1845 2771 1952 2821 art.
1975 2767 2032 2838 4,
2081 2764 2116 2796 “
2147 2762 2278 2821 Hos
2303 2762 2486 2821 libros
2513 2781 2721 2839 agnos-

312 2843 557 2916 cimus,”
587 2843 793 2919 inquit,
840 2844 876 2875 “
898 2862 1025 2901 esse
1054 2843 1392 2918 canonicos,
1416 2842 1529 2902 hoc
1556 2850 1663 2917 est,
1693 2850 1758 2901 ut
1783 2842 1920 2900 fidei
1947 2849 2158 2901 nostrae
2187 2861 2447 2901 normam
2475 2850 2534 2901 et
2552 2861 2722 2917 regu·

311 2922 427 2979 lam
450 2920 745 2995 habemus,
770 2920 945 2999 idque
967 2941 1085 2981 non
1112 2930 1337 2983 tantum
1364 2942 1440 2981 ex
1470 2922 1761 2980 communi
1779 2921 2058 2979 Ecclesiae
2085 2940 2388 2996 consensu,
2420 2920 2524 2981 sed
2551 2921 2727 2979 etiam

311 3000 495 3061 multo
524 3001 711 3077 magis
739 3020 814 3059 ex
842 3002 1173 3060 testimonio
1202 3010 1261 3061 et
1285 3002 1598 3061 intrinseca
1630 3000 1878 3079 Spiritus
1909 3001 1970 3061 S.
1999 3000 2387 3077 persuasione,
2430 3020 2545 3077 quo
2587 3019 2724 3077 sug·

312 3088 549 3158 gerente
578 3080 853 3140 docemur
892 3081 1027 3140 illos
1052 3082 1128 3140 ab
1156 3081 1287 3140 aliis
1324 3081 1489 3141 libris
1528 3080 1978 3141 Ecclesiasticiis
2005 3079 2350 3155 discernere,
2389 3080 2490 3157 qui
2517 3087 2582 3138 ut
2609 3079 2726 3143 sint

308 3160 483 3219 utiles
512 3180 627 3218 non
656 3169 793 3220 sunt
819 3168 1013 3220 tamen
1042 3160 1330 3239 ejusmodi
1357 3169 1422 3220 ut
1450 3181 1526 3220 ex
1550 3161 1626 3220 iis
1654 3160 1928 3221 constitui
1969 3159 2155 3238 possit
2194 3158 2406 3237 aliquis
2447 3159 2726 3223 articulus

311 3240 507 3299 fidei.''
569 3240 934 3318 Respondeo,
969 3244 1022 3301 1.
1057 3242 1121 3301 Si
1150 3242 1266 3301 sint
1292 3241 1395 3319 qui
1416 3262 1705 3320 opponere
1733 3241 2024 3300 voluerint
2053 3240 2306 3318 Spiritus
2333 3239 2727 3301 testimonium

310 3320 601 3380 internum
628 3340 733 3380 seu
760 3322 881 3379 vim
908 3322 1071 3381 illam
1097 3322 1507 3382 vorticordiam
1528 3342 1646 3400 qua
1665 3320 1972 3381 efficaciter
1991 3322 2054 3381 in
2073 3320 2242 3381 nobis
2263 3320 2532 3401 producit
2551 3320 2726 3379 fidem

310 3401 643 3461 testimonio
672 3401 952 3461 Ecclesiae
980 3402 1149 3480 quasi
1174 3402 1438 3482 ejusdem
1466 3401 1686 3461 ordinis
1715 3410 1773 3461 et
1801 3402 2030 3481 speciei,
2074 3401 2268 3461 minus
2301 3408 2588 3481 accurate,
2603 3420 2725 3459 om-

309 3481 451 3541 nino
478 3482 659 3541 locuti
686 3491 837 3541 sunt.
887 3482 1186 3561 Siquidem
1229 3504 1347 3543 non
1386 3482 1666 3562 quaeritur
1703 3482 1802 3541 hic
1841 3482 1993 3543 inter
2017 3502 2126 3543 nos
2153 3490 2214 3541 et
2243 3480 2595 3555 Pontificios,
2627 3479 2729 3542 An

312 3562 706 3623 testimonium
738 3562 987 3641 Spiritus
1016 3564 1141 3623 sive
1168 3564 1261 3623 vis
1288 3565 1417 3642 ejus
1444 3574 1505 3625 ct
1530 3562 1786 3623 efficacia
1811 3562 2136 3641 requiratur
2161 3560 2238 3621 ad
2265 3560 2728 3639 cognoscendam

312 3648 372 3700 et
400 3642 755 3719 probandam
783 3644 1093 3721 Scripturas
1121 3644 1504 3721 divinitatem,
1534 3645 1648 3703 hoc
1675 3644 1828 3703 enim
1857 3644 2010 3702 ultro
2031 3641 2358 3719 largiuntur
2385 3640 2552 3699 nobis
2573 3639 2725 3697 Pon-

311 3721 491 3798 tificii,
544 3742 652 3782 nec
695 3742 909 3801 negare
950 3724 1256 3803 quisquam
1297 3734 1489 3803 potest
1527 3724 1644 3783 nisi
1684 3725 1746 3783 in
1787 3732 1976 3783 castra
2004 3722 2231 3797 Pelagii
2258 3730 2454 3799 aperte
2483 3718 2727 3781 transire

310 3802 580 3879 voluerit,
628 3802 747 3863 Sed
772 3812 998 3865 tantum
1028 3805 1129 3863 An
1178 3806 1457 3865 Ecclesiae
1494 3804 1890 3864 testimonium
1931 3804 2008 3863 sit
2047 3801 2302 3862 medium
2345 3808 2404 3859 et
2442 3800 2726 3862 motivum

310 3881 460 3941 illud
487 3884 841 3962 praecipuum
884 3893 943 3945 et
981 3884 1285 3944 infallibile
1326 3892 1559 3963 propter
1600 3884 1757 3961 quod
1789 3881 2101 3960 Scripturas
2137 3880 2442 3955 eredimus,
2482 3898 2556 3938 an
2584 3897 2726 3939 vero

310 3961 471 4026 aliud
500 3964 813 4043 quodpiam
844 3965 1033 4043 magis
1072 3964 1389 4044 principale
1430 3964 1755 4043 requiratur
1772 3968 1801 4024 1>
1857 3964 2064 4041 Itaque
2107 3962 2208 4039 qui
2247 3961 2494 4021 multum
2536 3979 2726 4036 operas

311 4042 601 4105 collocant
640 4045 702 4103 in
746 4045 1121 4125 corrogandis
1168 4046 1477 4123 Scripturas
1524 4046 1670 4105 locis
1718 4052 1778 4104 et
1820 4042 2178 4121 argumentis
2225 4041 2436 4119 quibus
2479 4038 2726 4118 probent

316 4123 597 4201 Spiritum
623 4125 720 4184 hic
741 4126 1065 4185 necessario
1091 4124 1446 4185 intercedere
1467 4126 1695 4201 debere,
1719 4143 1836 4182 non
1857 4124 2132 4183 videntur
2155 4122 2509 4201 praecipuum
2537 4140 2724 4198 quaes-

312 4203 489 4263 tionis
517 4205 813 4264 cardinem
840 4205 1121 4283 attigisse,
1169 4206 1272 4283 qui
1314 4225 1431 4264 non
1471 4205 1534 4264 in
1576 4226 1648 4265 eo
1691 4204 1915 4283 positus
1959 4211 2098 4278 erat,
2140 4202 2240 4262 An
2273 4201 2524 4280 Spiritus
2551 4220 2728 4277 opera

310 4284 638 4343 necessaria
684 4293 841 4345 esset
866 4284 942 4345 ad
979 4286 1345 4362 credendum,
1394 4284 1513 4345 Sed
1552 4306 1630 4344 an
1674 4284 1923 4363 Spiritus
1959 4282 2036 4343 ad
2075 4280 2534 4361 persuadendam
2575 4280 2728 4341 hano

310 4364 722 4425 authoritatem
748 4372 1006 4425 uteretur
1031 4366 1130 4425 vel
1154 4365 1487 4427 testimonio
1516 4365 1812 4439 Ecclesiae,
1843 4371 2070 4423 tantum
2097 4363 2196 4421 vel
2235 4360 2524 4439 primario,
2567 4358 2727 4437 quod

310 4444 670 4505 contendunt
698 4445 1005 4521 Pontificii,
1056 4466 1131 4503 an
1170 4446 1365 4523 potius
1404 4445 1726 4505 rationibus
1765 4464 1842 4503 ex
1871 4442 2070 4503 Verbo
2111 4441 2306 4519 petitis
2333 4440 2493 4519 quod
2519 4440 2726 4502 volunt

314 4524 662 4586 Orthodoxi.
744 4530 802 4585 2.
836 4526 1228 4585 Testimonium
1267 4526 1513 4603 &nb-itus
1553 4526 1654 4585 vel
1693 4528 1806 4584 late
1853 4522 2100 4583 sumitur
2138 4521 2238 4583 vel
2275 4522 2494 4583 stricte:
2537 4522 2726 4584 stricta

312 4614 487 4683 prout
530 4614 695 4667 notat
736 4614 961 4665 tantum
1004 4605 1125 4665 vim
1168 4606 1329 4665 illam
1374 4605 1632 4665 divinam
1674 4624 1804 4683 quae
1835 4602 2150 4664 efficaciter
2174 4602 2442 4681 producit
2469 4601 2528 4659 in
2553 4601 2726 4669 nobis

312 4684 523 4764 fidem3
560 4690 673 4752 late
696 4696 985 4765 quatenus
1012 4708 1143 4749 cum
1172 4686 1387 4761 virtute
1415 4686 1517 4747 illa
1533 4685 1756 4748 efficaci
1781 4685 2155 4764 conjungitur
2181 4682 2328 4745 ratio
2355 4690 2416 4745 et
2444 4680 2724 4747 motivum
