3234 5192
354 374 587 418 msrur.
616 359 813 433 xxiv]
1193 374 1272 415 nn
1301 374 1553 417 crucum
1582 374 1936 419 PON'HFICIO.
2649 362 2764 419 717

357 516 634 575 lationem
664 516 939 585 divinam,
970 522 1222 575 attamen
1250 534 1359 575 nec
1400 517 1628 593 docent,
1658 536 1766 575 nec
1793 515 1998 576 docere
2026 524 2270 594 possunt
2295 518 2532 577 ubinam
2563 518 2640 578 sit
2665 518 2768 579 illa

360 598 658 656 revelatio·
744 596 892 655 Nam
922 595 1017 654 vel
1045 603 1137 655 est
1177 596 1303 673 ipsa
1354 597 1667 674 Scriptura,
1699 597 1796 655 vel
1845 598 1960 655 alia
2002 596 2269 672 quaedam
2295 599 2574 657 revelatio
2605 608 2771 658 extra
2851 620 2857 627 ·

365 677 716 754 Scripturam
747 676 807 733 in
836 676 1143 735 traditione
1170 676 1367 753 aliqua
1392 697 1509 735 non
1532 677 1782 754 scripta3
1831 676 1894 734 Si
1922 684 2012 734 est
2040 676 2165 753 ipsa
2191 676 2500 752 Scriptura,
2519 678 2642 754 jam
2663 679 2765 737 ha-

360 756 563 815 bemus
585 756 743 833 quod
762 755 1049 831 volumus,
1074 755 1295 815 scilicet
1320 756 1630 834 Scriptum
1653 756 2054 818 authoritatem
2085 776 2188 833 per
2215 756 2397 832 ipsam
2426 757 2768 833 scripturam

362 836 710 894 sufficienter
736 835 1107 911 manifestari,
1130 843 1188 894 et
1204 846 1438 914 propter
1454 838 1634 915 ipsam
1661 836 2015 913 Scripturam
2032 834 2378 894 credendam
2406 856 2562 913 esse3
2599 836 2659 895 Si
2679 844 2769 896 est

360 915 593 974 traditio
606 915 889 993 quaedam,
902 916 1101 975 eadem
1115 918 1359 993 quaestio
1376 927 1631 976 recurret
1641 916 1712 975 de
1731 935 1800 974 ea
1808 915 1961 976 unde
1981 924 2205 974 constet
2225 936 2354 975 esse
2371 915 2644 993 divinam,
2658 936 2767 975 nec

362 996 517 1053 enim
536 1014 611 1053 ex
634 995 944 1072 Scriptura,
956 1015 1065 1055 nee
1082 1014 1157 1054 ex
1174 996 1483 1057 traditione
1503 997 1648 1074 ipsa,
1663 1016 1768 1055 nec
1785 1016 1860 1054 ex
1883 995 1997 1053 alia
2018 995 2150 1053 sciri
2169 997 2397 1072 poterit,
2410 997 2547 1074 quia
2565 994 2768 1055 eadem

362 1074 605 1151 quaestio
622 1094 847 1152 semper
864 1074 1093 1152 redibit,
1106 1084 1166 1133 et
1178 1076 1261 1135 sic
1273 1076 1332 1134 in
1342 1075 1648 1151 infinitum,
1663 1096 1793 1153 quae
1805 1074 2113 1134 difficultas
2126 1075 2617 1135 itaValentianum
2631 1096 2767 1133 con-

364 1155 597 1213 strinxit
625 1161 691 1214 ut
718 1163 953 1215 coactus
980 1155 1057 1214 sit
1082 1174 1287 1215 manus
1309 1155 1445 1215 dare
1466 1164 1525 1215 et
1544 1155 1848 1214 uobiscum
1877 1154 2042 1214 fateri
2071 1155 2480 1215 revelationem
2510 1154 2768 1213 divinam

363 1252 479 1292 non
508 1234 695 1293 solum
724 1234 881 1293 credi
907 1243 1141 1313 propter
1168 1254 1229 1294 se
1256 1237 1439 1313 ipsam
1472 1236 1595 1295 sine
1637 1236 1751 1294 alia
1776 1234 2146 1311 revelatione,
2178 1234 2282 1293 sed
2309 1236 2480 1295 etiam
2509 1236 2766 1294 revelare

363 1332 425 1371 se
452 1313 655 1389 ipsam,
700 1321 760 1374 et
786 1314 1043 1373 divinam
1072 1334 1235 1374 suam
1264 1316 1672 1374 authoritatem
1699 1314 1870 1373 nobis
1909 1314 2294 1373 manifestare.
2353 1317 2387 1350 “
2411 1313 2648 1390 Fides,’'
2678 1314 2764 1373 in-

362 1392 507 1470 quit,
528 1402 665 1453 tom.
678 1393 759 1453 iii.
784 1394 932 1472 disp.
949 1397 1001 1468 1,
1026 1414 1081 1472 q.
1107 1397 1159 1470 1,
1172 1415 1228 1472 p.
1243 1394 1347 1472 1‚§
1368 1398 1423 1470 5,
1448 1396 1714 1472 “praebet
1733 1414 2032 1453 assensum
2050 1393 2391 1454 revelationi
2407 1402 2475 1454 ut
2492 1394 2764 1454 revelatae

362 1490 478 1531 non
505 1492 609 1551 per
649 1474 823 1533 aliam
849 1475 1261 1535 revelationem
1300 1475 1403 1534 sed
1421 1486 1523 1552 per
1564 1475 1872 1552 seipsam.’'
1917 1476 1971 1533 5.
2007 1473 2070 1533 Si
2097 1474 2158 1532 in
2185 1474 2536 1533 revelatione
2566 1474 2767 1533 divina

366 1553 690 1613 sistendum
735 1554 827 1631 sit,
858 1574 975 1613 non
1018 1574 1164 1632 opus
1203 1555 1333 1625 erit·
1355 1555 1431 1613 ad
1451 1553 1845 1615 testimonium
1893 1553 2172 1613 Ecclesiae
2216 1553 2484 1632 progredi
2509 1576 2524 1631 ;
2570 1562 2631 1613 at
2657 1554 2766 1614 hoc

362 1633 717 1711 praecipuum
736 1642 827 1694 est
848 1635 1149 1694 sententiae
1196 1634 1656 1695 adversariorum
1678 1633 2131 1709 fundamentum,
2151 1641 2218 1693 ut
2229 1634 2470 1712 jamjam
2493 1634 2765 1711 vidimuS,

362 1713 501 1771 dum
529 1713 871 1792 profitentur
896 1734 1013 1773 non
1039 1734 1211 1793 posse
1240 1724 1395 1775 certo
1424 1715 1557 1775 sciri
1585 1714 1728 1793 quid
1776 1714 1938 1775 Deus
1965 1714 2328 1791 revelaverit,
2359 1734 2462 1775 seu
2488 1714 2638 1775 hanc
2665 1724 2768 1775 aut

363 1792 525 1852 illam
552 1794 965 1854 revelationem
994 1814 1120 1855 esse
1148 1795 1423 1873 divinam,
1460 1795 1573 1854 nisi
1600 1816 1677 1855 ex
1706 1794 1986 1854 Ecclesiae
2013 1794 2363 1855 testimonio.

446 1873 531 1932 X.
575 1878 662 1933 2⁰.
708 1874 832 1933 Alii
859 1875 1212 1953 respondent
1256 1896 1377 1935 non
1414 1876 1634 1936 servari
1660 1876 1756 1934 hic
1785 1875 2026 1934 eandem
2052 1874 2208 1934 viam
2232 1896 2246 1950 ;
2291 1894 2426 1935 nam
2453 1874 2640 1935 Verbi
2665 1895 2766 1935 au-

364 1953 695 2012 thoritatem
742 1954 899 2014 credi
945 1965 1180 2033 propter
1228 1956 1507 2016 Ecclesiae
1555 1956 2020 2015 testificationem
2067 1955 2446 2030 infallibilem,
2490 1962 2768 2033 tanquam

362 2040 595 2109 propter
621 2033 843 2109 aliquid
870 2035 1065 2093 notius
1091 2033 1277 2111 nobis,
1302 2043 1361 2094 et
1387 2055 1585 2094 rursus
1608 2035 1888 2093 Ecclesiae
1914 2034 2383 2093 infallibilitatem
2411 2035 2472 2091 in
2499 2034 2767 2093 testando

363 2110 522 2169 credi
548 2120 781 2187 propter
808 2112 994 2171 Verbi
1020 2113 1443 2188 authoritatem,
1473 2120 1748 2189 tanquam
1794 2120 2029 2188 propter
2053 2112 2276 2188 aliquid
2300 2113 2460 2188 prius
2489 2121 2548 2171 et
2574 2114 2768 2171 notius

362 2198 585 2249 natura.
674 2191 773 2251 Sic
816 2190 1115 2250 Malderus
1160 2192 1433 2269 Episcop.
1483 2190 1770 2267 Antuerp.
1800 2190 1862 2249 in
1890 2194 2013 2264 2²⁸²,
2066 2194 2156 2266 2⁰,
2185 2209 2243 2266 q.
2277 2194 2330 2264 l,
2361 2198 2468 2248 art.
2503 2193 2556 2249 1.
2640 2189 2768 2265 Quo

361 2270 598 2347 respicit
623 2269 797 2328 etiam
826 2270 964 2329 trita
990 2270 1141 2331 inter
1168 2290 1268 2331 cos
1310 2270 1603 2330 distinctio
1632 2270 2004 2328 Authoritatzie
2031 2272 2226 2347 quoad
2247 2290 2306 2329 se
2333 2279 2386 2328 et
2411 2272 2606 2346 quoad
2627 2291 2728 2329 nos
2743 2296 2768 2344 ;

368 2348 721 2427 Scripturam
750 2350 984 2429 quidem
1010 2351 1415 2411 authoritatem
1460 2369 1577 2409 non
1619 2350 1834 2409 habere
1871 2353 2066 2427 quoad
2087 2370 2162 2425 se,
2194 2349 2295 2409 sed
2324 2352 2518 2427 quoad
2540 2370 2657 2425 nos,
2693 2350 2768 2411 ab

364 2429 645 2489 Ecclesia.
730 2430 927 2509 Resp.,
962 2431 1079 2492 Sed
1105 2440 1172 2492 ut
1192 2431 1316 2511 jam
1338 2452 1455 2491 non
1483 2430 1846 2491 excutiamus
1872 2429 2126 2508 penitius
2153 2430 2580 2491 distinctionem
2606 2430 2767 2491 illam

362 2527 536 2586 quam
563 2510 881 2571 identidem
908 2531 1183 2591 reponere
1213 2512 1417 2590 solent,
1450 2512 1591 2573 satis
1618 2521 1744 2573 esto
1772 2520 1972 2570 notare
1999 2531 2210 2571 vanam
2239 2531 2366 2571 esse
2395 2519 2454 2571 et
2479 2511 2651 2589 plane
2679 2511 2764 2569 in-

364 2590 743 2669 commodam,
791 2592 929 2670 quia
972 2613 1104 2653 cum
1148 2594 1469 2655 authoritas
1517 2592 1593 2653 sit
1633 2593 1685 2651 ia
1711 2595 1804 2652 «δ’
1831 2596 1951 2673 vus-335
1980 2596 2047 2667 τ),
2089 2592 2352 2652 absolute
2381 2591 2626 2668 spectari
2653 2611 2770 2649 uon

362 2670 552 2747 debet,
576 2672 659 2731 ita
678 2673 955 2750 quicquid
976 2674 1077 2733 dat
1096 2675 1502 2734 authoritatem
1520 2673 1694 2732 alicui
1723 2674 1807 2732 rei
1833 2672 2026 2750 quoad
2054 2691 2134 2745 se,
2159 2671 2260 2729 dat
2276 2671 2364 2729 illi
2380 2672 2552 2731 etiam
2575 2670 2770 2749 quoad

363 2770 487 2827 nos,
518 2759 578 2811 et
598 2752 873 2812 vicissim.
937 2754 1001 2813 Si
1024 2754 1359 2812 E.Verbum
1393 2753 1569 2811 habet
1596 2752 1788 2828 quoad
1817 2770 1880 2809 se
1907 2750 2312 2809 authoritatem
2343 2750 2465 2809 sine
2485 2750 2768 2822 Ecclesia,

360 2830 538 2889 debet
581 2840 641 2889 et
672 2832 829 2889 illam
860 2831 1119 2891 obtinere
1160 2831 1355 2909 quoad
1388 2850 1497 2890 nos
1542 2831 1666 2889 sine
1693 2830 1836 2907 ipsa,
1885 2828 1936 2889 si
1962 2848 2102 2887 vero
2130 2827 2290 2887 illam
2317 2829 2541 2888 obtinet
2577 2829 2770 2906 quoad

366 2927 475 2966 nos
504 2909 577 2966 ab
598 2910 878 2985 Ecclesia,
907 2910 1122 2987 pariter
1152 2918 1213 2970 et
1248 2910 1439 2988 quoad
1458 2928 1558 2986 se;
1600 2910 1884 2967 motivum
1927 2908 2081 2967 enim
2121 2916 2356 2985 propter
2391 2908 2548 2984 quod
2587 2908 2771 2968 addu-

362 3006 464 3045 cor
489 2986 565 3045 ad
594 2986 943 3047 credendum
965 2989 1181 3066 Verb0,
1210 2989 1365 3049 idem
1387 2998 1477 3048 est
1496 2987 1656 3066 quod
1683 2988 1796 3065 ipsi
1814 2987 2014 3047 Verbo
2035 3005 2455 3064 quamcumque
2485 2988 2546 3045 in
2574 3006 2636 3047 se
2661 2988 2768 3047 ha-

361 3065 461 3125 bet
470 3066 742 3126 conciliat
762 3068 1187 3147 authoritatem.
1231 3073 1288 3129 2.
1330 3068 1533 3128 Nodus
1552 3067 1703 3127 solvi
1719 3086 1836 3126 non
1856 3074 2049 3144 potest
2063 3065 2339 3143 praedicto
2361 3066 2576 3143 effugio
2587 3087 2604 3142 ς
2631 3086 2769 3126 nam

360 3144 529 3204 facile
558 3146 927 3207 concedimus
952 3147 1051 3207 ubi
1081 3148 1150 3207 fit
1174 3168 1477 3227 processus
1498 3147 1574 3208 ab
1594 3168 1666 3207 eo
1725 3146 1844 3206 uod
1869 3145 2066 3205 notius
2093 3154 2182 3205 est
2207 3145 2395 3218 nobis,
2419 3145 2496 3205 ad
2521 3145 2584 3204 id
2610 3146 2768 3224 quod

360 3226 556 3285 notius
583 3234 673 3285 est
698 3234 921 3304 natura,
952 3234 1012 3287 et
1037 3228 1167 3287 vice
1195 3248 1381 3304 versa,
1412 3238 1471 3288 et
1514 3228 1589 3286 ab
1633 3248 1664 3287 e
1710 3234 1842 3286 ectu
1886 3225 1962 3285 ad
2009 3245 2240 3285 causam
2285 3234 2344 3287 et
2379 3225 2508 3286 vice
2536 3246 2707 3286 versa
2733 3246 2772 3286 a

364 3326 539 3365 causa
566 3306 641 3364 ad
678 3306 963 3383 effectum,
994 3308 1207 3367 variari
1251 3307 1599 3387 cognitionis
1643 3306 1942 3383 rationem,
1973 3314 2032 3365 et
2076 3306 2159 3367 sic
2201 3324 2318 3365 non
2364 3325 2493 3366 esse
2539 3307 2768 3385 proprie

363 3384 582 3445 dictum
630 3386 923 3463 circulum,
954 3408 1087 3447 nam
1116 3389 1325 3449 notitia
1362 3410 1493 3467 quse
1536 3386 1715 3465 priori
1761 3406 2036 3465 processu
2075 3386 2390 3465 aequiritur
2416 3394 2506 3446 est
2533 3386 2774 3447 confusa

362 3474 421 3525 et
448 3466 799 3543 imperfecta,
831 3468 946 3526 alia
992 3488 1131 3527 vero
1176 3489 1305 3546 quae
1353 3468 1660 3547 posteriori
1686 3476 2050 3546 comparatur
2077 3474 2167 3526 est
2193 3466 2502 3543 distincta3
2546 3466 2770 3527 Verum

359 3545 457 3605 hic
485 3548 653 3606 aliter
678 3567 743 3606 se
768 3567 862 3606 res
888 3548 1081 3623 habet,
1111 3550 1273 3608 nulla
1298 3550 1449 3608 enim
1482 3557 1571 3607 est
1596 3548 1818 3608 notitiae
1839 3547 2082 3607 variatio
2109 3547 2170 3605 in
2197 3546 2413 3606 circulo
2443 3546 2766 3623 Pontificio,

360 3644 496 3683 nam
522 3635 590 3687 ut
632 3636 991 3705 cognoscunt
1034 3648 1107 3687 ex
1155 3628 1434 3688 Ecclesia
1478 3628 1770 3687 infallibili
1812 3626 2141 3687 testimonio
2169 3626 2498 3703 cognitione
2527 3634 2683 3685 certa
2709 3635 2770 3685 et

360 3704 497 3764 fidei
526 3705 739 3765 divinae
770 3708 950 3767 Verbi
978 3709 1403 3783 authoritatem,
1448 3709 1530 3767 ita
1570 3728 1648 3767 ex
1669 3706 1868 3766 Verbo
1889 3716 2250 3784 cognoscunt
2277 3705 2532 3764 vicissim
2561 3705 2765 3765 Eccle-

361 3784 463 3844 siae
491 3786 959 3848 infallibilitatem
987 3788 1193 3849 notitia
1219 3788 1355 3847 fidei
1382 3788 1631 3863 divinae3
1679 3784 1879 3845 eadem
1921 3785 2226 3862 utrobique
2251 3784 2398 3843 fides
2425 3793 2530 3860 est,
2562 3783 2764 3845 eadem

360 3866 637 3943 cognitio,
721 3870 777 3927 3.
825 3868 1182 3945 Supponitur
1224 3868 1371 3928 falso
1417 3875 1652 3946 propter
1700 3865 2022 3925 Ecclesiam
2069 3864 2225 3924 credi
2273 3864 2601 3941 Scripturas,
2633 3885 2764 3925 cum

360 3946 446 4003 uti
474 3944 731 4005 diximus
759 3948 835 4007 sit
860 3948 1303 4007 instrumentum
1352 3955 1413 4007 et
1455 3946 1712 4007 medium
1739 3954 1963 4005 tantum
1991 3945 2069 4004 ad
2093 3944 2285 4019 fidem,
2315 3963 2433 4003 non
2459 3964 2766 4022 arg-umen·

360 4032 501 4100 tum,
546 4033 606 4084 et
622 4047 736 4103 per
762 4048 888 4085 eam
928 4047 1045 4087 non
1078 4037 1323 4105 prqnter
1365 4048 1492 4087 eam
1534 4026 1874 4102 credamus;
1917 4026 2010 4086 vel
2043 4025 2094 4083 si
2119 4023 2324 4083 motivi
2351 4024 2632 4084 rationem
2661 4026 2764 4085 ali-

356 4104 591 4181 quando
616 4106 822 4182 induit,
853 4116 943 4167 est
970 4116 1189 4168 tantum
1220 4108 1503 4167 motivum
1532 4106 1932 4167 secundarium
1961 4114 2021 4165 et
2045 4104 2238 4163 minus
2263 4103 2580 4182 principale
2607 4105 2766 4182 quod

360 4184 531 4243 fidem
562 4184 623 4243 in
656 4185 927 4246 credente
975 4187 1265 4248 illustrare
1312 4186 1718 4265 quadantenus
1765 4192 1973 4264 potest,
2004 4205 2122 4244 non
2167 4182 2409 4245 fundare
2437 4184 2499 4243 in
2524 4184 2764 4245 infideli.

355 4267 413 4323 4.
448 4264 513 4323 Si
542 4266 819 4325 Ecclesiae
841 4266 1221 4327 infallibilitas
1249 4276 1339 4328 est
1358 4267 1527 4327 nobis
1552 4268 1744 4326 notior
1763 4265 2108 4325 authoritate
2131 4263 2332 4340 Verbi,
2349 4264 2434 4323 ita
2452 4271 2519 4325 ut
2533 4273 2768 4342 propter

358 4343 518 4403 illam
541 4344 808 4405 credatur
820 4346 1003 4425 Verbi
1024 4347 1361 4423 authoritas,
1388 4348 1457 4405 E.
1478 4347 1638 4406 credi
1657 4346 1831 4405 debet
1852 4353 1984 4405 ante
2002 4344 2182 4404 Verbi
2204 4344 2640 4421 authoritatem3
2670 4345 2767 4405 vel

358 4424 431 4483 E.
460 4424 715 4484 ereditur
741 4426 857 4485 fide
890 4427 1085 4486 divina
1111 4435 1171 4487 et
1221 4428 1427 4502 infusa,
1474 4427 1573 4486 vel
1619 4426 1734 4485 fide
1762 4425 2046 4503 acquisita
2071 4432 2130 4484 et
2156 4426 2406 4505 humana
2424 4450 2450 4498 ;
2493 4424 2626 4485 Non
2651 4420 2768 4485 fide

357 4503 577 4579 divina,
608 4505 747 4581 quia
800 4507 964 4565 nulla
1011 4506 1181 4565 datur
1206 4507 1342 4567 talis
1388 4506 1535 4566 fides
1582 4526 1713 4583 quse
1759 4525 1878 4564 non
1920 4505 2139 4566 nitatur
2165 4504 2345 4565 verbo
2375 4505 2505 4575 Dei,
2534 4514 2602 4565 ut
2627 4506 2765 4583 ipsi-

355 4592 474 4643 met
501 4584 790 4660 fatentur3
836 4586 884 4644 si
918 4586 1219 4664 acquisita,
1250 4607 1367 4645 non
1413 4594 1606 4665 potest
1649 4586 1918 4645 idoneum
1948 4605 2076 4646 esse
2123 4584 2560 4646 fundamentum
2608 4585 2768 4645 illius

352 4675 519 4724 actus
568 4664 706 4723 fidei
762 4666 973 4727 divinae
1026 4686 1143 4744 quo
1195 4666 1377 4726 Verbi
1428 4666 1539 4727 Dei
1588 4666 1910 4727 authoritas
1975 4666 2243 4743 creditur,
2288 4665 2566 4744 quicquid
2613 4668 2766 4725 enim
