3234 5192
322 351 555 395 mspur.
587 334 717 417 >Kx-J
894 352 972 393 DE
1004 350 1494 394 sarlsrac'rloms
1525 352 1764 393 CHRISTI
1797 352 2116 395 vsmTATE.
2613 334 2729 397 639

326 498 479 555 enim
511 496 801 557 Christum
832 504 897 554 ut
920 496 1205 555 hominem
1232 496 1567 573 simpliciter
1588 506 1648 555 et
1678 494 1826 553 Adae
1847 495 2029 553 filium
2055 504 2296 573 spectes,
2317 496 2442 555 sive
2465 506 2530 555 ut
2558 498 2738 557 filium

327 578 583 637 Abrahae
613 586 671 637 et
700 576 1041 651 Israelitam,
1076 577 1198 634 sive
1228 586 1291 635 ut
1320 576 1606 635 summurn
1653 576 2024 650 sacerdotem,
2056 596 2172 634 non
2217 576 2364 635 bene
2412 578 2546 636 inde
2577 580 2738 637 colli-

329 678 435 735 gas
462 678 567 736 pro
596 678 657 716 se
688 656 1025 734 simpliciter
1053 656 1272 733 Legem
1300 656 1383 713 im*
1421 656 1537 715 lere
1588 656 1876 715 debuisse.
1924 656 2074 715 Sane
2120 656 2168 714 si
2197 676 2300 733 pro
2331 676 2391 715 se
2423 659 2632 734 simpli.
2663 680 2740 717 ex

328 739 571 797 aliorum
598 738 896 795 bominum
948 745 1099 796 sorte
1149 744 1209 795 et
1252 756 1360 795 con
1404 736 1579 795 itione
1630 736 1816 795 factus
1844 744 1999 794 esset
2044 736 2140 795 vel
2180 735 2329 794 Adae
2359 737 2454 795 vel
2484 738 2740 797 Abrahae

328 818 498 891 filius,
532 818 609 875 id.
634 818 729 876 vel
758 819 929 875 homo
958 817 1051 875 vel
1078 817 1361 891 Israelita,
1380 816 1579 893 utique
1607 836 1712 894 pro
1731 836 1792 875 se
1831 825 1888 875 et
1917 836 2021 875 suo
2043 817 2274 875 nomine
2292 815 2366 873 ad
2389 816 2606 895 Legem
2635 818 2738 875 im-

332 898 601 976 plendam
659 897 951 975 obligatus
1006 896 1227 971 fuisset,
1280 898 1555 955 moralem
1600 896 1835 973 quidem
1879 916 1996 973 qua
2037 897 2228 971 homo,
2281 898 2492 974 quippe
2521 898 2741 957 homini

332 978 511 1037 latam
554 978 833 1051 absolute,
876 976 1330 1035 caeremonialem
1376 986 1567 1035 autem
1617 986 1676 1035 et
1726 976 2018 1054 politicam
2066 997 2182 1054 qua
2227 977 2502 1053 Israelita,
2529 980 2742 1056 quippe

330 1058 471 1117 solis
495 1058 747 1117 Abrahae
781 1057 1027 1135 posteris
1041 1058 1237 1131 latam,
1269 1066 1327 1115 et
1355 1077 1454 1115 eos
1484 1056 1638 1115 solos
1667 1057 2039 1134 obligantem.
2088 1057 2204 1115 Sed
2221 1058 2356 1135 quia
2383 1078 2500 1115 non
2528 1078 2631 1135 pro
2661 1080 2740 1135 se,

335 1139 438 1197 sed
465 1158 569 1215 pro
598 1138 728 1195 aliis
757 1146 815 1196 et
840 1138 1013 1195 homo
1042 1137 1182 1211 fieri,
1216 1146 1273 1196 et
1314 1158 1389 1196 ex
1434 1136 1790 1195 Isacidarum
1821 1137 1997 1215 stirpe
2046 1136 2207 1195 nasci
2235 1138 2437 1212 voluit,
2468 1138 2598 1197 ideo
2627 1160 2743 1198 non

334 1238 439 1295 pro
469 1238 547 1293 se,
581 1217 679 1275 sed
712 1238 815 1295 pro
844 1218 972 1276 aliis
1001 1217 1075 1275 ad
1107 1217 1323 1294 Legem
1353 1217 1673 1294 quamlibet
1691 1218 2039 1294 implendam
2070 1218 2361 1295 obligatus
2403 1228 2508 1293 est,
2541 1239 2642 1296 pro
2672 1220 2744 1277 iis

336 1318 559 1375 nempe,
591 1318 693 1375 pro
722 1298 933 1373 quibus
961 1306 1061 1356 aut
1087 1297 1397 1355 humanam
1446 1307 1710 1355 naturam
1757 1297 1963 1370 induit,
1995 1307 2094 1356 aut
2143 1318 2216 1356 ex
2245 1297 2348 1355 tali
2375 1308 2548 1373 gente
2577 1307 2635 1357 et
2663 1298 2742 1357 fa-

336 1378 497 1435 milia
522 1386 785 1435 naturam
816 1378 971 1435 illam
1002 1397 1293 1436 assumere
1322 1378 1595 1455 dignatus
1625 1387 1730 1436 est.
1778 1378 2042 1453 Denique
2073 1377 2146 1435 ad
2179 1378 2507 1436 Sacerdotis
2534 1398 2748 1437 munus

338 1458 493 1535 quod
521 1457 743 1532 attinet,
777 1458 991 1516 Fateor
1018 1478 1149 1516 eum
1179 1458 1272 1516 cui
1300 1459 1414 1517 tale
1462 1478 1674 1516 munus
1719 1458 2084 1516 commissum
2139 1466 2259 1516 erat
2305 1466 2369 1516 ut
2396 1478 2465 1515 eo
2508 1458 2748 1537 defungi

338 1546 550 1615 posset,
582 1537 851 1597 debuisse
880 1558 1005 1597 esse
1034 1558 1259 1616 purum,
1292 1546 1571 1612 sanctum,
1603 1538 1676 1595 ab
1706 1538 1861 1595 omni
1890 1538 2116 1596 macula
2143 1545 2202 1596 et
2229 1538 2358 1595 labe
2387 1538 2658 1611 alienum,
2683 1547 2748 1599 ut

339 1619 420 1676 ait
448 1619 677 1695 Apost.,
706 1618 858 1675 Heb.
890 1618 1009 1693 vii„
1034 1617 1111 1675 id.
1142 1618 1258 1695 legi
1288 1618 1538 1695 perfecte
1560 1618 1908 1676 conformem
1935 1640 1948 1693 ;
1999 1617 2115 1676 Sed
2137 1613 2287 1694 nego
2313 1627 2617 1696 propterea
2644 1639 2749 1696 pro

341 1718 401 1757 se
432 1708 490 1756 et
518 1718 622 1756 suo
652 1698 881 1756 nomine
911 1718 1041 1756 eum
1069 1698 1186 1775 legi
1218 1698 1431 1756 divinae
1476 1697 1802 1774 subjectum
1840 1696 2051 1771 fuisse;
2098 1697 2265 1755 Alias
2293 1717 2397 1774 pro
2426 1719 2488 1757 se
2518 1698 2746 1759 debuis·

342 1786 431 1837 set
459 1778 677 1837 hostias
699 1787 756 1837 et
784 1778 1051 1836 victimas
1088 1776 1308 1851 offerre,
1342 1778 1420 1836 id.
1468 1778 1557 1837 sui
1601 1779 1786 1855 ipsius
1835 1798 1960 1836 esse
1988 1778 2287 1851 mediator,
2319 1778 2476 1855 quod
2524 1788 2748 1839 contra-

342 1858 653 1917 dictionem
682 1858 947 1917 involvit.
994 1857 1213 1917 Debuit
1241 1858 1473 1935 quidem
1518 1879 1698 1936 purus
1726 1866 1784 1917 et
1833 1866 2066 1917 sanctus
2115 1878 2240 1917 esse
2290 1867 2348 1917 et
2376 1859 2494 1935 legi
2539 1859 2752 1919 divinae

343 1936 594 2016 perfecte
624 1938 933 1996 conformis
962 1938 1035 1995 ad
1062 1939 1173 1996 hoc
1202 1948 1265 1998 ut
1292 1938 1555 2016 pontifex
1604 1948 1661 1998 et
1691 1938 1927 1998 victima
1975 1948 2127 1997 esset
2154 1939 2399 2014 idonea;
2449 1939 2565 1997 Sed
2594 1941 2752 1999 aliud

344 2027 433 2077 est
462 2038 587 2077 esse
615 2017 733 2093 legi
756 2017 1123 2093 conformem,
1156 2017 1315 2075 aliud
1360 2018 1545 2077 eidem
1590 2016 1914 2094 subjectum
1966 2038 2110 2093 esse,
2144 2018 2326 2077 Aliud
2355 2027 2444 2077 est
2474 2020 2619 2095 Legi
2649 2021 2747 2079 ob·

344 2098 607 2177 sequium
647 2097 914 2155 debuisse
944 2118 1059 2173 qua
1084 2097 1431 2173 pontificem,
1462 2098 1559 2155 vel
1586 2108 1652 2155 ut
1679 2098 1780 2157 illo
1810 2098 2019 2155 summi
2057 2098 2372 2157 sacerdotis
2417 2098 2602 2157 officio
2625 2100 2752 2157 fun-

346 2186 594 2255 geretur,
625 2177 786 2233 aliud
816 2196 951 2234 vero
982 2176 1043 2234 id
1096 2175 1366 2235 debuisse
1397 2196 1497 2252 pro
1528 2196 1624 2249 se;
1672 2178 1799 2236 Imo
1822 2185 2036 2251 contra,
2070 2177 2117 2234 si
2147 2176 2348 2235 debuit
2375 2186 2440 2235 ut
2468 2180 2746 2255 pontifex,

346 2256 546 2315 debuit
575 2265 638 2314 ut
665 2255 963 2330 mediator,
995 2254 1271 2333 quicquid
1298 2264 1489 2315 autem
1518 2256 1656 2315 fecit
1683 2266 1748 2316 ut
1783 2256 2080 2331 mediator,
2110 2255 2259 2315 illud
2286 2277 2401 2315 non
2429 2277 2532 2333 pro
2563 2276 2624 2316 se
2653 2258 2751 2319 de-

343 2336 471 2395 buit
498 2345 598 2395 aut
626 2336 777 2411 fecit,
810 2335 913 2395 sed
939 2354 1043 2413 pro
1072 2336 1240 2395 nobis
1266 2344 1509 2396 tantum.

430 2416 688 2475 XXXI.
736 2419 789 2475 3.
844 2416 1019 2494 Resp.
1054 2416 1151 2475 Ad
1196 2417 1354 2494 min.,
1388 2417 1818 2495 Distinguenda
1857 2426 1947 2479 est
1999 2417 2294 2495 Subjectio
2341 2416 2494 2495 Legi
2522 2416 2753 2495 divinae,

348 2498 567 2575 duplex
610 2496 763 2555 enirn
808 2517 934 2557 esse
983 2505 1189 2574 potest,
1238 2498 1352 2557 alia
1399 2509 1639 2574 naturae,
1671 2499 1786 2558 alia
1833 2498 2160 2573 oeconomiae,
2193 2509 2362 2575 prout
2392 2499 2521 2557 Lex
2565 2507 2758 2575 potest

348 2577 699 2637 considerari
728 2577 823 2635 vel
851 2586 917 2637 ut
944 2578 1229 2655 generalis
1258 2588 1317 2637 et
1344 2580 1666 2638 communis
1687 2600 1815 2656 quae
1845 2579 2024 2640 fertur
2045 2580 2312 2639 omnibus
2333 2580 2393 2637 in
2415 2599 2758 2657 quocunque

348 2666 501 2718 statu
522 2658 867 2733 constitutis,
899 2659 995 2717 vel
1022 2667 1087 2718 ut
1110 2660 1373 2736 specialis
1401 2680 1531 2737 quse
1559 2660 1779 2719 homini
1807 2660 1988 2719 fertur
2030 2660 2091 2717 in
2119 2668 2275 2717 certo
2317 2668 2470 2719 statu
2501 2668 2559 2718 et
2585 2678 2758 2735 pecu-

348 2739 479 2797 liari
508 2739 701 2816 aliqua
730 2738 801 2797 de
830 2758 1021 2797 causa.
1067 2739 1180 2796 Illa
1196 2740 1450 2798 absoluta
1478 2748 1565 2798 est
1594 2748 1653 2798 et
1673 2738 2139 2816 indispensabilis
2169 2758 2296 2815 quae
2321 2739 2652 2798 Creaturam
2671 2759 2758 2796 re-

352 2819 523 2896 spicit
549 2819 605 2875 in
638 2826 791 2877 statu
820 2828 1042 2876 naturoe
1059 2818 1395 2895 simpliciter
1422 2839 1537 2895 qua
1560 2820 1836 2877 Creatura
1853 2827 1956 2893 est,
1985 2818 2107 2876 Ista
2129 2819 2368 2876 relativa
2395 2826 2484 2877 est
2511 2827 2568 2875 et
2589 2842 2758 2893 σχετι-

352 2900 411 2959 mi
459 2917 588 2973 quae
633 2896 875 2955 refertur
922 2898 998 2955 ad
1045 2896 1335 2955 hominem
1384 2898 1445 2955 in
1474 2905 1628 2955 statu
1673 2896 1776 2955 vioe
1820 2898 2211 2969 constitutum,
2245 2917 2374 2955 cum
2431 2895 2758 2957 conditione

353 2976 569 3035 laboris
598 2984 655 3033 et
685 2976 890 3052 operiS,
924 2986 981 3035 et
1010 2976 1118 3035 sub
1148 2976 1501 3053 obligatione
1542 2977 1722 3035 vitam
1753 2996 1828 3034 ex
1872 2996 1941 3035 ea
1967 2976 2242 3034 merendi.
2289 2977 2402 3035 Illa
2430 2986 2642 3035 oeterna
2671 2986 2761 3036 est

355 3065 415 3115 et
441 3053 834 3130 immutabilis,
866 3055 1123 3133 quandiu
1151 3055 1304 3115 enim
1336 3058 1572 3115 Creator
1599 3064 1688 3114 est
1709 3064 1768 3114 et
1797 3058 2086 3131 Creatura‚
2117 3056 2320 3115 tandiu
2358 3057 2481 3115 haec
2511 3056 2595 3114 illi
2625 3057 2758 3116 sub-

347 3137 507 3214 jecta
529 3135 703 3193 debet
731 3155 873 3211 esse,
906 3156 1012 3195 nec
1038 3135 1226 3213 magis
1256 3136 1327 3194 de
1355 3136 1465 3195 hoc
1486 3138 1617 3213 jure
1649 3136 1980 3213 dispensare
2002 3144 2193 3213 potest
2222 3137 2384 3195 Deus
2411 3157 2584 3214 quam
2613 3138 2761 3215 seip-

357 3236 485 3275 sum
514 3216 835 3291 abnegare3
882 3216 968 3276 At
994 3216 1107 3276 ista
1144 3217 1318 3276 libera
1347 3224 1438 3275 est
1480 3225 1541 3275 et
1585 3216 1881 3275 mutabilis
1928 3236 2057 3293 quae
2107 3216 2310 3276 tandiu
2358 3217 2562 3276 durare
2592 3218 2766 3278 debet

358 3295 613 3375 quandiu
641 3296 814 3354 homo
844 3306 933 3356 est
961 3297 1019 3355 in
1050 3304 1205 3355 statu
1235 3298 1361 3371 viae,
1392 3305 1698 3374 postquam
1748 3296 1898 3355 enim
1942 3306 2153 3357 metam
2183 3298 2393 3375 attigit.
2428 3307 2485 3357 et
2513 3300 2762 3357 curricu-

356 3378 479 3437 lum
509 3397 611 3436 seu
633 3376 881 3436 stadium
911 3376 1253 3435 obedientiae
1282 3378 1638 3455 propositum
1667 3377 1934 3452 absolvit,
1966 3386 2104 3437 tunc
2149 3378 2507 3455 subjectione
2536 3380 2638 3437 illa
2666 3400 2768 3437 ex·-

360 3457 621 3517 solvitur.
668 3457 942 3516 Creatura
985 3477 1279 3535 nunquam
1328 3458 1505 3517 eximi
1549 3465 1740 3535 potest
1783 3478 1818 3517 a
1863 3467 2018 3517 statu
2065 3460 2332 3529 naturali,
2364 3460 2466 3519 sed
2515 3467 2706 3537 potest
2734 3480 2768 3517 a

361 3547 517 3597 statu
544 3537 781 3595 viatoris
803 3536 865 3595 in
893 3558 1007 3615 quo
1027 3538 1199 3597 debet
1227 3538 1499 3598 mandata
1518 3539 1757 3616 implere
1775 3539 1852 3597 ad
1868 3540 2047 3597 vitam
2068 3540 2527 3616 consequendam
2550 3562 2563 3615 ;
2599 3540 2769 3597 Illius

359 3617 793 3676 fundamentum
823 3626 913 3677 est
940 3619 1054 3679 Jus
1085 3618 1372 3679 Creatoris
1400 3620 1804 3700 αὖτοκςιτοςικὶν
1831 3620 1892 3677 in
1921 3628 2255 3694 creaturam,
2289 3629 2345 3679 et
2383 3617 2770 3695 dependentia

360 3696 637 3755 naturalis
666 3706 941 3757 creaturae
970 3720 1004 3757 a
1034 3700 1301 3759 Creatore
1326 3723 1340 3773 3
1390 3700 1507 3760 Sed
1534 3701 1702 3760 istius
1729 3700 2164 3759 fundamentum
2195 3710 2283 3759 est
2309 3700 2636 3758 voluntaria
2654 3698 2770 3759 dis·

358 3778 622 3855 pensatio
669 3776 972 3854 Creatoris,
1004 3780 1104 3857 qui
1151 3781 1263 3839 hoc
1310 3781 1407 3838 vel
1451 3780 1552 3838 illo
1599 3780 1777 3839 modo
1825 3790 2016 3858 potest
2063 3801 2193 3839 cum
2223 3788 2484 3839 creatura
2536 3778 2770 3855 pacisci.

367 3858 723 3934 Supponitur
749 3858 980 3935 quidem
1027 3859 1411 3937 dependentia
1454 3861 1736 3920 naturalis
1779 3881 1908 3937 quae
1952 3862 2012 3919 in
2057 3861 2218 3919 nullo
2267 3868 2420 3919 statu
2449 3878 2484 3917 a
2512 3868 2774 3918 creatura

363 3936 615 4015 separari
646 3946 851 4015 potest,
885 3939 987 3999 sed
1030 3960 1145 3999 non
1197 3940 1421 4016 sufficit,
1452 3941 1567 3999 nisi
1614 3940 2033 4018 superaddatur
2076 3940 2323 4017 speciale
2367 3948 2631 4017 pactum;
2681 3939 2773 3997 Ita

356 4019 533 4093 juxta
560 4017 851 4077 diversum
882 4029 1157 4079 creaturae
1188 4030 1417 4095 statum,
1444 4032 1502 4080 et
1524 4021 1818 4081 diversum
1839 4021 2015 4097 Legis
2043 4020 2214 4079 finem
2244 4028 2302 4078 et
2319 4020 2550 4077 modum
2582 4028 2774 4095 potest

366 4097 597 4155 diversa
624 4118 750 4156 esse
780 4100 1155 4177 subjectionis
1184 4101 1347 4176 rati0,
1378 4111 1437 4160 et
1463 4102 1638 4160 modo
1660 4101 1877 4178 negari,
1902 4100 2073 4159 modo
2102 4099 2388 4159 affirmari.

448 4176 739 4237 XXXII.
792 4178 888 4238 Sic
917 4188 981 4238 ut
1008 4180 1080 4240 ad
1111 4201 1365 4258 praesens
1413 4181 1737 4241 institutum
1766 4182 1878 4239 hoc
1925 4180 2260 4257 applicetur,
2295 4181 2442 4238 Dico
2485 4179 2775 4257 duplicem

366 4256 542 4316 fuisse
570 4258 629 4315 in
662 4257 890 4319 Christo
921 4260 1295 4338 subjectionis
1325 4263 1593 4339 speciem.
1681 4261 1877 4319 Prima
1903 4262 2182 4319 naturalis
2209 4260 2319 4319 fuit
2347 4270 2405 4319 et
2432 4260 2772 4334 necessaria,

371 4338 653 4413 Secunda,
686 4341 1019 4399 oeconomica
1047 4350 1105 4399 et
1123 4341 1323 4417 libera,
1356 4341 1469 4400 Illa
1496 4344 1556 4400 in
1599 4351 1750 4399 statu
1777 4350 1998 4399 naturoe
2045 4360 2160 4418 qua
2207 4340 2316 4400 fuit
2345 4341 2618 4399 Creatura
2646 4360 2776 4417 quse

370 4418 697 4477 Creatorem
721 4438 885 4477 suum
918 4441 1109 4479 amare
1138 4431 1196 4481 et
1226 4422 1309 4479 illi
1338 4441 1553 4481 morem
1604 4442 1804 4499 gerere
1847 4430 2090 4495 tenetur,
2125 4420 2247 4480 Ista
2274 4421 2333 4478 in
2381 4431 2530 4479 statu
2556 4422 2776 4479 humili-

368 4499 497 4556 tatis
526 4506 585 4557 et
612 4500 714 4557 viae
742 4520 858 4577 qua
877 4501 988 4560 fuit
1017 4501 1323 4577 Mediator,
1352 4503 1455 4579 qui
1496 4522 1798 4579 personam
1845 4509 2209 4578 peccatorum
2247 4502 2449 4561 debuit
2477 4502 2777 4575 sustinere,

368 4586 427 4637 et
456 4600 558 4656 pro
588 4580 716 4638 aliis
746 4581 1075 4641 satisfacere
1104 4591 1163 4640 et
1192 4583 1414 4642 mereri.
1460 4583 1581 4642 Nec
1610 4581 1766 4642 enim
1810 4578 2140 4641 mandatum
2171 4582 2281 4642 fuit
2327 4590 2552 4642 tantum
2581 4582 2782 4641 datum

369 4659 599 4719 Christo
628 4662 897 4738 generale
927 4662 1236 4723 obediendi
1265 4664 1411 4738 Dec,
1432 4663 1525 4724 cui
1554 4682 1753 4723 onmes
1775 4684 1850 4723 ex
1869 4683 2033 4741 aequo
2056 4670 2340 4739 tenentur,
2372 4663 2474 4723 sed
2503 4663 2560 4722 in
2592 4661 2782 4741 specie
