3234 5192
286 311 514 355 msrur.
560 291 763 374 xxm]
1122 310 1201 351 ns
1242 308 1495 352 cmcuno
1537 306 1891 351 PONTIFICIO.
2584 294 2704 359 723

288 465 547 514 mutuare
596 474 759 515 suam
803 452 1209 512 authoritatem
1232 471 1267 510 a
1300 451 1610 528 Scriptura,
1659 458 1718 509 et
1766 449 2120 528 Scripturam
2165 450 2366 511 itidem
2411 472 2574 513 suam
2625 454 2700 515 ab

288 535 488 595 eadem
530 536 658 613 ipsa
713 533 1010 608 Ecclesia3
1054 531 1541 609 quemadmodum
1594 529 1861 589 videmus
1917 532 1960 590 J
1964 531 2249 590 ohannem
2303 534 2699 594 testimonium

288 616 647 694 perhibuisse
678 615 924 689 Christe,
954 622 1015 671 et
1056 612 1316 671 vicissim
1347 612 1641 671 Christum
1678 610 1956 687 Johzmni,
1987 611 2032 671 J
2035 612 2321 670 ohannem
2351 612 2696 690 Evangelis·

290 706 406 755 tam
435 715 541 754 suo
570 694 912 771 Evangelio,
944 712 1143 751 rursus
1169 692 1325 752 idem
1356 691 1746 769 Evangelium
1773 691 1816 751 J
1820 690 2051 767 ohanni,
2083 688 2192 750 &c.
2225 692 2421 769 Resp.,
2458 693 2575 752 Sed
2601 695 2698 753 hic

290 776 598 852 multiplex
626 783 714 833 est
742 773 1137 833 hallucinatio.
1185 776 1235 830 1.
1273 772 1453 831 Aliud
1472 781 1560 831 est
1589 772 1956 830 testimonium
1983 772 2158 830 alicui
2197 774 2512 850 perhibere,
2539 773 2702 833 aliud

288 856 683 915 authoritatem
709 855 795 912 iza·
818 854 1118 912 conciliare
1142 876 1168 926 ,-
1208 872 1315 911 nec
1344 872 1447 929 pro
1476 852 1680 910 eodem
1708 860 1862 911 recte
1911 852 2173 928 sumitur,
2205 853 2596 913 testimonium
2625 854 2699 912 ab

291 936 485 1013 aliquo
512 935 741 1009 habere,
768 943 826 993 et
854 934 1259 993 authoritatem
1278 952 1507 991 omnem
1536 952 1698 990 suam
1728 932 1802 990 ab
1835 931 2038 991 eodem
2067 933 2356 1009 mutuari3
2389 953 2525 993 sane
2553 934 2701 992 nihil

290 1016 483 1074 obstat
529 1016 836 1092 quominus
884 1023 1085 1072 mutuo
1114 1013 1443 1072 testimonio
1491 1011 1908 1071 commendarit
1954 1012 2257 1071 Johannes
2303 1013 2611 1089 Christum,
2643 1023 2704 1073 et

294 1096 556 1155 Christus
573 1096 616 1154 J
620 1096 921 1169 ohannem,
935 1094 1038 1153 sed
1065 1102 1133 1152 ut
1152 1092 1241 1152 aJ
1242 1093 1467 1151 ohanne
1490 1112 1654 1151 suam
1671 1092 2077 1151 authoritatem
2097 1100 2393 1152 mutuatus
2411 1094 2488 1153 sit
2509 1094 2702 1153 Chris-

293 1184 403 1249 tus,
424 1174 487 1233 id
507 1194 647 1234 vero
670 1175 1060 1249 falsissimum,
1086 1178 1121 1207 “
1135 1174 1319 1249 Ego,’‘
1348 1172 1555 1249 inquit,
1577 1175 1613 1205 ‘⁴
1626 1172 1699 1230 ab
1716 1172 1951 1230 homine
1971 1172 2366 1231 testimonium
2385 1194 2502 1232 non
2519 1174 2701 1256 capio,

294 1264 354 1314 et
379 1255 567 1314 habeo
595 1254 987 1314 testimonium
1017 1254 1207 1330 majus
1234 1251 1565 1311 testimonio
1591 1251 1637 1311 J
1641 1251 1944 1318 ohannis‚’'
1975 1251 2115 1311 Joh.
2145 1272 2202 1311 v.
2233 1255 2330 1327 34,
2352 1255 2448 1313 36.
2509 1253 2700 1331 Unde,

296 1336 339 1395 J
342 1335 435 1393 oh.
484 1336 522 1393 i.
575 1339 630 1410 7,
676 1334 891 1394 dicitur
920 1336 957 1369 ‘⁴
974 1336 1017 1394 J
1020 1335 1278 1392 ohannes
1330 1332 1562 1391 venisse
1605 1340 1674 1390 ut
1727 1330 2120 1390 testimonium
2174 1332 2502 1409 perhiberet
2557 1332 2705 1391 Luci

295 1424 361 1474 ut
386 1434 587 1474 omnes
629 1414 929 1474 crederent
967 1434 1069 1491 per
1108 1413 1299 1490 ipsum
1323 1412 1383 1489 ;'’
1422 1411 1571 1470 bene
1626 1410 1838 1469 dicitur
1879 1408 1927 1470 δί
1954 1416 2109 1471 ἄντοῦ
2124 1432 2239 1489 per
2265 1413 2462 1489 imum,
2495 1433 2612 1472 non
2655 1410 2708 1472 δὶ

292 1497 441 1554 aad»
461 1504 702 1572 propter
728 1496 927 1571 speum,
958 1494 1095 1570 quia
1138 1500 1265 1551 erat
1306 1501 1530 1551 tantum
1559 1491 1822 1551 minister
1849 1491 1950 1569 qui
1997 1492 2245 1551 ducebat
2287 1492 2364 1551 ad
2392 1494 2702 1570 Christum,

298 1594 415 1633 non
436 1575 872 1633 fundamentum
900 1583 961 1633 et
987 1592 1162 1632 causa
1181 1572 1439 1631 formalis
1458 1571 1595 1629 fidei
1623 1571 1685 1629 in
1703 1571 1910 1648 ipsum.
1955 1576 2010 1632 2.
2037 1572 2421 1632 Confunditur
2446 1574 2708 1633 testimo·-

298 1655 459 1713 nium
476 1654 867 1713 necessarium
895 1663 953 1713 et
980 1673 1097 1712 non
1118 1654 1525 1711 necessarium.
1562 1652 1958 1711 Testimonium
1975 1652 2347 1712 necessarium
2367 1662 2458 1713 est
2475 1654 2710 1731 quando

296 1736 459 1795 nulla
486 1734 771 1795 certitudo
800 1734 871 1793 de
900 1753 961 1792 re
990 1742 1203 1793 testata
1230 1732 1423 1811 quoad
1470 1752 1575 1791 nos
1619 1731 1823 1791 haberi
1869 1740 2076 1810 potest,
2106 1733 2220 1791 nisi
2247 1753 2350 1811 per
2370 1734 2518 1793 illud
2544 1736 2706 1795 testi-

296 1815 570 1890 monium,
602 1834 706 1875 seu
733 1815 963 1893 quando
991 1814 1205 1891 pendet
1232 1813 1556 1872 necessario
1584 1822 1644 1872 et
1671 1832 1776 1889 per
1802 1832 1864 1870 se
1906 1812 1980 1871 ab
2007 1813 2110 1871 illo
2139 1814 2468 1874 testimonio
2491 1837 2506 1891 3
2564 1815 2708 1873 Tes-

293 1895 598 1954 timonium
627 1915 739 1953 non
755 1895 1127 1953 necessarium
1173 1902 1265 1952 est
1290 1892 1448 1971 quod
1494 1893 1748 1953 illustrat
1773 1902 1875 1951 aut
1929 1893 2230 1951 confirmat
2255 1913 2377 1952 rem
2418 1903 2704 1970 testatam,

297 1974 381 2033 ita
406 1980 603 2031 tamen
628 1982 695 2031 ut
720 1992 813 2031 res
831 1982 1043 2031 testata
1070 1972 1418 2031 sufficienter
1434 1972 1668 2030 aliunde
1691 1971 2092 2030 certitudinem
2112 1972 2304 2049 quoad
2331 1992 2438 2031 nos
2465 1974 2706 2050 habeat;

297 2052 413 2113 duo
442 2052 659 2111 diversi
685 2060 864 2111 testes
890 2060 1135 2130 possunt
1163 2052 1275 2109 sibi
1301 2050 1552 2109 invicem
1574 2050 1966 2109 testimonium
1999 2050 2315 2127 perhibere,
2364 2071 2540 2128 seque
2583 2072 2712 2111 mu-

297 2142 399 2193 tuo
420 2130 839 2205 commendare,
872 2132 923 2189 si
948 2138 1155 2207 agatur
1182 2130 1254 2187 de
1276 2129 1624 2204 testimonio,
1654 2129 1813 2207 quod
1831 2129 1927 2187 vel
1953 2148 2028 2188 ex
2049 2138 2291 2207 utraque
2312 2131 2507 2189 velex
2527 2130 2712 2191 altera

294 2212 505 2272 saltem
559 2219 721 2289 parte
774 2210 1161 2269 necessarium
1209 2229 1329 2267 non
1383 2218 1489 2283 est,
1532 2208 1726 2287 qualia
1769 2216 1902 2267 sunt
1949 2217 2152 2269 mutua
2197 2210 2300 2267 illa
2353 2210 2711 2271 Testimonia

304 2292 521 2352 Christi
575 2290 647 2349 de
693 2291 736 2351 J
740 2292 965 2350 ohanne
996 2290 1278 2367 Baptista,
1310 2298 1369 2349 et
1421 2289 1464 2349 J
1468 2289 1712 2348 ohannis
1758 2288 2040 2366 Baptistae
2077 2290 2152 2349 de
2207 2290 2455 2369 Christo,
2485 2292 2528 2351 J
2532 2292 2710 2351 ohan·

300 2372 393 2431 nis
421 2372 494 2430 de
523 2391 629 2430 suo
658 2371 981 2448 Evangelio
1029 2380 1089 2431 et
1136 2370 1445 2447 Evangelii
1472 2370 1545 2429 de
1589 2370 1629 2429 J
1637 2370 1897 2430 ohanne:
1942 2369 2028 2430 At
2073 2370 2122 2429 si
2147 2371 2454 2448 loquamur
2495 2371 2568 2431 de
2597 2381 2712 2432 tes-

300 2452 544 2511 timonio
590 2452 953 2529 necessari03
999 2451 1233 2510 omnino
1282 2449 1596 2509 absurdum
1647 2458 1741 2509 est
1789 2459 1848 2511 et
1895 2459 2152 2529 apertam
2202 2452 2714 2511 contradictionem

301 2532 571 2611 implicat
586 2532 780 2592 dicere
802 2532 1042 2591 duorum
1072 2531 1306 2591 testium
1329 2530 1736 2591 authoritatem
1754 2532 1945 2609 quoad
1973 2551 2080 2590 nos
2097 2552 2199 2609 per
2221 2552 2283 2590 se
2304 2541 2362 2591 et
2391 2534 2714 2591 necessario

302 2613 555 2691 pendere
584 2634 619 2671 a
638 2621 840 2672 mutuo
860 2632 1057 2671 eorum
1100 2612 1173 2670 de
1217 2631 1280 2670 se
1308 2612 1557 2669 invicem
1585 2610 1934 2683 testimonie,
1965 2612 2102 2687 quia
2141 2612 2240 2686 sic,
2272 2622 2337 2671 ut
2379 2612 2714 2672 dicebamus

304 2694 497 2769 modo,
528 2692 683 2752 idem
706 2712 767 2751 se
796 2693 923 2769 ipso
948 2692 1143 2751 notius
1168 2691 1282 2750 erit
1309 2699 1367 2749 et
1394 2690 1668 2767 ignotius,
1699 2710 1757 2748 v.
1789 2710 1866 2765 g.,
1899 2690 1949 2747 si
1979 2690 2242 2749 Ecclesia
2269 2691 2570 2767 perhibeat
2597 2702 2710 2751 tes-

300 2774 605 2832 timonium
632 2771 825 2847 quoad
851 2790 959 2829 nos
985 2769 1375 2829 necessarium
1402 2768 1560 2827 omni
1591 2769 1705 2827 Dei
1731 2769 1946 2844 Verb0‚
1995 2768 2352 2846 impossibile
2389 2778 2480 2828 est
2505 2780 2572 2829 ut
2597 2770 2714 2831 fide

306 2852 526 2911 Divina
552 2849 853 2908 credamus
895 2850 1071 2926 hujus
1098 2848 1503 2907 authoritatem
1544 2846 1660 2905 nisi
1705 2857 1940 2925 propter
1977 2848 2256 2907 Ecclesiae
2299 2848 2709 2927 testimonium,

300 2950 421 2989 non
448 2947 754 3006 possumus
780 2936 972 2987 autem
1018 2927 1250 2987 eredere
1287 2926 1505 3004 aliquid
1534 2935 1788 3004 ‘propter
1832 2928 2110 2986 Ecclesiae
2160 2928 2569 3004 testimonium,
2600 2929 2716 2989 nisi

308 3008 573 3069 Ecclesia
600 3000 760 3085 prius
788 3008 941 3085 apud
982 3026 1092 3066 nos
1129 3026 1293 3066 suam
1340 3006 1600 3066 obtineat
1647 3007 2070 3082 authoritatem,
2101 3027 2237 3065 nam
2276 3016 2512 3086 propter
2559 3009 2718 3086 quod

304 3088 527 3167 aliquid
566 3088 780 3147 scimus
807 3096 907 3147 aut
934 3086 1239 3161 eredimus,
1281 3086 1428 3146 illud
1454 3086 1646 3163 ipsum
1667 3106 1702 3144 a
1722 3086 1890 3145 nobis
1917 3087 2077 3165 prius
2106 3088 2238 3146 sciri
2267 3096 2326 3147 et
2363 3088 2519 3147 credi
2547 3108 2716 3167 opor·

305 3177 414 3244 tet,
444 3167 607 3226 nulla
659 3168 812 3225 enim
862 3168 937 3225 ab
984 3166 1201 3244 ignotis
1228 3166 1291 3226 fit
1328 3164 1592 3243 legitima
1617 3164 1901 3242 probatio.
1944 3166 1989 3226 J
1991 3186 2084 3225 am
2122 3168 2172 3226 si
2205 3168 2500 3245 Scriptura
2526 3169 2716 3247 perhi-

308 3249 410 3309 bet
456 3247 851 3323 testimonium
896 3246 1281 3305 necessarium
1328 3245 1518 3323 quoad
1564 3265 1673 3304 nos
1728 3244 1802 3304 de
1830 3246 2112 3324 Ecclesia,
2142 3248 2496 3326 impossibile
2525 3256 2614 3307 est
2653 3259 2720 3309 ut

308 3328 615 3388 credamus
660 3326 939 3386 Ecclesiae
982 3326 1451 3386 infallibilitatem
1508 3326 1624 3385 nisi
1669 3335 1904 3404 propter
1943 3330 2336 3387 testimonium
2390 3329 2716 3407 Scripturae,

310 3428 435 3467 non
489 3427 797 3485 possumus
853 3414 1048 3466 autem
1095 3406 1318 3483 aliquid
1372 3406 1603 3465 credere
1658 3416 1896 3485 propter
1953 3408 2264 3485 Scripturas
2311 3409 2717 3468 authoritatem

310 3487 428 3547 nisi
486 3488 783 3565 Scriptura
834 3488 995 3564 prius
1023 3485 1178 3563 apud
1222 3505 1329 3546 nos
1384 3506 1545 3545 suam
1590 3485 1849 3545 obtineat
1897 3488 2298 3547 authoritatem
2323 3510 2338 3547 ε
2394 3488 2477 3546 ita
2519 3507 2720 3563 quam-

310 3587 561 3645 cumque
589 3568 650 3626 in
677 3565 918 3625 formam
948 3586 1009 3625 se
1037 3574 1267 3626 vertant
1292 3566 1499 3625 irretiti
1528 3586 1753 3643 semper
1778 3574 2063 3642 tenentur,
2093 3586 2200 3625 nec
2227 3568 2288 3625 in
2337 3575 2613 3625 aeternum
2659 3587 2722 3627 se

313 3648 559 3706 liberare
587 3654 859 3725 poterunt
886 3646 959 3705 ab
988 3646 1375 3705 inextricabili
1403 3645 1515 3704 isto
1552 3646 1904 3721 labyrintho.
1949 3646 2123 3705 Unde
2170 3654 2330 3724 patet
2372 3644 2514 3722 quid
2543 3655 2722 3706 statu-

312 3726 531 3786 endum
553 3726 625 3785 de
656 3726 964 3803 Religione
991 3725 1093 3784 illa
1118 3744 1249 3803 quae
1276 3725 1501 3784 nullum
1528 3724 1967 3785 fundamentum
2014 3733 2074 3785 et
2100 3726 2443 3805 principium
2471 3726 2606 3785 fidei
2629 3728 2724 3786 cui

314 3807 550 3879 nitatur,
584 3814 643 3865 et
669 3806 731 3863 in
757 3806 915 3882 quod
941 3805 1281 3881 resolvatur,
1314 3805 1611 3881 assignare
1629 3812 1837 3883 potest.

396 3884 588 3944 XXI.
636 3885 755 3944 Sed
781 3885 927 3944 forte
955 3884 1113 3963 quod
1140 3884 1271 3943 aliis
1314 3884 1623 3960 objicimus
1667 3886 1884 3944 crimen
1925 3884 2052 3963 ejus
2089 3885 2378 3944 manifesti
2422 3892 2722 3947 tenemur:

315 3964 429 4024 hoc
452 3974 607 4023 certe
634 3985 751 4023 non
780 3964 959 4023 semel
986 3964 1059 4022 ab
1089 3962 1461 4023 Adversariis
1488 3964 1659 4023 nobis
1704 3965 2033 4043 impactum,
2063 3964 2218 4025 unde
2247 3966 2514 4024 Becanus
2541 3975 2599 4024 et
2626 3967 2726 4024 alii

322 4045 613 4104 Circulum
635 4046 808 4103 etiam
840 4044 1255 4104 Calvinisticum
1284 4051 1419 4102 sunt
1446 4044 1774 4113 commenti,
1805 4064 1977 4121 quem
2005 4044 2145 4103 mire
2174 4044 2470 4121 exagitare
2519 4046 2724 4106 solent.

318 4123 643 4184 Videamus
672 4144 812 4201 ergo
840 4143 955 4201 quo
978 4124 1127 4200 jure.
1187 4122 1417 4183 Scilicet
1444 4124 1726 4201 objiciunt
1768 4124 1889 4184 Nos
1925 4123 2283 4201 Scripturam
2317 4144 2390 4183 επ
2409 4124 2645 4201 Spiritu,
2671 4135 2729 4185 et

318 4224 521 4263 rursus
542 4204 818 4280 Spiritum
843 4225 919 4263 ex
947 4204 1245 4280 Scriptura
1272 4204 1531 4281 probare,
1563 4212 1736 4280 atque
1763 4204 1874 4262 hoe
1899 4202 2024 4262 fieri
2051 4222 2168 4263 non
2196 4223 2365 4281 posse
2393 4204 2518 4263 sine
2546 4205 2728 4263 eircu-

317 4285 431 4343 lari
460 4302 788 4361 progressu,
821 4285 957 4361 quia
982 4292 1049 4342 ut
1080 4284 1376 4360 Scriptura
1403 4283 1656 4341 creditur
1681 4302 1807 4341 esse
1840 4283 1950 4341 Dei
1977 4283 2217 4342 verbum
2247 4303 2321 4342 ex
2350 4284 2576 4343 interno
2602 4286 2728 4363 Spi-

319 4364 469 4421 ritus
498 4364 847 4437 testimoni0,
878 4364 961 4421 ita
993 4362 1241 4439 Spiritus
1268 4362 1661 4421 testimonium
1681 4361 1840 4421 credi
1865 4370 2100 4439 propter
2123 4363 2493 4444 Scripturam,
2524 4364 2586 4421 in
2614 4384 2732 4442 qua

325 4444 581 4520 Spiritus
613 4444 672 4502 S.
717 4443 1085 4502 credentibus
1112 4452 1203 4501 est
1228 4442 1563 4519 promissus.
1611 4442 1708 4500 Sic
1757 4442 2026 4501 Becanus
2072 4442 2134 4502 in
2163 4444 2456 4521 Opusculo
2504 4444 2576 4504 de
2609 4446 2730 4506 Cir-

322 4524 457 4583 culo
481 4523 875 4584 Calvinistico.
900 4530 1037 4582 sect.
1064 4524 1119 4595 6,
1144 4530 1203 4581 et
1224 4522 1481 4582 Gretser.
1506 4521 1563 4578 in
1586 4528 1838 4581 tractatu
1855 4521 1927 4581 de
1946 4542 2178 4600 agnose.
2207 4524 2414 4601 Script.
2435 4544 2484 4583 c.
2509 4523 2587 4583 iv.
2612 4527 2731 4587 Ve-

326 4624 457 4662 rum
480 4624 652 4682 quam
683 4604 925 4681 turpiter
950 4602 1044 4660 hic
1064 4601 1492 4661 hallucinentur
1519 4599 1645 4660 sola
1689 4603 1988 4662 sententiae
2033 4611 2245 4663 nostrae
2291 4602 2602 4663 declaratio
2631 4608 2732 4667 ab·
