3234 5192
523 363 600 418 24
1306 371 1382 412 ns
1413 371 1773 414 messmam
1805 369 2150 412 secessione
2600 347 2859 430 [DISPL'T.
2893 369 2932 408 1.

524 526 681 578 tatur
705 535 925 574 merum
955 522 1044 574 cst
1071 514 1426 592 figmentum,
1451 515 1616 592 quasi
1646 514 1767 572 ulla
1794 512 2019 590 concipi
2038 511 2222 590 possit
2243 509 2637 570 subordinatio
2664 510 2816 570 inter
2842 531 2930 586 ea,

526 618 656 676 quae
684 598 854 674 plane
883 602 1017 654 sunt
1045 595 1309 673 opposita
1353 603 1410 653 et
1437 594 1699 668 adversa,
1730 612 1863 650 nam
1892 593 1943 650 si
1971 592 2156 668 gloria
2201 590 2420 668 Capitis
2468 599 2527 649 et
2554 589 2774 650 functio
2804 589 2930 649 Me-

527 677 766 737 diatoris
799 675 910 734 soli
938 676 1167 735 Christo
1216 675 1292 734 sit
1317 675 1548 753 propria
1591 681 1651 732 et
1678 671 1995 748 ὶκαιόνητος,
2026 681 2091 731 ut
2132 671 2365 730 omnino
2412 669 2579 729 fateri
2626 676 2931 747 coguntur,

529 758 630 835 qui
657 764 872 816 norunt
893 774 1038 833 opus
1065 775 1193 814 esse
1229 755 1463 814 virtutis
1510 753 1767 824 infinitae,
1814 752 1973 828 quod
2017 752 2080 809 in
2119 759 2436 810 creaturam
2478 749 2699 809 finitam
2728 749 2933 808 cadere

529 838 747 915 nequit,
779 834 1067 913 quomodo
1096 834 1280 892 dividi
1306 833 1518 909 poterit
1545 832 1669 890 sine
1696 831 2000 890 manifesto
2049 831 2351 908 sacrilegio
2396 837 2455 888 et
2482 839 2679 907 aperta
2706 837 2932 888 contra-

531 918 781 976 dictione
801 918 831 972 ?
917 914 1035 972 Nec
1063 914 1220 972 valet
1246 917 1391 982 νοφὶι
1417 912 1685 992 φάρμακον
1711 911 2146 970 distinctionum
2192 909 2525 988 positarum,
2577 910 2713 986 quia
2739 916 2804 967 ut
2831 927 2933 966 na-

530 1006 660 1055 tura
687 995 770 1053 rei
798 1013 896 1052 eas
924 1012 1040 1050 non
1067 993 1300 1069 patitur,
1330 992 1412 1049 ita
1437 994 1550 1068 ὰπρ
1577 997 1776 1070 γῃφὶῖς
1792 991 2104 1067 finguntur,
2128 1009 2257 1067 quae
2285 1008 2570 1067 nusquam
2592 988 2686 1047 vel
2717 987 2938 1066 Capitis

534 1072 858 1134 secundarii
885 1080 944 1129 et
971 1071 1236 1144 visibilia,
1267 1070 1365 1129 vel
1397 1071 1677 1130 Sacrificii
1697 1069 2187 1129 commemorativi
2214 1077 2273 1127 et
2300 1068 2651 1146 applicativi,
2680 1068 2778 1126 vel
2808 1067 2934 1125 Me-

534 1152 772 1211 diatoris
823 1151 1260 1209 Intercessionis
1302 1159 1360 1210 et
1415 1170 1532 1208 non
1578 1149 2015 1227 Redemptionis
2056 1149 2334 1207 meminit.
2378 1153 2434 1206 2.
2480 1148 2647 1206 Licet
2674 1147 2939 1206 Christus

533 1231 864 1291 hominibus
893 1239 1087 1290 utatur
1111 1239 1385 1307 tanquam
1412 1231 1679 1289 ministris
1698 1230 1773 1288 ad
1810 1230 2067 1307 regimen
2115 1236 2417 1286 externum
2463 1228 2757 1302 Ecclesiae,
2788 1247 2937 1284 nun-

535 1332 708 1389 quam
738 1321 931 1370 tamen
962 1311 1178 1388 Capitis
1205 1311 1546 1388 dignitatem
1573 1311 1636 1368 in
1662 1330 1840 1369 unum
1885 1309 2211 1387 quempiam
2239 1305 2549 1366 contulisse
2593 1307 2709 1365 dici
2729 1315 2938 1384 potest,

535 1393 649 1451 nisi
677 1399 850 1470 caput
875 1401 1259 1451 monstrosum
1283 1399 1342 1450 et
1367 1391 1564 1467 biceps
1591 1391 1843 1450 tribuere
1870 1389 2119 1447 velimus
2142 1387 2435 1461 Ecclesiae,
2466 1407 2595 1464 quae
2624 1407 2741 1446 non
2766 1386 2940 1445 modo

539 1473 771 1548 Christi,
805 1471 908 1531 sed
935 1480 994 1530 et
1023 1473 1197 1549 Papae
1225 1480 1466 1529 vocetur
1492 1489 1719 1546 corpus.
1794 1468 1991 1526 Sancti
2010 1487 2130 1526 non
2156 1476 2379 1527 tantum
2415 1467 2760 1526 mediatores
2804 1473 2941 1525 sunt

537 1551 983 1624 intercessionis,
1015 1552 1119 1608 sed
1147 1558 1203 1607 et
1232 1548 1642 1625 redemptionis
1671 1568 1746 1606 ex
1784 1547 2067 1606 sententia
2107 1547 2715 1628 Pontificiorumnquia
2742 1565 2937 1606 eorum

531 1632 790 1708 precibus
811 1639 865 1687 et
888 1629 1097 1686 meritis
1123 1628 1265 1701 nixi,
1296 1629 1693 1686 remissionem
1719 1634 2083 1704 peccatorum
2132 1635 2191 1685 et
2216 1627 2395 1685 vitam
2420 1635 2689 1685 aeternam
2716 1633 2939 1703 petunt,

540 1711 677 1768 vide
716 1708 1082 1766 Breviorium
1111 1709 1432 1765 Romanum
1467 1707 1701 1784 passim,
1746 1716 1805 1765 et
1848 1708 2078 1764 Hortul.
2122 1707 2313 1768 anim..
2340 1706 2558 1765 editum
2600 1725 2702 1782 per
2751 1705 2941 1764 Plant.

541 1809 632 1846 an.
669 1792 839 1860 1557,
872 1787 932 1843 in
955 1787 1140 1844 officio
1171 1788 1240 1844 B.
1273 1787 1492 1862 Mariae,
1513 1787 1775 1863 precibus
1804 1796 1857 1845 et
1876 1787 2085 1845 meritis
2128 1789 2201 1844 B.
2227 1787 2440 1844 Μανίας
2466 1805 2685 1861 semper
2708 1785 2943 1861 virginis

541 1878 594 1926 et
620 1869 862 1925 omnium
887 1876 1208 1924 sanctorum
1225 1869 1504 1940 perducat
1529 1887 1631 1925 nos
1663 1867 1942 1924 Dominus
1969 1869 2052 1925 ad
2086 1886 2319 1942 regnum
2354 1869 2631 1941 caelornm,
2674 1864 2781 1924 Sec.
2844 1864 2943 1923 Sic

541 1946 713 2006 modo
742 1952 808 2006 ut
832 1947 987 2004 socia
1015 1946 1243 2004 Christo
1271 1945 1623 2023 adjungitur,
1652 1945 1825 2006 modo
1855 1954 1920 2005 ut
1939 1947 2197 2022 superior
2212 1945 2537 2022 praeficitur,
2558 1964 2736 2021 quum
2758 1952 2942 2019 orant,

541 2035 609 2085 ut
634 2028 883 2084 Matrem
912 2045 1025 2084 esse
1070 2045 1128 2084 se
1167 2035 1448 2102 monstret,
1484 2037 1538 2084 et
1545 2029 1685 2101 jure
1727 2027 1923 2084 matris
1964 2025 2332 2101 Redemptori
2375 2026 2622 2101 imperet.
2707 2023 2807 2082 An
2832 2024 2945 2082 hoc

543 2114 631 2163 est
659 2105 1023 2163 subordinari
1051 2105 1295 2182 Christo,
1328 2126 1401 2164 an
1424 2126 1539 2164 non
1567 2106 1759 2184 potius
1780 2107 1841 2164 in
1870 2107 1995 2182 ejus
2024 2105 2271 2164 officium
2298 2105 2557 2162 involare
2577 2107 2606 2162 Ρ
2666 2107 2721 2162 3.
2768 2103 2945 2162 Falso

543 2185 886 2262 supponitur
905 2185 1194 2244 Christum
1217 2187 1482 2244 meritum
1511 2185 1680 2244 nobis
1702 2205 1829 2244 esse
1848 2186 2121 2244 virtutem
2151 2183 2424 2242 merendi.
2470 2183 2614 2242 Cum
2636 2183 2695 2240 in
2724 2191 2945 2241 creatu·

541 2284 665 2323 ram
691 2265 912 2324 finitam
942 2275 1001 2324 et
1026 2265 1403 2341 peccatricem
1431 2285 1546 2323 non
1574 2266 1760 2340 cadat,
1785 2265 1992 2324 meruit
2020 2265 2281 2339 salutem,
2313 2272 2371 2322 et
2388 2263 2780 2322 remissionem
2809 2282 2943 2340 pec-

543 2352 817 2420 catorum,
849 2345 953 2403 sed
979 2345 1236 2402 merendi
1262 2343 1595 2403 facultatem
1622 2365 1925 2422 nusquam,
1956 2345 2095 2422 quid
2116 2344 2269 2402 enim
2298 2363 2443 2420 opus
2464 2352 2553 2402 est
2580 2344 2783 2401 merito
2810 2361 2942 2401 nos-

543 2434 652 2498 tro,
682 2424 783 2481 ubi
812 2424 1075 2481 meritum
1101 2423 1314 2482 Christi
1335 2424 1665 2500 plenissime
1696 2423 1903 2483 sufficit
1919 2427 1949 2482 P
2030 2422 2199 2497 Quod
2221 2442 2359 2500 ergo
2380 2423 2587 2482 merita
2610 2430 2809 2481 nostra
2828 2441 2944 2480 non

544 2502 755 2580 opponi
785 2502 1006 2560 meritis
1035 2502 1264 2576 Christi,
1297 2503 1400 2561 sed
1428 2503 1695 2578 componi
1721 2511 1780 2562 et
1824 2501 2184 2561 subordinari
2225 2504 2446 2578 volunt,
2478 2501 2791 2561 absurdum
2818 2509 2943 2576 est;

544 2601 678 2640 nam
708 2602 776 2639 eo
819 2582 944 2658 ipso
972 2602 1086 2659 quo
1131 2592 1550 2656 componuntur,
1599 2592 1972 2658 opponuntur,
2020 2583 2263 2660 gloriam
2308 2583 2512 2659 capitis
2554 2583 2841 2660 propriam
2886 2581 2948 2638 in

544 2661 803 2720 membra
829 2660 1241 2719 transferenda
1286 2664 1343 2718 4.
1389 2661 1659 2720 Ridicula
1686 2669 1775 2720 est
1823 2661 2116 2720 distinctio
2160 2663 2439 2740 Sacmficii
2478 2662 2952 2721 commemor-alivi

545 2749 604 2799 et
630 2741 972 2816 applicativi,
1002 2760 1136 2798 nam
1165 2760 1607 2800 commemorare
1628 2761 1749 2800 rem
1779 2749 1998 2819 gestam
2024 2749 2113 2800 est
2144 2761 2456 2819 agnoscere
2485 2762 2591 2801 nos
2618 2760 2735 2802 non
2762 2741 2949 2800 facere

547 2820 704 2898 quod
732 2829 820 2880 est
848 2820 1078 2896 factum,
1112 2819 1214 2878 sed
1241 2829 1466 2880 tantum
1516 2822 1767 2880 recolere
1812 2829 1871 2880 et
1915 2829 2188 2899 repetere,
2236 2841 2308 2880 ne
2336 2822 2569 2881 excidat
2616 2821 2763 2881 illud
2789 2819 2947 2899 quod

547 2901 656 2976 fuit
683 2901 931 2977 factum3
975 2921 1083 2960 nec
1111 2900 1418 2978 applicatio
1466 2910 1658 2979 potest
1686 2921 1811 2960 esse
1862 2901 2094 2976 oblatio,
2142 2921 2273 2959 cum
2320 2902 2445 2960 haec
2474 2901 2781 2979 applicatio
2808 2900 2948 2959 faci-

547 2982 697 3040 enda
725 2981 884 3041 illam
912 2982 1259 3042 oblationem
1288 2991 1697 3060 praesupponat
1744 2981 1970 3041 factam.
2078 2981 2468 3058 Praeterquam
2513 2981 2669 3057 quod
2697 2981 2946 3058 applica-

547 3061 629 3119 tio
657 3061 781 3120 fieri
810 3063 982 3120 debet
1008 3062 1245 3136 homini,
1277 3063 1618 3122 sacrificium
1648 3071 1835 3120 autem
1880 3060 2072 3120 offerri
2099 3060 2271 3120 debet
2310 3062 2455 3120 Deo.
2540 3059 2729 3134 Unde,
2759 3080 2833 3118 ne
2861 3060 2953 3118 ul-

548 3139 728 3196 terius
783 3159 1106 3214 pergamus,
1156 3143 1296 3198 satis
1329 3143 1511 3218 liquet
1554 3142 1915 3200 adversarios
1953 3141 2223 3198 ιὶσ-ὺστατα
2248 3141 2401 3198 velle
2430 3139 2796 3214 conjungere,
2842 3157 2950 3198 nec

546 3233 735 3291 posse,
767 3216 1044 3290 quicquid
1069 3219 1460 3292 profiteantur,
1493 3220 1785 3276 Christum
1814 3239 1945 3276 cum
1981 3221 2140 3275 hisce
2170 3217 2508 3276 commentis
2537 3215 2657 3273 suis
2684 3216 2948 3274 retinere.

553 3292 798 3349 Paulum
826 3293 1014 3367 ipsum
1044 3292 1344 3351 audiamus
1373 3295 1431 3351 in
1461 3296 1635 3351 simili
1663 3295 1833 3369 plane
1876 3296 2129 3369 negoti0.
2196 3291 2725 3368 Pseudo-Apostoli
2755 3292 2949 3353 Chris-

549 3381 673 3429 tum
697 3388 832 3427 sane
859 3369 1289 3445 profitebantur,
1331 3381 1388 3430 et
1416 3372 1556 3429 dicit
1603 3380 1797 3428 tamen
1842 3391 1941 3430 eos
1975 3381 2301 3446 pervertere
2326 3370 2715 3446 Evanqelium,
2756 3379 2814 3430 et
2854 3400 2949 3432 u-

552 3445 841 3528 raegynTo-oou
884 3453 986 3507 ata-3
1014 3456 1101 3507 τοῦ
1127 3457 1355 3529 Χριστοῦ,
1389 3450 1524 3527 quia
1551 3468 1683 3507 cum
1712 3448 1826 3507 fide
1854 3458 1913 3508 et
1954 3449 2175 3508 meritis
2220 3449 2434 3509 Christi
2478 3449 2655 3527 Legis
2692 3471 2867 3529 opera
2894 3463 2954 3513 et

551 3529 756 3585 merita
780 3529 1028 3606 propria,
1058 3529 1228 3605 plane
1256 3539 1320 3588 ut
1347 3529 1520 3587 hodie
1550 3528 1857 3605 Pontificii,
1888 3529 1947 3587 in
1969 3529 2381 3605 justificatione
2421 3531 2722 3608 urgebant,
2748 3533 2881 3592 Gal.
2912 3535 2951 3592 i.

553 3611 608 3681 7,
640 3616 699 3665 et
725 3627 781 3664 v,
812 3611 870 3664 4.
916 3607 1188 3684 Angelici
1217 3617 1457 3682 veteres,
1489 3608 1590 3686 qui
1618 3609 1837 3668 cultum
1866 3609 2220 3687 angelorum,
2254 3631 2289 3669 a
2317 3611 2631 3670 Platonicis
2658 3613 2947 3686 haustum,

551 3687 914 3746 introducere
936 3687 1292 3764 satagebant,
1325 3689 1714 3748 Christianum
1742 3689 1973 3765 quidem
2002 3709 2212 3748 nomen
2254 3691 2593 3766 retinebant,
2626 3692 2728 3750 sed
2757 3701 2947 3751 tamen

551 3767 688 3843 quia
714 3765 1110 3844 adjungebant
1140 3768 1384 3842 Christe,
1417 3788 1554 3827 vero
1589 3769 1781 3828 cultus
1822 3771 2066 3848 object0,
2107 3769 2315 3830 falsum
2344 3780 2403 3830 et
2428 3770 2831 3846 adulterinum,
2863 3771 2949 3829 di-

551 3855 760 3906 cuntur
791 3850 953 3904 “non
981 3846 1225 3906 retinere
1264 3849 1492 3925 caput,”
1545 3849 1669 3906 Col.
1700 3849 1757 3907 ii.
1810 3853 1901 3909 19.
1947 3850 2278 3910 Idololatrae
2321 3851 2421 3929 qui
2465 3849 2866 3910 claudicabant
2892 3851 2953 3908 in

550 3935 857 4004 utrumque
886 3926 1055 4002 latuS,
1103 3927 1146 3986 J
1149 3928 1350 3986 ehovae
1383 3947 1591 3986 nomen
1619 3929 1961 3997 retinebant,
2012 3931 2158 3990 Hos.
2197 3931 2275 3988 iv.
2312 3933 2403 4007 15,
2456 3929 2559 3989 sed
2602 3949 2719 3988 non
2760 3931 2951 3989 minus

550 4004 873 4066 deseruisse
925 4006 1114 4065 Deum
1143 4007 1427 4082 dicuntur,
1463 4010 1555 4065 11.
1601 4007 1771 4066 Adeo
1810 4029 2015 4069 verum
2044 4019 2150 4084 est,
2190 4010 2335 4068 nihil
2364 4011 2628 4087 componi
2655 4029 2827 4086 posse
2842 4009 2953 4068 hac

549 4084 608 4142 in
637 4097 798 4164 parte
821 4106 952 4144 cum
971 4086 1186 4161 Vei-bc,
1205 4087 1300 4145 vel
1319 4107 1448 4146 cum
1469 4087 1716 4162 Christe,
1737 4097 1795 4147 et
1816 4090 2036 4162 Gratia,
2057 4089 2215 4165 quod
2230 4108 2346 4146 non
2368 4089 2485 4147 illis
2506 4096 2843 4166 opponatur,

619 4165 853 4224 XLIV.
885 4185 972 4224 111.
1003 4166 1332 4242 Excip.—“
1354 4167 1424 4223 In
1455 4166 1733 4225 Ecclesiis
1762 4167 2098 4228 Galatarum
2128 4176 2186 4227 et
2208 4169 2631 4227 Corinthiorum
2658 4167 2837 4227 fuisse
2864 4187 2952 4227 er-

551 4263 710 4301 rores
751 4247 1027 4321 capitales
1068 4246 1128 4303 in
1157 4245 1418 4304 doctrina
1459 4245 1532 4304 de
1572 4246 2003 4322 justificatione,
2034 4247 2108 4305 de
2157 4248 2557 4307 observatione
2598 4247 2747 4324 legis
2780 4267 2951 4306 caere-

547 4323 831 4396 monialis,
856 4325 928 4382 de
955 4325 1368 4384 resurrectione
1397 4333 1768 4400 mortuorum,
1812 4345 1919 4383 nec
1946 4333 2138 4384 tamen
2166 4336 2468 4404 propterea
2494 4327 2953 4387 communionem

549 4417 744 4457 earum
775 4399 1036 4461 deserere
1071 4406 1276 4480 jubere
1313 4405 1576 4464 Paulum.
1634 4404 1793 4480 Ergo
1819 4404 1957 4463 licet
1981 4425 2201 4465 errores
2228 4415 2421 4465 essent
2446 4407 2509 4464 in
2538 4407 2800 4466 Ecclesia
2838 4408 2955 4466 Ro-

550 4496 722 4536 mana
739 4478 1029 4554 capitales,
1053 4501 1170 4540 non
1193 4493 1382 4542 tamen
1402 4484 1595 4542 statim
1619 4483 1999 4542 secedendum
2022 4485 2256 4545 fuisse.'’
2283 4487 2354 4545 R.
2384 4489 2435 4544 1.
2462 4487 2612 4546 Dist.
2642 4487 2957 4544 Ecclesiam

551 4577 592 4614 a
611 4557 1018 4632 Seductoribus,
1049 4563 1286 4633 quisunt
1311 4564 1368 4621 in
1389 4565 1663 4622 Ecclesia.
1696 4564 1907 4622 Fateor
1933 4565 2211 4641 quosdam
2233 4565 2409 4624 fuisse
2430 4564 2492 4622 in
2520 4565 2635 4623 illis
2659 4566 2954 4640 Ecclesiis,

550 4635 650 4712 qui
677 4635 824 4694 tales
852 4655 1071 4694 errores
1115 4639 1391 4717 foverent,
1430 4643 1533 4700 sed
1562 4643 1882 4702 Ecclesiam
1912 4643 2095 4721 ipsam
2124 4645 2234 4702 hoc
2262 4663 2452 4702 errore
2480 4643 2749 4704 infectam
2778 4645 2953 4704 fuisse
