3234 5192
343 386 575 429 msru'r.
606 368 769 451 1111]
931 390 1008 429 m:
1040 388 1531 431 sarlsrscnoms
1562 388 1803 429 CHRISTI
1833 390 2152 434 vnnl'm'rz.
2632 380 2750 441 443

342 530 434 588 his
462 530 722 608 partibus
766 529 1073 589 defunctus
1122 540 1243 607 est3
1291 532 1377 590 At
1424 530 1690 591 Christus
1738 530 1906 591 nobis
1957 532 2090 591 talis
2137 532 2483 596 describitur
2529 538 2752 598 Media·

342 620 435 670 tor
454 632 468 646 ·
501 612 572 669 E.
2321 675 2325 679 .

426 656 614 747 2'1111.
662 690 898 749 Fortius
924 710 1065 749 vero
1094 688 1283 749 adhuc
1312 689 1559 767 stringet
1602 697 2026 767 argumentum,
2077 691 2128 750 si
2171 692 2453 753 addamus
2481 714 2598 753 non
2625 705 2752 755 tan-

343 774 466 829 tum
498 769 879 829 Mediatorem
906 770 1121 846 vocari,
1154 769 1259 828 sed
1300 777 1359 828 et
1400 766 1577 841 ’ίγγνον
1601 788 1928 845 sponsorem
1969 779 2029 829 et
2055 770 2282 847 vadem,
2337 773 2490 833 Heb.
2519 775 2622 834 vii.
2653 782 2750 837 22.

346 850 497 907 Nam
521 849 811 909 Mediator
826 850 1059 928 quidem
1088 849 1339 908 medium
1370 868 1431 907 se
1462 850 1615 909 sistit
1635 850 1786 908 inter
1803 857 1998 927 partes
2018 849 2366 911 dissidentes
2392 862 2459 913 ut
2485 874 2584 914 eas
2611 876 2748 934 qua·

346 948 572 1007 cunque
627 929 861 989 tandem
914 930 1136 988 ratione
1185 928 1533 1005 reconciliet,
1586 928 1689 988 sed
1732 929 1986 1007 Sponsor
2033 930 2277 990 ulterius
2318 932 2460 1010 quid
2495 944 2748 1014 praestat,

344 1010 613 1087 utrinque
642 1008 713 1067 de
740 1009 1074 1087 pactionum
1102 1017 1161 1068 et
1188 1007 1421 1067 foederis
1462 1008 1863 1068 observatione
1893 1010 2139 1087 spondet
2166 1018 2226 1069 et
2249 1030 2354 1089 pro
2383 1012 2564 1073 altera
2589 1025 2754 1093 parte

344 1087 623 1167 fidejubet
650 1109 717 1147 ac
744 1089 935 1167 reipsa
961 1088 1243 1148 satisfacit
1270 1089 1319 1146 si
1356 1106 1472 1145 non
1502 1088 1577 1147 sit
1606 1088 1904 1165 solvend0,
1949 1109 2012 1149 se
2053 1090 2115 1149 in
2164 1090 2276 1149 Rei
2322 1101 2424 1152 aut
2470 1093 2750 1157 debitoris

344 1168 537 1228 locum
567 1167 939 1245 substituenS,
962 1168 1057 1227 vel
1084 1178 1151 1227 ut
1179 1167 1436 1226 debitum
1460 1168 1667 1244 solvat,
1701 1168 1875 1228 Prov.
1893 1170 2040 1228 xxii.
2064 1173 2160 1245 26,
2191 1175 2287 1247 27,
2318 1173 2416 1231 vel
2436 1180 2502 1232 ut
2521 1194 2752 1253 poenam

343 1248 485 1323 luat,
507 1247 581 1305 ad
599 1266 771 1323 quam
794 1248 945 1307 ultro
965 1268 1027 1307 se
1044 1247 1373 1323 obstrinxit,
1396 1248 1544 1307 Gen.
1568 1248 1714 1306 xliv.
1729 1251 1824 1323 32,
1849 1251 1946 1323 33,
1966 1249 2120 1309 unde
2141 1250 2289 1309 illud
2305 1252 2565 1313 Thaletis
2587 1255 2751 1328 ἔγγῦι

348 1328 557 1419 migma
604 1324 718 1391 sn.
820 1327 966 1387 Cum
1010 1346 1151 1404 ergo
1200 1327 1462 1386 Christus
1510 1326 1744 1386 foederis
1789 1328 1930 1387 novi
1970 1348 2211 1406 sponsor
2259 1331 2336 1390 sit
2383 1335 2748 1413 constitutus,

347 1415 617 1483 utrmque
638 1414 871 1484 pactum
890 1406 1002 1465 hoc
1024 1407 1359 1465 confirmare
1378 1406 1594 1482 debuit,
1627 1415 1685 1466 et
1713 1414 1778 1467 ut
1803 1427 1908 1485 pro
1938 1408 2066 1467 Deo
2094 1409 2262 1469 nobis
2290 1413 2536 1488 gratiam
2565 1423 2624 1473 et
2651 1416 2750 1475 be-

346 1486 735 1545 nevolentiam
782 1494 1139 1546 constantem
1188 1496 1247 1545 et
1292 1486 1712 1546 immutabilem
1762 1488 1969 1564 Patris,
2021 1488 2104 1548 ita
2148 1509 2253 1567 pro
2297 1491 2465 1550 nobis
2494 1494 2748 1553 vicissim

348 1565 795 1625 satisfactionem
827 1567 953 1625 Deo
979 1566 1233 1643 peccatis
1258 1566 1568 1644 praeteritis
1591 1567 1847 1627 debitam
1875 1576 1934 1627 et
1959 1568 2132 1627 fidem
2161 1576 2334 1648 atque
2363 1571 2751 1635 obedientiam

343 1653 679 1723 perpetuam
708 1645 769 1703 in
796 1652 1090 1724 posterum
1120 1645 1382 1724 spondet.
1444 1647 1644 1725 Atque
1676 1648 1788 1707 hoc
1837 1648 2184 1708 vocabulum
2214 1669 2283 1709 eo
2311 1654 2752 1715 convenientius

344 1746 383 1783 a
412 1725 630 1803 Spiritu
662 1725 721 1785 S.
751 1734 1062 1803 usurpatur
1087 1724 1243 1803 quod
1260 1736 1503 1803 peccata
1528 1735 1726 1787 nostra
1751 1728 1934 1805 vulgo
1962 1729 2146 1787 debita
2172 1729 2438 1791 dicantur
2463 1732 2526 1791 in
2557 1734 2747 1815 Scrip-

346 1813 490 1881 tura,
520 1826 624 1883 pro
652 1806 863 1883 quibus
892 1806 1115 1865 scilicet
1138 1826 1327 1884 poenae
1354 1806 1644 1867 debitores
1683 1828 1881 1867 sumus
1917 1808 2073 1886 apud
2093 1810 2382 1887 justitiam
2415 1812 2544 1872 Dei.
2630 1816 2749 1876 Ita-

347 1905 459 1962 que
487 1894 553 1944 ut
579 1904 749 1945 nemo
796 1885 1074 1946 debitoris
1122 1905 1364 1964 sponsor
1412 1887 1638 1964 dicitur,
1679 1888 1791 1946 nisi
1820 1888 1922 1965 qui
1948 1908 2052 1965 pro
2081 1910 2150 1948 eo
2179 1891 2457 1970 fidejubet
2483 1902 2542 1953 et
2562 1896 2754 1974 reipsa

348 1964 397 2024 si
426 1985 571 2042 opus
599 1966 675 2025 sit
702 1966 998 2043 satisfacit,
1048 1964 1132 2024 ita
1158 1985 1265 2025 nec
1294 1966 1560 2027 Christus
1600 1987 1844 2045 sponsor
1862 1969 1994 2045 jure
2038 1968 2338 2047 diceretur,
2370 1973 2482 2031 nisi
2512 1974 2648 2052 quia
2675 1978 2752 2036 ad

349 2045 795 2104 satisfactionem
824 2066 929 2123 pro
958 2044 1127 2103 nobis
1154 2046 1539 2122 praestandam
1558 2048 1812 2123 seipsum
1835 2056 2039 2124 sponte
2058 2068 2164 2107 sua
2181 2051 2482 2129 obligavit,
2508 2072 2751 2133 eamque

346 2124 537 2201 reipsa
566 2126 692 2184 Deo
722 2124 1005 2183 exhibuit.

430 2204 610 2262 XIV.
658 2204 741 2262 Ut
769 2202 1061 2261 declinent
1086 2201 1198 2260 hoc
1225 2202 1405 2260 telum
1434 2200 1754 2260 adversarii
1772 2202 1934 2259 varia
1955 2202 2253 2280 excipiunt
2277 2228 2292 2265 ε
2340 2210 2392 2265 1.
2416 2210 2758 2271 Mediator-is

347 2301 549 2340 vocem
578 2282 815 2360 praecise
844 2281 1293 2340 satisfactionem
1322 2301 1441 2340 non
1466 2280 1694 2357 inferre,
1726 2281 1862 2357 quia
1891 2288 1949 2339 et
1977 2282 2176 2342 Moses
2200 2284 2490 2345 Mediator
2506 2287 2748 2369 dicatur,

352 2361 485 2419 Gal.
508 2362 588 2420 iii.
624 2364 714 2436 19,
746 2362 851 2425 ubi
878 2362 1005 2420 Lex
1034 2360 1247 2421 dicitur
1272 2361 1409 2422 data
1434 2364 1563 2443 χιιςὲ
1586 2362 1806 2438 pso-bron,
1833 2362 1871 2420 i.
1903 2382 1952 2420 e.
1984 2382 2161 2440 opera
2187 2372 2246 2422 et
2273 2364 2592 2427 ministerio
2623 2371 2748 2431 Me·

350 2440 587 2500 diatoris
616 2442 715 2519 qui
744 2442 891 2501 alius
918 2449 1127 2519 praeter
1169 2443 1395 2502 Mosem
1444 2462 1571 2502 esse
1620 2462 1738 2502 non
1785 2450 1977 2521 potest
2024 2463 2100 2502 ex
2150 2444 2339 2504 Levit.
2369 2447 2534 2507 xxvi.
2564 2452 2660 2527 46,
2693 2460 2754 2511 et

348 2520 487 2582 Act.
515 2520 616 2580 vii.
647 2524 742 2597 35,
775 2522 875 2600 qui
904 2531 1097 2582 tamen
1132 2522 1280 2581 nihil
1327 2522 1443 2583 tale
1484 2523 1821 2600 praestitisse
1847 2522 2080 2601 legitur.
2166 2528 2222 2582 2.
2267 2524 2648 2587 Mediatorem
2690 2532 2752 2590 in

352 2600 648 2679 Scriptura
674 2602 821 2661 nihil
847 2602 1007 2663 aliud
1036 2603 1361 2681 significare
1389 2622 1563 2681 quam
1588 2603 1700 2662 Dei
1717 2604 2086 2681 interpretem
2108 2622 2224 2681 quo
2244 2604 2407 2663 Deus
2433 2605 2509 2664 ad
2535 2606 2754 2669 foedera

348 2700 479 2740 cum
508 2682 839 2742 hominibus
866 2684 1173 2761 pangenda
1196 2692 1409 2758 utatur,
1458 2691 1517 2741 et
1543 2702 1648 2759 per
1675 2702 1846 2761 quem
1895 2683 2144 2761 populus
2187 2684 2516 2761 cognitione
2545 2688 2753 2747 volun-

345 2760 483 2820 tatis
509 2761 723 2821 divinas
750 2763 1067 2823 instructus
1094 2762 1169 2821 ad
1199 2763 1389 2821 Deum
1418 2760 1672 2837 accedat,
1703 2771 1875 2839 atque
1903 2762 2032 2821 istis
2059 2762 2285 2822 duabus
2312 2763 2384 2822 de
2407 2767 2596 2825 causis
2625 2768 2750 2828 Me-

347 2839 628 2901 diatorem
658 2842 949 2901 Christum
978 2842 1110 2916 dici,
1143 2841 1300 2918 quod
1341 2840 1532 2899 foedus
1574 2860 1792 2900 novum
1842 2839 2016 2917 idque
2062 2842 2470 2919 sempiternum
2521 2848 2752 2907 nomine

350 2920 463 2978 Dei
491 2940 621 2978 cum
650 2920 981 2980 hominibus
1009 2920 1283 2995 sanxerit,
1314 2928 1372 2978 et
1400 2938 1626 2977 ornnem
1659 2920 1770 2978 Dei
1797 2920 2154 2978 voluntatem
2200 2941 2305 2998 per
2348 2942 2536 2999 quam.
2560 2925 2752 2987 aditus

346 2998 517 3057 nobis
544 2998 621 3056 ad
662 2998 853 3057 Deum
899 2988 1221 3077 patefactus
1269 3006 1359 3056 est
1400 2998 1750 3075 exposuerit.
1833 3000 1890 3057 3.
1936 2998 2024 3057 Eo
2052 2998 2179 3076 ipso
2207 3020 2322 3077 quo
2349 3000 2582 3063 foederis
2613 3008 2752 3066 novi

350 3077 641 3136 Mediator
682 3076 894 3137 dicitur
934 3078 1072 3155 quia
1112 3077 1176 3135 id
1226 3078 1338 3135 Dei
1384 3077 1617 3134 nomine
1663 3077 1967 3136 nobiscum
2009 3079 2248 3157 pepigit,
2300 3082 2441 3141 satis
2490 3094 2752 3145 constare

348 3156 567 3215 nullam
596 3156 915 3217 adhibitam
941 3157 1120 3216 fuisse
1148 3156 1599 3215 satisfactionem
1628 3164 1687 3215 et
1717 3156 1906 3215 Deum
1947 3166 2253 3236 antequam
2286 3161 2459 3239 jussu
2487 3184 2593 3225 suo
2622 3166 2748 3226 Me-

348 3236 587 3297 diator-is
634 3236 821 3295 officio
868 3236 1206 3314 fungeretur
1238 3238 1361 3315 jam
1410 3236 1865 3314 placatissimum
1901 3235 2112 3315 fuisse3
2155 3260 2272 3299 non
2320 3242 2474 3301 enim
2521 3246 2751 3307 mittere

347 3318 636 3396 principes
684 3317 1076 3377 internuncios
1124 3336 1261 3376 suos
1303 3315 1377 3374 ad
1403 3316 1624 3375 foedera
1652 3335 1783 3375 cum
1811 3317 2123 3378 rebellibus
2169 3324 2476 3399 pangenda
2501 3327 2565 3384 ni
2590 3328 2754 3404 prius

350 3418 425 3457 ex
454 3398 645 3457 animo
692 3398 811 3457 illis
837 3396 1209 3457 rebellionem
1260 3396 1715 3456 condonaverint
1763 3404 1822 3456 et
1856 3398 1980 3476 jam
2027 3399 2146 3458 illis
2173 3422 2308 3461 vere
2356 3404 2568 3481 placati
2615 3408 2748 3485 sint,

348 3498 535 3556 neque
564 3478 724 3537 aliud
750 3484 1029 3556 praeterea
1056 3477 1130 3535 ad
1156 3497 1355 3555 pacem
1396 3475 1800 3536 stabiliendam
1840 3478 2180 3556 requiratur,
2226 3502 2397 3559 quam
2425 3493 2491 3544 ut
2518 3485 2751 3548 foederis

348 3558 707 3618 conditiones
736 3557 825 3616 illi
851 3557 1037 3617 velint
1062 3559 1340 3636 accipere,
1388 3556 1547 3634 quod
1586 3556 1648 3613 in
1687 3555 1802 3615 hoc
1842 3555 2056 3618 foedere
2083 3568 2248 3619 tanto
2273 3564 2462 3640 magis
2489 3566 2750 3627 obtinere

348 3636 522 3696 debet
565 3637 723 3713 quod
769 3637 853 3695 ibi
902 3638 1063 3697 Deus
1106 3637 1469 3697 clementiam
1520 3654 1684 3693 suam
1732 3644 1790 3695 et
1833 3635 2282 3711 misericordiam
2321 3642 2380 3699 in
2413 3644 2750 3705 remissione

244 3736 263 3748 ·
347 3724 717 3791 peccatorum
765 3716 1067 3794 largienda
1112 3717 1405 3795 praedicet,
1454 3716 1673 3775 nullam
1723 3723 1914 3775 autem
1961 3717 2368 3779 satisfactionis
2417 3721 2627 3782 debitas
2655 3727 2752 3783 vel

346 3794 651 3870 postulatae
673 3796 1021 3857 mentionem
1047 3798 1239 3874 faciat,
1271 3798 1315 3857 J
1318 3818 1397 3857 er.
1428 3795 1595 3854 xxxi.
1620 3798 1718 3853 34.
1801 3799 1858 3854 4.
1903 3796 2122 3856 Locum
2153 3799 2322 3858 Pauli
2366 3802 2396 3857 1
2428 3800 2576 3860 Tim.
2607 3801 2666 3862 ii.
2693 3808 2748 3864 6.

346 3888 465 3931 non
493 3875 852 3952 concludere,
884 3878 1021 3954 quia
1046 3886 1354 3956 postquam
1382 3876 1533 3935 dixit
1562 3874 1856 3934 Christum
1884 3875 2080 3934 datum
2132 3897 2258 3937 esse
2305 3882 2589 3961 ἀντίλυτρον
2631 3884 2752 3965 ὑπὲρ

348 3953 559 4029 xae‘rruv,
610 3956 802 4014 Statim
830 3956 994 4017 addit
1034 3964 1089 4017 τὶ
1124 3956 1293 4039 μετ’
1326 3983 1390 4015 m
1415 3978 1599 4037 meus
1649 3952 1781 4020 ἰδίοις
1827 3956 2191 4015 testimonium
2239 3961 2573 4035 temporibus
2619 3964 2752 4040 suis,

348 4040 521 4109 atque
564 4034 648 4093 ita
690 4036 928 4095 innuere
956 4038 1211 4097 voluisse
1326 4036 1675 4096 ediationem
1723 4034 1882 4094 illam
1911 4034 1973 4093 in
2000 4055 2069 4095 eo
2096 4043 2320 4096 tantum
2349 4040 2596 4116 positam
2624 4062 2752 4103 esse

347 4112 506 4189 quod
536 4113 647 4171 Dei
674 4115 747 4173 de
774 4116 943 4175 nobis
972 4118 1272 4177 servandis
1311 4116 1606 4177 decretum
1650 4134 1754 4193 per
1795 4122 2042 4175 mortem
2091 4134 2254 4175 suam
2297 4120 2752 4183 cumulatissime

346 4199 623 4251 testatum
651 4193 891 4254 dederit.
980 4196 1077 4255 Sic
1120 4197 1353 4256 catech.
1404 4194 1650 4257 Racovi.
1681 4216 1730 4255 c.
1759 4194 1882 4254 viii.
1911 4215 1970 4273 q.
1999 4198 2094 4272 29,
2125 4198 2205 4255 30
2230 4219 2246 4256 z
2291 4198 2480 4259 Socin.
2514 4200 2587 4259 de
2619 4202 2752 4262 Ser·

345 4280 464 4331 vat.
494 4272 533 4331 l.
565 4273 602 4332 i.
634 4294 683 4333 c.
714 4277 770 4333 7.

429 4352 575 4412 XV.
624 4354 740 4413 Sed
768 4353 979 4414 frustra
1018 4354 1113 4413 hic
1141 4355 1615 4433 tergiversantur.
1701 4354 1850 4412 Nam
1888 4355 1964 4414 ad
2003 4356 2251 4433 primum
2301 4358 2486 4419 facilis
2529 4368 2618 4421 est
2663 4382 2752 4423 re-

348 4432 620 4508 sponsio:
654 4438 706 4494 1.
738 4434 863 4493 Nos
889 4454 1006 4493 non
1028 4441 1147 4494 tam
1177 4455 1252 4495 ex
1278 4434 1407 4512 ipsa
1432 4454 1577 4493 voce
1627 4442 2028 4512 argumentum
2056 4436 2322 4515 petimuS‚
2375 4436 2533 4518 (quae
2559 4450 2753 4503 tamen

346 4530 515 4570 suum
560 4515 735 4573 etiam
781 4514 879 4574 hic
926 4513 1154 4593 pondus
1199 4515 1414 4574 habere
1464 4513 1654 4590 debet,
1705 4533 1837 4572 cum
1885 4516 2039 4593 apud
2085 4516 2343 4578 eruditos
2391 4521 2602 4599 saepius
2647 4544 2754 4601 pro

346 4610 417 4650 eo
442 4602 753 4671 usurpetur
779 4595 879 4673 qui
909 4595 1160 4673 aliquem
1190 4595 1399 4674 placat,
1428 4594 1582 4653 unde
1616 4594 1828 4654 Suidas
1870 4597 2064 4661 κιοίτην
2108 4616 2212 4675 per
2256 4605 2531 4681 agaven-013·
2577 4602 2754 4663 inter-

342 4673 629 4754 pretatur)
681 4696 851 4753 quam
902 4696 978 4735 ex
1026 4684 1234 4737 natura
1287 4674 1476 4752 officii,
1526 4676 1778 4753 partium
1833 4676 2236 4739 dissidentium
2291 4682 2638 4760 conditione,
2695 4692 2755 4743 ct
