3234 5192
300 334 536 376 msrtrr.
565 314 680 397 1v.]
1008 334 1086 373 ns
1115 333 1400 376 nouorum
1429 332 1673 377 orsnuu
1709 332 2126 377 mossur-Ars.
2600 318 2716 379 279

299 496 535 554 sumus;
583 476 668 537 Ut
692 476 934 537 libertas
955 498 991 536 a
1017 483 1261 556 peccato·
1305 475 1516 537 inferat
1541 476 1869 538 necessario
1919 476 2257 537 servitutem
2302 477 2521 555 gratiae,
2573 498 2719 555 quo-

297 556 472 616 modo
495 558 748 617 servitus
763 558 988 635 peccati
1004 566 1176 617 antea
1201 555 1470 617 trahebat
1490 565 1625 634 post
1652 577 1715 617 se
1735 556 2062 617 libertatem
2090 578 2125 616 a
2153 558 2341 635 gratia
2366 580 2379 617 :
2414 562 2449 592 “
2474 558 2711 618 Libera-

298 636 348 695 ti
385 658 422 695 a
463 646 720 717 peceato,
753 638 908 697 servi
933 638 1070 697 facti
1119 636 1260 697 estis
1278 636 1580 715 justitiae,”
1614 638 1783 697 Rom.
1814 638 1892 696 vi.
1928 640 2020 698 18.
2108 636 2281 697 Unde
2324 636 2463 698 alibi
2495 639 2712 699 Paulus

298 724 418 775 tam
459 718 706 778 sollicite
760 718 1088 778 libertatem
1138 718 1524 777 Christianam
1565 717 1922 795 distinguere
1972 718 2119 777 solet
2146 718 2221 777 ab
2250 717 2466 777 effraeni
2521 720 2711 781 earnis

296 796 548 875 licentia,
582 798 714 859 Gal.
744 818 804 857 v.
839 802 930 875 13,
979 802 1016 832 ‘⁴
1036 798 1162 857 Vos
1187 798 1250 857 in
1286 797 1614 857 libertatem
1670 798 1865 857 vocati
1911 799 2068 874 estis,
2100 806 2325 858 tantum
2354 819 2427 857 ne
2472 799 2709 859 liberta·

299 884 416 937 tem
465 878 528 936 in
576 878 939 940 occasionem
991 878 1143 938 detis
1192 878 1409 953 carni,'¹
1457 885 1516 936 et
1546 877 1672 937 Pet.
1728 881 1796 936 1·
1824 898 1948 955 cap.
1992 879 2055 937 ii.
2100 880 2194 953 16,
2241 881 2276 911 “
2302 877 2480 952 Quasi
2520 879 2705 956 liberi,

298 957 404 1017 sed
429 978 546 1017 non
575 961 742 1037 quasi
768 960 1035 1020 velamen
1061 960 1342 1019 habentes
1383 958 1618 1018 malitiae
1648 958 1991 1035 libertatem,
2024 958 2127 1017 sed
2156 958 2307 1017 sicut
2334 959 2489 1017 servi
2520 958 2649 1020 Dei.

379 1038 632 1099 XVIII.
678 1040 774 1098 Ex
801 1040 1012 1119 quibus
1040 1040 1123 1099 ita
1149 1038 1428 1099 discussis
1457 1048 1663 1116 sponte
1694 1040 1819 1116 jam
1846 1038 1975 1098 fluit
2002 1037 2159 1116 quod
2185 1038 2549 1117 probandum
2577 1058 2700 1099 sus-

298 1119 574 1195 cepimus,
618 1121 772 1180 bona
800 1120 991 1198 Opera
1017 1120 1286 1179 fidelibus
1333 1119 1602 1179 omnibus
1631 1138 1759 1178 esse
1786 1118 1863 1177 ad
1891 1119 2137 1178 salutem
2184 1120 2525 1179 necessaria.
2586 1119 2704 1179 Ve-

297 1216 424 1257 rum
454 1202 592 1277 quia
619 1200 962 1259 Adversarii
991 1201 1284 1260 clamitare
1315 1200 1518 1275 solent,
1552 1198 1677 1257 Nos
1704 1198 1863 1277 quod
1888 1219 2006 1258 una
2040 1218 2217 1257 manu
2262 1199 2483 1274 damuS,
2526 1200 2709 1259 altera

296 1278 540 1355 anferre,
571 1301 640 1339 ea
667 1288 1003 1355 statuentes,
1027 1300 1156 1357 quae
1185 1279 1583 1340 necessitatem
1607 1279 1777 1338 istam
1798 1280 2027 1338 elevent
2046 1288 2105 1338 et
2126 1288 2405 1355 evertant,
2432 1280 2709 1339 diluenda

295 1367 389 1418 est
415 1360 614 1437 paucis
642 1360 756 1419 ista
781 1360 1084 1435 calumnia,
1129 1368 1188 1419 et
1216 1360 1633 1419 crassissimum
1662 1358 2041 1418 mendacium.
2130 1358 2517 1419 Bellarminus
2545 1360 2709 1419 varia

297 1438 602 1499 calumniae
631 1439 1005 1499 fundamenta
1033 1460 1344 1517 congerere
1371 1448 1613 1499 conatur
1637 1440 1739 1498 lib.
1770 1440 1850 1499 iv.
1881 1438 1953 1497 de
1981 1439 2024 1498 J
2027 1438 2201 1498 ustifi.
2246 1460 2295 1497 c.
2316 1445 2371 1512 4,
2404 1442 2459 1515 5,
2490 1442 2547 1497 6.
2580 1439 2707 1497 Pri·

301 1538 461 1578 mum
501 1520 648 1596 petit
686 1539 722 1578 a
750 1520 1040 1580 communi
1069 1520 1340 1599 dogmate
1380 1520 1538 1597 quod
1565 1528 1831 1595 tuemur;
1876 1519 2047 1595 Quod
2086 1520 2277 1578 omnia
2312 1540 2489 1597 opera
2514 1522 2710 1579 Justo-

299 1619 427 1659 rum
447 1600 558 1659 sint
577 1610 792 1661 natura
809 1622 918 1661 sua
934 1612 1176 1679 peccata
1217 1598 1502 1675 morta'lia,
1537 1600 1709 1660 Unde
1760 1600 1843 1659 sic
1891 1598 2133 1677 colligit,
2182 1598 2245 1659 Si
2289 1599 2477 1677 Opera
2505 1600 2707 1659 Justo-

297 1698 426 1739 rum
455 1691 592 1741 sunt
643 1690 884 1760 peecata
908 1682 1192 1757 mortalia,
1239 1682 1400 1758 Ergo
1454 1700 1572 1739 non
1619 1688 1755 1739 sunt
1794 1680 2121 1739 necessaria
2160 1679 2235 1739 ad
2279 1680 2542 1755 salutem,
2594 1679 2711 1739 imo

299 1758 577 1837 fugienda
617 1772 754 1822 sunt
793 1770 860 1823 ut
899 1763 1208 1841 prohibita.
1252 1761 1476 1821 Verum
1517 1760 1686 1819 facile
1716 1760 1961 1819 solvitur
2002 1760 2297 1837 sophisma
2337 1760 2707 1821 distinetione

297 1839 560 1900 adhibita
599 1842 750 1901 inter
780 1853 1078 1920 peccatum
1107 1864 1223 1921 per
1261 1862 1336 1918 se,
1379 1850 1438 1901 et
1468 1862 1582 1917 per
1622 1840 1897 1900 accidens.
1984 1840 2198 1899 Fateor
2224 1860 2380 1916 sane,
2427 1840 2479 1900 si
2520 1840 2711 1919 Opera

297 1918 600 1981 Justorum
643 1932 840 1983 essent
875 1932 1114 2001 peccata
1152 1943 1255 2001 per
1304 1942 1384 1999 se,
1445 1930 1506 1980 et
1551 1941 1659 1981 sua
1698 1930 1941 1997 natura3
1986 1918 2107 1979 fore
2136 1941 2171 1979 a
2214 1920 2383 1979 nobis
2412 1920 2703 1999 fugienda,

296 2000 555 2079 adeoque
596 2023 714 2063 non
754 2004 928 2062 modo
956 2023 1074 2061 non
1114 2002 1442 2063 necessaria
1481 2001 1620 2079 fore,
1668 2000 1771 2060 sed
1798 2002 1971 2060 etiam
1994 2008 2060 2061 ut
2086 2000 2379 2079 prohibita
2427 2009 2487 2061 et
2527 2002 2707 2060 noxia

293 2078 416 2140 fore
463 2082 795 2160 rejicienda.
885 2083 1002 2143 Sed
1059 2082 1220 2141 aliud
1260 2092 1350 2142 est
1389 2081 1583 2159 longe,
1632 2081 1683 2141 si
1737 2081 2009 2141 dicuntur
2049 2088 2271 2140 tantum
2312 2089 2553 2158 peccata
2603 2100 2707 2159 per

293 2162 581 2237 accidens,
633 2172 692 2222 et
747 2163 1064 2221 secundum
1107 2162 1266 2240 quid,
1319 2162 1452 2221 Non
1491 2162 1713 2221 ratione
1756 2170 1921 2221 actus
1964 2160 2062 2220 vel
2104 2161 2439 2220 substantiae
2483 2161 2705 2239 Operis,

295 2241 401 2299 sed
441 2242 664 2301 ratione
707 2242 1157 2320 imperfectionis
1207 2242 1293 2301 illi
1348 2241 1714 2319 adhaerentis,
1758 2242 1834 2301 ob
1878 2241 2067 2301 earnis
2107 2242 2382 2319 reliquias
2422 2241 2484 2299 in
2538 2241 2709 2301 nobis

293 2330 614 2381 manentes.
701 2322 800 2383 Sic
827 2324 980 2383 enim
1022 2321 1362 2401 corrigenda
1402 2321 1638 2399 quidem
1680 2330 1817 2383 sunt
1855 2342 1961 2401 pro
2007 2320 2181 2397 virili,
2228 2330 2288 2380 et
2326 2320 2709 2399 repurgandae

291 2400 497 2462 sordes
525 2402 643 2460 illis
684 2402 1060 2480 adhaerentes,
1105 2403 1211 2463 sed
1252 2422 1370 2462 non
1411 2402 1543 2462 ideo
1585 2412 1721 2463 sunt
1760 2401 2039 2480 fugienda
2076 2410 2144 2461 ut
2188 2402 2411 2477 illicita,
2462 2402 2559 2462 vel
2606 2422 2707 2463 ne-

289 2482 486 2559 ganda
526 2502 724 2543 eorum
763 2484 1096 2561 necessitas,
1125 2504 1256 2562 quoe
1284 2502 1401 2542 non
1429 2481 1644 2562 pendet
1683 2484 1757 2541 ab
1786 2502 1983 2542 corum
2010 2481 2377 2561 perfectione,
2410 2482 2513 2541 sed
2540 2501 2575 2542 a
2601 2482 2712 2542 Dei

288 2572 594 2641 praeceptO,
646 2564 806 2642 quod
851 2565 1076 2625 irritum
1125 2584 1254 2623 esse
1294 2582 1414 2623 non
1468 2571 1679 2641 potest,
1736 2563 1873 2623 licet
1914 2562 2031 2621 sint
2084 2563 2317 2640 exiguae
2372 2563 2529 2623 vires
2572 2583 2706 2623 nos·

296 2650 419 2703 trae.
507 2644 678 2704 Hane
707 2654 898 2705 autem
943 2665 1072 2705 esse
1100 2652 1355 2705 mentem
1398 2652 1673 2719 nostram,
1706 2662 1885 2721 quum
1926 2651 2165 2722 peecata
2192 2662 2261 2701 ea
2307 2663 2601 2720 vocamus,
2645 2651 2713 2702 ut

291 2741 410 2782 non
431 2724 548 2783 sint
572 2745 749 2803 perse
777 2727 934 2801 talia,
955 2725 1058 2787 sed
1075 2734 1302 2785 tantum
1322 2744 1426 2803 per
1442 2724 1711 2783 accidens
1732 2724 1952 2783 ratione
1980 2722 2316 2783 vitiositatis
2343 2723 2708 2799 adhaerentis,

291 2821 460 2863 nemo
489 2813 580 2864 est
605 2805 708 2883 qui
727 2807 974 2883 nesciat3
1007 2807 1087 2865 Et
1119 2806 1396 2885 Spiritum
1423 2805 1698 2865 Sanctum
1718 2804 2027 2881 sequimur,
2060 2804 2161 2879 qui
2187 2802 2271 2861 ita
2296 2802 2554 2880 loquitur
2592 2823 2709 2861 non

299 2884 494 2960 semel,
541 2884 657 2944 Isa.
679 2886 824 2945 lxiv.
869 2889 925 2963 6,
961 2890 992 2945 l
1025 2886 1156 2946 Cor.
1207 2886 1332 2944 xiii.
1381 2888 1473 2960 12,
1509 2887 1538 2942 1
1585 2885 1629 2945 J
1632 2884 1727 2943 oh.
1756 2884 1794 2943 i.
1825 2886 1883 2943 8.
1967 2882 2143 2943 Unde
2188 2882 2335 2940 bene
2378 2882 2707 2957 concludas,

296 2962 491 3039 Opera
543 2984 660 3023 non
701 2967 906 3025 mereri
957 2966 1220 3042 salutem,
1267 2986 1374 3025 nec
1423 2964 1500 3023 ad
1543 2984 1675 3024 eam
1722 2962 2013 3038 sufficere;
2064 2961 2182 3021 Sed
2233 2980 2533 3039 perperam
2577 2980 2706 3020 cum

302 3040 674 3103 Adversariis
696 3065 772 3102 ex
797 3047 908 3104 hac
934 3046 1245 3123 hypothesi
1264 3045 1524 3123 colligas,
1555 3064 1675 3103 non
1702 3044 1880 3121 exigi,
1900 3049 1960 3103 et
1986 3061 2102 3101 non
2130 3041 2454 3101 necessaria
2480 3060 2625 3100 esse.

379 3122 572 3183 XIX.
627 3123 896 3183 Alterum
951 3126 1252 3185 calumniae
1293 3126 1733 3185 fundamentum
1772 3130 1864 3183 est
1907 3125 1942 3157 ‘⁴
1970 3122 2014 3183 J
2018 3121 2326 3182 ustificatio
2366 3141 2471 3199 per
2524 3122 2709 3181 solam

299 3201 491 3263 fidem.
579 3203 644 3263 Si
685 3205 867 3279 sola,’'
912 3205 1116 3282 inquit,
1151 3206 1351 3266 “fides
1380 3205 1590 3266 sufficit
1632 3204 1709 3264 ad
1750 3204 2055 3279 salutem,'’
2101 3204 2171 3261 E.
2206 3204 2242 3235 “
2264 3201 2489 3280 reliqua
2519 3201 2709 3281 Opera

299 3294 436 3344 sunt
463 3304 892 3363 supervacanea
915 3286 968 3345 :²²
1001 3286 1182 3345 solam
1223 3295 1416 3346 autem
1459 3285 1719 3346 sufficere
1763 3284 1840 3344 ad
1868 3286 2113 3345 salutem
2160 3283 2285 3343 sine
2312 3283 2602 3361 operibus,
2633 3302 2711 3343 ex

299 3384 370 3423 eo
398 3365 622 3444 colligit
664 3364 978 3425 secundum
1009 3386 1133 3441 nos,
1164 3367 1302 3444 quia
1349 3368 1474 3426 sine
1516 3366 1803 3444 Operibus
1846 3366 1921 3425 ad
1959 3364 2434 3444 justificationem
2464 3364 2709 3425 sufficit:

303 3444 378 3503 Id
403 3447 616 3524 quippe
665 3447 824 3525 quod
863 3446 940 3505 ad
972 3446 1447 3525 justificationem
1493 3447 1720 3521 sufficit,
1774 3445 2035 3506 sufficere
2082 3445 2256 3506 etiam
2304 3444 2381 3504 ad
2423 3446 2707 3521 salutem;

301 3545 436 3583 cum
463 3527 641 3586 semel
689 3526 1044 3603 justificatus
1088 3527 1348 3587 damnari
1391 3547 1510 3586 non
1549 3527 1751 3605 possit.
1841 3525 1957 3586 Sed
1998 3545 2117 3586 non
2158 3525 2383 3584 meliori
2425 3526 2557 3603 jure
2599 3526 2711 3583 hoe

301 3605 630 3666 obtruditur
677 3605 1062 3683 praecedenti3
1104 3628 1406 3686 perperam
1447 3608 1598 3667 enim
1630 3608 1726 3667 hic
1764 3605 2137 3667 confunditur
2178 3606 2221 3665 J
2226 3605 2536 3664 ustificatio
2578 3624 2711 3664 cum

303 3683 530 3763 integra
559 3687 761 3763 salute,
805 3687 972 3765 quasi
1019 3687 1178 3765 quod
1219 3687 1428 3747 sufficit
1471 3687 1549 3746 ad
1591 3687 1637 3747 J
1640 3684 2099 3761 ustificationem,
2146 3684 2392 3744 sufficiat
2438 3684 2514 3742 ad
2557 3683 2710 3743 salu-

305 3772 443 3823 tem.
550 3765 737 3843 Atqui
779 3768 961 3827 multo
1001 3768 1170 3845 plura
1210 3768 1580 3846 requiruntur
1634 3766 1711 3825 ad
1752 3766 2013 3839 salutem,
2065 3785 2241 3842 quam
2282 3764 2357 3823 ad
2411 3763 2455 3824 J
2459 3762 2711 3822 ustifica-

305 3844 560 3921 tionem;
607 3846 692 3906 Ut
731 3847 892 3906 aliud
938 3858 1028 3907 est
1054 3849 1172 3910 Jus
1227 3847 1302 3907 ad
1349 3848 1530 3906 vitam
1584 3847 1815 3923 habere,
1860 3846 2022 3905 aliud
2066 3864 2206 3904 vero
2255 3845 2328 3902 de
2356 3842 2509 3901 facto
2552 3843 2714 3901 illam

307 3923 619 4001 possidere.
722 3928 818 3987 Ita
859 3928 1048 4007 Opera
1103 3927 1310 3988 effecta
1356 3934 1507 4003 sunt,
1553 3946 1684 4004 quae
1714 3935 2034 4005 sequuntur
2072 3923 2563 4004 justificationem,
2610 3922 2717 3981 sed

307 4004 498 4063 media
523 4024 653 4083 quas
695 4008 939 4068 salutem
969 4008 1336 4069 antecedunt.
1423 4008 1651 4067 Deinde
1690 4006 1829 4067 lieet
1856 4007 2046 4085 Opera
2070 4026 2189 4065 non
2231 4004 2345 4063 sint
2388 4002 2716 4061 necessaria

305 4084 366 4143 in
406 4094 538 4145 actu
561 4088 1172 4167 Jmaflcatiomh,.quia
1211 4108 1316 4168 per
1356 4087 1538 4149 solam
1561 4088 1851 4167 justitiam
1901 4086 2114 4146 Christi
2142 4084 2257 4143 fide
2298 4082 2717 4162 apprehensam

305 4165 632 4245 obtinetur;
661 4170 990 4229 necessaria
1015 4179 1210 4229 tamen
1239 4176 1375 4229 sunt
1402 4170 1464 4227 in
1484 4188 1553 4227 eo
1583 4168 2057 4247 quijustg’ficatur,
2089 4166 2191 4243 qui
2230 4164 2349 4223 illis
2377 4182 2569 4221 carere
2598 4182 2713 4221 non

305 4255 498 4324 potest
526 4248 648 4307 sine
693 4250 896 4308 salutis
925 4249 1264 4328 dispendi03
1306 4270 1417 4309 non
1436 4252 1771 4326 proecedunt
1802 4247 2253 4326 Justzflcandum‚
2283 4244 2385 4301 sed
2407 4252 2717 4319 sequuntur

304 4328 701 4407 Justzficatum,
721 4339 788 4389 ut
815 4330 898 4390 ait
920 4330 1174 4408 August.
1259 4330 1473 4404 Tertio,
1501 4348 1685 4406 quum
1696 4330 1847 4407 fides
1866 4330 1989 4386 sola
2018 4324 2229 4383 dicitur
2248 4323 2585 4400 justificare,
2606 4324 2717 4382 hoc

303 4407 388 4466 ita
417 4408 881 4488 intelligendum,
913 4411 1070 4488 quod
1098 4410 1222 4470 sola
1264 4409 1521 4469 conferat
1568 4408 1645 4467 ad
1692 4414 1885 4467 actum
1933 4404 2400 4479 Justificationis,
2430 4404 2567 4481 quia
2596 4404 2721 4463 sola

301 4484 454 4547 inter
481 4498 718 4549 caeteras
746 4492 996 4550 virtutes
1036 4498 1228 4568 potest
1258 4510 1388 4549 cum
1438 4488 1627 4567 gratia
1675 4486 2006 4559 consistere,
2042 4484 2210 4541 Rom.
2250 4485 2330 4543 iv.
2382 4488 2473 4561 16,
2518 4494 2719 4563 utpote

304 4587 434 4643 quoe
463 4570 588 4629 sola
613 4570 791 4630 habet
821 4572 938 4629 vim
967 4572 1318 4647 receptivam
1349 4577 1408 4627 et
1435 4567 1845 4647 applicativam
1889 4564 2133 4645 justitiae
2180 4564 2411 4640 Christi,
2443 4586 2557 4643 qua
2592 4567 2719 4643 jus-

300 4648 540 4709 tificatio
567 4660 766 4710 nostra
819 4650 1040 4725 nititur,
1089 4650 1130 4709 J
1135 4651 1226 4711 oh.
1253 4651 1288 4709 i.
1340 4652 1432 4723 12,
1465 4649 1635 4708 Rom.
1684 4667 1739 4708 v.
1774 4651 1901 4707 17.·
1958 4646 2072 4705 Sed
2122 4666 2237 4704 non
2266 4655 2569 4725 propterea
2596 4646 2721 4705 sola
