3234 5192
538 336 661 395 236
1172 352 1251 393 ns
1282 352 1623 395 scarp-ruffi
1651 354 1855 394 sacas:
1876 351 2322 395 Au‘rnom'rA-rn.
2607 334 2868 415 [nrsru'r.
2899 352 2972 394 ιι»

544 495 669 556 sive
697 494 911 574 gradus
933 494 1009 553 ad
1034 493 1207 554 fidem
1234 494 1427 573 potius
1455 513 1630 572 quam
1658 494 1804 553 fides
1831 494 1974 572 ipsa,
1999 493 2183 553 donec
2204 493 2279 553 ad
2305 494 2662 571 Scripturam
2685 492 2960 554 devenia-

542 595 689 650 mus,
721 594 963 652 eamque
1008 584 1243 654 propter
1296 594 1358 635 se
1406 576 1838 653 amplectamur.
1925 575 2098 635 Unde
2153 594 2272 633 non
2323 573 2618 652 rejicimus
2676 574 2959 635 Ecclesiae

544 656 979 731 Testimonium,
1012 656 1116 714 sed
1144 656 1206 713 in
1235 675 1339 715 suo
1368 654 1568 715 ordine
1598 654 1982 731 collocamus;
2025 674 2144 713 non
2165 654 2520 732 negligimus
2549 654 2954 731 ministerium,

542 735 649 795 sed
694 736 1090 813 magisterium
1138 755 1507 813 recusamus;
1550 735 1891 813 respicimus
1927 754 2055 794 eam
2080 742 2149 794 ut
2175 735 2620 793 instrumentum
2647 754 2751 812 per
2778 734 2954 812 quod,

542 834 661 874 non
688 825 755 875 ut
781 824 1184 893 argumentum
1212 824 1447 893 propter
1476 815 1635 893 quod
1663 813 1988 891 credimus3
2035 822 2100 875 ut
2119 813 2628 874 manuductionem
2657 813 2732 873 ad
2758 813 2952 891 fidem,

544 915 661 955 non
688 904 754 955 ut
780 895 1113 973 primarium
1142 896 1425 955 motivum
1446 894 1605 972 quod
1631 915 1760 954 eam
1789 894 1994 955 suadet
2017 918 2031 972 ;
2075 903 2143 956 ut
2177 894 2599 953 Testimonium
2636 894 2792 954 omni
2837 896 2953 955 alio

543 976 797 1034 humano
852 976 1073 1053 majus3
1119 975 1224 1034 sed
1280 976 1406 1034 Deo
1462 975 1523 1032 in
1582 974 1878 1053 Scriptura
1921 975 2184 1053 loquenti
2237 974 2492 1050 inferius,
2543 982 2745 1053 utpote
2773 994 2808 1033 a
2835 994 2952 1053 quo

544 1074 708 1115 suam
736 1062 934 1130 totam,
967 1062 1401 1133 quantaquanta
1429 1064 1533 1132 est,
1564 1063 1862 1114 mutuatur
1889 1056 2315 1115 authoritatem.

625 1135 807 1194 VIII.
852 1135 1001 1210 Quia
1028 1153 1167 1195 vero
1196 1136 1456 1194 Ecclesia
1480 1143 1674 1214 potest
1715 1134 2084 1211 considerari,
2130 1135 2225 1195 vel
2255 1143 2321 1194 ut
2346 1135 2632 1194 collectiva
2684 1143 2950 1213 respectu

542 1212 818 1291 fidelium,
850 1216 947 1274 vel
975 1224 1041 1276 ut
1066 1217 1526 1292 repraesentativa
1552 1223 1820 1292 respectu
1850 1215 2174 1291 Pastorum,
2205 1214 2278 1275 de
2321 1215 2436 1274 ista
2463 1214 2827 1292 potissimum
2853 1216 2950 1275 hic

534 1295 786 1373 quaestio
814 1304 919 1370 est,
950 1314 1067 1354 non
1095 1295 1167 1355 de
1194 1296 1313 1356 illa.
1398 1296 1541 1372 Quae
1568 1314 1768 1354 rursus
1783 1296 1959 1372 juxta
1977 1296 2170 1355 varias
2197 1296 2472 1373 temporis
2489 1295 2951 1355 circumstantias

540 1384 732 1454 potest
758 1375 1177 1436 Testimonium
1205 1376 1364 1435 aliud
1392 1377 1507 1435 alio
1536 1376 1749 1435 certius
1769 1375 2028 1435 reddere.
2080 1376 2232 1435 Nam
2253 1376 2302 1435 si
2331 1375 2402 1435 de
2425 1375 2664 1453 antiqua
2681 1385 2740 1435 et
2757 1375 2811 1432 A
2819 1396 2951 1453 pos—

538 1455 716 1515 toliea
741 1456 1048 1533 loquimur,
1080 1457 1207 1534 ejus
1235 1456 1654 1515 Testimonium
1700 1455 2170 1534 aequiparandum
2200 1463 2288 1514 est
2331 1455 2687 1515 Testimonio
2710 1455 2948 1531 Divin0,

542 1554 675 1594 cum
704 1535 977 1613 Apostoli
1000 1536 1309 1596 submove-ron
1343 1536 1533 1596 adhuc
1560 1536 1624 1594 in
1644 1555 1714 1595 ea
1732 1544 2118 1596 versarentur.
2200 1535 2619 1595 Testimonium
2649 1535 2948 1613 Ecclesiae,

538 1634 673 1691 quse
700 1616 931 1692 excepit
984 1624 1245 1693 tempora
1298 1614 1735 1694 Apostolorum,
1794 1617 1986 1675 minus
2041 1616 2152 1675 fuit
2177 1616 2534 1676 Testimonio
2583 1615 2950 1693 Apostolico,

540 1694 679 1769 quia
704 1714 821 1753 non
864 1694 973 1754 fuit
998 1696 1337 1772 infallibile;
1382 1696 1487 1755 sed
1530 1694 1719 1755 adhuc
1765 1696 1980 1756 certius
2007 1695 2364 1755 Testimonio
2397 1695 2693 1769 hodierne,
2724 1695 2862 1772 quia
2889 1707 2951 1756 et

538 1773 801 1851 proxime
824 1775 1174 1851 sequebatur
1200 1784 1429 1835 aetatem
1458 1774 1892 1853 Apostolorum,
1923 1784 1983 1835 et
2008 1776 2188 1834 variis
2223 1776 2516 1835 miraculis
2544 1784 2604 1835 et
2631 1776 2816 1853 signis
2843 1776 2946 1834 ad-

538 1853 655 1915 huc
708 1862 832 1914 crat
886 1853 1132 1932 insigne.
1231 1855 1348 1915 Sed
1403 1856 1822 1915 Testimonium
1876 1855 2171 1915 hodiernae
2227 1856 2508 1915 Ecclesiae
2561 1855 2802 1915 inferius
2856 1865 2948 1917 est

538 1933 779 2009 caeteris,
810 1932 1071 2011 adeoque
1097 1935 1272 2013 longe
1300 1936 1538 1994 minoris
1566 1936 1860 2011 momenti,
1902 1936 1974 1995 de
1998 1956 2114 2013 quo
2137 1943 2330 1995 tamen
2357 1936 2644 2014 praecipue
2671 1935 2768 1995 hic
2790 1955 2948 2013 quse-

534 2012 700 2072 ritur.
786 2013 1057 2089 Quinimo
1109 2014 1399 2075 Pontificii
1426 2034 1543 2073 non
1588 2016 1903 2094 cujuslibet
1951 2016 2229 2075 Ecclesiae
2283 2016 2703 2076 Testimonium
2758 2015 2946 2075 audiri

534 2092 759 2169 volunt,
792 2093 897 2153 sed
924 2114 1059 2169 suae,
1090 2115 1266 2172 quam
1294 2114 1494 2154 veram
1521 2114 1650 2155 esse
1705 2104 2052 2173 supponunt,
2083 2115 2200 2155 non
2243 2096 2506 2176 probant,
2564 2096 2721 2174 quod
2749 2104 2942 2155 tamen

534 2174 824 2251 praecipue
894 2176 1197 2251 probatum
1253 2175 1525 2253 oportuit,
1586 2194 1716 2235 cum
1781 2176 1995 2235 frustra
2056 2196 2211 2235 verse
2284 2176 2562 2236 Ecclesiae
2625 2176 2944 2236 authoritas

534 2262 825 2314 asseratur
877 2254 939 2312 in
995 2254 1161 2331 thesi,
1234 2256 1347 2315 nisi
1410 2255 1471 2314 in
1534 2255 1847 2333 hypothesi
1901 2255 2327 2316 demonstretur
2391 2256 2711 2315 Romanam
2767 2257 2944 2317 telem

534 2354 680 2393 esse.

533 2453 696 2504 Quale
747 2455 816 2499 δὴ
856 2454 1015 2501 Testi—
1139 2416 1260 2476 IX.
1306 2416 1585 2491 Quamvis
1613 2436 1752 2476 vero
1806 2416 2103 2497 Scriptura
2129 2424 2189 2489 et
2217 2417 2482 2476 Ecclesia
2515 2418 2611 2477 hic
2637 2416 2940 2495 loqueren-

590 2514 813 2616 1ιῗιέιζιιιιιιιι
864 2513 1015 2571 spiri-
1056 2504 1187 2636 {ull}
1225 2497 1440 2654 ἰτὲῗὲξῗ
1494 2504 1897 2636 ιαὲῖθιιείιῗεῖθι
1951 2516 2070 2556 vox
2107 2498 2448 2638 1;ι.ιιι·ἰιιει1ιιι13ἐ
2472 2497 2942 2637 ηἰείΰιιῗειὲιῗιιῗι

678 2603 690 2615 ·
1083 2596 1227 2635 ero
1440 2598 1505 2635 us
1618 2598 1686 2635 nc
1755 2597 2401 2637 musaenisoera
2449 2598 2502 2636 0.
2646 2598 2761 2637 ne
2830 2598 2941 2636 nn-

531 2676 663 2716 mus
691 2657 1017 2717 necessario
1045 2657 1261 2734 requiri
1308 2656 1541 2716 tertium
1588 2656 1701 2716 hoc
1747 2597 2168 2717 Testimoffiium
2197 2598 2300 2716 adP
2317 2658 2550 2735 plenam
2601 2658 2942 2718 Divinitatis

536 2737 848 2815 Scripturae
874 2737 1309 2815 persuasionem
1336 2736 1682 2796 habendam.
1765 2737 2187 2797 Testimonium
2215 2746 2410 2797 autem
2453 2758 2631 2814 quum
2674 2737 2938 2813 dicimuS,

529 2837 647 2877 non
676 2816 955 2877 debemus
982 2817 1078 2876 hic
1128 2817 1347 2895 fingere
1375 2836 1579 2877 vocem
1608 2817 1861 2894 aliquam
1921 2818 2170 2895 Spiritus
2213 2817 2370 2877 intus
2409 2817 2716 2894 loquentis,
2747 2827 2805 2877 et
2835 2818 2937 2877 ali·

528 2897 673 2974 quid
702 2897 942 2957 seorsim
969 2917 1005 2956 a
1032 2897 1233 2957 Verbo
1262 2897 1431 2957 nobis
1467 2898 1884 2975 persuadentis,
1931 2897 2090 2975 quod
2139 2898 2531 2957 Enthusiastae
2577 2907 2635 2958 et
2673 2898 2940 2956 Fanatici

529 2978 752 3052 volunt,
783 2998 820 3036 a
846 2977 1058 3056 quibus
1078 2978 1327 3037 immane
1349 2986 1630 3055 quantum
1659 2977 1960 3037 distamus.
2048 2978 2166 3038 Sed
2183 2978 2330 3035 nihil
2351 2976 2510 3036 aliud
2537 2976 2934 3055 intelligimus,

530 3077 706 3133 quam
734 3057 855 3115 vim
882 3065 942 3117 et
968 3057 1281 3117 efficaciam
1315 3059 1563 3137 Spiritus
1591 3059 1750 3117 intus
1782 3059 2026 3135 agentis,
2057 3066 2117 3117 et
2144 3058 2344 3118 oculos
2389 3058 2601 3117 mentis
2629 3057 2938 3136 aperientis

531 3136 607 3195 ad
634 3135 1062 3213 dignoscendos
1090 3136 1304 3197 divinae
1332 3138 1595 3198 veritatis
1622 3138 1816 3197 radios
1837 3138 1898 3196 in
1925 3139 2105 3197 verbo
2126 3138 2422 3214 micantes,
2455 3146 2627 3216 atque
2655 3138 2736 3196 ita
2762 3137 2938 3197 fidem

533 3213 741 3273 animis
768 3216 983 3273 nostris
1008 3216 1420 3292 ingenerentis.
1506 3216 1679 3277 Unde
1734 3217 1954 3295 duplex
2009 3220 2170 3278 venit
2224 3218 2634 3295 distinguenda
2679 3218 2938 3296 operatio

538 3292 806 3370 Spiritus,
826 3294 941 3351 alia
966 3294 1027 3350 in
1056 3294 1271 3371 Verb0,
1302 3315 1432 3372 quae
1454 3305 1697 3355 vocatur
1715 3297 2136 3357 Testimonium
2163 3306 2485 3373 externum,
2505 3296 2618 3355 alia
2645 3296 2706 3354 in
2726 3298 2932 3373 Corde,

532 3392 663 3449 quae
692 3380 781 3430 est
834 3372 1251 3433 Testimonium
1294 3374 1601 3434 internum.
1687 3376 1854 3435 Idem
1901 3378 2058 3436 enim
2100 3378 2202 3455 qui
2244 3378 2501 3455 loquitur
2541 3376 2604 3434 in
2630 3376 2832 3437 Verbo
2860 3378 2937 3437 ad

532 3450 811 3510 doctrinae
840 3452 1092 3511 coelestis
1118 3454 1580 3531 explicationem,
1629 3455 1888 3532 loquitur
1929 3456 2102 3516 etiam
2131 3457 2192 3515 in
2220 3457 2392 3517 corde
2428 3456 2504 3515 ad
2546 3457 2808 3536 ejusdem
2836 3478 2934 3536 ap-

530 3531 919 3610 plicationem,
950 3540 1011 3593 et
1038 3540 1103 3591 ut
1128 3541 1375 3593 testatur
1400 3533 1461 3591 in
1489 3535 1689 3594 Verbo
1711 3536 1964 3613 objectiva
1989 3557 2092 3615 per
2118 3537 2352 3597 modum
2383 3539 2716 3615 argumenti,
2755 3546 2933 3597 testa-

530 3622 629 3675 tur
677 3612 849 3671 etiam
878 3612 940 3671 in
971 3612 1157 3672 Corde
1205 3633 1310 3692 per
1362 3613 1595 3675 modum
1645 3616 1934 3693 principii,
1986 3636 2101 3695 quo
2157 3636 2331 3677 sensu
2373 3618 2534 3693 Joh„
2585 3638 2710 3695 cap.
2740 3638 2800 3677 v.
2835 3620 2932 3693 1⁸³,

524 3692 815 3771 Spiritum
841 3694 995 3753 inter
1020 3700 1198 3753 testes
1227 3693 1507 3754 Veritatis
1558 3695 1869 3774 Evangelii
1912 3704 1972 3757 et
2001 3697 2341 3757 Divinitatis
2390 3697 2604 3758 Christi
2651 3706 2930 3773 recenset,

530 3782 593 3833 et
619 3793 740 3833 ver.
772 3776 827 3849 6,
876 3776 912 3807 “
934 3772 1183 3851 Spiritus
1210 3782 1455 3833 testatur
1481 3776 1640 3852 quod
1671 3777 1920 3855 Spiritus
1947 3786 2038 3838 est
2064 3778 2340 3853 veritas,”
2395 3778 2644 3855 Spiritus
2669 3777 2730 3835 in
2759 3777 2933 3837 corde

528 3861 791 3929 testatur,
821 3851 978 3931 quod
1012 3854 1259 3931 Spiritus
1286 3853 1349 3912 in
1376 3854 1574 3914 Verbo
1597 3876 1697 3917 seu
1721 3857 1984 3917 doctrina
2009 3878 2044 3916 a
2075 3857 2293 3936 Spiritu
2313 3856 2544 3932 tradita,
2575 3858 2652 3917 sit
2679 3857 2931 3916 Veritas.

531 3934 949 3993 Necessitatem
977 3942 1169 3993 autem
1202 3934 1450 4012 Spiritus
1476 3936 1860 4013 evincit,‚non
1887 3938 2058 3998 modo
2086 3938 2367 3997 mentium
2413 3944 2738 3997 nostrarum
2767 3938 2931 3996 caeci-

524 4024 632 4090 tas,
662 4034 793 4092 quae
840 4032 957 4073 non
986 4014 1220 4092 capiunt
1246 4034 1315 4073 ea
1361 4034 1491 4093 quae
1520 4026 1656 4077 sunt
1711 4018 1857 4095 Dei;
1901 4017 2004 4077 sed
2047 4027 2106 4078 et
2153 4017 2567 4095 Mysteriorum
2611 4018 2932 4076 coelestium

526 4094 869 4169 sublimitas,
901 4114 1032 4173 quae
1058 4094 1311 4154 humana
1364 4097 1799 4158 ratiocinatione
1847 4098 2220 4176 quantumvis
2259 4104 2433 4174 recta,
2490 4116 2785 4175 nunquam
2829 4118 2933 4175 po·-

524 4175 774 4235 tuissent
826 4174 925 4233 vel
968 4174 1288 4253 excogitari
1342 4176 1439 4234 vel
1492 4178 1865 4255 apprehendi.
1949 4179 2028 4237 Et
2081 4186 2146 4237 ut
2172 4178 2234 4235 in
2259 4177 2486 4237 visione
2532 4197 2652 4237 non
2705 4186 2930 4237 tantum

523 4255 835 4331 requiritur
860 4255 966 4315 lux
994 4256 1053 4313 in
1109 4255 1339 4333 objecto
1366 4256 1638 4333 vidend0,
1697 4258 1802 4317 sed
1854 4260 2029 4319 etiam
2056 4258 2118 4317 in
2173 4257 2434 4335 subjecto
2483 4257 2736 4333 vidente,
2793 4276 2927 4315 nam

520 4332 736 4392 frustra
767 4334 868 4393 Sol
896 4355 1049 4394 caeco
1089 4336 1310 4395 luceret
1334 4358 1348 4396 :
1392 4336 1486 4396 Ita
1516 4338 1783 4416 Spiritus,
1817 4339 1917 4417 qui
1942 4339 2096 4397 luxit
2124 4338 2184 4395 in
2213 4337 2413 4396 Verbo
2442 4337 2518 4397 ad
2543 4338 2809 4397 veritatis
2835 4357 2924 4396 re·

521 4412 887 4489 velationem,
938 4415 1112 4475 debet
1150 4416 1345 4476 lucere
1392 4416 1453 4475 in
1502 4418 1674 4477 corde
1716 4418 1790 4478 ad
1847 4419 2142 4478 oculorum
2197 4418 2408 4477 mentis
2461 4417 2924 4477 illustrationem.

523 4490 697 4549 Unde
717 4492 899 4550 oritur
926 4512 1195 4555 assensus
1222 4495 1376 4573 fidei,
1428 4507 1487 4558 et
1512 4498 1680 4557 firma
1708 4499 1808 4558 illa
1847 4498 2040 4559 cordis
2097 4511 2401 4579 πληςοφςιι,
2443 4517 2573 4576 quae
2608 4498 2925 4576 Scripturas

520 4569 901 4629 Divinitatem
928 4576 1193 4649 agnoscit
1221 4584 1279 4635 et
1306 4579 1688 4654 amplectitur.

598 4649 682 4707 X.
728 4649 817 4708 Ne
844 4660 1037 4710 autem
1064 4653 1127 4712 in
1152 4654 1265 4714 ista
1297 4655 1545 4732 Spiritus
1568 4659 1768 4719 Sancti
1789 4659 2120 4737 operatione
2149 4657 2544 4734 dignoscenda
2571 4658 2921 4733 aberremus,
