3234 5192
210 369 443 415 11181111.
477 358 651 430 xxia]
764 372 840 413 ns
872 372 1345 414 811181101101118
1375 373 1609 414 01181811
1641 375 2063 417 ram-seriose,
2494 360 2609 419 673

212 520 525 590 propterea
552 514 866 589 castigatio
894 514 1056 589 pacis
1084 522 1301 572 nostrae
1332 534 1509 589 super
1536 532 1675 571 eum
1705 516 1898 589 posita
1925 522 2028 586 est,
2059 522 2127 589 us
2156 534 2230 572 cx
2259 516 2390 591 ejus
2417 518 2621 574 livori—

214 594 327 651 bus
354 610 733 663 sanaremur3
776 600 1091 669 propterea
1134 592 1433 662 satisfecit,
1479 612 1553 649 118
1603 594 1776 651 nobis
1807 596 1884 652 sit
1909 594 1972 651 in
1999 602 2303 670 posterum
2333 594 2622 653 satisfaci-

212 673 458 730 endum.
536 672 828 742 Secundo,
866 679 1164 747 repugnat
1190 670 1365 728 etiam
1398 671 1527 747 ipsa
1554 672 1640 727 rei
1667 679 1886 729 natura
1913 680 1972 729 et
2001 672 2330 730 communis
2359 692 2503 729 usus
2531 675 2620 730 lo-

214 752 477 825 quendi;
524 750 715 808 Aliud
760 750 919 807 enim
962 757 1050 807 est
1096 749 1447 821 satisfacere,
1494 750 1662 806 aliud
1704 752 1966 825 praebere
2003 751 2262 825 gratiam
2303 770 2425 827 qua
2465 753 2620 809 alius

216 828 578 899 satisfaciat3
622 826 755 885 Nec
781 846 1051 902 unquam
1078 848 1186 904 pro
1215 828 1384 885 nobis
1412 828 1758 887 satisfecisse
1787 830 1934 887 bene
1963 830 2210 900 dicetur,
2241 828 2352 887 nisi
2372 830 2476 905 qui
2504 848 2621 887 881-0

215 925 329 965 8110
357 907 625 963 debitum
654 913 924 964 nostrum
952 907 1259 982 expunxit.
1343 906 1562 977 TertiO,
1600 908 1652 965 si
1683 908 1951 965 Christus
1995 907 2279 966 satisfacit
2320 908 2620 965 mediante

218 991 423 1043 nostra
452 984 885 1056 satisfactione,
910 992 1041 1041 tum
1069 1003 1189 1042 11011
1220 986 1401 1042 8811181
1423 984 1768 1043 satisfecisse
1796 987 1914 1044 dici
1938 993 2150 1062 potest,
2175 988 2275 1043 sed
2305 1004 2534 1061 semper
2561 993 2622 1044 et

216 1064 489 1138 quotidie
517 1063 865 1135 satisfacere,
917 1082 1023 1121 nec
1062 1084 1175 1140 per
1216 1064 1484 1139 seipsum,
1534 1065 1637 1121 sed
1681 1084 1788 1139 per
1832 1086 1952 1136 nos,
2003 1084 2112 1123 nec
2140 1070 2263 1123 tam
2297 1084 2414 1141 pro
2441 1066 2618 1136 nobis,

217 1160 405 1216 quam
434 1142 494 1198 in
521 1142 716 1214 nobes.-
750 1161 883 1217 quae
912 1148 1111 1199 tamen
1143 1142 1345 1199 omnia
1370 1150 1712 1216 repugnant
1735 1142 2054 1219 Scripturas
2077 1144 2272 1201 verbis
2303 1150 2362 1201 ct
2389 1151 2620 1200 naturas

218 1220 319 1277 rei.
381 1220 631 1291 QuartO,
662 1219 711 1277 si
743 1220 1012 1279 Christus
1041 1220 1259 1278 dicitur
1287 1220 1625 1277 satisfacere
1652 1229 1948 1296 quatenus
1974 1223 2230 1297 gratiam
2258 1222 2363 1279 dat
2387 1222 2620 1279 satisfa-

216 1298 431 1369 ciendi,
461 1317 602 1373 ergo
629 1298 759 1373 pari
786 1298 1017 1356 ratione
1044 1298 1332 1356 dicendus
1360 1306 1512 1355 esset
1538 1301 1776 1357 credere
1804 1307 1864 1357 et
1889 1300 2244 1375 resipiscere,
2269 1300 2412 1377 quia
2437 1300 2618 1375 largi-

216 1384 318 1433 tur
359 1377 615 1451 gratiam
659 1376 940 1434 credendi
982 1383 1043 1433 ct
1086 1377 1481 1451 resipiscendi,
1531 1378 1695 1453 quod
1737 1396 1912 1435 nemo
1950 1398 2073 1435 non
2100 1378 2265 1435 videt
2291 1379 2616 1435 absurdum

216 1473 357 1512 esse.
418 1454 693 1531 Denique
722 1455 769 1513 si
798 1456 925 1512 11ωο
952 1455 1106 1512 18110
1135 1456 1378 1525 valeret,
1410 1454 1590 1513 Pater
1615 1462 1676 1513 et
1702 1455 1957 1532 Spiritus
1989 1457 2240 1516 Sanctus
2269 1474 2391 1513 non
2419 1456 2619 1514 minus

214 1552 324 1609 pro
369 1534 543 1592 nobis
590 1533 935 1591 satisfecisse
983 1534 1101 1592 dici
1148 1540 1405 1609 possent,
1456 1533 1617 1609 quod
1665 1536 1994 1592 absurdum
2037 1542 2123 1593 est
2150 1542 2210 1592 et
2236 1534 2574 1592 inauditum
2601 1556 2616 1605 ;

215 1630 357 1669 nam
384 1620 444 1669 et
464 1610 699 1671 Christo
718 1612 841 1669 vim
869 1630 1001 1669 eam
1030 1630 1269 1669 omnem
1287 1612 1581 1669 dederunt
1602 1632 1736 1687 quae
1760 1615 1836 1670 ad
1868 1614 2352 1671 satisfaciendum
2377 1612 2494 1669 fuit
2515 1631 2618 1670 ne-

210 1690 466 1748 cessaria
488 1712 501 1761 ;
526 1695 586 1748 et
605 1692 735 1766 pios
754 1690 937 1747 animi
956 1698 1157 1748 motus
1179 1698 1239 1747 81
1259 1690 1654 1747 constantiam
1671 1692 1734 1747 in
1756 1692 2038 1749 aerumnis
2065 1692 2236 1750 nobis
2256 1692 2619 1767 largiuntur.

299 1767 456 1826 XII.
504 1770 682 1837 Quod
712 1787 855 1825 vcro
884 1769 1171 1843 majorem
1201 1787 1325 1826 csse
1355 1768 1573 1827 Christi
1600 1771 1856 1843 gloriam
1883 1770 2092 1829 statuit
2122 1768 2540 1840 Adversarius,
2571 1769 2621 1827 si

212 1847 453 1905 dicatur
472 1866 595 1905 non
623 1848 819 1904 solum
848 1866 957 1923 pro
985 1848 1239 1923 peccatis
1270 1847 1487 1904 nostris
1515 1847 1878 1925 satisfecisse,
1909 1851 2012 1907 sed
2041 1850 2222 1907 etiam
2247 1849 2310 1906 id
2337 1848 2619 1906 membris

212 1924 338 1983 suis
366 1927 617 1983 donasse
646 1932 717 1983 ut
742 1944 848 1999 per
867 1927 920 2000 ej
930 1946 1001 1983 us
1036 1926 1295 2000 gratiam
1321 1932 1383 1983 et
1408 1926 1712 1998 virtutem,
1755 1928 1958 2004 aliqua
1983 1945 2057 1986 ex
2085 1937 2252 2003 parte
2280 1928 2461 1985 etiam
2489 1926 2619 2001 ipsa

212 2004 635 2074 satisfacerent,
682 2002 978 2079 Supponit
1015 2022 1246 2077 semper
1282 2008 1468 2084 ηῢτοι
1493 2002 1672 2077 ψεῦδος
1712 2008 1876 2081 (111οᾱ
1915 2004 2358 2063 Satisfactiones
2398 2013 2616 2062 nostrae

212 2082 684 2139 subordinentur
711 2081 1109 2139 Satisfactioni
1140 2081 1376 2152 Christi,
1420 2102 1557 2140 cum
1598 2090 1808 2139 contra
1849 2084 1942 2139 illi
1969 2090 2168 2157 aperte
2195 2089 2530 2157 repugnent
2557 2089 2618 2140 et

208 2160 618 2216 adversentur.
698 2158 779 2215 Et
819 2176 959 2215 sane
1001 2177 1139 2215 cum
1178 2160 1370 2233 gloria
1400 2159 1622 2217 Christi
1649 2161 1712 2216 in
1741 2178 1810 2217 eo
1838 2161 2032 2234 posita
2065 2160 2140 2217 sit
2166 2167 2236 2217 ut
2263 2161 2426 2216 801118
2455 2160 2530 2217 811
2557 2168 2619 2218 81

211 2237 507 2311 perfectus
530 2236 897 2311 Redemptor
924 2242 1139 2307 noster,
1172 2236 1323 2304 Quis
1350 2237 1568 2296 dixerit
1592 2240 1785 2295 facere
1813 2240 1892 2296 ad
1919 2239 2209 2314 majorem
2241 2236 2460 2296 Christi
2487 2238 2617 2313 glo-

212 2316 365 2373 riam
414 2316 463 2371 si
506 2314 741 2372 dicatur
780 2314 999 2371 habere
1041 2314 1273 2373 socios?
1344 2316 1535 2383 Quasi
1574 2316 1772 2390 major
1797 2318 1874 2375 sit
1901 2316 2014 2375 Dei
2041 2316 2252 2391 gloria,
2302 2316 2354 2374 si
2382 2316 2616 2374 dicatur

210 2394 439 2451 multos
478 2394 553 2451 ab
580 2392 707 2468 ipso
736 2392 923 2450 factos
950 2400 1259 2465 creatores,
1304 2414 1487 2470 quam
1514 2397 1708 2454 dicere
1735 2394 1911 2453 illum
1940 2397 2136 2453 solum
2177 2414 2305 2453 esse
2347 2395 2617 2453 omnium

212 2472 576 2531 Creatorem.
644 2471 775 2529 Nec
802 2471 955 2529 ratio
986 2491 1023 2529 a
1049 2472 1355 2531 miraculis
1384 2475 1571 2549 petita
1596 2476 1962 2533 contrarium
1990 2473 2207 2532 evincit
2217 2495 2232 2545 ;
2262 2493 2404 2531 nam
2426 2492 2618 2549 quan-

208 2554 292 2608 do
322 2551 487 2610 Dcus
515 2551 733 2609 dicitur
759 2551 1051 2609 miracula
1074 2551 1268 2610 facere
1295 2571 1399 2628 per
1427 2554 1716 2625 homines,
1759 2552 1925 2611 Deus
1953 2554 2114 2611 solus
2142 2554 2376 2629 proprie
2404 2559 2464 2611 ct
2490 2571 2618 2609 rea-

211 2630 348 2688 liter
388 2631 677 2688 miracula
716 2629 878 2702 facit,
927 2629 1198 2689 homines
1225 2650 1366 2691 vero
1405 2638 1547 2689 sunt
1572 2640 1810 2690 tantum
1837 2633 2231 2689 instrumenta
2258 2633 2511 2690 moralia
2537 2632 2616 2689 ad

208 2726 470 2783 quorum
497 2709 870 2785 praesentiam
900 2709 1064 2766 Deus
1093 2717 1385 2784 operatur.
1446 2708 1592 2767 Non
1620 2710 1812 2783 magis
1839 2718 2016 2784 urget
2056 2711 2218 2783 quod
2248 2728 2285 2766 a
2312 2709 2500 2766 causis
2530 2728 2617 2766 sc-

206 2788 424 2844 cundis
451 2789 692 2845 ducitur
734 2794 1175 2860 argumentum,
1219 2788 1437 2863 quippe
1464 2788 1720 2861 longum
1749 2787 2059 2863 latumque
2088 2786 2402 2843 discrimen
2433 2788 2615 2843 inter-

206 2866 365 2921 cedit
392 2866 548 2921 inter
575 2874 917 2939 utrumque.
974 2862 1137 2921 Nam
1164 2866 1302 2921 licet
1328 2864 1495 2921 Deus
1522 2866 1629 2939 qui
1655 2864 1850 2919 utitur
1875 2865 2066 2921 causis
2095 2864 2386 2934 secundis,
2429 2863 2614 2938 possit

208 2942 337 2999 sine
363 2942 484 2998 illis
512 2942 745 3016 operari
772 2950 833 2997 et
858 2942 944 2998 ita
970 2941 1043 2997 iis
1071 2949 1279 2999 utatur
1323 2948 1391 2999 ut
1426 2942 1578 2998 nihil
1614 2942 1866 2998 decedat
1891 2948 2205 3017 propterea
2229 2941 2437 3015 gloriae
2466 2960 2612 3014 suae,

210 3020 353 3095 quia
378 3020 493 3076 hoc
520 3038 639 3076 non
669 3020 739 3075 fit
765 3038 841 3077 ex
868 3019 1212 3093 indigentia,
1242 3020 1345 3076 sed
1374 3038 1449 3076 ex
1476 3020 1872 3093 indulgentia,
1907 3027 1967 3076 et
1995 3020 2238 3094 quidem
2265 3019 2350 3077 ita
2377 3025 2446 3077 ut
2473 3038 2612 3077 cau-

208 3118 289 3155 888
318 3097 525 3173 primae
553 3099 686 3155 laus
712 3097 802 3154 illi
829 3104 1068 3155 maneat
1108 3096 1340 3155 illibata
1377 3116 1513 3173 quae
1558 3098 1623 3155 in
1665 3098 1896 3155 nullam
1935 3098 2116 3156 aliam
2155 3116 2396 3155 causam
2422 3104 2613 3157 trans-

206 3176 350 3234 ferri
377 3183 593 3250 potest,
626 3174 769 3233 Non
798 3182 995 3253 potest
1033 3176 1193 3233 idem
1232 3177 1414 3234 statui
1454 3182 1726 3251 respectu
1754 3175 2203 3252 Redemptionis
2238 3184 2300 3233 et
2337 3177 2612 3235 Satisfec-

208 3254 387 3312 tionis
419 3254 655 3325 Christi,
694 3254 835 3331 quia
862 3260 931 3311 111
957 3255 1072 3311 hoc
1098 3254 1393 3313 infinitam
1429 3255 1715 3313 virtutem
1754 3256 2041 3331 postulat,
2088 3256 2175 3313 ita
2213 3256 2510 3331 peculiare
2551 3265 2614 3315 et

208 3334 520 3409 proprium
546 3334 725 3391 debet
750 3352 873 3391 esse
901 3352 1092 3391 causae
1119 3333 1453 3409 principali,
1495 3354 1631 3410 quae
1659 3334 1978 3411 impatiens
2005 3342 2094 3393 est
2119 3336 2424 3393 consortis.
2498 3334 2612 3393 Fa-

208 3420 338 3469 teor
359 3413 602 3487 quidem
620 3412 681 3469 in
700 3412 909 3469 salutis
926 3411 1164 3486 negotio
1182 3430 1291 3470 nos
1310 3431 1427 3471 non
1448 3414 1662 3471 debere
1683 3432 1812 3472 esse
1829 3413 2068 3484 0110808,
2081 3415 2185 3471 scd
2203 3415 2457 3471 salutem
2478 3433 2612 3472 nos·

210 3498 365 3548 tram
387 3491 621 3567 operari
651 3509 787 3548 cum
807 3490 1019 3548 timore
1047 3497 1108 3548 et
1133 3497 1407 3563 tremore,
1439 3490 1597 3551 Phil.
1627 3492 1686 3549 ii.
1716 3494 1808 3563 12,
1837 3499 2018 3569 atque
2045 3492 2132 3549 ita
2158 3511 2281 3550 8888
2310 3490 2423 3550 Ι)01
2451 3518 2610 3574 wne-

208 3572 345 3645 γοὺς,
378 3570 416 3627 2
446 3568 579 3628 Cor.
602 3568 681 3625 vi.
710 3570 761 3639 1,
792 3570 846 3626 2.
898 3568 1014 3627 Sed
1044 3569 1172 3627 haec
1198 3572 1535 3646 cooperatio
1564 3590 1686 3629 non
1713 3570 1950 3648 respicit
1976 3570 2425 3646 acquisitionem
2454 3573 2612 3629 salu-

211 3650 304 3720 tis,
354 3666 489 3723 quae
522 3646 756 3706 Christo
786 3648 896 3705 soli
923 3648 1167 3723 propria
1192 3655 1282 3706 est
1316 3656 1377 3706 et
1410 3648 1986 3707 incommunicabilis
2027 3649 2176 3720 aliis,
2226 3649 2331 3706 sed
2375 3655 2610 3707 tantum

210 3726 687 3802 applicationem,
732 3746 854 3783 non
897 3728 975 3783 ad
1018 3726 1377 3785 solutionem
1403 3730 1820 3802 praestandam,
1865 3747 2047 3802 quam
2075 3728 2344 3786 Christus
2371 3728 2610 3786 abunde

210 3804 505 3882 praestitit,
534 3806 637 3862 sed
664 3807 743 3861 ad
772 3805 1129 3863 solutionem
1157 3806 1489 3881 praestitam
1515 3807 2005 3881 amplectendam,
2029 3825 2150 3865 non
2172 3825 2307 3881 quae
2330 3805 2405 3863 sit
2431 3824 2612 3864 causa

210 3891 273 3941 et
298 3884 758 3941 fundamentum
790 3884 949 3959 juris
990 3886 1067 3942 ad
1109 3884 1363 3943 salutem
1400 3891 1642 3959 propter
1669 3887 1832 3961 quod
1859 3884 2217 3957 conferatur,
2245 3884 2346 3942 scd
2373 3890 2612 3943 tantum

211 3962 310 4019 via
337 3968 397 4018 et
423 3962 692 4019 medium
719 3964 797 4019 ad
825 3980 953 4019 eam
980 3982 1085 4037 per
1111 3964 1276 4053 quod
1304 3964 1571 4021 adeatur.

294 4039 487 4099 XIII.
532 4038 647 4099 Sed
676 4040 1096 4115 perfectionem
1122 4048 1299 4098 istam
1341 4040 1773 4100 Satisfactionis
1801 4062 1918 4101 non
1951 4041 2167 4099 evincit
2192 4048 2429 4101 tantum
2456 4040 2612 4117 Diq-

212 4119 368 4177 m'tas
396 4116 691 4190 Personae,
725 4118 842 4177 Sed
870 4120 1085 4193 probat
1110 4120 1307 4191 etiam,
1346 4121 1399 4177 2.
1437 4118 1648 4179 Unitas
1678 4120 1852 4198 Officii
1879 4120 2244 4193 Mediator-ii,
2272 4126 2332 4177 et
2361 4119 2611 4179 Oblatio-

213 4197 305 4254 πίε
354 4216 391 4255 8
436 4196 673 4255 Christo
724 4216 799 4255 ex
847 4196 958 4255 isto
1008 4198 1200 4255 officio
1248 4205 1521 4273 peractae.
1605 4198 1770 4257 Nam
1797 4200 1847 4257 si
1873 4198 2086 4256 unicus
2112 4205 2201 4256 est
2225 4204 2463 4256 tantum
2493 4196 2610 4256 Re·

214 4278 489 4352 demptor
530 4284 733 4334 noster
781 4281 849 4333 ut
894 4276 1115 4351 passim
1159 4276 1467 4353 Scriptura
1512 4284 1785 4348 testatur,
1816 4278 1952 4335 Act.
1983 4277 2061 4335 iv.
2094 4278 2183 4352 12,
2219 4276 2249 4333 1
2282 4276 2434 4337 Tim.
2461 4277 2522 4334 ii.
2554 4276 2610 4347 5,

218 4356 248 4412 1
284 4353 417 4413 Cor.
464 4354 549 4412 iii.
604 4355 693 4425 11,
742 4352 787 4411 J
790 4353 885 4411 oh.
931 4354 1051 4412 xiV.
1102 4355 1158 4425 6,
1190 4354 1255 4413 Si
1302 4356 1481 4413 unica
1523 4357 1652 4431 ejus
1680 4356 1904 4413 oblatio
1932 4362 1992 4413 et
2019 4354 2372 4413 sacrificium
2399 4374 2520 4431 quo
2549 4356 2611 4414 in

214 4441 571 4510 perpetuum
618 4440 1105 4490 consummantur
1149 4433 1511 4504 sanctificati,
1540 4434 1721 4491 unica
1757 4434 2096 4491 obedientia
2122 4452 2244 4509 qua
2269 4434 2446 4491 multi
2475 4454 2608 4493 con-

212 4513 547 4571 stituuntur
578 4510 749 4586 justi,
778 4510 1023 4569 unicum
1061 4512 1321 4586 pretium
1349 4514 1511 4587 quod
1540 4514 1750 4569 datum
1779 4522 1866 4571 est
1887 4514 1964 4571 ad
1991 4512 2458 4588 redemptionem
2485 4514 2612 4573 ani-

214 4610 453 4649 marum
482 4598 836 4661 nostrarum,
868 4598 937 4648 ut
966 4590 1195 4649 Paulus
1222 4609 1344 4647 non
1372 4592 1553 4647 semel
1580 4592 1772 4662 docet,
1805 4590 1978 4649 Rom.
2011 4610 2067 4651 v.
2101 4592 2191 4663 18,
2223 4590 2378 4649 ch.
2409 4612 2466 4650 x.
2517 4594 2610 4663 10,

218 4672 309 4742 12,
338 4678 399 4728 et
425 4671 505 4727 ix.
538 4670 631 4742 26,
662 4670 757 4743 28,
790 4670 925 4727 Act.
956 4688 1055 4727 xx.
1080 4668 1155 4727 28
1166 4689 1182 4740 ;
1213 4670 1420 4744 utique
1448 4670 1626 4745 plena
1647 4690 1770 4729 esse
1788 4671 1994 4729 debuit
2015 4678 2074 4730 01
2103 4671 2377 4729 omnibus
2407 4690 2614 4731 nume·

2263 4756 2298 4809 2
2347 4770 2378 4809 ι’
