3234 5192
554 323 672 386 432
1115 343 1193 384 nn
1222 341 1706 384 sarrsrncrrosns
1733 341 1968 384 enmsrr
1997 341 2413 385 secessim-rs.
2557 324 2823 406 [msrur.
2854 345 2968 388 ιιι.

553 505 707 544 mam
736 484 925 544 dicere
973 501 1089 544 non
1118 483 1425 544 dubitavit.
1510 485 1644 544 Non
1673 501 1818 562 opus
1845 491 1934 543 est
1961 491 2154 543 antem
2181 483 2278 544 hie
2319 484 2582 562 singulas
2603 487 2970 565 singulorum

552 565 853 626 doctorum
898 572 956 624 et
1008 565 1384 642 interpretum
1440 565 1537 624 vel
1590 564 1818 640 referre,
1877 564 1973 623 vel
2017 564 2343 642 expendere
2399 567 2734 642 sententias,
2777 569 2880 646 qui
2911 576 2974 627 et

552 659 757 706 verum
784 646 1094 704 verborum
1123 663 1356 704 sensum
1382 645 1664 703 rimantur
1700 653 1758 703 et
1803 663 1932 703 cum
1966 645 2263 721 Decalogo
2307 645 2771 706 conciliationem
2799 647 2970 707 insti-

550 735 713 786 tuere
750 733 1013 786 tentant:
1056 723 1225 783 nobis
1268 743 1421 784 nune
1465 725 1700 802 quidem
1729 723 2016 784 suffecerit
2052 743 2122 783 ea
2147 733 2380 784 notasse
2407 743 2539 803 quse
2568 726 2644 785 ad
2663 728 2972 805 praesentis

552 805 889 884 quaestionis
917 804 1359 864 elucidationem
1386 804 1624 863 faciunt.

636 885 881 943 XLIII.
926 885 1007 944 Et
1060 884 1136 942 ad
1188 885 1437 961 priorem
1480 883 1714 960 quidem
1769 884 1961 942 locum
2009 883 2166 960 quod
2221 883 2427 944 attinet
2469 905 2546 943 ex
2589 886 2763 946 Deut.
2793 887 2965 946 xxiv.

560 969 652 1025 16.
699 965 785 1025 Ut
810 984 927 1023 non
948 965 1071 1042 jam
1100 961 1289 1022 dicam
1306 963 1465 1040 quod
1480 965 1556 1023 ab
1576 964 1706 1023 aliis
1729 963 2098 1023 observatum
2121 972 2211 1023 est
2233 964 2452 1042 Legem
2473 965 2624 1025 hanc
2691 967 2968 1026 ositivam

554 1065 681 1105 esse
710 1051 770 1105 et
795 1043 1163 1122 peculiariter
1191 1043 1468 1115 Isra'e'litis
1506 1045 1703 1120 latam,
1735 1045 1904 1122 cujus
1931 1044 2278 1103 contrarium
2307 1044 2614 1105 mandasse
2683 1047 2964 1124 eprehen-

555 1126 713 1185 ditur
762 1125 924 1184 Deus
978 1123 1135 1200 alibi,
1177 1131 1245 1184 ut
1272 1125 1333 1183 in
1360 1143 1534 1184 causa
1583 1133 1804 1202 septem
1845 1125 2187 1202 populorum
2235 1143 2383 1200 quos
2429 1125 2811 1185 internecioni
2857 1127 2960 1186 de-

554 1213 813 1280 voverat,
862 1205 1036 1264 Deut.
1078 1204 1138 1264 ii.
1182 1207 1278 1280 34,
1324 1211 1384 1264 et
1422 1225 1527 1264 xx.
1574 1206 1666 1280 16,
1717 1208 1808 1280 17,
1847 1205 2016 1263 facile
2057 1203 2303 1262 solvitur
2345 1223 2630 1282 apparens
2677 1207 2780 1264 illa
2821 1213 2962 1267 dm-

553 1289 709 1359 λνγίι
736 1286 787 1344 si
814 1283 1241 1363 distinguamus
1265 1285 1452 1362 primo
1482 1288 1689 1361 sorum
1717 1285 1963 1343 divimm
1989 1292 2049 1343 et
2073 1286 2276 1359 joram
2302 1285 2626 1362 humanum,
2659 1285 2869 1346 deinde
2897 1288 2960 1345 in

552 1367 677 1427 foro
705 1367 957 1424 humano
985 1366 1342 1424 ordinariam
1353 1367 1589 1440 justitioe
1606 1365 2151 1424 administrationem
2171 1364 2245 1422 ab
2263 1366 2734 1425 extraordinaria
2753 1368 2965 1444 agendi

551 1448 800 1506 ratione:
842 1445 904 1504 in
929 1446 1055 1504 foro
1082 1446 1335 1504 humano
1360 1463 1479 1504 non
1506 1446 1636 1504 vult
1665 1445 1827 1504 Deus
1855 1444 2031 1502 alium
2057 1463 2163 1521 pro
2181 1443 2296 1503 alio
2315 1445 2494 1521 plecti
2511 1445 2796 1505 ordinarie
2818 1450 2960 1524 quia

554 1535 728 1604 caput
774 1545 931 1584 noxa
978 1525 1252 1602 sequitur,
1310 1533 1371 1584 et
1424 1526 1712 1602 aequitatis
1754 1534 1814 1585 et
1853 1525 2099 1589 ὃτιαισίις
2127 1523 2318 1602 potius
2346 1543 2520 1603 quam
2553 1526 2703 1603 juris
2745 1527 2956 1585 summi

550 1607 833 1666 rationem
875 1605 1075 1663 haberi
1120 1605 1398 1682 praecipit,
1447 1605 1607 1683 quod
1655 1625 1772 1664 uon
1819 1604 2060 1682 impedit
2099 1613 2292 1663 tamen
2321 1605 2625 1682 quominus
2653 1605 2820 1664 aliter
2845 1607 2954 1664 ali·

553 1685 786 1765 quando
814 1693 1047 1763 propter
1074 1703 1283 1761 graves
1326 1692 1387 1743 et
1432 1695 1822 1744 momentosas
1865 1703 2069 1744 causas
2095 1684 2221 1742 fieri
2247 1685 2467 1762 possit3
2510 1684 2594 1743 At
2619 1684 2681 1742 in
2705 1683 2832 1744 foro
2859 1685 2954 1743 di-

551 1767 693 1824 vino
740 1764 944 1842 regula
990 1783 1107 1822 non
1153 1763 1291 1822 item
1330 1764 1523 1841 valet3
1570 1765 1762 1842 Leges
1789 1765 1942 1823 enim
1967 1762 2300 1824 hominibus
2325 1765 2529 1842 positae
2553 1765 2825 1842 potestati
2851 1765 2954 1824 vel

546 1843 939 1924 jurisdictioni
992 1843 1207 1902 divinae
1245 1842 1460 1902 limites
1486 1862 1852 1922 nequaquam
1879 1852 2118 1921 ponunt,
2150 1851 2210 1904 et
2249 1844 2556 1904 manifesta
2591 1845 2833 1904 rationis
2861 1842 2952 1904 di-

552 1924 816 1998 versitas,
848 1923 986 2001 quia
1030 1923 1333 2001 potestatis
1376 1923 1674 1984 hominum
1703 1923 1914 1983 arctior
1939 1931 2029 1983 est
2055 1924 2270 2000 divina,
2301 1924 2363 1982 in
2389 1925 2720 1984 hominibus
2745 1925 2956 1985 metui-

550 2013 647 2065 tur
672 2004 887 2062 abusus
906 2005 1226 2081 potestatis,
1248 2003 1309 2061 in
1333 2004 1461 2063 Dec
1486 2023 1628 2063 vero
1655 2023 1772 2063 non
1797 2005 1936 2063 item
1959 2025 1976 2082 ς
2009 2005 2170 2064 Deus
2197 2022 2355 2082 ergo,
2388 2004 2563 2064 Deut.
2592 2005 2776 2081 xxiv„
2807 2006 2958 2064 hanc

548 2084 811 2162 regulam
838 2083 1169 2143 hominibus
1196 2084 1563 2162 praescripsit,
1594 2084 1699 2144 sed
1725 2085 1812 2142 illi
1839 2105 1944 2161 pro
1983 2093 2142 2144 terea
2169 2103 2232 2143 se
2251 2104 2368 2143 non
2396 2085 2685 2162 astrinxit,
2715 2093 2782 2144 ut
2807 2105 2952 2144 nun·

549 2185 723 2244 quam
752 2183 953 2242 poenas
980 2173 1331 2224 commutare
1356 2172 1418 2224 et
1437 2165 1615 2224 alium
1643 2183 1747 2242 pro
1774 2164 1890 2224 alio
1915 2185 1956 2242 p
1979 2173 2168 2224 ectere
2189 2165 2391 2242 possit.

634 2244 869 2304 XLIV.
918 2242 1035 2303 Sed
1060 2245 1203 2322 quid
1242 2245 1719 2323 respondebimus
1747 2245 1822 2304 ad
1869 2245 2080 2304 Ezech.
2109 2244 2302 2304 locum
2331 2245 2391 2302 in
2419 2263 2536 2321 quo
2563 2263 2682 2304 non
2709 2244 2956 2304 homini-

549 2325 679 2398 bus,
712 2323 817 2382 sed
844 2324 955 2383 sibi
990 2323 1103 2400 ipsi
1151 2325 1341 2401 legem
1389 2325 1539 2383 hanc
1565 2324 1714 2384 ferre
1743 2323 1978 2384 videtur
2021 2318 2324 2401 Dominus,
2355 2332 2420 2383 ut
2447 2325 2640 2383 anima
2665 2345 2797 2402 quae
2823 2345 2954 2402 pec-

552 2403 711 2462 cavit
736 2403 865 2479 ipsa
890 2403 1182 2478 moriatur,
1214 2412 1273 2462 et
1298 2423 1469 2462 nemo
1496 2403 1671 2462 alieni
1714 2405 1935 2482 peccati
1982 2423 2186 2482 poenas
2227 2404 2352 2463 luat
2371 2407 2400 2464 ?
2483 2403 2600 2463 Hic
2627 2423 2768 2463 vero
2795 2405 2957 2464 varia

554 2489 693 2542 sunt
719 2500 849 2560 quae
876 2500 1257 2558 reponamus:
1292 2487 1344 2542 1.
1376 2483 1520 2542 Cum
1549 2484 1675 2542 haec
1702 2484 1883 2543 verba
1909 2485 2126 2544 directe
2143 2484 2454 2544 videantur
2469 2485 2684 2561 opponi
2705 2483 2958 2544 secundo

553 2562 733 2640 Legis
760 2569 1065 2639 praecepte,
1094 2562 1213 2621 imo
1240 2563 1547 2623 habuerint
1593 2564 1766 2622 etiam
1808 2565 2036 2641 praxim
2078 2564 2389 2642 aliquando
2418 2565 2761 2624 contrariam
2788 2574 2854 2624 ut
2881 2583 2958 2623 ex

550 2641 837 2720 exemplis
864 2649 997 2701 ante
1023 2641 1275 2702 laudatis
1318 2651 1495 2722 patet,
1544 2663 1662 2702 non
1709 2651 1844 2703 sunt
1886 2643 1964 2703 ad
1989 2644 2190 2704 vivum
2239 2644 2569 2719 resecanda,
2621 2644 2724 2703 sed
2761 2644 2956 2722 aliquo

550 2730 1004 2799 temperamento
1032 2721 1383 2783 moderanda
1408 2743 1483 2783 ne
1510 2724 1632 2783 ulla
1657 2723 1754 2783 hic
1779 2725 1932 2784 inter
1949 2723 2244 2784 Authores
2273 2743 2468 2784 sacros
2493 2733 2553 2784 et
2584 2725 2859 2802 Spiritum
2892 2725 2954 2784 S.

548 2822 656 2881 per
682 2821 782 2862 eos
803 2802 1135 2881 loquentem
1158 2813 1421 2864 occurrat
1441 2804 1839 2865 contradictio.
1923 2808 1978 2863 2.
2014 2803 2078 2864 Si
2106 2805 2302 2864 stricte
2331 2813 2390 2864 et
2416 2805 2656 2881 praecise
2677 2813 2958 2883 urgentur

550 2884 731 2942 verba
756 2891 928 2962 prout
954 2893 1180 2960 sonant,
1212 2893 1487 2962 sequetur
1512 2903 1740 2946 omnem
1768 2893 2128 2962 peccatorem
2156 2885 2303 2942 mori
2331 2883 2540 2943 debere
2567 2891 2628 2944 et
2667 2885 2952 2944 neminem

549 2965 695 3023 mori
722 2964 835 3023 nisi
863 2964 965 3044 qui
990 2966 1334 3043 peccaverit,
1366 2974 1426 3025 at
1452 2967 1563 3024 hoe
1590 2974 1898 3042 utrumque
1927 2965 2298 3024 vehementer
2317 2965 2526 3024 falsum
2555 2973 2614 3024 et
2641 2965 2956 3025 absurdum

549 3063 677 3104 esse
706 3065 875 3103 nemo
902 3065 1020 3104 non
1048 3042 1226 3121 videt,
1249 3045 1544 3124 siquidem
1573 3054 1634 3104 et
1661 3045 1926 3104 Christus
1969 3045 2212 3104 moritur
2253 3045 2356 3123 qui
2401 3065 2520 3104 non
2561 3045 2844 3122 peccavit,
2893 3054 2956 3106 et

550 3123 720 3183 electi
750 3143 951 3182 omnes
977 3125 1077 3202 qui
1105 3135 1492 3203 peccaverunt
1519 3145 1636 3184 non
1663 3133 1906 3203 pereunt
1949 3133 2142 3184 tamen
2167 3147 2182 3184 ε
2229 3125 2438 3201 ltaque
2473 3125 2669 3204 aliquo
2717 3125 2960 3184 distinc-

550 3203 727 3262 tionis
754 3204 1103 3280 malagmate
1129 3204 1399 3263 lenienda
1446 3213 1580 3264 sunt
1620 3223 1752 3283 quse
1777 3205 1966 3282 prima
1992 3204 2179 3264 fronte
2207 3205 2440 3264 veritati
2481 3223 2600 3264 non
2653 3205 2796 3265 satis
2823 3225 2960 3264 con·

550 3301 695 3339 sona
722 3299 849 3340 esse
876 3281 1239 3342 videbantur.
1324 3288 1381 3344 3.
1425 3285 1842 3360 Distinguendi
1883 3293 2019 3344 suut
2041 3285 2176 3363 filii,
2223 3285 2348 3343 Alii
2390 3285 2682 3344 imitantia·
2717 3296 2958 3362 peccata

545 3369 847 3436 parentum
878 3369 937 3419 et
964 3361 1165 3421 affines
1191 3372 1365 3440 atque
1392 3364 1535 3422 socii
1562 3364 1748 3440 culpae
1775 3373 2030 3441 paternae
2070 3365 2319 3440 fuerunt,
2371 3364 2497 3424 Alii
2545 3364 2618 3424 ab
2667 3367 2958 3444 ἰπίᾳαίεαω

540 3447 783 3518 patrum
808 3441 1077 3499 recedunt
1100 3449 1159 3500 et
1188 3461 1249 3500 se
1277 3443 1561 3501 immunes
1597 3451 1878 3520 praestant
1925 3445 2000 3503 ab
2027 3462 2224 3504 eorum
2256 3442 2587 3521 sceleribus,
2637 3445 2710 3505 de
2755 3447 2956 3524 primis

550 3520 888 3597 pronuntiat
918 3521 1077 3580 Deus
1104 3541 1167 3581 se
1194 3522 1433 3581 visitare
1461 3521 1824 3600 iniquitatem
1846 3533 2149 3601 parentum
2167 3526 2228 3584 in
2243 3525 2411 3600 filios,
2444 3525 2636 3584 Exod.
2667 3545 2788 3602 xx„
2819 3526 2959 3604 quia

550 3601 659 3659 filii
684 3609 923 3678 paterna
950 3609 1090 3660 eunt
1116 3619 1221 3680 per
1246 3602 1513 3680 vestigia,
1560 3623 1694 3662 nam
1723 3605 1824 3680 qui
1851 3603 2040 3664 affinis
2084 3606 2270 3683 culpae
2319 3605 2427 3665 fuit
2473 3605 2720 3665 eundem
2767 3625 2956 3683 poenae

551 3682 771 3741 socium
799 3699 927 3741 esse
954 3701 1070 3740 non
1116 3681 1400 3761 injustum
1428 3691 1534 3758 est,
1578 3692 1641 3743 at
1687 3683 1760 3743 de
1807 3684 1939 3744 aliis
1985 3693 2164 3764 negat
2208 3685 2362 3763 apud
2405 3686 2616 3744 Ezech.
2650 3685 2954 3761 Dominus,

548 3763 687 3840 quia
714 3779 885 3820 nemo
912 3761 1110 3822 venire
1138 3763 1310 3823 debet
1338 3764 1398 3822 in
1434 3771 1658 3842 partem
1684 3783 1872 3843 poenas
1919 3765 2022 3842 qui
2069 3765 2254 3844 culpae
2304 3766 2618 3842 συμμίτοχος
2666 3775 2726 3826 et
2769 3765 2958 3825 affinis

548 3842 953 3921 quadantenus
978 3859 1096 3901 non
1122 3843 1313 3921 fuerit,
1342 3842 1680 3923 prophetam
1709 3855 1902 3904 autem
1929 3846 2091 3924 loqui
2119 3845 2192 3904 de
2219 3845 2320 3905 tali
2359 3846 2481 3904 filio
2509 3847 2608 3924 qui
2635 3865 2754 3904 non
2781 3847 2956 3905 modo

548 3943 671 3981 non
695 3921 955 3982 imitatur
980 3931 1217 4000 peccata
1242 3926 1513 4002 parentis,
1544 3924 1652 3984 sed
1677 3945 1751 3985 ea
1773 3935 2074 3985 aversatur
2101 3933 2160 3985 et
2187 3925 2352 4003 fugit,
2397 3933 2558 4003 patet
2598 3945 2674 3984 ex
2701 3945 2770 3985 eo
2799 3925 2956 4003 quod

548 4003 706 4078 dicit,
737 4023 796 4062 v.
830 4005 922 4078 19,
970 4005 1008 4037 “
1030 4004 1219 4080 Quare
1246 4025 1361 4064 non
1409 4006 1523 4064 fert
1548 4005 1912 4083 iniquitatem
1960 4006 2142 4083 patris
2161 4009 2192 4064 ἰ’
2231 4006 2368 4083 quia
2394 4005 2533 4065 fecit
2571 4005 2858 4084 judicium
2897 4015 2956 4067 et

537 4081 846 4163 justitiam,
876 4081 1009 4143 ideo
1035 4085 1291 4145 vivendo
1316 4085 1545 4148 vives.'’

629 4163 828 4223 XLV.
872 4167 929 4225 4.
963 4165 1217 4244 Disting.
1262 4167 1375 4226 Jus
1416 4167 1670 4224 scr-ictum
1712 4174 1772 4225 et
1809 4185 2084 4225 summum
2131 4165 2206 4225 ab
2235 4167 2437 4226 eodem
2467 4167 2726 4246 aequitate
2761 4167 2956 4244 aliqua

548 4253 603 4304 et
626 4247 855 4322 ὂηωιιίςι
878 4254 1213 4324 temperato,
1244 4247 1561 4306 secundum
1589 4246 1750 4322 prius
1794 4247 1954 4305 Deus
1995 4252 2187 4323 potest
2213 4255 2451 4325 peccata
2484 4257 2786 4325 pareutum
2817 4246 2954 4305 visi-

546 4331 669 4384 tare
697 4326 759 4382 in
786 4325 938 4400 filiis,
968 4333 1029 4384 et
1053 4324 1244 4404 reipsa
1263 4327 1480 4401 visitat,
1512 4325 1671 4403 quod
1696 4325 1888 4386 Exod.
1912 4347 2014 4385 xx.
2037 4323 2230 4402 edicit,
2255 4335 2316 4386 at
2336 4336 2600 4406 respectu
2623 4327 2958 4405 posterioris

546 4421 665 4462 non
690 4403 935 4464 ulterius
1056 4425 1189 4465 nam
1217 4425 1391 4485 quam
1420 4407 1481 4464 in
1508 4425 1640 4465 reos
1685 4406 1842 4484 ipsos
1890 4416 1951 4466 et
1997 4415 2271 4466 nocentes
2300 4407 2554 4486 grassari
2583 4407 2756 4480 sinit;
2799 4405 2960 4484 quod

546 4501 611 4542 se
638 4481 924 4542 facturum
992 4485 1223 4564 einceps
1251 4506 1393 4563 erga
1427 4487 1471 4546 J
1473 4485 1674 4545 udseos
1715 4494 1964 4547 testatur
1990 4486 2146 4564 apud
2176 4487 2431 4562 Ezech.;
2481 4488 2644 4565 prius
2692 4487 2842 4547 illud
2881 4485 2962 4546 ad

545 4561 737 4621 foedus
760 4561 953 4638 legale
976 4565 1206 4642 proprie
1234 4567 1499 4643 pertinet,
1530 4567 1591 4624 in
1619 4585 1736 4645 quo
1765 4587 2031 4627 severum
2067 4576 2127 4627 et
2153 4567 2569 4628 inexorabilem
2593 4567 2852 4645 Judicem
2895 4587 2962 4627 se

548 4639 827 4718 exhibet;
877 4650 940 4701 at
964 4645 1251 4719 posterius
1278 4645 1467 4724 magis
1492 4645 1722 4706 aceedit
1746 4648 1822 4707 ad
1849 4647 2251 4726 evangelicum
2300 4647 2361 4708 in
2410 4667 2526 4726 quo
2575 4647 2962 4726 benignitatis
