3234 5192
380 420 610 462 msrur.
642 400 849 485 nnn]
946 420 1025 460 nr:
1068 418 1543 461 sarm-*semotus
1571 420 1808 461 cnaxsrt
1839 420 2263 462 PERPECTloNE.
2673 410 2789 467 699

381 562 538 640 quod
562 571 799 622 vocatur
820 563 954 621 ultio
982 561 1232 637 Domini,
1260 581 1381 619 ver.
1414 563 1508 620 34.
1562 566 1643 621 3⁰.
1676 561 1864 621 Exod.
1891 562 2078 621 xxxii.
2105 566 2196 640 10,
2233 566 2324 639 14,
2359 564 2521 623 Deus
2549 572 2796 628 testatur

383 662 445 701 se
475 652 773 719 peccatum
816 642 1155 701 idololatriae
1198 642 1273 699 ob
1301 660 1500 717 preces
1530 641 1717 700 Mosis
1747 641 2049 717 dimisisse,
2081 651 2140 701 et
2165 652 2358 702 tamen
2387 652 2620 721 propter
2648 648 2796 706 illud

382 732 681 800 peecatum
712 722 895 780 multa
920 722 1104 779 millia
1124 722 1517 780 Israelitarum
1546 721 1986 781 interficiuntur.
2031 727 2113 782 4⁰.
2139 723 2294 781 Mosi
2322 731 2381 782 et
2409 726 2629 784 Aaroni
2660 747 2792 802 pec-

383 812 575 861 catum
604 802 1023 861 incredulitatis
1050 802 1430 879 proculdubio
1471 803 1776 861 remissum
1805 811 1910 878 est,
1942 812 2135 862 tamen
2162 812 2356 863 manet
2383 824 2553 881 poena
2579 805 2796 864 luenda

384 890 517 960 post
544 882 773 957 culpam
799 882 1116 956 remissam,
1148 882 1283 958 quia
1311 882 1635 941 moriuntur
1661 882 1722 940 in
1767 882 2014 958 deserto,
2063 882 2234 941 Num.
2267 904 2368 943 xx.
2399 888 2495 959 24,
2527 892 2586 943 et
2617 885 2792 945 Deut.

384 960 573 1021 xxxii.
606 964 701 1035 50,
734 963 828 1020 51.
875 962 970 1019 Ex
998 962 1209 1039 quibus
1230 970 1289 1021 et
1315 962 1445 1021 aliis
1474 961 1758 1021 similibus
1787 961 1931 1021 locis
1953 962 2237 1039 colligunt
2263 964 2386 1022 fieri
2415 984 2584 1041 posse
2611 974 2677 1023 ut
2704 985 2796 1023 re·

386 1042 564 1099 missa
608 1042 777 1117 eulpa
826 1050 1061 1119 propter
1089 1042 1304 1101 Christi
1356 1042 1840 1119 Satisfactionem,
1871 1050 2103 1101 maneat
2147 1052 2341 1103 tamen
2384 1044 2553 1103 nobis
2579 1044 2796 1103 luenda

385 1140 558 1199 poena
579 1121 844 1198 quaedam
872 1122 1219 1199 temporalis.

469 1201 686 1259 XVII.
722 1201 851 1285 ,Sed
878 1222 995 1261 non
1044 1202 1274 1261 difficile
1303 1210 1396 1260 est
1416 1201 1527 1261 hoc
1558 1201 1732 1261 etiam
1775 1200 2259 1261 Adversariorum
2287 1203 2467 1261 telum
2495 1204 2790 1282 repellere,

386 1281 438 1339 si
464 1281 637 1340 modo
659 1281 1070 1359 distinguimus
1094 1283 1305 1341 Poenas
1322 1283 1567 1358 proprie
1578 1282 1782 1358 dictas,
1807 1302 1842 1339 a
1869 1284 2056 1361 poenis
2084 1285 2372 1359 analoqice
2401 1292 2460 1342 et
2485 1284 2796 1363 improprie

386 1360 469 1419 ita
496 1361 684 1437 dictis,
715 1361 795 1420 id.
824 1362 1071 1421 miseriis
1100 1370 1159 1421 et
1186 1362 1628 1422 calamitatibus.
1675 1362 1726 1420 N
1732 1382 1807 1420 on
1829 1382 2109 1440 negamus
2127 1364 2278 1421 enim
2307 1364 2469 1422 varia
2495 1384 2795 1441 poenarum

388 1460 604 1517 genera
630 1462 757 1500 esse
785 1443 997 1519 quibus
1028 1444 1188 1502 Deus
1218 1443 1277 1501 in
1296 1450 1628 1520 peccatores
1655 1443 2079 1501 animadvertit.
2156 1442 2272 1501 Sed
2300 1444 2451 1502 inter
2477 1464 2576 1503 eas
2603 1452 2798 1504 tamen

388 1542 665 1599 magnum
693 1521 1002 1581 discrimen
1030 1531 1119 1582 est
1146 1522 1628 1582 constituendum.
1675 1522 1898 1600 Quippe
1918 1524 2056 1582 licet
2076 1523 2151 1582 ab
2179 1523 2381 1582 eodem
2411 1544 2610 1583 omnes
2638 1525 2797 1585 fonte

388 1601 659 1679 profectae
711 1603 1031 1679 videantur,
1078 1612 1314 1681 peccato
1359 1603 1650 1678 videlicet,
1683 1604 1847 1680 cujus
1896 1612 2058 1663 reatu
2109 1606 2144 1637 “
2165 1604 2292 1662 haec
2319 1605 2600 1663 malorum
2627 1606 2798 1665 terris

388 1682 651 1741 incubuit
678 1684 940 1759 cohors,''
984 1685 1095 1743 etsi
1142 1683 1318 1743 facies
1367 1692 1607 1743 externa
1655 1682 1801 1741 nihil
1849 1682 2091 1759 differat,
2121 1682 2256 1742 finis
2282 1692 2477 1743 tamen
2505 1694 2563 1744 et
2590 1686 2798 1745 modus

390 1762 821 1823 diversissimus
842 1772 948 1823 est.
992 1765 1142 1822 Nam
1170 1774 1235 1823 ut
1263 1767 1421 1823 Deus
1447 1763 1714 1823 bifariam
1743 1764 1989 1841 spectari
2017 1772 2225 1841 potest,
2255 1766 2353 1824 vel
2383 1774 2447 1825 ιιι
2472 1760 2672 1825 Jiadex
2699 1767 2798 1825 vel

390 1850 456 1901 ιιι
486 1843 675 1919 Pater,
706 1852 773 1904 ut
799 1845 844 1904 J
846 1844 1001 1903 udex
1030 1844 1131 1921 qui
1158 1846 1283 1923 agit
1308 1865 1384 1903 ex
1406 1844 1637 1921 justitia
1678 1843 1752 1901 ad
1781 1843 2116 1920 vindictam,
2147 1854 2214 1904 ut
2244 1845 2417 1904 Pater
2444 1846 2540 1923 qui
2573 1848 2696 1924 agit
2723 1866 2800 1905 ex

388 1942 582 1982 amore
630 1923 705 1981 ad
760 1925 1210 2001 correctionem3
1266 1934 1333 1984 ut
1374 1926 1616 1983 homines
1656 1924 1718 1981 in
1773 1923 1994 2001 duplici
2033 1924 2234 1984 ordine
2276 1928 2498 1985 censeri
2535 1936 2798 2004 possunt,

390 2002 489 2059 vel
536 2010 603 2060 ut
652 2003 813 2077 impii
858 2004 958 2080 qui
1010 2004 1159 2079 legis
1209 2003 1601 2062 maledictioni
1653 2003 1915 2080 subsunt,
1967 2004 2064 2062 vel
2105 2012 2170 2063 ut
2197 2006 2402 2080 fideles
2443 2006 2544 2081 qui
2584 2006 2800 2083 recepti

388 2088 523 2139 sunt
564 2081 625 2137 in
665 2082 855 2140 foedus
896 2083 1097 2158 gratiae
1129 2104 1143 2157 3
1210 2082 1304 2139 Ita
1344 2082 1561 2157 duplex
1602 2090 1694 2138 est
1737 2082 1848 2139 Dei
1901 2083 2205 2158 judicium,
2251 2083 2410 2140 aliud
2451 2086 2628 2159 leqale
2668 2087 2798 2142 vin-

390 2159 577 2235 dictae,
624 2160 781 2217 aliud
822 2162 1227 2235 Evanqelicum
1268 2167 1328 2218 et
1367 2168 1670 2235 paternum
1711 2160 2109 2235 castigationis
2140 2182 2153 2234 3
2201 2161 2280 2219 Et
2319 2162 2642 2233 afflictiones
2669 2182 2799 2239 quae

390 2239 722 2297 hominibus
762 2239 1150 2298 immittuntur
1190 2238 1433 2298 duorum
1477 2246 1611 2296 sunt
1655 2256 1948 2313 generum,
1996 2238 2150 2296 Aliae
2205 2241 2392 2316 poenis
2421 2241 2648 2317 proprie
2677 2242 2799 2302 dic-

390 2318 467 2377 tis
530 2326 923 2389 accensentur,
966 2318 1103 2395 quia
1162 2318 1450 2395 peccatori
1511 2336 1587 2375 ex
1645 2317 1846 2375 ordine
1899 2317 2143 2396 justitiae
2201 2318 2416 2378 divinae
2459 2319 2802 2397 infliguntur

391 2397 468 2457 ad
522 2399 803 2458 ultionem
845 2407 905 2459 et
966 2397 1415 2459 satisfactionem
1476 2398 1589 2456 Dei
1631 2397 1853 2475 offensi,
1899 2398 2225 2476 cujusmodi
2267 2408 2401 2459 sunt
2441 2400 2558 2459 illae
2600 2421 2801 2461 omnes

391 2498 522 2557 quae
562 2478 755 2556 impiis
796 2488 855 2539 et
896 2480 1155 2557 reprobis
1195 2480 1294 2539 vel
1332 2479 1393 2538 in
1436 2480 1546 2538 hoc
1584 2479 1802 2539 mundo
1846 2479 2201 2558 infliguntur,
2245 2481 2341 2539 vel
2383 2482 2445 2539 in
2486 2482 2668 2541 altero
2712 2482 2800 2541 in-

394 2558 664 2637 fligendae
708 2568 858 2636 sunt,
891 2559 1047 2619 Aliae
1088 2581 1229 2620 vero
1252 2560 1572 2639 ,analogice
1613 2568 1840 2621 tantum
1885 2562 1966 2620 ita
2012 2572 2312 2636 vocantur,
2343 2562 2480 2638 quia
2507 2582 2624 2620 non
2667 2572 2803 2623 sunt

394 2658 581 2718 poenae
634 2640 961 2718 judiciales,
1006 2640 1111 2700 sed
1151 2652 1442 2719 paternoe3
1488 2661 1605 2700 non
1647 2641 1720 2700 ad
1762 2642 2096 2717 vindictam,
2149 2643 2252 2701 sed
2293 2644 2368 2701 ad
2409 2643 2752 2702 medicinam
2784 2665 2800 2720 3

392 2740 509 2780 non
539 2741 613 2780 ex
654 2722 741 2780 ira
780 2721 1029 2797 Judicis‚
1062 2722 1165 2779 sed
1192 2742 1268 2780 ex
1310 2741 1503 2781 amore
1544 2722 1762 2798 patris3
1806 2742 1923 2781 non
1966 2722 2042 2779 ad
2083 2722 2548 2798 destructionem,
2596 2723 2699 2783 sed
2727 2724 2804 2781 ad

393 2801 806 2860 correctionem
834 2822 850 2877 3
894 2820 1011 2858 non
1054 2800 1351 2877 supplicia,
1385 2800 1488 2857 sed
1528 2800 1783 2858 remedia
1811 2823 1825 2875 3
1870 2821 1985 2858 non
2017 2801 2332 2859 satisfactio
2359 2804 2799 2879 praeteritorum,

395 2879 499 2939 sed
526 2880 836 2957 praecautio
864 2880 1221 2956 futurorum3
1267 2878 1467 2956 quales
1486 2898 1674 2955 poenae
1704 2887 1839 2936 sunt
1865 2880 1982 2937 illae
2011 2898 2210 2937 omnes
2237 2898 2366 2955 quae
2395 2879 2665 2939 fidelibus
2693 2882 2800 2939 im-

392 2958 715 3033 mittuntur,
764 2976 893 3035 quae
927 2962 1105 3036 juxta
1130 2958 1323 3017 varios
1362 2956 1509 3015 fines
1551 2957 1976 3016 distribuuntur
2003 2958 2064 3016 in
2094 2966 2209 3015 tres
2258 2958 2520 3033 species:
2578 2963 2629 3018 1.
2676 2986 2800 3019 παι-

394 3034 521 3096 Bu'av
570 3046 630 3097 et
672 3044 917 3113 novantur,
961 3058 1090 3115 quae
1141 3046 1231 3096 est
1280 3046 1520 3116 paterna
1561 3037 1867 3113 castigatio
1909 3058 2038 3113 quse
2079 3036 2154 3095 ad
2201 3038 2562 3113 peccantium
2608 3058 2804 3098 emen-

396 3117 688 3176 dationem
730 3126 953 3177 tantum
989 3116 1255 3195 pertinet,
1301 3117 1372 3175 de
1416 3136 1531 3193 qua
1575 3116 1728 3174 Heb.
1773 3116 1874 3175 xii.
1907 3120 1962 3191 6,
1995 3120 2050 3188 7,
2083 3116 2268 3192 Apoc.
2298 3117 2380 3174 iii.
2414 3120 2528 3193 193
2574 3123 2631 3179 2.
2662 3116 2799 3179 δοκι-

392 3198 599 3273 μασίαν,
631 3216 761 3275 quse
789 3206 877 3256 est
904 3198 1137 3275 pietatis
1153 3196 1475 3273 exploratio
1497 3216 1628 3273 quae
1650 3195 1892 3255 refertur
1909 3196 1983 3255 ad
2001 3197 2347 3275 exemplum,
2369 3196 2440 3256 de
2459 3217 2572 3276 qua
2590 3200 2800 3259 Jacob.

396 3279 434 3336 i.
466 3282 521 3352 2,
555 3280 609 3355 3,
630 3286 696 3337 ut
722 3278 912 3336 visum
941 3277 1050 3336 fuit
1078 3278 1139 3334 in
1156 3276 1493 3335 Abrahamo
1512 3286 1570 3335 et
1598 3276 1642 3335 J
1645 3276 1757 3335 obo
1780 3298 1795 3351 3
1841 3278 1897 3336 3.
1925 3274 2208 3359 μιςτῦςιον,
2229 3278 2388 3355 quod
2415 3288 2638 3356 spectat
2665 3281 2800 3339 doc-

394 3359 562 3416 trinae
590 3358 843 3418 coelestis
870 3377 973 3436 per
998 3357 1291 3434 proprium
1320 3356 1662 3435 sanguinem
1690 3356 2170 3435 obsignationem,
2201 3358 2274 3417 de
2302 3378 2418 3436 quo
2447 3362 2484 3417 2
2503 3360 2653 3420 Tim.
2683 3361 2721 3421 i.
2743 3364 2800 3439 8,

397 3445 456 3497 et
485 3438 673 3517 Apoc.
702 3438 782 3496 vi.
814 3440 870 3497 9.

480 3518 731 3577 XVIII.
777 3518 909 3577 Non
936 3536 1216 3594 negamus
1245 3516 1476 3595 quidem
1505 3518 1611 3576 has
1643 3516 1996 3578 calamitates
2013 3538 2217 3595 poenas
2251 3538 2420 3595 posse
2449 3519 2565 3577 dici
2593 3520 2804 3597 impro-

390 3598 524 3674 prie
551 3602 889 3677 etfiqurate,
914 3607 973 3657 et
1002 3598 1083 3655 sic
1104 3616 1221 3656 non
1249 3618 1378 3656 raro
1406 3598 1599 3657 vocari
1625 3599 1683 3656 in
1712 3598 2006 3675 Scriptura
2025 3600 2202 3657 variis
2231 3599 2304 3657 de
2321 3598 2546 3658 causis:
2579 3602 2632 3657 1.
2655 3600 2804 3675 Quia

396 3678 551 3736 mala
577 3678 689 3737 ista
715 3687 775 3739 et
801 3676 1137 3737 afflictiones
1172 3686 1378 3736 natura
1406 3696 1509 3736 sua
1536 3678 1758 3755 peccati
1789 3687 1923 3738 sunt
1951 3698 2134 3756 poenae
2165 3686 2222 3737 et
2250 3677 2598 3754 stipendium
2622 3700 2637 3754 3
2685 3678 2804 3739 Ita-

398 3777 510 3834 que
556 3778 885 3835 quanquam
929 3757 1199 3816 fidelibus
1242 3758 1455 3835 quibus
1498 3766 1732 3836 propter
1760 3758 2051 3817 Christum
2095 3758 2240 3816 nihil
2285 3758 2510 3833 poenale
2555 3758 2806 3837 amplius

398 3846 659 3914 superest
686 3837 1004 3915 ferendum,
1048 3856 1165 3895 non
1193 3837 1269 3896 ad
1292 3854 1542 3916 poenam,
1574 3836 1679 3895 sed
1707 3836 1781 3895 ad
1807 3838 2153 3896 medicinam
2181 3845 2239 3895 et
2265 3836 2496 3914 pietatis
2523 3839 2804 3898 exercita-

398 3918 615 3976 tionem
644 3918 1007 3995 infligantur3
1037 3924 1232 3975 tamen
1253 3918 1390 3993 quia
1408 3917 1519 3975 hoc
1546 3916 1766 3975 habent
1783 3926 1989 3976 natura
2018 3938 2138 3991 sua,
2162 3926 2384 3975 mutato
2413 3924 2568 3975 statu
2594 3938 2806 3977 nomen

400 3997 590 4056 adhuc
616 3999 898 4056 retinetur
923 3997 1239 4075 antiquum,
1288 4006 1347 4055 et
1384 4016 1571 4074 poenae
1605 3996 1877 4056 dicuntur
1903 3998 2040 4074 quia
2068 3998 2204 4055 olim
2233 3997 2481 4071 fuerunt,
2525 4005 2583 4055 et
2612 3998 2662 4055 si
2688 4016 2806 4058 non

384 4079 734 4153 formaliter,
784 4086 847 4136 at
888 4078 1258 4137 materialiter
1296 4076 1452 4135 idem
1481 4086 1616 4136 sunt
1644 4097 1775 4136 cum
1804 4098 1872 4136 eo
1900 4077 2054 4153 quod
2077 4076 2240 4154 impii
2266 4076 2572 4154 patiantur,
2605 4077 2806 4137 eadem

400 4158 699 4217 calamitas
726 4164 1002 4234 utrosque
1029 4176 1179 4235 saepe
1209 4155 1434 4234 premit,
1477 4156 1614 4216 licet
1643 4158 1756 4216 alio
1785 4166 1958 4233 atque
1985 4156 2100 4216 alio
2127 4156 2259 4215 fine.
2344 4159 2400 4215 2.
2447 4156 2596 4230 Quia
2636 4164 2703 4215 ut
2745 4158 2805 4216 in

358 4238 629 4316 ‘proprie
659 4237 828 4297 dictis
856 4236 1043 4315 poenis
1070 4246 1369 4315 peccatum
1398 4244 1488 4295 est
1515 4238 1742 4296 occasio
1771 4245 1829 4296 et
1877 4256 2051 4295 causa
2091 4235 2403 4313 impulsiva
2435 4236 2682 4313 illarum,
2727 4238 2810 4298 ita

398 4318 756 4377 calamitates
799 4318 925 4376 istae
971 4338 1047 4375 ex
1092 4318 1390 4376 occasione
1433 4318 1658 4393 peccati
1699 4324 1758 4375 et
1793 4324 2028 4394 propter
2052 4315 2198 4374 illud
2224 4316 2649 4393 immittuntur3
2692 4318 2808 4377 nisi

400 4398 555 4457 enim
582 4406 881 4475 peccatum
910 4405 1065 4457 esset
1090 4396 1252 4455 nulla
1279 4396 1575 4455 calamitas
1602 4397 1662 4453 in
1697 4396 1912 4455 mundo
1954 4404 2298 4454 cerneretur.
2383 4399 2439 4455 3.
2485 4396 2634 4471 Quia
2675 4418 2808 4457 caro

399 4478 527 4555 ipsa
554 4476 713 4535 luere
741 4476 929 4551 debet,
962 4485 1131 4536 vetus
1159 4476 1331 4535 homo
1360 4476 1577 4535 aboleri
1605 4485 1665 4536 et
1692 4474 1926 4548 destrui,
1971 4484 2030 4535 et
2057 4484 2357 4554 peccatum
2387 4476 2446 4535 in
2475 4496 2644 4535 carne
2675 4497 2811 4536 con-

400 4558 661 4618 demnari
689 4566 747 4617 et
774 4556 964 4637 puniri
988 4580 1003 4633 3
1046 4576 1155 4615 nec
1182 4556 1335 4615 enim
1366 4556 1573 4615 sufficit
1601 4556 1894 4615 Christum
1922 4556 1983 4613 in
2011 4576 2182 4616 carne
2211 4577 2315 4615 sua
2347 4556 2495 4618 illud
2535 4557 2803 4615 condem·

400 4658 588 4715 nasse,
612 4638 779 4698 Rom.
799 4638 922 4697 viii.
943 4640 998 4714 3,
1020 4640 1075 4714 4,
1108 4645 1166 4698 et
1192 4645 1447 4696 veterem
1474 4636 1768 4695 hominem
1796 4656 1864 4695 ac
1893 4658 2100 4716 corpus
2127 4638 2350 4716 peccati
2371 4637 2526 4697 cruci
2553 4636 2804 4695 affixisse

400 4718 477 4778 ad
505 4719 851 4779 deletionem
879 4726 1091 4793 reatus,
1136 4716 1251 4776 nisi
1294 4716 1439 4775 illud
1482 4715 1673 4794 ipsum
1714 4716 1776 4775 in
1821 4737 1990 4777 carne
2031 4728 2230 4778 nostra
2256 4718 2556 4796 crucifigat
2585 4724 2642 4776 et
2669 4736 2806 4775 con·
