3234 5192
326 391 557 435 maru-r.
588 373 679 452 aa]
1266 387 1345 427 m:
1388 387 1692 428 snam-:nra
1721 387 1912 429 AEnao.
2627 377 2742 434 377

328 535 469 596 talia
515 534 895 592 instrumenta
938 527 1253 588 adhibebat
1296 529 1359 588 in
1408 530 1639 608 signum
1689 531 1892 608 gratiae
1939 538 1998 590 et
2035 530 2268 591 virtutis
2327 551 2463 608 suae,
2495 552 2626 611 quae
2671 534 2749 594 ad

329 635 529 676 eorum
554 611 919 692 praesentiam
958 609 1318 687 operabatur.
1402 611 1776 670 Necessarius
1819 619 1942 669 erat
1989 631 2130 690 ergo
2171 613 2417 672 intuitus
2466 615 2751 691 serpentis

330 715 491 755 mera
509 693 853 753 necessitate
880 691 1169 768 praecepti,
1201 691 1339 768 quia
1368 691 1531 751 Deus
1546 693 1698 750 hanc
1728 691 2116 750 conditionem
2143 693 2216 751 ab
2245 693 2318 751 iis
2345 693 2620 770 exigebat
2646 695 2750 772 qui

334 776 526 836 sanari
552 773 847 846 volebant,
877 791 993 848 qua
1020 771 1249 830 sublata
1274 772 1435 830 nulla
1456 773 1664 830 morsis
1685 791 1818 849 spes
1845 791 1972 830 esse
2000 781 2226 850 poterat
2253 773 2478 832 salutis·
2563 775 2747 834 Caete·

335 875 465 916 rum
494 855 545 914 si
572 860 901 932 quaeratur:
946 850 1249 926 Quomodo
1288 871 1525 929 serpens
1550 853 1662 912 iste
1689 872 1886 911 aeneus
1931 853 2184 929 potuerit
2227 853 2482 930 conspici
2511 875 2546 912 a
2586 864 2748 914 tanto

334 935 567 1016 popule,
610 933 711 1012 qui
750 933 825 991 ob
874 933 967 992 sui
1018 931 1449 991 multitudinem
1497 933 1816 991 maximum
1865 934 2116 1010 spatium
2169 953 2450 1010 occupare
2505 934 2750 995 debuit?

342 1013 701 1094 Responderi
728 1021 935 1091 potest,
966 1013 1051 1071 ita
1076 1013 1138 1070 in
1184 1011 1367 1072 altum
1414 1013 1706 1072 elevatum
1749 1013 1926 1072 fuisse
1972 1021 2296 1090 serpentem
2323 1014 2382 1072 in
2411 1015 2602 1074 medio
2623 1037 2747 1074 cas·

338 1107 575 1172 trorum,
604 1103 672 1154 ut
699 1115 734 1152 a
760 1093 975 1171 populo
1002 1111 1119 1150 non
1160 1113 1315 1170 aegre
1358 1093 1613 1170 conspici
1659 1103 1892 1170 posset;
1939 1093 2017 1153 Et
2065 1093 2116 1152 si
2143 1094 2244 1170 qui
2271 1113 2387 1152 non
2415 1105 2654 1172 possent
2681 1097 2748 1154 il-

338 1179 461 1238 lum
489 1175 701 1234 intueri
727 1181 963 1251 propter
988 1172 1223 1230 nimiam
1253 1173 1603 1250 distantiam,
1635 1182 1901 1252 poterant
1927 1175 2194 1252 proprius
2230 1175 2520 1250 accedere,
2552 1177 2648 1235 vel
2675 1177 2751 1235 ab

339 1258 471 1317 aliis
500 1255 724 1328 deferri,
755 1262 821 1311 ut
848 1273 979 1312 eum
1006 1253 1381 1312 intuerentur.

427 1336 617 1395 XIII.
663 1334 821 1392 Hinc
861 1353 1001 1392 vero
1028 1352 1147 1391 non
1176 1333 1417 1393 obscure
1445 1334 1748 1410 evincitur,
1773 1333 1898 1392 sine
1925 1333 2148 1394 ratione
2171 1333 2508 1394 Pontificios
2535 1355 2612 1394 ex
2641 1335 2752 1396 isto

344 1424 611 1495 serpente
638 1421 1041 1491 argumentum
1068 1421 1263 1492 petere
1290 1433 1395 1492 pro
1435 1415 1597 1473 cultu
1624 1414 1960 1492 imaginum.
2046 1415 2200 1474 Nam
2238 1422 2454 1473 certum
2501 1423 2606 1491 est,
2637 1435 2755 1474 non

344 1496 655 1556 conflatum
684 1494 862 1553 fuisse
890 1502 955 1552 ut
982 1492 1331 1569 adoraretur,
1364 1494 1467 1554 sed
1508 1502 1732 1554 tantum
1777 1503 1844 1554 ut
1887 1494 2344 1572 conspiceretur3
2389 1514 2504 1553 non
2547 1496 2608 1552 in
2653 1497 2753 1554 ob-

336 1579 559 1656 jectum
588 1575 795 1648 cultus,
828 1574 931 1632 sed
956 1583 1179 1634 tantum
1210 1574 1727 1652 contemplationis,
1773 1594 1908 1632 nam
1951 1595 2262 1654 progressu
2302 1575 2594 1652 temporis,
2625 1597 2756 1636 cum

348 1657 631 1717 Israelitae
660 1655 911 1714 suffitum
952 1654 1039 1712 illi
1066 1655 1379 1732 adolerent,
1413 1655 1696 1714 Ezechias
1715 1655 1895 1728 jussit
1937 1675 2068 1714 eum
2113 1655 2442 1730 comminui,
2491 1664 2558 1714 ut
2583 1657 2758 1716 habe-

349 1747 459 1814 tur,
492 1743 529 1796 2
562 1738 709 1814 Reg.
738 1735 904 1794 xviii.
934 1738 989 1810 4,
1010 1755 1085 1794 ne
1112 1735 1172 1793 in
1190 1744 1481 1814 posterum
1512 1755 1581 1794 eo
1610 1736 1686 1793 ad
1714 1735 2096 1795 idololatriam
2125 1736 2498 1795 abuterentur
2525 1736 2758 1795 Israeli-

351 1827 444 1894 ιω,
479 1821 515 1851 “
538 1818 675 1894 Ipse
702 1815 949 1875 removit
978 1817 1225 1890 excelsa,
1256 1825 1316 1876 et
1344 1815 1630 1893 confregit
1658 1824 1896 1891 statuas,
1927 1824 1986 1875 et
2005 1816 2224 1875 excidit
2249 1817 2429 1890 lucos,
2459 1824 2520 1875 et
2547 1818 2759 1876 contri-

352 1899 441 1957 vit
468 1905 788 1976 serpentem
820 1915 1041 1954 aeneum
1064 1915 1233 1973 quern
1252 1895 1467 1955 fecerat
1495 1897 1711 1971 Moses,
1742 1896 1880 1972 quia
1907 1896 1982 1953 ad
2025 1896 2158 1955 illos
2185 1916 2368 1974 usque
2397 1896 2522 1955 dies
2552 1897 2760 1956 Israel-

354 1979 451 2039 itae
478 1977 787 2038 suffiebant
822 1977 893 2050 ei,
924 1983 985 2034 et
1011 1977 1245 2034 vocavit
1272 1995 1402 2035 eum
1426 1975 1806 2035 'Nechustan'’
1837 1997 1940 2054 per
1965 1985 2336 2052 contemtum,
2377 1984 2444 2034 ut
2471 1985 2766 2036 notaretur

356 2059 502 2118 nihil
530 2077 657 2118 esse
682 2056 797 2115 nisi
826 2075 921 2130 aes,
946 2056 1105 2132 quod
1122 2056 1269 2114 nihil
1298 2056 1525 2131 virium,
1556 2056 1704 2114 nihil
1722 2057 1863 2133 opis,
1896 2064 1956 2115 et
1981 2057 2128 2116 nihil
2155 2056 2478 2114 divinitatis
2505 2057 2760 2132 haberet,

356 2160 427 2198 ae
453 2137 695 2216 proinde
720 2155 909 2213 neque
939 2135 1155 2194 divinis
1182 2135 1497 2194 honoribus
1524 2145 1680 2194 esset
1721 2135 2104 2196 afficiendum.
2189 2137 2311 2196 Nec
2359 2136 2470 2194 hoc
2497 2134 2765 2196 dissimu-

354 2220 477 2276 lare
502 2225 817 2296 potuerunt
866 2215 1113 2275 Lorinus
1162 2223 1221 2274 et
1247 2216 1532 2292 Vasques,
1584 2216 1684 2292 qui
1733 2216 2000 2299 fatentur,
2061 2225 2384 2294 serpentem
2431 2217 2606 2275 istum
2651 2237 2766 2275 non

358 2298 535 2358 fuisse
563 2296 918 2375 propositum
964 2295 1039 2352 ad
1086 2295 1495 2371 adorationem,
1536 2297 1640 2354 sed
1675 2305 1900 2356 tantum
1948 2296 2024 2355 ad
2071 2296 2630 2376 contemplationem,
2661 2317 2769 2357 nec

357 2398 612 2456 unquam
640 2385 895 2454 tempore
920 2375 1104 2434 Mosis
1131 2375 1309 2436 fuisse
1336 2375 1660 2436 adoratum.

966 2455 1147 2516 XIV.
1196 2457 1393 2534 Atque
1414 2457 1537 2516 haec
1565 2457 1640 2517 de
1668 2459 1836 2536 Typo
1859 2457 2016 2517 dicta
2036 2466 2225 2517 sunto.
2311 2457 2480 2517 Nunc
2501 2456 2576 2516 ad
2599 2483 2768 2516 wun-

361 2539 654 2610 Mysus-‘ium
715 2550 841 2608 ,⁸⁰¹2
883 2539 951 2598 σὺ
978 2555 1081 2596 seu
1126 2537 1468 2616 mysterium
1515 2538 1624 2597 sub
1668 2539 1777 2597 hac
1820 2538 2010 2616 figura
2042 2546 2374 2598 contentum
2421 2538 2772 2597 veniendum

420 2603 729 2715 gfssffussnm
760 2610 837 2641 ⁰¹⁶
882 2625 989 2676 est.
1075 2618 1242 2678 Licet
1282 2619 1437 2677 enim
1485 2618 1656 2677 facile
1705 2619 2106 2690 concedamus,
2157 2619 2497 2678 miraculum
2542 2619 2652 2676 hoc
2683 2619 2773 2676 Is·

886 2698 1123 2757 raelitas
1150 2699 1493 2776 respexisse,
1537 2698 1840 2775 Deumque
1883 2699 1943 2756 in
1972 2717 2041 2756 eo
2083 2699 2247 2756 varia
2285 2697 2632 2758 documenta
2673 2697 2773 2755 de-

368 2781 541 2856 disse,
574 2801 703 2858 quae
732 2780 828 2838 vel
872 2777 949 2836 ad
975 2779 1197 2854 peceati
1226 2779 1573 2856 gravitatem
1602 2777 2035 2852 ostendendam,
2067 2777 2164 2836 vel
2192 2777 2268 2834 ad
2287 2777 2531 2853 justitiae
2561 2777 2775 2834 divinae

370 2863 737 2922 severitatem
786 2857 1230 2936 agnoscendam,
1274 2857 1373 2916 vel
1414 2857 1491 2914 ad
1536 2856 1946 2914 misericordiae
1988 2863 2047 2914 et
2075 2856 2276 2932 gratiae
2318 2855 2778 2931 magnitudinem

372 2941 775 3000 celebrandam
820 2938 1075 3011 faciunt;
1119 2937 1361 2995 dubium
1403 2945 1596 2993 tamen
1639 2954 1756 2992 non
1786 2942 1890 3008 est,
1935 2935 2076 3010 quin
2119 2934 2468 3012 peculiarem
2511 2934 2780 2994 habuerit

372 3021 539 3097 σχίσιν
566 3019 641 3076 ad
680 3017 1019 3094 mysterium
1048 3014 1285 3092 aliquod
1312 3014 1752 3090 Evangelicum‚
1783 3013 1939 3089 quod
1966 3032 2074 3071 nos
2107 3015 2166 3071 in
2194 3013 2304 3070 hac
2344 3012 2532 3088 figura
2573 3013 2778 3073 docere

372 3098 577 3158 voluit.
664 3098 743 3154 Et
770 3097 820 3154 si
850 3096 1111 3154 Christus
1152 3094 1277 3172 ipse
1318 3095 1429 3152 hoc
1457 3093 1625 3151 nobis
1653 3112 1770 3151 non
1817 3093 2116 3169 revelaret,
2147 3101 2214 3152 ut
2256 3092 2395 3151 facit
2443 3093 2776 3170 clarissime,

373 3181 417 3239 J
420 3181 515 3238 oh.
546 3178 625 3236 iii.
651 3180 742 3251 14,
779 3179 871 3250 15,
919 3178 955 3208 “
982 3175 1145 3233 Sicut
1186 3174 1444 3248 Moses,”
1496 3173 1702 3250 inquit,
1750 3175 1786 3206 ‘⁶
1807 3172 2062 3232 elevavit
2089 3181 2412 3251 serpentem
2443 3173 2501 3232 in
2531 3173 2777 3251 deserte,

376 3261 472 3320 Ita
499 3266 725 3336 oportet
754 3256 969 3315 Filium
999 3253 1249 3312 hominis
1277 3253 1508 3328 elevari,
1540 3261 1605 3312 ut
1633 3253 1896 3330 quisquis
1925 3253 2108 3312 credit
2134 3253 2196 3312 in
2223 3274 2374 3329 eum,
2403 3274 2522 3314 non
2561 3263 2776 3332 pereat,

376 3340 481 3400 sed
508 3339 719 3398 habeat
745 3337 928 3395 vitam
958 3343 1229 3394 aeternam
1250 3335 1307 3410 ;”
1343 3334 1495 3393 Satis
1522 3341 1718 3392 tamen
1745 3335 1830 3392 rei
1857 3334 2040 3412 ipsius
2065 3344 2273 3394 natura
2314 3335 2428 3393 hoc
2468 3335 2778 3396 evinceret.

378 3421 495 3480 Cur
536 3419 687 3478 enim
734 3418 895 3476 Deus
944 3415 1151 3474 mirum
1198 3414 1310 3474 hoc
1358 3423 1415 3473 et
1443 3414 1962 3474 extraordinarium
2000 3415 2240 3474 remedii
2277 3436 2462 3494 genus
2505 3415 2780 3475 adhibere

377 3500 674 3574 voluisset,
702 3498 753 3556 si
780 3496 1005 3556 nullum
1033 3495 1209 3554 alium
1250 3495 1425 3554 finem
1471 3495 1581 3554 sibi
1624 3496 2032 3573 proposuisset,
2065 3515 2238 3573 quam
2267 3497 2624 3556 sanationem
2651 3497 2782 3555 vul-

378 3589 706 3638 neratorum
726 3580 755 3636 ⁶?
813 3576 908 3634 An
940 3575 1269 3652 verisimile,
1296 3575 1638 3653 sapientiam
1667 3577 1793 3653 ejus
1819 3577 2456 3654 incomprehensibilem
2485 3597 2606 3635 rem
2636 3577 2782 3635 adeo

380 3658 692 3719 absurdam
719 3665 777 3716 et
805 3677 842 3716 a
866 3655 1085 3716 ratione
1130 3655 1375 3715 alienam
1420 3655 1696 3715 adhibere
1722 3657 1994 3732 voluisse,
2041 3657 2092 3715 si
2133 3657 2280 3715 nihil
2308 3656 2466 3716 aliud
2513 3655 2780 3732 intendit,

382 3758 555 3816 quam
582 3738 907 3816 prospicere
935 3735 1175 3795 medelae
1218 3736 1628 3811 Israelitarum,
1657 3755 1768 3795 nec
1807 3737 2050 3795 ulterius
2098 3736 2318 3816 aliquid
2362 3735 2667 3796 sublimius
2693 3755 2782 3794 re-

384 3818 669 3897 spexisset
688 3821 717 3877 1>
802 3817 967 3876 Idem
997 3837 1136 3894 ergo
1180 3817 1275 3875 hic
1324 3817 1632 3876 observare
1661 3816 1813 3892 licet,
1845 3817 2000 3894 quod
2029 3817 2090 3875 in
2118 3817 2248 3875 aliis
2297 3815 2652 3876 caeremoniis
2699 3816 2781 3874 le-

382 3900 613 3977 galibus
641 3918 757 3958 non
785 3899 983 3976 paucis
1012 3897 1275 3972 occurrit,
1307 3906 1375 3956 ut
1420 3917 1617 3956 earum
1659 3897 1940 3956 rationem
1968 3897 2074 3954 vix
2114 3896 2356 3956 reddere
2381 3897 2686 3973 possimus,
2733 3895 2784 3954 si

382 3981 443 4038 in
468 3979 710 4038 historia
736 3979 863 4057 ipsa
889 3987 947 4038 et
974 3986 1115 4056 typo
1136 3997 1451 4052 manemus,
1482 3997 1591 4035 nee
1633 3976 1708 4034 ad
1735 3976 2040 4037 veritatem
2067 3983 2126 4036 et
2167 3975 2494 4054 antitypum
2521 3975 2783 4034 ascendi-

380 4081 525 4136 mus,
558 4081 615 4119 v.
646 4079 705 4137 g.
735 4079 837 4119 cur
887 4060 1047 4117 Deus
1088 4057 1276 4116 voluit
1322 4065 1517 4126 postes
1547 4057 1946 4117 Israelitarum
1993 4057 2226 4135 aspergi
2269 4056 2568 4133 sanguine,
2599 4063 2665 4114 ut
2708 4056 2782 4114 ab

380 4141 591 4219 angelo
618 4140 1145 4199 internoscerentur
1184 4138 1258 4197 ab
1301 4137 1622 4216 AEgyptiis‚
1654 4137 1820 4214 quasi
1863 4136 2108 4213 angelus
2137 4136 2260 4196 sine
2302 4137 2414 4194 hoc
2457 4136 2626 4212 signo
2667 4155 2786 4195 non

378 4222 661 4300 potuisset
690 4220 829 4278 satis
857 4219 1181 4277 discernere
1214 4217 1417 4276 domos
1442 4225 1836 4294 utrorumque.
1923 4215 2039 4275 Sed
2081 4217 2162 4276 ita
2187 4235 2466 4294 magnum
2497 4215 2786 4294 Redemp-

380 4302 557 4361 tionis
584 4299 925 4378 mysterium
952 4298 1231 4374 retegitur
1258 4297 1589 4371 clarissime,
1615 4305 1682 4355 ut
1709 4305 1934 4356 constet
1963 4297 2244 4374 sanguine
2273 4297 2328 4355 A
2336 4296 2438 4374 gni
2472 4297 2584 4354 Dei
2611 4297 2788 4357 corda

382 4390 580 4441 nostra
596 4399 725 4439 esse
753 4377 1127 4456 aspergenda,
1146 4384 1213 4434 ut
1229 4395 1264 4433 a
1280 4396 1451 4454 poena
1478 4379 1760 4457 ὅλοθςιυτοῧ
1783 4384 1842 4434 et
1854 4377 2100 4453 justitiae
2121 4375 2334 4435 divinat
2361 4395 2536 4435 manu
2556 4376 2790 4436 liberari

382 4463 691 4539 possimus,
776 4460 871 4518 Ita
912 4477 1015 4516 cur
1058 4475 1293 4533 serpens
1335 4457 1577 4533 erigitur
1618 4457 1694 4514 ad
1742 4455 2057 4515 remedium
2106 4457 2296 4534 plagae
2345 4456 2738 4516 Israelitarum
2759 4463 2789 4518 P

386 4541 503 4601 Cur
530 4543 657 4619 ejus
685 4539 926 4599 intuitus
956 4540 1171 4596 sanat?
1252 4535 1385 4594 Hoc
1426 4556 1541 4596 non
1592 4537 1716 4596 sine
1760 4537 1981 4596 ratione
2029 4537 2280 4596 mirabili
2329 4537 2544 4598 factum
2587 4541 2788 4615 procul

386 4619 564 4680 dubio
593 4641 629 4679 a
658 4619 925 4692 DominO,
958 4617 1059 4677 sed
1082 4637 1345 4694 quaenam
1374 4617 1475 4675 illa
1512 4617 1602 4692 sit,
1635 4616 1912 4696 quicquid
1953 4617 1998 4678 J
1999 4617 2149 4678 udaei
2191 4618 2470 4692 adferant,
2493 4637 2790 4696 nunquam

386 4708 783 4778 assequentur,
815 4699 927 4758 nisi
956 4699 1244 4758 Christum
1292 4697 1633 4776 intueamur,
1673 4699 1776 4776 qui
1801 4705 1866 4758 ut
1895 4699 2120 4757 consilii
2169 4699 2352 4758 divini
2383 4708 2439 4758 et
2468 4698 2544 4756 V.
2575 4699 2644 4758 Τ.
2690 4700 2787 4756 In-
