3234 5192
502 341 619 402 392
1052 356 1130 396 m:
1160 355 1642 398 sArtsrAcrioms
1671 354 1906 396 cuatsrt
1933 354 2345 395 necessu-ars.
2537 335 2799 419 [msrur.
2831 360 2915 403 xl.

508 507 678 558 aetus
704 497 1001 556 arbitrarii
1029 504 1091 555 et
1114 497 1287 554 liberi
1314 515 1495 573 quem
1522 497 1690 554 Deus
1717 495 1908 570 possit
1953 513 2191 554 exerere
2230 497 2328 554 vel
2374 515 2496 554 non
2523 515 2762 558 exerere
2803 520 2916 578 pro

507 578 703 648 libitu,
732 577 836 634 sed
862 578 939 634 ad
968 577 1219 634 modum
1266 575 1660 652 proprietatis,
1709 576 1883 650 cujus
1910 575 2152 651 quidem
2203 575 2546 648 exercitium,
2577 579 2825 654 objecta,
2853 588 2918 640 et

508 657 673 716 modi
700 655 985 712 liberrime
1010 673 1051 713 a
1076 655 1207 713 Deo
1235 661 1295 712 et
1322 654 1753 729 sapientissime
1781 661 1850 710 ut
1875 653 2078 711 omnia
2103 654 2612 726 administrantur,
2641 660 2744 715 sed
2777 676 2916 733 quae

504 743 706 793 tamen
734 735 935 809 quoad
962 734 1219 791 radicem
1244 739 1305 790 et
1324 733 1684 809 principium
1711 732 1841 790 Deo
1859 731 1934 790 sit
1961 731 2294 790 essentialis.
2336 731 2480 790 Huc
2523 736 2828 808 pertinent
2845 755 2920 796 ea

506 813 709 872 omnia
741 813 875 869 loca
898 811 962 868 in
984 813 1203 889 quibus
1224 811 1389 869 Deus
1409 812 1630 870 dieitur
1645 812 1820 868 toties
1837 810 2002 885 juste
2019 816 2080 868 et
2103 808 2163 866 in
2179 810 2419 886 justitia
2435 813 2732 871 mundum
2749 816 2918 890 judi-

504 897 763 964 catmus,
784 891 847 946 in
869 890 1088 966 quibus
1104 889 1339 965 judicia
1362 907 1475 947 sua
1498 908 1575 947 ex
1594 889 1834 962 justitia
1857 905 2128 946 exercere
2153 888 2516 966 perhibetur,
2547 898 2618 949 ut
2643 892 2803 951 Psal.
2829 894 2914 952 ix.

506 971 563 1040 5,
592 977 655 1027 et
679 969 831 1026 cxix.
866 968 979 1032 137
1002 992 1017 1045 ;
1062 970 1200 1027 Act.
1244 967 1384 1025 xvii.
1428 967 1502 1026 31
1529 988 1544 1038 ;
1588 967 1767 1025 Rom.
1809 968 1870 1024 ii.
1913 967 1971 1038 5,
2011 973 2074 1025 et
2109 967 2193 1024 iii.
2237 967 2291 1038 6,
2333 969 2391 1040 6,
2433 971 2538 1026 &a
2577 969 2745 1029 Nam
2783 973 2917 1030 haee

506 1048 625 1104 dici
666 1066 787 1106 non
826 1054 1075 1120 possent
1113 1047 1227 1104 nisi
1258 1045 1499 1123 justitia
1536 1048 1666 1103 haec
1704 1045 2080 1121 particularis
2117 1045 2308 1104 virtus
2349 1055 2504 1106 esset
2541 1054 2603 1105 et
2647 1050 2913 1125 proprie-

506 1135 599 1184 tas
638 1126 931 1184 natm-alis
990 1145 1069 1184 ex
1108 1143 1231 1202 qua
1281 1125 1521 1200 justum
1560 1125 1693 1200 ejus
1725 1124 2028 1199 judicium
2066 1132 2402 1199 promanat.
2484 1126 2541 1184 2.
2605 1126 2742 1185 Imo
2801 1127 2914 1186 etsi

507 1206 787 1263 daremus
847 1205 1191 1264 adversario
1246 1203 1601 1277 scripturam
1648 1221 1754 1279 per
1785 1202 2086 1278 justitiam
2123 1203 2470 1279 aequitatem
2509 1211 2572 1262 et
2607 1205 2914 1264 rectitudi-

506 1301 646 1342 nem
687 1284 802 1342 Dei
840 1285 1215 1359 potissimum
1254 1282 1609 1356 intelligere,
1653 1282 1805 1340 nihil
1844 1288 2160 1357 propterea
2197 1283 2508 1340 decederet
2545 1301 2739 1342 causae
2779 1303 2914 1342 nos-

506 1369 633 1434 trae,
674 1381 813 1422 cum
850 1381 971 1420 non
1014 1363 1213 1421 minus
1250 1364 1365 1420 hac
1402 1361 1636 1419 ratione
1687 1360 1977 1435 stringere
2014 1359 2202 1434 possit
2241 1369 2662 1436 argumentum
2687 1383 2706 1432 ;
2747 1362 2913 1421 Nam

506 1459 663 1513 cum,
706 1447 777 1499 ut
816 1449 971 1500 reete
1010 1442 1401 1517 philosophus
1440 1439 1710 1511 tradidit,
1761 1437 2000 1514 justitia
2044 1438 2172 1496 haee
2211 1438 2402 1497 virtus
2441 1439 2520 1497 sit
2557 1441 2912 1498 universalis

507 1539 644 1596 quae
672 1521 821 1578 alias
849 1538 1055 1579 omnes
1082 1518 1194 1578 sub
1220 1537 1283 1578 se
1308 1519 1740 1592 complectitur,
1770 1517 2017 1574 omnino
2043 1516 2294 1592 aequitas
2321 1517 2450 1592 ipsa
2489 1536 2610 1577 non
2637 1519 2747 1578 erit
2786 1538 2913 1578 om-

506 1599 686 1656 nibus
724 1599 987 1656 numeris
1026 1598 1305 1656 absoluta
1342 1597 1468 1654 sine
1519 1595 1764 1670 justitia
1803 1594 2161 1666 vindicante,
2203 1596 2424 1672 quippe
2464 1597 2628 1676 quod
2668 1615 2911 1672 aequum

504 1677 599 1752 sit,
622 1677 745 1734 imo
774 1676 1195 1751 aequissimum,
1225 1682 1297 1732 ut
1322 1675 1438 1732 Dei
1481 1674 1690 1732 odium
1715 1679 1999 1732 testatum
2023 1671 2129 1730 fiat
2154 1673 2218 1730 in
2246 1683 2554 1747 peccatum
2577 1675 2907 1750 punitione,

506 1773 804 1830 suumque
814 1753 1137 1828 unicuique
1146 1753 1461 1811 tribuatur.
1484 1751 1585 1809 Ita
1600 1751 1898 1826 sijustitia
1905 1751 2256 1810 universalis
2264 1752 2324 1809 in
2331 1753 2639 1829 telligitur,
2650 1754 2910 1829 particu-

503 1833 647 1891 laris
656 1833 1109 1902 etiamnotatur,
1129 1849 1265 1908 quoe
1283 1831 1345 1888 in
1363 1831 1473 1888 illa
1481 1837 1555 1888 ut
1567 1829 1786 1905 species
1794 1829 1906 1888 sub
1915 1847 2129 1903 genere
2145 1831 2513 1892 continetur:
2533 1831 2614 1891 Ει
2627 1851 2769 1890 sane
2780 1833 2915 1907 jus·

505 1911 643 1969 titia
678 1912 788 1970 illa
826 1909 1177 1968 universalis
1204 1909 1468 1984 perfecta
1490 1926 1613 1966 non
1641 1915 1840 1982 posset
1865 1907 2002 1978 dici,
2030 1907 2144 1966 nisi
2191 1927 2328 1966 cum
2355 1927 2558 1969 amore
2585 1911 2914 1970 sanctitatis

504 1989 873 2064 concipiatur
888 2006 1013 2046 esse
1033 1988 1325 2046 aversatio
1342 1987 1503 2058 mali,
1527 1993 1587 2044 et
1602 2005 1678 2044 ex
1695 1985 2059 2046 aversatione
2077 1988 2357 2046 voluntas
2376 1989 2660 2062 puniendi
2679 2011 2696 2060 ;
2725 2007 2914 2066 quare

505 2068 666 2126 euim
683 2068 888 2144 justus
914 2067 1225 2138 diceretur,
1246 2065 1367 2123 nisi
1393 2066 1537 2142 quia
1563 2083 1862 2123 summam
1877 2063 2294 2124 rectitudinem
2320 2073 2380 2124 et
2407 2069 2778 2126 sanctitatem
2803 2071 2912 2128 ha-

505 2148 623 2220 bet,
645 2147 735 2205 ita
752 2153 825 2204 ut
842 2163 1037 2220 neque
1062 2145 1127 2202 in
1154 2144 1299 2220 ipso,
1329 2162 1524 2220 neque
1550 2143 1613 2200 in
1643 2143 1935 2220 operibus,
1964 2142 2096 2216 ejus
2115 2143 2438 2220 quicquam
2453 2146 2530 2204 sit
2555 2147 2719 2222 quod
2741 2147 2818 2204 ab
2839 2165 2914 2207 ea

507 2225 861 2284 rectitudine
884 2225 980 2282 vel
996 2223 1303 2282 tantillum
1320 2223 1560 2280 recedat
1579 2244 1594 2294 ;
1618 2232 1682 2281 at
1703 2223 1752 2280 si
1771 2221 1957 2298 possit
1975 2239 2095 2278 non
2115 2221 2328 2297 punire
2354 2231 2682 2298 peccatum,
2704 2234 2912 2300 posset

504 2323 628 2362 non
640 2304 850 2374 odisse,
874 2303 925 2360 si
938 2309 1137 2377 posset
1150 2319 1272 2358 non
1286 2301 1479 2359 odisse
1498 2309 1702 2376 posset
1717 2318 1934 2372 amare,
1952 2306 2013 2357 et
2033 2300 2114 2358 sic
2133 2317 2258 2357 non
2277 2308 2428 2359 esset
2446 2321 2676 2360 summe
2687 2303 2908 2378 justus.

506 2381 763 2442 Accedit
788 2381 964 2439 etiam
994 2381 1157 2455 quod
1184 2397 1323 2436 cum
1348 2397 1553 2454 poenas
1578 2386 1641 2436 et
1665 2378 1958 2455 supplicia
1981 2385 2360 2454 peccatorum
2387 2388 2674 2456 agnoscat
2699 2383 2910 2441 adver-

506 2460 697 2518 sarius
722 2477 847 2518 esse
872 2457 1117 2516 effectus
1146 2457 1281 2515 irati
1299 2456 1540 2531 judicis,
1563 2456 1808 2516 effectus
1822 2456 1924 2514 isti
1950 2456 2274 2514 necessario
2303 2466 2567 2532 arguunt
2591 2478 2826 2519 causam
2845 2461 2908 2520 in

501 2540 649 2614 ipse,
678 2555 860 2596 causa
884 2543 1089 2596 autem
1113 2536 1287 2594 nulla
1301 2535 1433 2593 dari
1458 2541 1655 2610 potest
1680 2535 1794 2593 nisi
1813 2534 2050 2610 justitia
2067 2535 2177 2593 illa
2201 2533 2560 2594 vindicatrix
2581 2558 2716 2613 quae
2745 2558 2912 2598 sanc-

500 2617 689 2756 tritatis
735 2623 1081 2760 et7summae
1124 2613 1497 2675 rectitudinis
1540 2632 1680 2689 pars
1707 2613 1984 2690 quaedam
2011 2619 2100 2672 est
2126 2620 2186 2671 et
2209 2617 2434 2695 ἀπορῥοὲ,
2462 2614 2506 2674 J
2510 2635 2592 2674 os.
2621 2617 2780 2675 xxiv.
2815 2618 2906 2692 19,

552 2697 658 2754 sal.
688 2695 770 2753 xi.
842 2740 857 2754 .

584 2775 807 2833 XXII.
838 2773 1046 2850 Excip.
1076 2778 1132 2833 2.
1166 2773 1393 2835 Odium
1440 2779 1501 2830 et
1540 2772 1694 2831 iram
1716 2772 1831 2831 Dei
1857 2791 1977 2831 non
2008 2773 2208 2831 statim
2225 2772 2440 2832 inferre
2458 2774 2763 2847 justitiam
2777 2775 2910 2832 vin-

499 2855 841 2914 dicatricem
868 2872 993 2914 esse
1022 2853 1153 2912 Deo
1181 2851 1573 2923 essentialem,
1601 2869 1776 2927 posse
1811 2852 1972 2910 enim
2000 2870 2122 2909 esse
2149 2851 2350 2910 liberae
2379 2853 2709 2911 voluntatis
2736 2853 2910 2912 effec-

498 2944 633 2992 tum
679 2952 801 2992 non
848 2932 1228 3009 proprietatis
1272 2929 1567 2989 naturalis
1614 2937 1852 3002 actum;
1897 2930 1988 2989 Ut
2023 2930 2188 2988 Deus
2216 2931 2408 2989 oderit
2433 2931 2579 3008 quia
2603 2932 2753 3003 vult,
2784 2949 2904 2989 non

500 3012 644 3088 quia
669 3031 708 3071 a
734 3019 949 3070 natura
968 3010 1296 3070 necessario
1324 3011 1403 3067 ad
1429 3008 1493 3066 id
1515 3009 1963 3067 determinatur.
1994 3013 2048 3068 2.
2076 3009 2204 3067 Etsi
2231 3009 2440 3068 odium
2455 3017 2607 3068 esset
2633 3011 2906 3069 naturale

495 3099 557 3150 et
580 3090 995 3160 necessarium,
1040 3108 1163 3148 non
1208 3087 1373 3165 sequi
1429 3087 1634 3146 statim
1659 3106 1848 3163 poenae
1885 3087 2314 3160 necessitatem,
2341 3094 2412 3145 ut
2437 3088 2500 3144 in
2527 3088 2699 3146 nobis
2725 3090 2908 3147 datur

498 3168 793 3226 aversatio
821 3168 947 3225 sine
974 3167 1301 3242 punitione,
1332 3183 1678 3224 aversamur
1697 3165 1844 3223 vitia
1870 3184 2075 3224 eorum
2105 3167 2210 3243 qui
2236 3184 2346 3224 nos
2372 3165 2594 3240 injuria
2621 3167 2904 3240 afficiunt,

500 3264 610 3304 nec
636 3245 837 3302 statim
882 3245 1023 3301 licet
1049 3251 1157 3303 aut
1182 3245 1353 3302 lubet
1378 3261 1451 3301 ea
1496 3243 1718 3314 ulcisci,
1750 3251 2023 3318 parentes
2043 3245 2302 3302 filiorum
2333 3242 2479 3302 vitia
2506 3244 2902 3320 detestantur,

498 3330 560 3381 et
584 3329 786 3380 tamen
812 3339 967 3396 saepe
994 3321 1121 3379 sine
1146 3339 1322 3398 poena
1347 3321 1682 3396 ignoscunt,
1711 3321 1923 3394 quidni
1947 3321 2018 3381 E.
2044 3323 2210 3381 Deus
2230 3322 2450 3399 pariter
2467 3322 2687 3397 poterit
2713 3323 2905 3384 odisse

498 3408 560 3459 et
585 3417 709 3457 non
734 3398 991 3476 punire?
1022 3399 1077 3456 3.
1099 3399 1162 3458 Si
1191 3399 1355 3456 Deus
1381 3398 1595 3474 punire
1623 3405 1817 3473 potest
1841 3398 1944 3456 ubi
1972 3419 2096 3458 non
2125 3401 2270 3472 odit,
2300 3399 2372 3460 E.
2395 3399 2534 3458 odio
2553 3399 2773 3458 habere
2799 3421 2907 3477 po-

496 3479 637 3538 terit
662 3484 723 3535 et
748 3494 871 3534 non
899 3477 1148 3552 punire3
1177 3476 1415 3552 punivit
1440 3483 1645 3533 autem
1661 3475 1883 3534 Filium
1911 3478 2346 3538 sanctissimum
2413 3496 2550 3534 uem
2578 3478 2719 3536 odio
2747 3497 2906 3538 nun-

492 3575 676 3635 quam
703 3554 931 3614 habuit.
964 3555 1140 3633 Resp.
1172 3555 1289 3615 Sed
1308 3555 1433 3613 haec
1456 3553 1657 3611 omnia
1676 3555 1774 3612 vel
1793 3554 1947 3614 falsa
1963 3564 2103 3615 sunt
2121 3559 2219 3615 vel
2241 3563 2374 3640 aare·
2437 3581 2616 3616 unum.
2643 3555 2746 3614 Ad
2777 3557 2900 3618 lum.

495 3636 630 3697 dico
646 3635 800 3696 falso
834 3634 1091 3710 supponi
1131 3633 1337 3694 odium
1360 3641 1422 3692 et
1440 3634 1593 3689 iram
1622 3649 1744 3690 esse
1771 3639 2009 3693 tantum
2035 3637 2238 3694 liberae
2267 3636 2596 3696 voluntatis
2622 3637 2901 3696 effectum

494 3724 556 3776 et
574 3735 699 3774 non
725 3712 1105 3791 proprietatis
1140 3713 1468 3772 essentialis
1508 3717 1729 3783 actum,
1757 3711 1897 3770 licet
1921 3714 2080 3772 enim
2109 3733 2148 3772 a
2181 3715 2372 3774 libera
2397 3717 2710 3775 voluntate
2737 3735 2902 3774 exer-

493 3803 715 3866 ceatur,
756 3811 879 3850 non
906 3791 1105 3850 minus
1130 3797 1328 3849 tamen
1346 3792 1411 3849 in
1432 3789 1720 3849 attributo
1741 3790 2040 3849 essentiali
2066 3793 2392 3866 fundatur;
2419 3793 2556 3852 Imo
2573 3813 2710 3854 eum
2733 3801 2902 3854 actus

488 3878 792 3952 supponat
810 3869 1133 3930 necessario
1154 3869 1445 3942 habitum,
1472 3869 1683 3943 utique
1710 3875 1878 3928 actus
1905 3870 2030 3927 odii
2049 3876 2110 3927 et
2135 3871 2238 3929 irae
2267 3872 2626 3947 principium
2653 3874 2903 3948 aliquod

490 3955 695 4029 arguit
720 3950 884 4027 quod
910 3966 1033 4005 non
1059 3955 1255 4025 potest
1282 3949 1447 4006 aliud
1478 3965 1603 4006 esse
1631 3947 1708 4006 ab
1735 3947 1864 4023 ipsa
1894 3948 2169 4023 justitia:
2212 3952 2378 4026 quod
2405 3952 2658 4009 ulterius
2685 3953 2902 4010 confir-

490 4039 709 4102 matur,
728 4028 870 4106 quia
882 4027 1173 4084 fundatur
1194 4025 1253 4084 in
1276 4026 1585 4086 sanctitate
1606 4025 1936 4101 etpuritate
1946 4027 2077 4097 Dei,
2091 4029 2251 4086 unde
2273 4027 2316 4087 J
2320 4047 2406 4088 os.
2427 4030 2594 4088 xxiv.
2622 4030 2712 4102 19,
2735 4030 2901 4088 Deus

488 4111 709 4169 dicitur
734 4125 858 4165 non
899 4106 1135 4164 laturus
1181 4105 1575 4165 defectionem
1600 4111 1662 4162 et
1687 4111 1928 4182 peccata
1953 4107 2162 4181 populi
2189 4106 2334 4184 quia
2361 4115 2450 4166 est
2476 4107 2897 4176 sanctissimus,

488 4196 550 4247 et
576 4187 737 4246 Hab.
771 4187 823 4245 1.
857 4184 949 4257 13,
970 4184 1294 4262 pur-itatem
1321 4183 1615 4243 oculorum
1642 4181 1763 4241 Dei
1788 4183 1871 4243 id.
1899 4183 2386 4262 perfectissimam
2414 4185 2786 4246 sanctitatem
2813 4185 2900 4242 ait

488 4286 730 4325 causam
750 4283 874 4324 esse
894 4282 1003 4322 cur
1023 4281 1147 4321 non
1174 4263 1432 4339 aspicere
1459 4262 1644 4337 possit
1668 4261 1916 4334 malum,
1939 4261 1988 4320 si
2007 4263 2079 4335 E,
2101 4265 2382 4323 sanctitas
2409 4271 2500 4324 est
2525 4262 2814 4322 naturalis
2835 4267 2897 4319 et

488 4346 695 4402 odium
717 4344 955 4418 pariter.
986 4342 1042 4400 2.
1069 4341 1230 4411 Quia
1256 4360 1427 4400 amor
1452 4341 1596 4399 boni
1623 4341 1684 4398 in
1715 4339 1846 4399 Deo
1873 4359 1996 4399 non
2023 4348 2113 4400 est
2131 4343 2476 4402 indifferens
2503 4343 2608 4400 sed
2628 4357 2895 4397 necessa-

486 4422 629 4492 rius,
652 4428 723 4478 ut
738 4422 897 4478 enim
924 4427 1087 4480 amat
1112 4421 1375 4496 seipsum
1391 4418 1737 4491 necessario,
1761 4419 1847 4477 ita
1861 4437 1983 4477 non
2011 4427 2208 4496 potest
2232 4440 2354 4480 non
2383 4437 2582 4480 amare
2607 4417 2896 4494 quicquid

486 4499 603 4557 sibi
642 4497 833 4556 simile
873 4505 963 4555 est
990 4519 1005 4568 ;
1051 4498 1123 4558 E.
1154 4501 1364 4558 odium
1389 4497 1502 4556 erit
1526 4497 1924 4556 necessarium
1952 4517 2024 4556 ex
2053 4500 2285 4558 ratione
2313 4497 2767 4556 contrariorum.
2837 4497 2893 4555 3.

489 4577 657 4645 Quia
678 4575 730 4632 si
756 4582 907 4634 esset
934 4583 1103 4634 actus
1126 4577 1281 4635 liber
1307 4583 1370 4635 et
1394 4575 1740 4634 indifferens
1766 4583 1966 4652 posset
1993 4595 2133 4636 eum
2161 4597 2286 4636 non
2313 4593 2569 4648 exerere,
2601 4575 2736 4636 Imo
2761 4593 2897 4650 pos-

482 4662 573 4715 set
591 4653 759 4729 juste
786 4653 1151 4712 contrarium
1177 4655 1352 4725 velle,
1380 4654 1442 4710 id
1464 4659 1554 4710 est
1580 4671 1780 4711 amare
1807 4661 2153 4732 peccatum;
2182 4675 2320 4715 nam
2349 4659 2516 4713 actus
2542 4653 2647 4729 qui
2677 4653 2739 4710 in
2767 4653 2896 4712 sola
