3234 5192
342 366 575 409 msrur.
606 348 773 429 vim]
1086 366 1314 410 noem
1344 368 1421 409 An
1450 367 1735 410 sconsam
1763 367 2031 409 noxam.
2273 350 2279 355 ⁴
2647 357 2762 415 199

338 506 603 567 tiocinari
630 506 929 567 dehemus.
1016 508 1271 569 Eatenus
1315 528 1453 569 sane
1496 509 1828 587 proximum
1875 508 2120 587 diligere
2167 516 2448 587 tenemur,
2501 519 2566 570 ut
2610 512 2758 572 nihil

336 588 671 647 omittamus
698 606 773 645 ex
792 588 884 663 iis,
916 606 1047 665 quas
1074 596 1317 666 possunt
1342 589 1530 647 facere
1558 588 1634 646 ad
1654 588 2105 665 promovendam
2127 589 2253 665 ejus
2271 590 2532 665 salutem,
2559 610 2753 650 erran-

334 674 454 725 tem
501 666 894 725 convertendo
942 667 1018 725 ad
1058 668 1380 743 veritatem,
1426 667 1717 727 infirmum
1761 677 1822 727 et
1863 667 2109 726 docilem
2153 688 2284 727 cum
2329 670 2486 727 omni
2512 669 2749 731 lenitate

333 745 651 822 tractando,
698 745 867 804 Rom.
899 746 1021 803 xiv.
1049 750 1099 823 1,
1133 746 1265 806 Gal.
1294 747 1374 805 vi.
1410 750 1462 806 1.
1548 746 1664 806 Sed
1693 766 1920 824 semper
1945 746 2274 806 meminisse
2319 747 2596 807 debemus
2636 750 2748 809 hoc

334 823 460 883 fieri
488 824 697 885 debere
724 844 899 901 usque
916 828 1003 884 ad
1024 846 1179 901 aras,
1210 825 1273 883 id
1300 834 1405 901 est,
1434 834 1501 885 ut
1528 844 1690 883 amor
1720 826 1830 885 Dei
1859 833 1918 885 et
1939 825 2268 885 obedientia
2291 826 2380 885 illi
2407 826 2602 887 debita
2629 848 2748 889 non

332 903 593 979 laedatur,
624 904 782 982 quod
823 904 987 963 fieret
1015 914 1226 980 tamen,
1257 904 1308 963 si
1336 924 1463 963 eam
1492 904 1934 964 extenderemus
1961 924 2144 982 usque
2185 905 2261 963 ad
2303 907 2746 983 syncretismum

332 1002 463 1041 cum
490 984 755 1043 hostibus
785 982 1017 1054 Christi,
1062 992 1122 1043 et
1164 1004 1295 1043 cum
1343 984 1477 1059 illis,
1522 984 1625 1061 qui
1671 992 1864 1043 errant
1905 984 2426 1061 fundamentaliter,
2457 987 2612 1062 quod
2641 1008 2742 1047 ex-

329 1080 535 1199 pressa
558 1063 775 1122 Paulus
802 1072 980 1135 vetat,
1010 1066 1047 1122 2
1079 1064 1209 1122 Cor.
1237 1064 1318 1121 vi.
1346 1065 1437 1137 16,
1474 1066 1565 1138 17,
1590 1063 1934 1143 dum-fideles
1955 1084 2086 1123 cum
2107 1064 2413 1143 irfidelibm
2434 1068 2751 1127 consociari

370 1142 494 1199 rohi
536 1150 611 1200 et.

328 1159 369 1218 p
418 1220 713 1279 XXXII.
762 1221 1045 1298 Secundo,
1073 1220 1291 1280 Paulus
1318 1220 1489 1279 docet
1517 1222 1978 1280 communionem
2009 1222 2122 1281 coli
2151 1242 2322 1299 posse
2371 1243 2502 1282 cum
2551 1224 2738 1285 fratri-

328 1298 441 1357 bus
468 1301 805 1375 errantibus,
837 1321 1013 1378 quum
1042 1301 1173 1359 vult
1208 1301 1413 1359 fratres
1454 1300 1714 1359 infirmos
1758 1302 2008 1375 tolerari,
2043 1302 2211 1359 Rom.
2235 1302 2358 1360 xiv.
2386 1305 2437 1377 1,
2471 1304 2622 1362 Phil.
2651 1304 2735 1363 iii.

293 1407 299 1414 ·
334 1379 427 1451 14,
464 1381 554 1453 15,
585 1398 690 1437 nec
718 1379 917 1439 abnuit
944 1380 1119 1440 etiam
1148 1380 1405 1457 graviter
1431 1388 1688 1439 errantes
1714 1398 1884 1457 posse
1914 1380 2148 1456 servari,
2169 1400 2347 1457 quum
2367 1381 2619 1441 ostendit
2636 1404 2736 1443 eos

327 1456 430 1533 qui
458 1456 828 1517 fundamento
864 1458 1325 1536 superaedificant
1368 1459 1601 1535 foenum,
1651 1459 1939 1535 stipulam,
1993 1457 2121 1531 &c.,
2159 1479 2328 1537 posse
2357 1468 2567 1535 tamen,
2599 1461 2736 1523 licet

329 1556 500 1613 segre,
532 1538 764 1613 servari,
788 1539 851 1603 ἇς
879 1535 965 1597 δια
992 1566 1161 1619 πνρας,
1196 1542 1226 1597 1
1250 1538 1379 1598 Cor.
1408 1538 1489 1597 iii.
1526 1542 1617 1613 12,
1649 1540 1742 1597 13.
1787 1538 1961 1598 Unde
1989 1538 2287 1615 colligunt,
2331 1538 2478 1597 nihil
2506 1540 2736 1601 obstare

324 1616 631 1692 quominus
658 1618 1118 1677 communionem
1140 1619 1397 1677 colamus
1426 1637 1555 1676 cum
1574 1617 1900 1695 pontificiis,
1921 1618 2094 1677 etiam
2113 1638 2188 1677 ex
2221 1627 2420 1676 nostra
2447 1622 2735 1680 sententia

323 1696 661 1755 errantibus.
684 1698 860 1775 Resp.
906 1698 990 1758 Ut
1002 1697 1594 1771 solvaturdifficnltas,
1618 1696 2016 1773 distinguendi
2043 1706 2179 1756 sunt
2199 1718 2438 1771 errores,
2471 1706 2538 1757 ut
2556 1708 2614 1759 et
2632 1720 2730 1759 ar-

323 1774 479 1832 ticuli
483 1778 961 1852 fundamentales,
990 1797 1026 1835 a
1052 1798 1167 1835 non
1196 1777 1738 1851 fiandamentalihus.
1801 1776 1886 1835 Ut
1913 1776 2064 1833 enim
2093 1796 2211 1834 non
2237 1796 2438 1835 omnes
2458 1779 2732 1839 veritates

320 1862 455 1912 sunt
482 1854 743 1931 ejusdem
770 1856 1151 1930 necessitatis,
1193 1857 1277 1915 ita
1300 1874 1409 1914 nec
1436 1856 1630 1914 omnia
1656 1856 1913 1931 vulnera,
1943 1876 2072 1931 quae
2098 1855 2331 1915 veritati
2368 1856 2727 1935 infliguntur,

322 1934 514 1991 statim
543 1942 679 1993 sunt
705 1934 959 1995 lethalia.
1044 1935 1167 1995 Nec
1195 1934 1383 1994 omnis
1408 1936 1646 1994 morbus
1673 1935 1867 1994 statim
1915 1944 2004 1995 est
2033 1936 2304 1994 sonticus.
2389 1935 2547 1995 Hinc
2575 1956 2734 1999 error

318 2011 533 2089 duplex
560 2021 753 2091 potest
780 2014 1094 2092 distingui;
1138 2015 1287 2074 alius
1333 2015 1593 2090 capitalis
1649 2022 1707 2073 et
1735 2016 2202 2088 fundamentalis,
2247 2014 2348 2091 qui
2394 2034 2492 2073 cor
2538 2017 2728 2094 ipsum

319 2092 621 2168 religionis
649 2102 709 2150 et
736 2092 869 2152 fidei
912 2094 1071 2170 petit,
1102 2102 1161 2153 et
1208 2094 1309 2171 qui
1356 2094 1662 2152 articulum
1712 2093 1964 2170 aliquem
1991 2091 2474 2151 fundamentalem
2504 2114 2726 2173 oppug-

316 2180 419 2229 nat
440 2181 499 2228 et
520 2171 759 2245 evertit;
789 2172 935 2231 alius
952 2172 1137 2231 levior
1156 2182 1217 2233 et
1236 2173 1822 2248 nonfimdamentaln‘s,
1846 2173 1948 2249 qui
1964 2173 2194 2231 veritati
2213 2172 2447 2249 quidem
2463 2173 2524 2231 in
2545 2175 2726 2234 verbo

313 2249 589 2309 revelatae
610 2260 909 2327 repugnat,
942 2251 1043 2311 sed
1072 2253 1261 2311 minus
1281 2254 1639 2327 necessariae,
1665 2252 1840 2328 etqui
1866 2272 1984 2310 non
2002 2252 2194 2311 statim
2225 2261 2508 2311 errantem
2537 2254 2724 2313 salute

314 2330 528 2407 privat.
553 2331 767 2388 Fateor
788 2350 955 2407 posse
974 2332 1433 2399 communionem
1451 2332 1565 2390 coli
1582 2352 1710 2391 cum
1735 2332 2058 2390 errantibus
2074 2330 2378 2409 posteriori
2395 2350 2595 2407 sensu3
2621 2334 2726 2393 sed

314 2428 595 2485 negamus
616 2410 808 2487 priori,
830 2410 901 2469 de
920 2431 1034 2487 quo
1054 2411 1151 2470 hic
1186 2411 1547 2489 potissimum
1570 2410 1863 2487 quaeritur,
1889 2430 2018 2469 cum
2045 2430 2267 2470 errores
2291 2410 2725 2473 Pontificiorum

316 2488 432 2546 sint
470 2488 745 2566 capitales
784 2498 842 2549 et
882 2490 1355 2565 fundamentales,
1388 2498 1454 2549 ut
1492 2510 1665 2567 supra
1705 2490 1913 2549 visum.
1961 2490 2134 2550 Unde
2165 2492 2296 2550 loca
2333 2491 2501 2549 Pauli
2535 2492 2726 2553 aliena

314 2576 465 2641 sunt,
488 2577 687 2645 utpote
709 2589 839 2647 quae
868 2579 1050 2647 agunt
1066 2570 1139 2629 de
1158 2569 1431 2629 fratribus
1458 2569 1717 2643 infirmis,
1741 2570 1842 2647 qui
1863 2578 2056 2628 errant
2075 2571 2136 2628 in
2155 2570 2328 2630 rebus
2348 2570 2583 2630 levioris
2599 2593 2722 2632 mo-

312 2648 509 2722 menti,
533 2648 733 2725 quales
756 2657 919 2709 erant
936 2650 1039 2723 illi,
1070 2650 1169 2725 qui
1199 2658 1338 2709 tunc
1365 2668 1481 2707 non
1509 2648 1653 2709 satis
1679 2648 1868 2708 adhuc
1890 2649 2079 2707 edocti
2107 2649 2179 2707 de
2207 2658 2412 2708 natura
2438 2650 2722 2712 libertatis

315 2725 670 2802 Christianae,
703 2729 1173 2788 caeremoniarum
1200 2748 1367 2788 usum
1396 2728 1653 2787 nondum
1681 2736 1946 2805 poterant
1973 2728 2240 2805 abjicere.
2295 2729 2485 2803 Tales,
2515 2729 2719 2807 fateor,

312 2806 545 2865 tolerari
585 2816 845 2885 possunt,
892 2828 1009 2867 non
1038 2816 1103 2867 ut
1150 2808 1467 2885 probentur
1491 2816 1551 2866 et
1588 2807 1934 2883 adoptentur
1977 2826 2174 2865 eorum
2223 2826 2468 2881 errores;
2503 2808 2606 2865 sed
2633 2818 2718 2884 ut,

311 2904 426 2942 non
454 2886 819 2946 obstantibus
864 2887 999 2962 illis,
1030 2886 1281 2946 charitas
1331 2888 1657 2947 Christiana
1683 2906 1816 2945 cum
1841 2886 1960 2943 illis
1991 2885 2270 2959 foveatur,
2303 2884 2487 2943 donec
2513 2888 2721 2962 majori

308 2963 439 3023 luce
467 2985 502 3022 a
541 2966 667 3024 Deo
696 2966 983 3026 donentur
1008 2967 1083 3026 ad
1110 2966 1246 3025 fidei
1294 2966 1802 3025 confirmationem.
1887 2965 2014 3039 Quo
2043 2970 2304 3040 spectant
2332 2964 2509 3022 verba
2545 2984 2721 3025 aurea

312 3042 481 3101 Pauli
522 3044 595 3101 ad
639 3045 789 3105 Phil.
839 3047 920 3105 iii.
956 3050 1048 3121 14,
1084 3048 1175 3120 15,
1251 3048 1287 3079 ‘⁴
1310 3046 1606 3122 Quotquot
1651 3063 1848 3103 sumus
1895 3042 2150 3121 perfecti,
2181 3042 2338 3100 idem
2379 3042 2714 3120 sentiamus,

309 3130 369 3181 et
390 3122 441 3179 si
468 3122 608 3199 quid
647 3124 814 3184 aliter
854 3126 1097 3199 sentitis,
1151 3126 1313 3184 Deus
1340 3125 1511 3185 vohis
1536 3124 1838 3183 revelabit.
1921 3122 2160 3182 Interim
2216 3122 2276 3180 in
2319 3141 2389 3180 eo
2438 3122 2513 3181 ad
2559 3124 2718 3199 quod

306 3202 692 3279 pervenimus,
722 3204 922 3264 eodem
954 3204 1290 3263 incedamus
1310 3204 1587 3263 canone.''
1636 3202 1753 3262 Sed
1779 3201 1928 3261 male
1949 3211 2008 3261 et
2034 3222 2332 3280 perperam
2353 3202 2477 3262 haec
2503 3202 2718 3263 referas

306 3280 381 3339 ad
428 3301 545 3356 eos,
586 3282 687 3360 qui
731 3284 1007 3361 capitales
1054 3292 1113 3343 et
1160 3283 1619 3343 fundamentales
1662 3282 1862 3340 fovent
1902 3301 2140 3356 errores,
2170 3282 2272 3359 qui
2313 3301 2444 3341 cum
2486 3302 2628 3341 vera
2654 3284 2716 3343 in

308 3360 493 3419 Deum
524 3361 638 3420 fide
668 3370 727 3421 et
748 3364 931 3423 salute
960 3372 1097 3423 sunt
1124 3388 1404 3422 neveram
1428 3384 1443 3439 ;
1474 3362 1631 3439 quod
1666 3360 2000 3420 Pontificios
2027 3370 2297 3438 praestare
2327 3362 2632 3421 credimus.

385 3440 715 3499 XXXIII.
760 3441 893 3500 Non
920 3444 1109 3520 magis
1136 3443 1435 3521 appositus
1460 3450 1551 3501 est
1576 3441 1739 3514 alter,
1769 3459 1886 3517 quo
1911 3448 2168 3517 utuntur,
2199 3441 2379 3515 locus,
2411 3461 2486 3500 ex
2518 3444 2550 3500 1
2583 3443 2714 3504 Cor.

301 3517 383 3576 iii.
416 3522 509 3595 13,
540 3523 633 3578 14.
717 3521 868 3579 Nam
894 3530 1114 3581 certum
1142 3532 1232 3583 est
1281 3521 1527 3581 Paulum
1570 3540 1688 3579 non
1715 3518 1876 3596 loqui
1903 3519 1976 3578 de
2001 3519 2137 3594 illis,
2167 3520 2270 3597 qui
2296 3521 2563 3579 errabant
2583 3521 2712 3579 fun-

302 3596 718 3675 damentaliter,
766 3599 923 3678 (cum
950 3602 1107 3661 dicat
1132 3622 1233 3661 eos
1258 3602 1505 3661 retinere
1532 3599 1980 3673 fandamentum,
2011 3605 2070 3657 et
2097 3598 2300 3658 salutis
2327 3599 2560 3658 tandem
2587 3600 2714 3661 fieri

298 3676 639 3815 compotes&
672 3678 775 3737 sed
815 3680 889 3739 de
916 3681 1061 3757 aliis,
1093 3682 1195 3759 qui
1219 3681 1409 3740 levius
1456 3678 1716 3753 errando,
1769 3686 1828 3737 et
1869 3677 2170 3737 doctorum
2199 3678 2386 3735 officio
2431 3696 2550 3735 non
2601 3679 2712 3739 rite

300 3755 470 3815 defun
476 3778 592 3835 gen
634 3777 685 3834 o,
717 3759 980 3819 mercede
1009 3768 1253 3838 sperata,
1284 3760 1389 3819 sed
1415 3779 1533 3818 non
1560 3759 1755 3818 statim
1783 3757 1968 3817 salute
1997 3756 2230 3815 multari
2256 3756 2562 3830 debebant,
2593 3776 2710 3815 ser-

292 3836 471 3894 vandi
498 3838 559 3903 ὁς
586 3833 675 3895 ’m
714 3864 883 3918 meos,
914 3839 978 3897 id
1004 3849 1093 3899 est
1121 3859 1275 3917 aegre
1304 3848 1363 3898 et
1408 3859 1528 3897 non
1556 3839 1681 3897 sine
1724 3837 2078 3911 difficultate,
2109 3835 2362 3893 animam
2390 3854 2495 3911 pro
2525 3837 2710 3911 spolio

296 3913 594 3992 habentes,
625 3916 801 3976 ducta
826 3918 1047 3978 scilicet
1072 3918 1410 3996 loquutione
1438 3938 1515 3977 ex
1542 3918 1832 3977 communi
1860 3917 2014 3994 apud
2057 3934 2256 3975 omnes
2286 3913 2565 3987 diverbi0,
2595 3934 2712 3991 quo

292 3992 360 4068 is,
392 3996 496 4071 qui
522 4016 676 4073 segre
706 4004 985 4073 servatur,
1042 3997 1254 4057 dicitur
1309 4006 1531 4073 ereptus
1572 4000 1741 4075 quasi
1797 4018 1872 4057 ex
1911 3996 2181 4070 incendtb,
2225 3990 2380 4058 διελος
2436 4000 2592 4058 cneus
2646 4019 2704 4053 m

294 4098 463 4153 rog-5.
550 4074 837 4135 Nimirum
865 4077 1185 4155 Apostolus
1211 4077 1295 4136 ibi
1334 4077 1460 4154 agit
1487 4076 1559 4135 de
1576 4077 1912 4137 doctoribus
1964 4083 2024 4135 et
2069 4073 2348 4133 ministris
2401 4073 2708 4150 evangelii,

291 4171 439 4228 quos
499 4155 829 4215 architectis
872 4164 1182 4233 comparat,
1232 4156 1335 4234 qui
1379 4155 1597 4215 debent
1643 4156 2018 4215 fundamento
2066 4153 2246 4214 semel
2286 4152 2362 4211 ab
2407 4151 2710 4227 Apostolis

287 4230 479 4309 posito
509 4243 902 4311 superstruere
930 4235 1253 4295 doctrinam
1294 4235 1690 4312 evangelicam
1721 4235 1796 4294 ad
1825 4234 2262 4294 aedificat-ionem
2289 4230 2568 4289 fidelium.
2613 4232 2708 4291 Ex

286 4310 359 4369 iis
387 4332 529 4371 vero
558 4314 658 4371 alii
685 4313 891 4374 fideles
918 4324 979 4374 et
1006 4314 1245 4391 genuini
1272 4314 1539 4373 doctores
1567 4321 1718 4388 sunt,
1771 4313 1870 4390 qui
1912 4332 2126 4385 veram,
2159 4310 2485 4384 salutarem,
2517 4318 2576 4369 et
2597 4310 2710 4389 ipsi

288 4389 662 4451 fundamento
698 4394 1117 4471 homogeneam
1160 4400 1219 4451 et
1264 4394 1704 4457 convenientem
1723 4392 2045 4450 doctrinam
2073 4389 2548 4467 superaedificant,
2580 4412 2709 4468 quae

284 4471 518 4531 nomine
541 4474 690 4548 auri,
704 4475 945 4549 amenti,
960 4482 1019 4533 et
1038 4473 1287 4549 lapidum
1300 4472 1682 4547 pretiosorum
1692 4470 1869 4545 venit,
1883 4470 2128 4527 allusive
2140 4468 2214 4527 ad
2227 4468 2342 4529 Isa.
2354 4470 2458 4528 liv.
2493 4472 2584 4547 11,
2609 4472 2712 4530 ubi

284 4548 553 4610 Ecclesia
578 4552 793 4612 dicitur
818 4551 1117 4613 fundanda
1142 4551 1427 4627 sapphiris
1454 4559 1509 4609 et
1534 4551 1814 4627 lapidibus
1831 4549 2114 4625 pretiosas.
2198 4549 2322 4607 Alii
2351 4570 2488 4609 vero
2517 4552 2710 4613 minus

280 4630 479 4705 probae
506 4640 659 4691 notae
676 4632 947 4693 dicuntur
964 4631 1339 4693 fundamento
1356 4628 1811 4726 suparaedificare
1838 4632 2074 4705 faenum,
2100 4630 2327 4708 liquam,
2347 4640 2400 4689 et
2424 4631 2706 4709 stipulam,
