3234 5192
532 302 650 360 720
1359 315 1439 357 nn
1467 314 1720 357 omento
1748 314 2102 357 ron‘rrrxcro.
2469 294 2732 378 [msrur.
2763 315 2940 357 xx1v.

529 457 873 535 positionem
884 466 1161 535 tanquam
1181 476 1398 529 veram,
1412 460 1448 492 “
1466 458 1603 517 Sola
1615 457 1898 535 scriptura
1908 454 2178 535 primario
2190 463 2249 516 et
2269 454 2651 517 infallibiliter
2665 458 2940 517 terminat

530 545 589 595 et
608 536 811 596 definit
838 539 1213 615 quaestionem
1236 538 1309 597 de
1342 538 1604 597 Ecclesia
1623 550 1728 617 per
1747 537 1978 596 modum
2007 556 2223 594 normae
2245 537 2301 605 ;”
2335 537 2550 597 Driedo
2571 538 2811 597 Lovani.
2832 538 2937 596 lib.

531 617 589 678 ii.
616 618 687 676 de
709 617 904 695 dogm.
930 619 1225 694 Ecclesiae,
1250 638 1375 697 cap.
1396 618 1476 676 iii.
1500 618 1560 675 in
1578 619 1751 677 solut.
1771 626 1878 676 art.
1901 620 1957 691 4,
1991 616 2276 691 “Fides‚¹'
2305 616 2510 695 inquit,
2539 621 2574 651 “
2592 637 2708 676 non
2730 618 2937 695 ampli-

531 717 601 757 us
624 718 700 757 ex
726 700 988 775 personis
1015 697 1313 776 probanda
1340 698 1518 774 venit,
1540 697 1643 757 sed
1661 718 1736 756 ex
1765 717 1870 755 sua
1895 696 2010 754 fide
2032 696 2348 773 probantur
2374 717 2634 774 personas
2664 697 2833 756 sicuti
2861 718 2942 756 ex

537 778 847 855 Scripturis
875 780 1053 838 sacris
1074 780 1443 856 cognoscitur
1462 798 1531 836 ea
1551 797 1681 856 quse
1703 796 1857 835 nunc
1877 786 1966 836 est
1985 776 2305 835 Ecclesia.”
2351 776 2474 836 Nec
2495 777 2654 837 aliud
2675 777 2787 835 sibi
2805 777 2940 837 vult

534 859 823 917 ordinaria
853 858 1283 917 Pontificiorum
1312 858 1508 935 praxis
1556 858 1656 935 qui
1704 876 1836 915 cum
1881 864 2160 933 urgentur
2187 876 2223 913 a
2249 856 2418 916 nobis
2447 858 2598 917 circa
2633 857 2944 916 veritatem

534 946 595 997 et
622 938 1088 997 infallibilitatem
1120 938 1401 997 Ecclesiae
1428 956 1563 1011 suae,
1598 936 1751 996 unde
1783 936 2002 995 scilicet
2039 935 2277 995 credant
2305 936 2628 996 Ecclesiam
2657 956 2818 996 suam
2848 937 2940 995 in-

535 1018 835 1077 fallibilem
862 1038 1007 1093 esse,
1039 1018 1195 1077 illico
1222 1037 1330 1077 nos
1357 1016 1434 1076 ad
1460 1017 1803 1094 scripturam
1830 1014 2142 1075 amandant
2169 1026 2228 1075 et
2248 1016 2502 1076 illustres
2529 1017 2944 1094 promissiones

536 1118 665 1175 quoe
696 1097 971 1157 Ecclesiae
999 1098 1145 1157 fiunt
1164 1097 1259 1156 vel
1288 1096 1479 1175 elogia
1506 1116 1635 1174 quse
1665 1096 1750 1154 illi
1777 1096 1993 1156 ibidem
2014 1095 2346 1155 tribuuntur
2373 1096 2618 1157 subinde
2645 1107 2941 1177 rogarunt,

537 1178 695 1255 quod
738 1198 853 1236 non
901 1178 1156 1237 facerent
1196 1175 1594 1255 proculdubio,
1645 1176 1758 1235 nisi
1795 1176 1968 1235 fidem
2013 1174 2442 1236 infallibilitatis
2487 1177 2766 1237 Ecclesiae
2819 1197 2944 1237 non

538 1257 771 1317 aliunde
798 1278 973 1335 quam
1000 1277 1077 1317 ex
1105 1257 1303 1317 Verbo
1330 1264 1487 1315 certo
1516 1256 1635 1335 peti
1663 1276 1831 1333 posse
1859 1255 2289 1315 arbitrarentur.

621 1338 765 1398 XV.
813 1338 1015 1415 Neque
1055 1338 1239 1396 hilum
1279 1335 1585 1415 proficiunt
1614 1336 1892 1396 Rationes
1922 1336 2260 1396 Cardinalis.
2326 1335 2522 1395 Prima
2561 1336 2712 1395 enim
2751 1336 2944 1414 pueri-

536 1418 672 1477 liter
718 1418 1018 1477 confundit
1070 1418 1421 1496 Scripturam
1468 1417 1840 1476 materialiter
1890 1424 1950 1475 et
1986 1416 2318 1492 formaliter·
2363 1416 2801 1491 consideratam,
2858 1417 2943 1476 id.

538 1499 637 1557 vel
664 1499 856 1577 quoad
892 1499 1254 1557 substantiam
1294 1498 1564 1557 doctrinm
1589 1498 1688 1556 vel
1715 1497 1906 1574 quoad
1947 1498 2202 1556 accidens
2227 1497 2558 1573 scriptionis.
2646 1497 2797 1556 Sane
2823 1517 2942 1555 non

539 1576 850 1637 diffitemur
892 1578 1213 1637 Ecclesiam
1252 1577 1431 1637 fuisse
1471 1577 1763 1654 cognitam
1807 1576 1929 1636 sine
1975 1577 2270 1654 Scriptura
2293 1578 2626 1651 formaliter
2665 1585 2939 1653 spectata,

538 1666 599 1717 et
642 1658 835 1734 quoad
878 1658 1145 1716 accidens
1189 1657 1531 1735 scriptionis,
1578 1658 1630 1715 si
1674 1655 1906 1734 quidem
1949 1676 2053 1734 per
2091 1656 2182 1715 bis
2211 1656 2368 1717 mille
2397 1677 2578 1715 annos
2607 1666 2668 1715 et
2693 1657 2944 1733 amplius

542 1737 807 1796 Ecclesia
843 1737 1028 1796 caruit
1052 1738 1233 1796 verbo
1261 1737 1519 1817 ἰγγςιίφᾳ.
1580 1736 1698 1795 Sed
1737 1756 2018 1813 negamus
2059 1736 2352 1812 cognitam
2387 1736 2566 1796 fuisse
2595 1738 2717 1795 sine
2750 1736 2944 1813 Scrip-

539 1825 669 1875 tura
696 1815 1079 1889 materialiter,
1122 1814 1201 1875 id.
1233 1817 1355 1875 sine
1387 1817 1499 1875 Dei
1525 1816 1723 1891 verbo,
1768 1816 1926 1892 quod
1966 1836 2191 1893 semper
2231 1823 2290 1875 et
2329 1816 2544 1893 ubique
2571 1818 2804 1876 unicum
2834 1815 2948 1876 fuit

541 1896 820 1955 Ecclesiae
847 1894 1299 1971 fundamentum,
1344 1895 1497 1955 idem
1537 1896 1692 1954 enim
1720 1894 1983 1955 Verbum
2023 1896 2179 1973 quod
2221 1896 2450 1974 scriptis
2483 1896 2812 1974 consignari
2839 1916 2946 1955 vo·

537 1976 649 2035 luit
688 1975 973 2035 Dominus
1014 1975 1090 2033 ad
1129 1975 1537 2053 praecavendas
1584 1976 1816 2037 Diaboli
1856 1975 2087 2036 fraudes
2131 1984 2191 2035 et
2230 1976 2528 2036 hominum
2571 1976 2945 2055 corruptelas,

535 2057 659 2134 jam
688 2064 858 2115 antea
883 2055 1023 2115 viva
1048 2076 1194 2115 voce
1220 2056 1497 2117 traditum
1526 2056 1878 2115 Patriarchis
1917 2056 2105 2116 fuerat
2137 2057 2194 2115 in
2224 2056 2546 2116 visionibus
2587 2064 2646 2116 et
2687 2056 2946 2133 somniis,

542 2145 601 2197 et
640 2138 771 2197 aliis
811 2136 1181 2197 revelationis
1221 2137 1427 2210 modis,
1457 2152 1654 2214 πολυμι
1684 2141 1744 2203 ὅς
1771 2140 1861 2197 καὶ
1889 2138 2232 2219 πλυτ-(ὅπως,
2266 2138 2417 2198 Heb.
2448 2138 2486 2197 i.
2520 2140 2573 2196 1.
2633 2136 2948 2196 Christiani

540 2237 681 2277 vero
723 2216 832 2277 etsi
874 2236 991 2276 non
1030 2218 1311 2278 haberent
1350 2218 1424 2276 ab
1459 2218 1630 2277 ‘initio
1719 2262 1732 2276 .
1763 2218 1831 2277 Τ.
1863 2220 2154 2297 scriptum,
2185 2219 2510 2278 habuerunt
2535 2226 2728 2277 tamen
2757 2215 2950 2276 Vetus

540 2298 699 2375 quod
726 2296 1041 2374 perfectum
1077 2298 1189 2356 fuit
1228 2304 1287 2355 et
1328 2297 1615 2356 sufficiens
1657 2297 1718 2354 in
1761 2318 1866 2356 suo
1907 2300 2135 2374 genere,
2167 2302 2204 2356 2
2233 2298 2382 2356 Tim.
2411 2297 2492 2357 iii.
2526 2300 2618 2357 15.
2680 2295 2950 2356 Secunda

542 2376 717 2435 Ratio
746 2376 991 2433 absurde
1019 2376 1165 2450 petit
1189 2375 1533 2451 principium
1574 2384 1635 2433 et
1675 2378 1949 2451 supponit
1988 2377 2144 2452 quod
2183 2376 2542 2453 probandum
2572 2385 2710 2451 erat,
2743 2376 2951 2435 Eccle-

540 2454 685 2513 siam
734 2453 955 2511 scilicet
1002 2454 1240 2529 ejusque
1284 2461 1451 2510 notas
1492 2471 1569 2511 ex
1615 2452 1834 2511 lumine
1875 2454 2122 2511 naturali
2151 2464 2308 2512 certo
2347 2456 2708 2515 innotescere
2736 2475 2945 2532 posse3

537 2531 697 2611 quod
723 2539 893 2589 antea
918 2530 1128 2589 falsum
1156 2549 1282 2589 esse
1312 2529 1850 2607 demonstravimus,
1878 2532 2014 2608 quia
2043 2552 2116 2590 ex
2135 2531 2335 2589 Verbo
2364 2532 2488 2589 solo
2514 2534 2761 2609 propriae
2789 2544 2950 2594 notae

538 2620 598 2672 et
642 2612 999 2671 characteres
1038 2608 1319 2669 Ecclesiae
1360 2610 1481 2687 peti
1524 2615 1784 2687 possunt.
1868 2611 2058 2669 Taceo
2102 2610 2260 2688 quod
2301 2630 2405 2687 pro
2443 2611 2598 2668 veris
2642 2612 2796 2669 notis
2843 2634 2951 2673 eas

536 2692 705 2751 nobis
733 2690 990 2750 obtrudit
1016 2710 1145 2768 quae
1172 2709 1309 2750 vere
1339 2698 1473 2749 sunt
1500 2690 1692 2749 nothae
1716 2699 1775 2750 et
1802 2690 2155 2768 adulterinae,
2191 2696 2259 2749 ut
2285 2689 2685 2767 antiquitatem,
2714 2690 2948 2750 visibili-

540 2782 725 2847 tatem,
750 2768 857 2831 &ca
890 2792 1019 2850 quae
1046 2791 1153 2830 nec
1182 2770 1293 2831 soli
1320 2770 1615 2847 Ecclesiae,
1647 2790 1754 2830 nec
1780 2772 1906 2847 toti,
1937 2791 2044 2831 nec
2072 2790 2296 2849 semper
2321 2769 2693 2830 conveniunt.
2751 2770 2950 2849 Taceo

540 2854 697 2931 quod
738 2852 837 2913 hic
882 2852 1191 2930 sophistice
1236 2872 1271 2910 a
1313 2872 1431 2910 non
1472 2851 1781 2911 distributo
1809 2852 1883 2911 ad
1911 2850 2278 2911 distributum
2308 2850 2696 2927 ratiocinatur,
2727 2851 2802 2910 ab
2833 2851 2947 2911 Ec·

540 2934 719 2993 clesia
744 2932 807 2991 in
835 2952 1045 3011 genere
1072 2932 1147 2991 ad
1178 2932 1499 2992 Romanam
1528 2931 1851 2992 Ecclesiam
1889 2932 2228 2991 hodiernam
2269 2933 2328 2990 in
2372 2932 2578 3010 specie,
2615 2951 2946 3009 supponens

541 3034 669 3073 eam
698 3034 823 3073 esse
853 3034 1048 3073 veram
1069 3013 1407 3089 Ecclesiam,
1432 3012 1590 3089 quod
1614 3032 1724 3073 nec
1753 3012 2064 3073 concedere
2092 3032 2414 3091 possumus,
2445 3031 2552 3071 nec
2577 3012 2638 3069 in
2669 3021 2944 3070 aeternum

544 3102 678 3154 sunt
718 3094 1034 3171 probaturi.
1118 3092 1269 3151 Nam
1310 3093 1467 3172 quod
1500 3092 1583 3151 ita
1622 3092 1986 3171 praefidenter
2025 3092 2307 3170 gloriatur
2346 3112 2507 3151 suam
2539 3091 2784 3153 Roman.
2830 3092 2943 3150 Ec·

542 3174 775 3231 clesiam
818 3192 1014 3231 veram
1056 3192 1201 3247 esse,
1246 3172 1384 3249 quia
1420 3192 1716 3252 nunquam
1757 3172 1891 3231 falsi
1930 3173 2198 3231 convinci
2233 3172 2437 3251 potuit,
2467 3172 2530 3229 in
2556 3192 2626 3231 eo
2653 3172 2752 3230 vel
2777 3171 2944 3248 igno·

541 3252 787 3309 tantiam
830 3270 1080 3309 crassam
1124 3252 1333 3327 prodit,
1380 3253 1479 3311 vel
1520 3252 1972 3330 impudentiam;
2015 3259 2157 3330 quot
2183 3253 2335 3311 enim
2377 3261 2436 3311 et
2479 3260 2696 3329 quanta
2735 3250 2944 3311 Ortho-

542 3330 827 3389 doxorum
870 3329 1168 3388 volumina
1214 3339 1445 3393 centum
1494 3331 1704 3390 abhinc
1747 3332 1913 3390 annis
1955 3332 2236 3409 prodiere,
2279 3352 2410 3409 quse
2453 3333 2584 3391 luce
2631 3331 2949 3390 meridiana

542 3409 753 3469 clarius
781 3408 1246 3468 demonstrarunt
1275 3410 1594 3469 Ecclesiam
1629 3410 1948 3469 Romanam
1977 3412 2187 3489 saepius
2215 3432 2452 3485 errasse,
2483 3420 2543 3470 et
2581 3411 2644 3469 in
2683 3430 2753 3469 eo
2791 3420 2946 3470 statu

542 3508 659 3566 quo
700 3508 792 3548 res
837 3496 988 3565 sunt,
1034 3508 1141 3548 nec
1186 3508 1331 3566 esse,
1378 3508 1486 3548 nec
1522 3490 1723 3548 haben'
1755 3510 1926 3567 posse
1968 3511 2074 3568 pro
2101 3511 2242 3550 vera
2271 3491 2484 3551 Christi
2515 3490 2816 3550 Ecclesia:
2865 3490 2948 3551 Et

544 3570 641 3628 vel
673 3569 784 3628 hoc
828 3570 952 3628 solo
989 3578 1329 3647 argumento
1370 3569 1601 3647 probari
1628 3568 1796 3629 facile
1823 3578 2054 3648 potest:
2104 3571 2253 3629 Nam
2281 3591 2413 3648 quse
2441 3570 2708 3630 Ecclesia
2735 3569 2954 3629 doctri-'

542 3670 679 3709 nam
724 3650 1029 3709 salutarem
1076 3670 1112 3708 a
1153 3650 1383 3709 Christo
1426 3648 1695 3709 traditam
1741 3670 1858 3709 non
1901 3652 2125 3727 retinet,
2161 3651 2264 3709 illa
2291 3671 2430 3711 vera
2455 3670 2572 3709 non
2599 3658 2791 3728 potest
2817 3670 2948 3710 esse

544 3729 761 3790 Christi
790 3730 1089 3806 Ecclesia3
1135 3728 1220 3788 At
1248 3730 1513 3789 Ecclesia
1541 3730 1805 3790 Romana
1829 3730 1965 3790 talis
1991 3738 2118 3791 est:
2149 3730 2218 3789 E.
2263 3730 2460 3789 Minor
2484 3751 2615 3808 quae
2637 3728 2947 3809 proculdu-

544 3810 643 3870 bio
670 3810 979 3888 negabitur
1006 3810 1080 3869 ab
1100 3810 1259 3887 ipsis,
1283 3810 1452 3870 facile
1480 3830 1611 3869 cum
1641 3810 1715 3869 ad
1738 3812 2002 3870 Examen
2025 3810 2318 3870 Doctrinae
2340 3810 2652 3871 deventum
2679 3812 2790 3869 erit
2813 3830 2948 3887 pro·

546 3890 794 3951 babitur.

628 3970 790 4030 XVI
792 4012 810 4031 .
862 3973 919 4031 4.
964 3968 1090 4029 Alii
1128 3968 1497 4048 distinguunt
1516 3971 1663 4030 inter
1666 3973 1920 4045 formale
1941 3972 2206 4047 objectum
2232 3968 2370 4029 fidei
2397 3976 2456 4029 et
2481 3968 2619 4028 fidei
2643 3972 2904 4046 requiam
2921 3994 2948 4045 ,-

546 4050 721 4111 fidem
768 4071 885 4129 qua
932 4050 1174 4109 credunt
1222 4050 1499 4110 Ecclesiae
1553 4050 2020 4111 infallibilitatem
2069 4050 2178 4109 niti
2226 4048 2392 4109 verbi
2443 4049 2554 4108 Dei
2603 4049 2950 4111 authoritate

546 4141 822 4211 tanquam
860 4130 1085 4191 formali
1111 4130 1248 4189 fidei
1276 4130 1521 4207 object0,
1568 4130 1743 4190 fidem
1781 4150 1920 4189 vero
1961 4151 2077 4209 qua
2118 4130 2365 4189 credunt
2412 4129 2577 4188 verbi
2605 4129 2719 4189 Dei
2745 4129 2952 4189 autho-

548 4213 794 4289 ritatem,
834 4211 943 4271 niti
972 4210 1251 4271 Ecclesiae
1277 4210 1567 4273 infallibili
1607 4211 1951 4286 testimoniO,
1998 4231 2116 4270 non
2141 4218 2416 4287 tanquam
2446 4210 2674 4287 objecto
2701 4210 2948 4285 formali,

550 4291 653 4349 sed
700 4300 969 4370 tanquam
1021 4292 1224 4371 regula
1264 4290 1417 4367 fidei,
1464 4291 1711 4369 ideoque
1755 4290 2033 4350 circulum
2073 4310 2189 4350 non
2227 4310 2354 4350 esse
2391 4289 2686 4349 formalem
2717 4310 2820 4349 seu
2845 4308 2952 4367 per

547 4371 787 4429 eandem
816 4372 991 4431 viam.
1076 4372 1271 4450 Resp.,
1308 4372 1425 4449 Sed
1451 4391 1640 4450 neque
1665 4372 1776 4431 hac
1793 4370 2013 4431 ratione
2041 4370 2285 4431 evadere
2307 4378 2565 4449 possunt,
2595 4369 2754 4446 quod
2780 4368 2949 4429 facile

547 4450 769 4525 patebit
812 4450 861 4508 si
906 4452 1181 4512 terminos
1228 4451 1617 4512 distinctionis
1663 4451 2044 4527 attendamus,
2093 4459 2152 4511 et
2179 4451 2321 4529 quid
2344 4470 2449 4529 per
2475 4450 2758 4526 objectum,
2806 4448 2951 4526 quid

546 4528 687 4586 item
714 4547 815 4604 per
840 4534 1094 4605 reyulam
1121 4531 1260 4591 fidei
1286 4531 1728 4611 intelligendum
1758 4532 1850 4591 sit.
1909 4533 2144 4609 Duplex
2184 4551 2324 4607 ergo
2365 4532 2628 4607 objectum
2657 4530 2809 4608 fidei
2833 4538 2950 4589 sta-

548 4606 744 4683 tuitur,
776 4610 1068 4668 materiale
1095 4631 1292 4681 unum,
1323 4614 1563 4672 alterum
1577 4616 1832 4688 formale
1849 4638 1876 4687 ;
1916 4612 2210 4672 materiale
2251 4619 2339 4671 est
2381 4610 2440 4670 id
2478 4609 2635 4687 quod
2663 4608 2952 4669 credimus
