3234 5192
308 361 539 407 Disrur.
572 345 713 427 xia]
880 363 957 403 m:
987 363 1459 406 sarm-Acmonia
1487 361 1724 403 cnmsrr
1755 363 2167 404 sacasani-n.
2605 349 2720 404 41⁷

300 515 509 566 natura
548 503 695 565 ferre
736 511 967 582 potest,
1010 503 1095 565 sic
1122 514 1188 564 ut
1216 503 1363 563 illud
1402 503 1672 582 exemplo
1715 503 1824 564 etsi
1852 501 1910 561 in
1941 503 2054 562 alia
2081 523 2142 562 re
2170 523 2288 562 non
2315 512 2506 563 tamen
2535 504 2706 582 plane

297 586 551 645 absimili
594 585 1065 663 comprobemus3
1124 584 1387 644 Mundus
1436 593 1587 643 stare
1631 603 1750 642 non
1797 593 1990 661 potest
2034 584 2157 643 sine
2207 584 2396 643 calore
2440 585 2543 643 illo
2591 604 2708 661 quo

297 667 491 726 omnia
517 666 899 742 continentur,
930 685 1047 724 non
1074 673 1215 742 puto
1242 674 1437 724 tamen
1458 663 1666 723 caloris
1694 665 1795 742 qui
1823 667 2016 723 omnia
2040 673 2298 742 permeat
2324 666 2706 743 quantitatem

294 747 379 805 ita
426 765 553 805 esse
598 745 894 804 definitam
952 745 1277 804 necessario
1306 764 1341 802 a
1368 753 1590 818 natura,
1629 752 1696 803 ut
1739 763 1812 802 ne
1859 745 2098 803 minima
2144 744 2378 822 quidem
2420 745 2548 821 ejus
2575 765 2704 822 par·

293 826 472 886 ticula
500 826 725 886 detrahi
751 833 924 903 atque
965 824 1185 884 aboleri
1227 825 1338 884 Dei
1364 825 1624 901 potentia
1651 831 1824 902 queat
1851 825 1992 902 quin
2017 825 2276 884 universi
2295 826 2496 884 mundi
2521 825 2707 884 moles

294 913 354 965 et
396 925 705 984 compages
746 906 1026 965 intereat:
1081 905 1185 982 qui
1238 923 1379 981 ergo
1430 905 1772 982 particulam
1828 904 2080 982 aliquam
2135 905 2343 965 caloris
2397 906 2524 982 ejus
2581 906 2704 965 sine

292 986 495 1046 mnndi
532 987 769 1046 interitu
813 985 1149 1044 subtrahere
1190 992 1398 1062 potest,
1440 1003 1630 1043 nonne
1667 985 1881 1062 poterit
1916 986 2154 1044 alteram
2193 986 2413 1044 etitem
2445 985 2701 1062 alteram,

294 1074 353 1125 et
382 1067 465 1125 sic
494 1065 765 1144 deinceps
792 1065 1077 1144 poteritne
1120 1064 1354 1124 tandem
1391 1064 1698 1124 universus
1735 1065 1833 1123 ille
1879 1064 2033 1142 ignis
2075 1084 2181 1142 per
2213 1065 2525 1142 particulas
2568 1065 2702 1124 sub-

294 1146 429 1206 duci
459 1146 582 1205 sine
620 1155 879 1205 extremo
916 1165 1107 1204 rerum
1150 1144 1405 1202 omnium
1442 1143 1677 1203 interitu
1696 1147 1724 1202 ?
1771 1143 2006 1204 minime
2054 1145 2116 1203 id
2162 1145 2434 1223 quidem3
2495 1146 2702 1223 Itaque

292 1226 356 1284 in
401 1225 782 1284 subductione
830 1225 933 1284 illa
978 1243 1109 1302 quae
1137 1223 1501 1283 latitudinem
1550 1243 1712 1282 suam
1762 1225 1938 1283 habet
1985 1233 2262 1302 punctum
2317 1225 2552 1302 aliquod
2612 1234 2703 1285 est

291 1306 447 1364 ultra
494 1304 651 1382 quod
690 1304 926 1382 procedi
972 1325 1093 1363 non
1133 1311 1325 1381 potest
1368 1303 1491 1362 sine
1534 1305 1738 1362 mundi
1784 1305 2036 1380 interitu,
2083 1304 2240 1382 quod
2283 1312 2476 1364 tamen
2531 1325 2702 1364 nemo

292 1383 533 1444 definire
561 1392 753 1462 queat.
838 1388 918 1443 2⁰.
966 1384 1065 1442 Ad
1092 1385 1307 1443 Minor.
1338 1385 1486 1460 Neg.
1532 1383 1724 1443 Deum
1767 1384 1848 1444 ita
1874 1403 2105 1462 poenam
2132 1385 2398 1462 mitigare
2426 1405 2596 1462 posse
2635 1394 2702 1445 ut

290 1472 513 1542 partem
542 1483 729 1542 poenae
756 1464 1138 1524 essentialiter
1161 1473 1399 1542 peccato
1426 1463 1638 1523 debitae
1665 1465 1894 1542 penitus
1914 1465 2244 1542 subtrahat3
2279 1465 2426 1524 Nam
2451 1485 2582 1524 cum
2603 1469 2702 1525 vel

290 1544 653 1603 levissimum
680 1553 981 1622 peceatum
1010 1564 1127 1603 non
1152 1547 1338 1623 possit
1364 1563 1481 1604 non
1509 1544 1720 1620 odisse,
1751 1565 1868 1602 non
1895 1553 2086 1622 potest
2113 1545 2286 1604 etiam
2315 1566 2431 1604 non
2457 1547 2696 1623 punire;

290 1624 448 1704 quod
476 1625 525 1684 si
570 1624 933 1702 aliquatenus
979 1643 1181 1704 poenas
1223 1631 1340 1684 tem
1418 1623 1569 1684 rales
1616 1624 1921 1702 impiorum
1969 1625 2234 1702 mitigare
2277 1627 2511 1684 videtur
2557 1645 2700 1684 non-

291 1724 588 1783 nunquam
642 1705 705 1763 in
758 1705 869 1763 hoc
918 1704 1134 1765 mundo
1174 1705 1273 1764 vel
1364 1705 1378 1719 '
1424 1723 1566 1779 erre,
1618 1723 1736 1782 quo
1775 1705 2002 1764 facilius
2049 1706 2174 1764 haec
2215 1707 2327 1764 Dei
2369 1706 2700 1784 benignitas

291 1805 392 1844 eos
419 1785 671 1844 adducat
697 1785 773 1844 ad
800 1785 1197 1864 poenitentiam
1227 1786 1325 1844 vel
1350 1787 1755 1857 ωιπολογήτους
1777 1785 1996 1860 reddat,
2049 1805 2166 1845 non
2207 1787 2466 1863 sequitur
2507 1795 2700 1846 tamen

290 1871 593 1943 propterea
633 1883 765 1924 eum
806 1864 1027 1924 auferre
1068 1885 1300 1943 posnam
1342 1866 1634 1940 debitam3
1679 1885 1812 1924 nam
1854 1865 2010 1942 quod
2053 1865 2314 1925 differtur
2354 1887 2470 1924 non
2513 1867 2698 1926 aufer-

290 1953 388 2003 tur
424 1953 634 2022 tamen,
688 1945 804 2003 imo
850 1945 1181 2004 tarditatem
1224 1945 1491 2022 supplicii
1533 1945 1818 2022 gravitate
1859 1954 2061 2022 postea
2103 1955 2468 2022 compensat3
2513 1967 2700 2024 neque

289 2024 598 2103 quicquam
646 2025 757 2083 hac
803 2024 864 2083 in
907 2033 1069 2101 parte
1116 2025 1185 2083 fit
1231 2024 1388 2101 quod
1426 2025 1655 2083 laudem
1691 2025 1938 2098 justitiae
1987 2025 2202 2084 divinae
2245 2026 2483 2098 deterat,
2535 2030 2702 2103 punit

288 2105 443 2164 enim
473 2105 803 2179 necessario,
848 2111 909 2162 at
934 2125 1047 2163 non
1073 2105 1385 2162 necessario
1414 2105 1567 2162 omni
1604 2113 1851 2179 tempore
1891 2113 1946 2162 et
1984 2103 2120 2181 loco,
2167 2105 2281 2162 imo
2323 2105 2700 2181 multiplicem

288 2183 351 2242 in
396 2204 585 2262 poenae
633 2183 1039 2242 distributione
1092 2182 1395 2242 admittere
1448 2190 1642 2260 potest
1694 2183 2090 2258 oeconomiam,
2147 2192 2213 2244 ut
2267 2193 2435 2243 antea
2485 2184 2702 2244 dictum

290 2271 398 2322 est.
484 2261 669 2321 Aliud
696 2270 787 2321 est
813 2281 953 2339 ergo
993 2261 1154 2340 loqui
1194 2261 1267 2322 de
1288 2283 1461 2341 poena
1488 2263 1550 2320 in
1577 2281 1789 2340 genere
1817 2271 1872 2321 ee
1890 2265 2135 2322 absolute
2159 2264 2219 2322 in
2237 2283 2312 2341 se,
2343 2264 2504 2323 aliud
2533 2264 2604 2324 de
2633 2285 2704 2325 ea

289 2345 468 2401 relate
495 2343 850 2402 considerata
875 2351 1140 2420 respectu
1162 2347 1472 2420 modorum,
1497 2345 1786 2420 yraduum
1804 2352 1864 2404 et
1883 2344 2124 2403 aliarum
2141 2344 2700 2406 circumstantiarum

290 2443 435 2501 quas
467 2422 628 2482 Deus
656 2423 731 2482 ob
773 2424 1049 2500 majorem
1090 2423 1293 2502 gloriae
1335 2445 1454 2485 suae
1495 2423 2012 2485 manifestationem
2045 2425 2130 2484 illi
2159 2426 2497 2504 assignavit,
2527 2426 2701 2486 liber·

288 2510 407 2562 tate
436 2503 591 2562 enim
632 2503 785 2563 circa
822 2503 1027 2564 modos
1068 2512 1128 2564 et
1166 2506 1383 2583 gradus
1424 2525 1702 2566 concessa
1742 2507 1841 2584 qui
1885 2525 1960 2565 ex
1987 2505 2170 2566 libera
2201 2506 2311 2566 Dei
2341 2507 2700 2566 ordinatione

290 2583 493 2661 fluunt,
534 2604 650 2643 non
679 2585 941 2663 sequitur
978 2605 1208 2663 poenam
1249 2587 1434 2666 ipsam
1474 2606 1590 2664 qua
1629 2607 1816 2665 poenae
1858 2587 2005 2646 ratio
2047 2587 2106 2644 in
2156 2607 2226 2644 ea
2274 2597 2537 2646 servatur
2580 2596 2638 2647 et
2666 2609 2702 2647 a

279 2663 515 2738 justitia
547 2664 655 2724 Dei
682 2665 932 2724 naturali
974 2665 1119 2742 fluit,
1163 2667 1393 2744 penitus
1434 2667 1562 2726 tolli
1602 2685 1794 2744 posse.
1878 2665 1978 2723 Ad
2007 2669 2114 2723 2⁸¹³
2144 2666 2216 2724 de
2253 2669 2700 2726 remuneratione

289 2747 445 2803 ultra
482 2747 815 2822 condiqnum
864 2745 1013 2822 Neg.
1046 2746 1291 2824 Conseq.
1380 2747 1528 2804 Nam
1559 2745 1799 2822 longum
1844 2745 2142 2821 latumque
2187 2745 2496 2803 discrimen
2525 2747 2698 2805 inter-

290 2824 443 2884 cedit
470 2825 621 2884 inter
659 2825 815 2883 bona
855 2833 915 2884 et
954 2826 1107 2884 mala
1143 2844 1334 2901 opera,
1376 2826 1896 2884 remunerationem
1938 2832 1997 2882 et
2036 2843 2282 2899 poenam,
2327 2825 2539 2900 quippe
2569 2845 2700 2884 eum

292 2903 453 2962 Deus
481 2913 894 2978 remuneratur,
946 2901 1085 2963 facit
1132 2902 1196 2961 id
1241 2905 1414 2981 plane
1454 2903 1726 2979 gratuite»,
1773 2921 1903 2960 cum
1947 2901 2102 2960 bona
2145 2921 2320 2978 opera
2359 2913 2556 2960 nostra
2585 2904 2702 2963 sint

289 2981 487 3041 debita
526 2983 787 3059 nihilque
828 2991 1193 3042 mereantur:
1238 2991 1299 3041 at
1338 3001 1469 3040 cum
1495 2982 1664 3059 punit
1705 2980 1842 3038 facit
1884 2979 1944 3038 id
1972 3000 2088 3037 non
2117 3001 2192 3038 ex
2227 2999 2386 3038 mera
2413 2980 2698 3057 libertate,

291 3059 395 3120 sed
424 3081 499 3120 ex
528 3061 839 3120 intrinseco
868 3061 1052 3138 culpae
1094 3061 1373 3120 demerito
1414 3069 1473 3119 et
1505 3059 1751 3138 justitiae
1793 3059 2168 3118 inexorabilis
2209 3060 2447 3136 ratione,
2495 3061 2702 3138 Itaque

289 3160 423 3216 non,
456 3142 505 3199 si
532 3147 723 3220 potest
764 3141 1114 3200 remunerari
1140 3141 1293 3202 ultra
1320 3139 1692 3219 condignum,
1735 3138 1949 3219 poterit
1975 3139 2147 3198 etiam
2177 3139 2321 3200 citra
2348 3135 2709 3220 condignum¹

332 3241 511 3280 unu-e.

289 3241 329 3302 P
372 3301 623 3362 XVIII.
696 3305 777 3362 3⁰.
837 3300 1057 3378 objicit
1083 3301 1161 3360 V.
1193 3301 1285 3376 D.‚
1337 3299 1399 3360 Si
1456 3301 1619 3360 Deus
1668 3307 1858 3378 potest
1899 3301 2213 3362 cruciatum
2278 3311 2699 3380 quantumcun-

288 3402 401 3460 que
431 3384 603 3443 etiam
650 3381 989 3442 infernalem
1033 3381 1207 3440 alicui
1252 3379 1458 3440 inferre
1506 3380 1650 3440 citra
1677 3382 1862 3441 ullum
1910 3381 2268 3459 demeritum,
2322 3385 2480 3462 Ergo
2508 3394 2700 3464 potest

288 3463 463 3522 etiam
491 3483 609 3524 non
637 3464 903 3523 obstante
952 3469 1397 3540 quantocunque
1442 3461 1721 3522 demerito
1770 3471 2271 3542 quantamcunque
2313 3485 2544 3542 poenam
2573 3487 2698 3527 sus·

288 3543 557 3620 pendere,
591 3541 1021 3620 Consequentia
1060 3561 1137 3601 ex
1178 3561 1247 3601 eo
1287 3551 1447 3620 patet
1487 3541 1646 3620 quod
1690 3544 1850 3604 Deus
1892 3544 2075 3604 multo
2116 3545 2352 3621 pronior
2393 3545 2469 3604 sit
2496 3545 2573 3604 ad
2597 3547 2698 3606 be-

288 3622 691 3681 nefaciendum
708 3641 881 3700 quam
900 3621 975 3680 ad
1001 3621 1375 3700 puniendum.
1436 3623 1613 3700 Resp.
1663 3623 1781 3682 Hic
1809 3643 1949 3683 vero
1992 3625 2156 3682 varia
2184 3633 2319 3684 sunt
2347 3645 2475 3702 quae
2505 3625 2698 3684 obser-

288 3703 523 3761 vatione
552 3702 731 3778 digna
757 3701 1030 3761 videntur
1056 3725 1071 3764 ε
1114 3693 1309 3762 Primo
1336 3703 1435 3762 vel
1460 3723 1563 3781 per
1600 3709 1658 3763 τὶ
1685 3706 2022 3782 suspendere
2049 3705 2326 3782 intelligit
2352 3712 2699 3764 tantummo-

289 3780 367 3839 do
394 3781 469 3838 ad
497 3781 735 3859 aliquod
762 3789 989 3860 tempus
1016 3782 1247 3843 differre
1294 3784 1369 3843 ob
1400 3783 1639 3843 idoneas
1667 3784 1892 3860 aliquas
1919 3804 2141 3858 causas,
2194 3795 2466 3843 caeterum
2495 3795 2702 3846 exacto

290 3859 393 3919 illo
436 3869 694 3939 tempore
736 3881 966 3940 poenam
994 3863 1266 3941 irrogare,
1310 3883 1440 3941 quae
1482 3865 1528 3924 si
1573 3865 1702 3942 ejus
1741 3884 1906 3924 mens
1947 3864 2210 3924 estnihil
2236 3863 2376 3924 facit
2423 3864 2703 3926 adversus

289 3959 413 4016 nos,
481 3941 554 4000 Id
611 3942 764 4001 enim
822 3942 977 4002 ultro
1038 3961 1190 4022 saepe
1246 3944 1654 4020 concessimus,
1710 3945 2055 4021 negavimus
2095 3952 2322 4004 tantum
2360 3944 2496 4002 inde
2539 3947 2704 4022 sequi

290 4021 483 4080 Deum
510 4041 683 4100 posse
730 4031 965 4100 peccata
1013 4023 1310 4084 hominum
1338 4023 1628 4084 dimittere
1667 4025 1812 4084 citra
1837 4025 2016 4083 ullam
2046 4025 2281 4082 omnino
2307 4025 2700 4102 punitionem;

288 4101 341 4160 si
402 4121 543 4161 vero
604 4105 944 4179 suspendere
1004 4103 1092 4161 illi
1152 4112 1243 4164 est
1304 4105 1537 4164 omnino
1594 4105 2032 4182 praetermittere
2083 4103 2428 4184 impunitum
2459 4126 2474 4180 ς
2518 4105 2703 4182 primo

289 4181 536 4260 Conseq.
566 4183 821 4257 vacillat,
852 4184 989 4260 quia
1016 4183 1177 4244 aliud
1203 4192 1294 4244 est
1318 4184 1482 4262 loqui
1510 4184 1583 4242 de
1612 4185 1882 4258 cruciatu,
1914 4183 2075 4242 aliud
2102 4187 2172 4242 de
2194 4203 2380 4268 pogna,
2414 4185 2543 4243 Etsi
2571 4205 2702 4262 pos·

288 4270 379 4321 set
403 4262 615 4324 inferre
644 4262 978 4340 cruciatum,
1009 4283 1127 4323 non
1154 4272 1353 4342 posset
1378 4273 1571 4324 tamen
1600 4283 1849 4340 poenam,
1881 4263 2018 4341 quia
2045 4283 2216 4340 poena
2245 4263 2431 4323 omnis
2459 4263 2510 4322 si
2543 4267 2706 4343 justa

286 4349 377 4400 est
420 4352 723 4422 peccatum
769 4343 957 4419 infert,
1005 4344 1149 4403 dicit
1176 4344 1329 4403 enim
1360 4344 1702 4402 damnosum
1732 4342 1954 4419 aliquid
2001 4344 2056 4400 ei
2102 4343 2203 4421 qui
2250 4345 2468 4420 Legem
2517 4354 2702 4406 trans-

286 4441 525 4499 gressus
553 4433 681 4485 est:
724 4432 791 4483 ut
832 4443 973 4501 ergo
1016 4443 1135 4482 non
1184 4432 1375 4500 potest
1400 4441 1632 4500 poenam
1661 4422 1870 4482 inferre
1898 4423 2073 4482 alicui
2109 4443 2212 4501 per
2246 4424 2532 4501 justitiam
2563 4427 2707 4486 citra

286 4504 637 4564 antecedens
685 4503 925 4582 aliquod
970 4503 1330 4576 demeritum,
1379 4503 1461 4562 ita
1507 4521 1615 4562 nec
1665 4503 1887 4560 auferre
1931 4521 2160 4580 poenam
2203 4505 2414 4582 poterit
2440 4526 2544 4585 per
2571 4527 2703 4566 ean-

286 4581 420 4642 dem
456 4584 747 4662 justitiam
777 4584 901 4642 sine
922 4583 1141 4661 praevia
1170 4581 1577 4643 satisfactione.
1667 4581 1891 4642 Deinde
1934 4583 2280 4645 antecedens
2321 4585 2495 4646 etiam
2524 4589 2704 4646 ambi-

288 4681 489 4742 guum,
534 4683 668 4728 nam
712 4665 809 4727 vel
838 4663 899 4722 id
924 4671 1119 4745 potest
1162 4663 1325 4725 Deus
1365 4683 1469 4746 per
1501 4663 1602 4742 jus
1623 4663 1770 4726 illud
1812 4663 2140 4726 absolutum
2170 4675 2228 4728 et
2257 4687 2537 4728 summam
2564 4675 2709 4751 ier-g-

2345 4752 2381 4806 2
2428 4767 2466 4806 υ
