3234 5192
354 330 591 371 msrur.
621 310 761 392 v11.]
1084 329 1322 371 nos-rm
1348 330 1429 371 AB
1456 330 1741 372 :ceusu
1769 330 2044 374 nouum.
2641 311 2752 377 1713

353 472 643 547 calypsim
698 472 774 527 de
828 470 1109 545 TrajanO,
1163 470 1513 545 Apollonio,
1572 479 1634 528 et
1700 472 2048 530 Domitiano
2103 471 2564 546 intelligendum
2618 490 2754 529 cen-

354 558 539 608 scant.

435 627 688 687 XLIII.
734 626 797 685 N
799 646 897 685 am
919 628 997 685 ad
1024 628 1283 703 primum
1301 628 1465 701 quod
1494 628 1728 699 attinet,
1750 628 1904 687 falso
1933 627 2294 704 supponitur
2315 626 2758 686 Antichristum

354 708 627 765 debuisse
676 724 805 765 esse
853 724 1036 764 unam
1079 723 1395 781 personam
1444 705 1827 780 singularem,
1877 726 2016 765 cum
2073 707 2374 766 successivo
2417 712 2654 763 tantum
2697 712 2760 764 et

353 786 819 863 reproesentative
848 802 987 855 una,
1016 803 1138 842 non
1166 785 1453 843 numerica
1480 784 1675 855 unica,
1705 785 1824 843 dici
1863 786 2086 861 possit3
2133 786 2438 861 quomodo
2480 789 2503 843 ὁ
2529 809 2759 862 κατ-εχει,

356 867 519 940 apud
575 864 839 923 Paulum
894 864 1073 921 Rom.
1115 864 1535 937 imperatorem
1582 862 1646 918 in
1691 864 1994 921 communi
2049 864 2314 935 denotat,
2377 882 2482 921 seu
2531 872 2755 922 statum

354 942 605 1017 imperii,
634 962 753 1000 non
804 960 998 999 unum
1040 942 1307 1017 aliquem
1348 941 1768 1015 imperatorem
1810 942 1874 999 in
1921 942 2229 1017 singulari.
2314 942 2412 1001 Sic
2454 963 2605 1001 unus
2645 944 2754 1002 ali-

354 1023 599 1096 quando
655 1021 951 1096 significat
1001 1038 1195 1077 unum
1248 1026 1477 1077 certum
1529 1018 1930 1091 individuum,
1981 1022 2104 1080 sive
2149 1021 2398 1078 unicum
2450 1022 2756 1079 hominem

356 1100 741 1174 singularem,
764 1099 1091 1174 aliquando
1114 1116 1299 1155 unam
1338 1097 1401 1154 in
1419 1114 1666 1173 corpore
1705 1097 1866 1155 civili
1907 1102 2006 1157 vel
2027 1099 2418 1157 ecclesiastico
2435 1116 2756 1173 personam

358 1195 671 1252 nunquam
698 1178 1070 1247 morientem,
1088 1194 1225 1251 quae
1253 1194 1377 1233 non
1398 1182 1489 1233 est
1514 1178 1698 1233 homo
1717 1177 1929 1235 unicus
1953 1178 2292 1253 singularia,
2317 1178 2420 1235 sed
2437 1178 2756 1253 sing-ulari-

357 1274 463 1313 um
478 1256 795 1313 hominum
818 1254 1167 1313 continuata
1182 1254 1246 1311 in
1263 1255 1475 1312 eodem
1498 1260 1658 1313 statu
1681 1254 1792 1312 sibi
1813 1255 2068 1314 invicem
2090 1255 2538 1314 succedentium
2557 1258 2754 1315 series.

362 1333 503 1401 Quo
513 1333 823 1407 posteriori
835 1350 1011 1391 sensu
1020 1339 1275 1403 tantum,
1298 1350 1421 1390 non
1442 1332 1644 1407 priori,
1665 1332 1918 1390 dicimus
1943 1334 2384 1393 Antichristum
2407 1352 2531 1390 esse
2543 1353 2754 1393 unum.

364 1411 416 1468 1.
482 1410 645 1478 Quia
689 1412 1037 1485 mysterium
1081 1411 1441 1470 Antichristi
1483 1412 1613 1487 jam
1657 1418 1920 1486 tempore
1949 1412 2230 1487 Apostoli
2278 1413 2658 1487 operabatur,
2715 1414 2756 1469 2

362 1489 565 1547 Thess.
587 1488 668 1560 ii„
692 1491 857 1563 quod
883 1489 1147 1564 oportuit
1173 1490 1429 1547 retinere
1455 1508 1531 1547 ne
1558 1490 1940 1562 revelaretur,
1969 1492 2132 1565 quod
2161 1490 2278 1548 dici
2305 1508 2426 1546 non
2447 1491 2756 1565 potuisset,

358 1567 407 1625 si
436 1568 617 1625 unica
656 1568 901 1624 demum
938 1566 1147 1625 futura
1193 1576 1321 1626 erat
1364 1585 1634 1643 persona.
1717 1567 1772 1625 2.
1818 1568 1980 1636 Quia
2021 1569 2232 1627 debuit
2278 1586 2402 1627 esse
2441 1576 2652 1626 auctor
2695 1576 2756 1627 et

358 1652 541 1721 caput
584 1645 835 1721 insignis
888 1652 949 1703 et
992 1646 1165 1720 quasi
1208 1646 1517 1705 catholicae
1544 1645 1878 1720 apostasiae,
1928 1666 2002 1704 ex
2051 1649 2090 1705 2
2130 1648 2332 1705 Thess.
2361 1647 2422 1704 ii.
2453 1648 2508 1717 3,
2560 1647 2752 1723 Apoe.

356 1724 477 1781 xiii.
514 1724 605 1795 16,
628 1725 791 1799 quod
819 1742 941 1780 non
970 1731 1059 1781 est
1086 1743 1239 1799 opus
1266 1725 1445 1781 unius
1472 1725 1750 1795 hominis,
1773 1731 1881 1782 aut
1906 1726 2087 1783 unius
2115 1727 2316 1798 seculi,
2336 1726 2440 1783 sed
2465 1725 2754 1799 plurium.

358 1804 413 1861 3.
462 1802 623 1871 Quia
668 1820 805 1876 quae
848 1802 912 1858 in
958 1801 1280 1877 Scripturis
1307 1804 1419 1861 sub
1446 1801 1605 1879 typis
1647 1802 1991 1861 Bestiarum
2019 1805 2263 1879 mystice
2312 1804 2754 1876 describuntur,

357 1900 478 1940 non
505 1887 649 1939 sunt
676 1880 1011 1953 singularia
1035 1880 1367 1953 individua,
1398 1884 1501 1939 sed
1549 1882 1771 1955 singuli
1811 1881 2152 1941 bestialium
2191 1884 2505 1942 hominum
2545 1888 2754 1942 status.

359 1960 455 2019 Sic
483 1971 735 2037 quatuor
762 1958 995 2029 Bestiae,
1025 1959 1183 2017 Dan.
1212 1960 1333 2031 vii„
1362 1969 1503 2019 sunt
1542 1965 1806 2035 quatuor
1831 1979 2034 2035 regna,
2065 1964 2400 2037 Assyrium,
2445 1962 2610 2035 quod
2650 1980 2756 2036 per

360 2039 643 2109 Leonem,
675 2036 996 2107 Persicum,
1026 2039 1189 2112 quod
1218 2056 1325 2113 per
1356 2038 1600 2107 Ursum,
1629 2038 2110 2110 Macedonicum,
2140 2041 2304 2116 quod
2332 2058 2438 2114 per
2466 2039 2752 2109 Pardum,

360 2124 421 2175 et
441 2117 803 2187 Romanum,
822 2116 987 2191 quod
1004 2134 1110 2190 per
1126 2116 1391 2174 Bestiam
1412 2116 1740 2175 terribilem
1757 2124 2018 2176 notatur.
2054 2118 2150 2176 Sic
2177 2138 2226 2177 c.
2245 2118 2366 2175 viii.
2390 2117 2568 2175 Aries
2583 2124 2758 2175 notat

360 2214 527 2270 reges
579 2194 905 2253 Medorum
952 2202 1014 2251 et
1054 2192 1370 2253 Persarum
1399 2217 1415 2267 3
1476 2194 1693 2253 Hir-cus
1735 2213 1904 2270 reges
1955 2195 2322 2255 Graecorum.
2405 2198 2462 2253 4.
2515 2195 2756 2269 Septem

358 2274 555 2349 capita
580 2272 799 2331 Bestiae
847 2272 1189 2347 septicipitis
1231 2291 1353 2331 non
1395 2280 1537 2332 sunt
1584 2281 1809 2350 septem
1854 2274 2148 2350 principes
2194 2275 2526 2349 singulares
2575 2272 2752 2331 Rom.

359 2358 569 2423 statuS,
620 2353 723 2410 sed
772 2351 1021 2409 totidem
1068 2351 1451 2426 principatus,
1494 2371 1599 2410 seu
1640 2350 1955 2429 praecipua}
2005 2353 2306 2428 regiminis
2331 2353 2562 2420 {formas
2619 2371 2754 2427 quae

358 2430 763 2489 obtinuerunt.
834 2428 1243 2487 Antichristus
1265 2448 1407 2489 vero
1426 2432 1637 2489 debuit
1663 2448 1788 2489 esse
1815 2431 2098 2489 ultimum
2126 2432 2296 2490 istius
2319 2432 2534 2490 Bestiae
2557 2438 2756 2507 caput,

359 2528 480 2567 non
520 2528 664 2585 ergo
706 2508 921 2565 unicus
947 2515 1007 2565 et
1034 2508 1357 2583 singularis
1382 2510 1673 2585 princeps,
1704 2510 1808 2567 sed
1835 2509 2198 2585 principatus
2227 2517 2288 2567 et
2315 2510 2645 2586 imperium.
2699 2510 2754 2567 5.

362 2587 525 2656 Quia
550 2594 740 2646 status
764 2586 897 2661 ejus
924 2593 1175 2645 vocatur
1200 2588 1481 2665 Babylon,
1511 2596 1573 2646 et
1604 2588 1825 2647 Civitas
1851 2608 2086 2665 mayna,
2130 2608 2266 2665 quse
2287 2608 2326 2647 a
2343 2588 2618 2664 pluribus
2646 2588 2758 2645 sibi

358 2666 807 2725 succedentibus
833 2664 961 2739 regi
988 2663 1215 2738 debuit,
1242 2686 1503 2741 quorum
1549 2674 1720 2742 gesta
1761 2686 1880 2725 non
1925 2668 2150 2725 cadunt
2174 2668 2234 2724 in
2279 2668 2459 2725 unius
2498 2666 2760 2725 hominis

358 2746 563 2817 vitam,
594 2750 665 2803 ut
690 2743 935 2818 spiritus
962 2743 1319 2805 Antichristi
1365 2764 1487 2803 non
1535 2746 1600 2802 in
1653 2764 1780 2803 uno
1809 2746 2114 2803 clauditur
2161 2745 2494 2816 individu0,
2542 2745 2645 2802 sed
2691 2744 2756 2801 in

359 2825 553 2882 multa
578 2822 939 2893 extenditur,
965 2822 994 2879 1
1028 2821 1070 2880 J
1074 2823 1170 2879 oh.
1194 2823 1255 2882 ii.
1274 2831 1336 2882 et
1363 2825 1438 2881 iv.
1510 2822 1789 2898 Denique
1809 2824 1951 2899 quia
1988 2824 2346 2881 revelandus
2370 2822 2491 2879 fuit
2517 2823 2758 2879 sublato

362 2900 637 2959 Romano
684 2900 952 2975 imperio,
980 2908 1043 2958 et
1084 2901 1419 2961 abolendus
1460 2909 1701 2959 tantum
1743 2901 1965 2961 illustri
2012 2902 2277 2957 adventu
2322 2900 2559 2971 Christi,
2588 2901 2758 2974 quod

360 2978 743 3037 durationem
767 2996 889 3036 non
918 2978 1099 3036 unius
1125 2980 1385 3040 hominis
1415 2982 1518 3038 sed
1546 2978 1814 3053 plurium
1840 2980 2168 3037 necessario
2197 2979 2476 3053 postulat.

446 3056 685 3115 XLIV.
727 3056 858 3115 Nec
904 3058 1269 3115 contrarium
1314 3059 1626 3127 evincitur,
1674 3057 1772 3114 vel
1815 3076 1891 3116 ex
1937 3059 2087 3127 1000,
2132 3054 2177 3114 J
2179 3058 2274 3114 oh.
2315 3075 2363 3114 c.
2402 3075 2459 3115 v.
2508 3054 2607 3129 43,
2652 3058 2757 3115 ubi

364 3135 805 3194 Antichristum
840 3136 1059 3193 volunt
1107 3138 1405 3212 designari
1446 3154 1552 3211 per
1597 3151 1777 3208 aanor,
1805 3136 1912 3210 qui
1939 3136 2104 3193 venit
2149 3136 2392 3192 nomine
2441 3152 2568 3209 suc,
2613 3136 2759 3210 quia

358 3217 475 3272 hoc
494 3221 667 3273 notat
684 3213 987 3271 indefinite
1009 3216 1355 3289 quemlibet,
1384 3216 1489 3292 qui
1516 3232 1627 3273 suo
1648 3214 1909 3289 nomine,
1939 3232 2060 3271 non
2089 3215 2303 3273 missus
2329 3231 2368 3271 a
2395 3214 2541 3289 De0‚
2573 3214 2756 3287 venit,

356 3300 665 3369 utcunque
690 3291 1029 3349 missionem
1057 3293 1326 3353 divinam
1351 3294 1703 3370 praetendat,
1722 3312 1844 3351 non
1867 3311 2060 3351 unum
2080 3293 2458 3369 singularem.
2519 3292 2760 3351 Maldo-

358 3379 555 3443 natus,
585 3371 841 3451 quisquis
867 3370 1051 3442 aliun
1082 3370 1371 3445 Salmer0,
1402 3371 1499 3431 De
1527 3392 1857 3451 quocunque
1878 3384 2070 3450 potest
2115 3372 2373 3450 intelliqi.
2430 3372 2472 3430 J
2475 3372 2760 3431 ansenius

357 3451 562 3523 saepius
589 3454 693 3509 hoc
718 3446 1012 3525 impletum
1022 3452 1209 3525 finisse
1234 3452 1336 3510 ait.
1423 3452 1565 3511 Vox
1593 3470 1754 3519 ιλλος
1781 3470 2096 3527 nunquam
2116 3452 2500 3510 individuum
2528 3458 2757 3509 eertum

359 3537 547 3601 notat,
574 3530 687 3588 nisi
718 3526 927 3587 addito
955 3528 1227 3603 articulo,
1256 3532 1353 3589 vel
1380 3550 1456 3588 ex
1482 3532 1704 3591 diserta
1730 3530 2290 3606 circumscriptione,
2318 3530 2540 3588 Matth.
2572 3548 2628 3587 v.
2659 3530 2755 3601 39,

363 3610 607 3667 obverte
654 3608 746 3666 illi
786 3632 877 3665 neu
917 3632 1001 3671 nv
1038 3625 1219 3679 aaut,
1275 3609 1339 3666 id
1366 3616 1460 3667 est
1505 3612 1795 3682 alteram3
1853 3608 1895 3667 J
1899 3611 1996 3667 oh.
2027 3628 2126 3667 xx.
2156 3610 2214 3679 8,
2257 3613 2280 3668 ὅ
2321 3626 2482 3673 azzae
2520 3616 2756 3683 patum,

360 3689 508 3745 alius
535 3688 627 3747 illc
669 3688 981 3763 discipulus
1010 3710 1025 3759 ;
1072 3688 1293 3747 Matth.
1344 3688 1420 3745 iv.
1467 3688 1563 3760 21,
1604 3692 1758 3749 Vidit
1797 3705 1990 3755 αλλους
2031 3688 2116 3748 δυο
2142 3688 2404 3763 abacta,
2435 3688 2580 3745 alios
2617 3692 2764 3746 duos?

348 3769 595 3845 fratres.
678 3766 1015 3825 Antithesis
1041 3786 1184 3825 vero
1212 3765 1365 3825 nihil
1392 3767 1734 3841 concludit;
1778 3770 1888 3828 etsi
1934 3769 2096 3826 enim
2125 3788 2223 3845 eqo
2279 3777 2339 3827 et
2378 3770 2524 3827 alius
2571 3783 2760 3841 oppo-

359 3852 600 3917 nantur,
630 3853 691 3903 et
716 3865 817 3922 eqo
844 3844 1135 3920 significet
1162 3863 1347 3903 unam
1390 3850 1611 3903 certam
1652 3854 1714 3904 et
1747 3847 2127 3905 individuam
2153 3866 2486 3923 personam,
2514 3861 2639 3902 non
2668 3851 2763 3902 est.

360 3942 595 3983 necesse
622 3942 730 3999 per
769 3927 945 3983 alium
970 3924 1230 3997 intelligi
1257 3923 1479 3999 pariter
1514 3942 1708 3981 unum
1737 3926 1993 3983 definite.
2024 3922 2069 3982 J
2071 3926 2169 3983 oh.
2199 3925 2320 3982 xxi.
2375 3925 2467 3995 18,
2509 3922 2686 3981 Alius
2709 3932 2764 3983 te

760 4084 1296 4140 ..
1321 3999 2360 4140 snm...
2401 4081 2736 4155 p.

1988 4124 2002 4151 ‚
2737 4114 2766 4127 ..

358 4100 557 4231 ficatg,”
606 4158 668 4216 id
685 4100 805 4219 pgst
852 4160 1031 4239 quivis
1082 4157 1407 4217 indefinite.
1498 4158 1654 4217 Unus
1693 4101 1892 4217 etiagio
1923 4160 2108 4218 multas
2152 4160 2514 4236 opponitur;
2557 4164 2767 4233 pastor

362 4240 572 4309 bonus,
632 4238 885 4313 furibus,
940 4238 1117 4315 lupis.
1226 4234 1289 4293 N
1293 4254 1376 4307 ec,
1432 4236 1482 4293 si
1539 4236 1809 4297 Christus
1855 4239 2091 4296 unicus*
2135 4246 2241 4311 est,
2297 4238 2513 4295 unicus
2558 4242 2759 4296 tamen

358 4319 539 4375 debet
583 4334 707 4377 esse
736 4318 1143 4378 Antichristus
1184 4314 1278 4373 illi
1318 4315 1644 4391 oppositus
1731 4315 1893 4384 Quia
1938 4314 2208 4375 Christus
2255 4323 2436 4392 caput
2481 4314 2765 4377 Ecclesiae

360 4416 484 4455 suae
506 4396 721 4457 unicus
740 4404 847 4469 est,
870 4397 1019 4473 quia
1042 4392 1417 4465 immortalis,
1448 4412 1519 4451 ac
1543 4394 1794 4469 proinde
1822 4395 2220 4453 sacerdotium
2247 4397 2430 4454 habet
2456 4391 2762 4473 0035-3075023

366 4475 795 4548 Antichristus,
818 4480 1001 4552 caput
1016 4491 1142 4531 suae
1166 4471 1462 4548 Ecclesiae,
1484 4490 1603 4529 non
1619 4480 1710 4531 est
1719 4472 1932 4530 unicus
1953 4472 2170 4549 aliquis
2191 4476 2375 4534 homo
2385 4476 2768 4551 immortalis,

358 4554 461 4610 sed
488 4554 866 4629 singulorum
905 4552 1289 4628 quorundam
1330 4550 1676 4609 mortalium
1717 4551 1779 4608 in
1820 4550 2030 4608 eadem
2071 4554 2208 4612 sede
2249 4558 2554 4615 successim
2637 4555 2702 4614 N
2704 4574 2768 4612 e-

361 4630 683 4707 quicquam
710 4632 895 4691 etiam
922 4628 1123 4689 unitas
1150 4628 1458 4689 numerica
1484 4636 1545 4687 et
1570 4628 1960 4689 individualis
1983 4631 2342 4693 Antichristi
2363 4635 2666 4710 colligitur
2687 4652 2762 4692 ex
