<?xml version="1.0" encoding="UTF-8"?>
<!DOCTYPE html PUBLIC "-//W3C//DTD XHTML 1.0 Transitional//EN"
    "http://www.w3.org/TR/xhtml1/DTD/xhtml1-transitional.dtd">
<html xmlns="http://www.w3.org/1999/xhtml" xml:lang="en" lang="en">
 <head>
  <title>
</title>
<meta http-equiv="Content-Type" content="text/html;charset=utf-8" />
  <meta name='ocr-system' content='tesseract 3.04.00' />
  <meta name='ocr-capabilities' content='ocr_page ocr_carea ocr_par ocr_line ocrx_word'/>
</head>
<body>
  <div class='ocr_page' id='page_1' title='image "./denecessariasec00turrgoog_0761.png"; bbox 0 0 3234 5192; ppageno 0'>
   <div class='ocr_carea' id='block_1_1' title="bbox 2 0 3234 389">
    <p class='ocr_par' dir='ltr' id='par_1_1' title="bbox 2 0 3234 389">
     <span class='ocr_line' id='line_1_1' title="bbox 2 0 3234 120; baseline -0.002 -97"><span class='ocrx_word' id='word_1_1' title='bbox 2 0 1244 36; x_wconf 36' lang='lat' dir='ltr'>ffvmWae-essaetzm;</span> <span class='ocrx_word' id='word_1_2' title='bbox 1405 0 1470 77; x_wconf 67' lang='grc'>;;;</span> <span class='ocrx_word' id='word_1_3' title='bbox 1493 0 1582 73; x_wconf 65' lang='grc'>;;;</span> <span class='ocrx_word' id='word_1_4' title='bbox 1609 0 1620 58; x_wconf 70' lang='grc'>;</span> <span class='ocrx_word' id='word_1_5' title='bbox 1660 0 1675 73; x_wconf 73' lang='grc'>;</span> <span class='ocrx_word' id='word_1_6' title='bbox 1758 104 1765 120; x_wconf 54' lang='grc' dir='ltr'>ι</span> <span class='ocrx_word' id='word_1_7' title='bbox 1859 0 2056 7; x_wconf 46' lang='grc' dir='ltr'>ῃ</span> <span class='ocrx_word' id='word_1_8' title='bbox 2079 0 2448 8; x_wconf 52' lang='lat'><em>--—·*⁷—“*·-</em></span> <span class='ocrx_word' id='word_1_9' title='bbox 2465 0 3234 18; x_wconf 40' lang='lat' dir='ltr'>-qfi-——ss-m,</span> 
     </span>
     <span class='ocr_line' id='line_1_2' title="bbox 3 64 14 89; baseline 0 33"><span class='ocrx_word' id='word_1_10' title='bbox 3 64 14 89; x_wconf 61' lang='grc' dir='ltr'>Ι</span> 
     </span>
     <span class='ocr_line' id='line_1_3' title="bbox 1781 123 1867 169; baseline 0 -38"><span class='ocrx_word' id='word_1_11' title='bbox 1781 123 1867 169; x_wconf 35' lang='lat' dir='ltr'>xx</span> 
     </span>
     <span class='ocr_line' id='line_1_4' title="bbox 394 273 3053 357; baseline 0 -52"><span class='ocrx_word' id='word_1_12' title='bbox 394 284 425 305; x_wconf 58' lang='grc' dir='ltr'>κ</span> <span class='ocrx_word' id='word_1_13' title='bbox 2875 273 3053 357; x_wconf 51' lang='lat' dir='ltr'>fl</span> 
     </span>
     <span class='ocr_line' id='line_1_5' title="bbox 2336 318 2795 346; baseline 0 -21"><span class='ocrx_word' id='word_1_14' title='bbox 2336 320 2345 325; x_wconf 92' lang='lat'>.</span> <span class='ocrx_word' id='word_1_15' title='bbox 2368 330 2377 335; x_wconf 52' lang='grc'><strong>-</strong></span> <span class='ocrx_word' id='word_1_16' title='bbox 2393 324 2449 337; x_wconf 62' lang='lat'>,„.,</span> <span class='ocrx_word' id='word_1_17' title='bbox 2704 318 2795 346; x_wconf 33' lang='lat' dir='ltr'>,Q—</span> 
     </span>
     <span class='ocr_line' id='line_1_6' title="bbox 2817 367 2874 389; baseline 0 0"><span class='ocrx_word' id='word_1_18' title='bbox 2817 367 2874 389; x_wconf 43' lang='lat' dir='ltr'>&amp;a</span> 
     </span>
    </p>
   </div>
   <div class='ocr_carea' id='block_1_2' title="bbox 326 360 2740 467">
    <p class='ocr_par' dir='ltr' id='par_1_2' title="bbox 326 360 2740 467">
     <span class='ocr_line' id='line_1_7' title="bbox 326 360 2740 467; baseline 0.002 -24"><span class='ocrx_word' id='word_1_19' title='bbox 326 406 557 447; x_wconf 74' lang='lat' dir='ltr'>msru‘r.</span> <span class='ocrx_word' id='word_1_20' title='bbox 590 385 803 467; x_wconf 55' lang='grc' dir='ltr'>κιαι]</span> <span class='ocrx_word' id='word_1_21' title='bbox 910 406 987 445; x_wconf 73' lang='lat' dir='ltr'>na</span> <span class='ocrx_word' id='word_1_22' title='bbox 1016 403 1499 445; x_wconf 68' lang='lat' dir='ltr'>sA‘rrsrAcrroNts</span> <span class='ocrx_word' id='word_1_23' title='bbox 1526 402 1761 445; x_wconf 75' lang='lat' dir='ltr'>CHRISTI</span> <span class='ocrx_word' id='word_1_24' title='bbox 1791 404 2216 445; x_wconf 61' lang='lat' dir='ltr'>rsnrscrroxn.</span> <span class='ocrx_word' id='word_1_25' title='bbox 2527 360 2740 449; x_wconf 44' lang='lat' dir='ltr'>N“1353</span> 
     </span>
    </p>
   </div>
   <div class='ocr_carea' id='block_1_3' title="bbox 3 545 2734 4782">
    <p class='ocr_par' dir='ltr' id='par_1_3' title="bbox 312 545 2734 1667">
     <span class='ocr_line' id='line_1_8' title="bbox 325 545 2734 623; baseline 0.001 -18"><span class='ocrx_word' id='word_1_26' title='bbox 325 545 479 607; x_wconf 83' lang='lat' dir='ltr'>Psal.</span> <span class='ocrx_word' id='word_1_27' title='bbox 509 547 617 607; x_wconf 83' lang='lat' dir='ltr'>lxi.</span> <span class='ocrx_word' id='word_1_28' title='bbox 640 570 655 623; x_wconf 89' lang='lat'>;</span> <span class='ocrx_word' id='word_1_29' title='bbox 706 546 1071 605; x_wconf 87' lang='lat' dir='ltr'>“Passiones</span> <span class='ocrx_word' id='word_1_30' title='bbox 1100 545 1313 605; x_wconf 80' lang='lat' dir='ltr'><strong>Christi</strong></span> <span class='ocrx_word' id='word_1_31' title='bbox 1340 565 1459 603; x_wconf 91' lang='lat' dir='ltr'>non</span> <span class='ocrx_word' id='word_1_32' title='bbox 1486 546 1546 603; x_wconf 88' lang='lat' dir='ltr'>in</span> <span class='ocrx_word' id='word_1_33' title='bbox 1592 545 1718 606; x_wconf 89' lang='lat' dir='ltr'>solo</span> <span class='ocrx_word' id='word_1_34' title='bbox 1747 546 1995 622; x_wconf 84' lang='lat' dir='ltr'>Christe,</span> <span class='ocrx_word' id='word_1_35' title='bbox 2025 546 2141 605; x_wconf 90' lang='lat' dir='ltr'>imo</span> <span class='ocrx_word' id='word_1_36' title='bbox 2189 546 2488 623; x_wconf 81' lang='lat' dir='ltr'>passiones</span> <span class='ocrx_word' id='word_1_37' title='bbox 2519 548 2734 608; x_wconf 78' lang='lat' dir='ltr'><strong>Christi</strong></span> 
     </span>
     <span class='ocr_line' id='line_1_9' title="bbox 319 625 2731 705; baseline 0.002 -20"><span class='ocrx_word' id='word_1_38' title='bbox 319 628 551 686; x_wconf 87' lang='lat' dir='ltr'>nonnisi</span> <span class='ocrx_word' id='word_1_39' title='bbox 582 628 640 686; x_wconf 90' lang='lat' dir='ltr'>in</span> <span class='ocrx_word' id='word_1_40' title='bbox 670 627 936 701; x_wconf 83' lang='lat' dir='ltr'>Christ03</span> <span class='ocrx_word' id='word_1_41' title='bbox 983 626 1033 685; x_wconf 87' lang='lat' dir='ltr'>si</span> <span class='ocrx_word' id='word_1_42' title='bbox 1060 626 1214 683; x_wconf 90' lang='lat' dir='ltr'>enim</span> <span class='ocrx_word' id='word_1_43' title='bbox 1234 626 1525 685; x_wconf 81' lang='lat' dir='ltr'>Christum</span> <span class='ocrx_word' id='word_1_44' title='bbox 1554 625 1848 703; x_wconf 77' lang='lat' dir='ltr'>intelligas</span> <span class='ocrx_word' id='word_1_45' title='bbox 1871 626 2057 705; x_wconf 88' lang='lat' dir='ltr'>Caput</span> <span class='ocrx_word' id='word_1_46' title='bbox 2073 635 2132 685; x_wconf 90' lang='lat' dir='ltr'>et</span> <span class='ocrx_word' id='word_1_47' title='bbox 2161 626 2398 705; x_wconf 88' lang='lat' dir='ltr'>Corpus,</span> <span class='ocrx_word' id='word_1_48' title='bbox 2429 629 2731 703; x_wconf 83' lang='lat' dir='ltr'>passiones</span> 
     </span>
     <span class='ocr_line' id='line_1_10' title="bbox 322 706 2728 787; baseline 0.002 -23"><span class='ocrx_word' id='word_1_49' title='bbox 322 706 537 767; x_wconf 83' lang='lat' dir='ltr'>Christi</span> <span class='ocrx_word' id='word_1_50' title='bbox 563 707 795 766; x_wconf 88' lang='lat' dir='ltr'>nonnisi</span> <span class='ocrx_word' id='word_1_51' title='bbox 821 706 883 765; x_wconf 88' lang='lat' dir='ltr'>in</span> <span class='ocrx_word' id='word_1_52' title='bbox 912 707 1175 783; x_wconf 83' lang='lat' dir='ltr'>Christ03</span> <span class='ocrx_word' id='word_1_53' title='bbox 1222 706 1273 765; x_wconf 90' lang='lat' dir='ltr'>si</span> <span class='ocrx_word' id='word_1_54' title='bbox 1299 714 1493 765; x_wconf 90' lang='lat' dir='ltr'>autem</span> <span class='ocrx_word' id='word_1_55' title='bbox 1522 706 1816 765; x_wconf 83' lang='lat' dir='ltr'>Christum</span> <span class='ocrx_word' id='word_1_56' title='bbox 1837 706 2130 783; x_wconf 81' lang='lat' dir='ltr'>intelligas</span> <span class='ocrx_word' id='word_1_57' title='bbox 2159 706 2344 767; x_wconf 86' lang='lat' dir='ltr'>solum</span> <span class='ocrx_word' id='word_1_58' title='bbox 2375 716 2562 785; x_wconf 87' lang='lat' dir='ltr'>caput,</span> <span class='ocrx_word' id='word_1_59' title='bbox 2596 729 2728 787; x_wconf 88' lang='lat' dir='ltr'>pas-</span> 
     </span>
     <span class='ocr_line' id='line_1_11' title="bbox 320 785 2726 862; baseline 0 -16"><span class='ocrx_word' id='word_1_60' title='bbox 320 788 513 846; x_wconf 89' lang='lat' dir='ltr'>siones</span> <span class='ocrx_word' id='word_1_61' title='bbox 536 787 750 846; x_wconf 89' lang='lat' dir='ltr'>Christi</span> <span class='ocrx_word' id='word_1_62' title='bbox 778 806 895 845; x_wconf 88' lang='lat' dir='ltr'>non</span> <span class='ocrx_word' id='word_1_63' title='bbox 920 787 983 845; x_wconf 90' lang='lat' dir='ltr'>in</span> <span class='ocrx_word' id='word_1_64' title='bbox 1012 785 1137 845; x_wconf 87' lang='lat' dir='ltr'>solo</span> <span class='ocrx_word' id='word_1_65' title='bbox 1166 786 1395 845; x_wconf 89' lang='lat' dir='ltr'>Christo</span> <span class='ocrx_word' id='word_1_66' title='bbox 1415 787 1469 862; x_wconf 87' lang='lat'>;&#39;’</span> <span class='ocrx_word' id='word_1_67' title='bbox 1497 794 1648 845; x_wconf 88' lang='lat' dir='ltr'>etex</span> <span class='ocrx_word' id='word_1_68' title='bbox 1669 807 1739 846; x_wconf 89' lang='lat' dir='ltr'>eo</span> <span class='ocrx_word' id='word_1_69' title='bbox 1763 786 1965 848; x_wconf 90' lang='lat' dir='ltr'>Ansel.</span> <span class='ocrx_word' id='word_1_70' title='bbox 2014 791 2048 822; x_wconf 75' lang='lat'>‘⁸</span> <span class='ocrx_word' id='word_1_71' title='bbox 2072 785 2300 845; x_wconf 82' lang='lat' dir='ltr'>Patitur</span> <span class='ocrx_word' id='word_1_72' title='bbox 2319 787 2508 846; x_wconf 86' lang='lat' dir='ltr'>adhuc</span> <span class='ocrx_word' id='word_1_73' title='bbox 2531 787 2726 848; x_wconf 87' lang='lat' dir='ltr'>Chris·</span> 
     </span>
     <span class='ocr_line' id='line_1_12' title="bbox 318 865 2725 945; baseline 0.001 -21"><span class='ocrx_word' id='word_1_74' title='bbox 318 873 414 925; x_wconf 89' lang='lat' dir='ltr'>tus</span> <span class='ocrx_word' id='word_1_75' title='bbox 442 868 759 943; x_wconf 87' lang='lat' dir='ltr'>passiones,</span> <span class='ocrx_word' id='word_1_76' title='bbox 790 887 909 925; x_wconf 89' lang='lat' dir='ltr'>non</span> <span class='ocrx_word' id='word_1_77' title='bbox 936 867 995 925; x_wconf 90' lang='lat' dir='ltr'>in</span> <span class='ocrx_word' id='word_1_78' title='bbox 1025 887 1195 925; x_wconf 88' lang='lat' dir='ltr'>carne</span> <span class='ocrx_word' id='word_1_79' title='bbox 1224 887 1329 925; x_wconf 86' lang='lat' dir='ltr'>sua</span> <span class='ocrx_word' id='word_1_80' title='bbox 1356 868 1415 925; x_wconf 92' lang='lat' dir='ltr'>in</span> <span class='ocrx_word' id='word_1_81' title='bbox 1444 885 1558 944; x_wconf 87' lang='lat' dir='ltr'>qua</span> <span class='ocrx_word' id='word_1_82' title='bbox 1586 865 1849 926; x_wconf 87' lang='lat' dir='ltr'>ascendit</span> <span class='ocrx_word' id='word_1_83' title='bbox 1875 867 1938 925; x_wconf 90' lang='lat' dir='ltr'>in</span> <span class='ocrx_word' id='word_1_84' title='bbox 1965 866 2192 941; x_wconf 88' lang='lat' dir='ltr'>coelum,</span> <span class='ocrx_word' id='word_1_85' title='bbox 2225 866 2328 925; x_wconf 90' lang='lat' dir='ltr'>sed</span> <span class='ocrx_word' id='word_1_86' title='bbox 2368 868 2428 926; x_wconf 89' lang='lat' dir='ltr'>in</span> <span class='ocrx_word' id='word_1_87' title='bbox 2445 887 2574 925; x_wconf 89' lang='lat' dir='ltr'>mea</span> <span class='ocrx_word' id='word_1_88' title='bbox 2595 888 2725 945; x_wconf 77' lang='lat' dir='ltr'>quae</span> 
     </span>
     <span class='ocr_line' id='line_1_13' title="bbox 317 945 2722 1025; baseline 0.001 -21"><span class='ocrx_word' id='word_1_89' title='bbox 317 946 507 1005; x_wconf 90' lang='lat' dir='ltr'>adhuc</span> <span class='ocrx_word' id='word_1_90' title='bbox 535 945 759 1006; x_wconf 90' lang='lat' dir='ltr'>laborat</span> <span class='ocrx_word' id='word_1_91' title='bbox 786 948 849 1005; x_wconf 90' lang='lat' dir='ltr'>in</span> <span class='ocrx_word' id='word_1_92' title='bbox 869 946 1081 1006; x_wconf 88' lang='lat' dir='ltr'>terra.&#39;&#39;</span> <span class='ocrx_word' id='word_1_93' title='bbox 1125 947 1219 1007; x_wconf 88' lang='lat' dir='ltr'>Ita</span> <span class='ocrx_word' id='word_1_94' title='bbox 1242 947 1508 1023; x_wconf 85' lang='lat' dir='ltr'>Lyranus</span> <span class='ocrx_word' id='word_1_95' title='bbox 1556 948 1617 1005; x_wconf 91' lang='lat' dir='ltr'>in</span> <span class='ocrx_word' id='word_1_96' title='bbox 1644 948 1702 1007; x_wconf 92' lang='lat' dir='ltr'>h.</span> <span class='ocrx_word' id='word_1_97' title='bbox 1733 947 1793 1018; x_wconf 89' lang='lat' dir='ltr'>l.‚</span> <span class='ocrx_word' id='word_1_98' title='bbox 1847 950 1882 979; x_wconf 67' lang='lat'>‘⁸</span> <span class='ocrx_word' id='word_1_99' title='bbox 1907 947 2214 1007; x_wconf 78' lang='lat' dir='ltr'>Passiones</span> <span class='ocrx_word' id='word_1_100' title='bbox 2237 946 2452 1006; x_wconf 85' lang='lat' dir='ltr'>Christi</span> <span class='ocrx_word' id='word_1_101' title='bbox 2479 946 2722 1025; x_wconf 89' lang='lat' dir='ltr'>duplici-</span> 
     </span>
     <span class='ocr_line' id='line_1_14' title="bbox 316 1026 2723 1105; baseline 0 -20"><span class='ocrx_word' id='word_1_102' title='bbox 316 1034 407 1085; x_wconf 87' lang='lat' dir='ltr'>ter</span> <span class='ocrx_word' id='word_1_103' title='bbox 432 1026 787 1105; x_wconf 77' lang='lat' dir='ltr'>accipiantur</span> <span class='ocrx_word' id='word_1_104' title='bbox 811 1050 825 1087; x_wconf 84' lang='lat'>:</span> <span class='ocrx_word' id='word_1_105' title='bbox 854 1046 971 1085; x_wconf 89' lang='lat' dir='ltr'>uno</span> <span class='ocrx_word' id='word_1_106' title='bbox 998 1026 1171 1085; x_wconf 88' lang='lat' dir='ltr'>modo</span> <span class='ocrx_word' id='word_1_107' title='bbox 1200 1047 1305 1105; x_wconf 92' lang='lat' dir='ltr'>pro</span> <span class='ocrx_word' id='word_1_108' title='bbox 1332 1027 1449 1085; x_wconf 90' lang='lat' dir='ltr'>illis</span> <span class='ocrx_word' id='word_1_109' title='bbox 1469 1047 1615 1103; x_wconf 87' lang='lat' dir='ltr'>quas</span> <span class='ocrx_word' id='word_1_110' title='bbox 1639 1026 1912 1087; x_wconf 85' lang='lat' dir='ltr'>sustinuit</span> <span class='ocrx_word' id='word_1_111' title='bbox 1933 1027 1992 1085; x_wconf 90' lang='lat' dir='ltr'>in</span> <span class='ocrx_word' id='word_1_112' title='bbox 2011 1027 2241 1105; x_wconf 88' lang='lat' dir='ltr'>proprio</span> <span class='ocrx_word' id='word_1_113' title='bbox 2268 1046 2522 1105; x_wconf 87' lang='lat' dir='ltr'>corpore,</span> <span class='ocrx_word' id='word_1_114' title='bbox 2553 1035 2612 1087; x_wconf 88' lang='lat' dir='ltr'>et</span> <span class='ocrx_word' id='word_1_115' title='bbox 2641 1029 2723 1087; x_wconf 90' lang='lat' dir='ltr'>sic</span> 
     </span>
     <span class='ocr_line' id='line_1_15' title="bbox 317 1105 2720 1185; baseline 0.002 -21"><span class='ocrx_word' id='word_1_116' title='bbox 317 1106 463 1165; x_wconf 90' lang='lat' dir='ltr'>nihil</span> <span class='ocrx_word' id='word_1_117' title='bbox 491 1107 574 1165; x_wconf 90' lang='lat' dir='ltr'>ibi</span> <span class='ocrx_word' id='word_1_118' title='bbox 600 1115 781 1166; x_wconf 89' lang='lat' dir='ltr'>restat</span> <span class='ocrx_word' id='word_1_119' title='bbox 808 1105 884 1165; x_wconf 89' lang='lat' dir='ltr'>ad</span> <span class='ocrx_word' id='word_1_120' title='bbox 930 1106 1327 1184; x_wconf 88' lang='lat' dir='ltr'>implendum;</span> <span class='ocrx_word' id='word_1_121' title='bbox 1371 1106 1485 1166; x_wconf 88' lang='lat' dir='ltr'>alio</span> <span class='ocrx_word' id='word_1_122' title='bbox 1534 1107 1706 1166; x_wconf 91' lang='lat' dir='ltr'>modo</span> <span class='ocrx_word' id='word_1_123' title='bbox 1747 1127 1852 1185; x_wconf 88' lang='lat' dir='ltr'>pro</span> <span class='ocrx_word' id='word_1_124' title='bbox 1891 1107 2009 1165; x_wconf 88' lang='lat' dir='ltr'>illis</span> <span class='ocrx_word' id='word_1_125' title='bbox 2047 1128 2192 1184; x_wconf 87' lang='lat' dir='ltr'>quas</span> <span class='ocrx_word' id='word_1_126' title='bbox 2239 1108 2301 1165; x_wconf 92' lang='lat' dir='ltr'>in</span> <span class='ocrx_word' id='word_1_127' title='bbox 2329 1108 2500 1165; x_wconf 87' lang='lat' dir='ltr'>finem</span> <span class='ocrx_word' id='word_1_128' title='bbox 2540 1127 2720 1185; x_wconf 88' lang='lat' dir='ltr'>usque</span> 
     </span>
     <span class='ocr_line' id='line_1_16' title="bbox 318 1186 2720 1265; baseline 0.001 -20"><span class='ocrx_word' id='word_1_129' title='bbox 318 1187 497 1245; x_wconf 90' lang='lat' dir='ltr'>seculi</span> <span class='ocrx_word' id='word_1_130' title='bbox 525 1186 775 1264; x_wconf 87' lang='lat' dir='ltr'>patietur</span> <span class='ocrx_word' id='word_1_131' title='bbox 802 1188 863 1245; x_wconf 89' lang='lat' dir='ltr'>in</span> <span class='ocrx_word' id='word_1_132' title='bbox 892 1206 1128 1265; x_wconf 89' lang='lat' dir='ltr'>corpore</span> <span class='ocrx_word' id='word_1_133' title='bbox 1171 1186 1437 1264; x_wconf 81' lang='lat' dir='ltr'>mystice,</span> <span class='ocrx_word' id='word_1_134' title='bbox 1482 1194 1541 1246; x_wconf 92' lang='lat' dir='ltr'>et</span> <span class='ocrx_word' id='word_1_135' title='bbox 1568 1188 1652 1246; x_wconf 87' lang='lat' dir='ltr'>sic</span> <span class='ocrx_word' id='word_1_136' title='bbox 1681 1194 1900 1247; x_wconf 77' lang='lat' dir='ltr'>restant</span> <span class='ocrx_word' id='word_1_137' title='bbox 1932 1188 2242 1247; x_wconf 86' lang='lat' dir='ltr'>multarum</span> <span class='ocrx_word' id='word_1_138' title='bbox 2269 1188 2601 1265; x_wconf 79' lang='lat' dir='ltr'>passionum</span> <span class='ocrx_word' id='word_1_139' title='bbox 2631 1208 2720 1247; x_wconf 82' lang='lat' dir='ltr'>re·-</span> 
     </span>
     <span class='ocr_line' id='line_1_17' title="bbox 312 1266 2721 1345; baseline 0.001 -22"><span class='ocrx_word' id='word_1_140' title='bbox 312 1266 508 1343; x_wconf 79' lang='lat' dir='ltr'>liquiae</span> <span class='ocrx_word' id='word_1_141' title='bbox 536 1266 971 1344; x_wconf 80' lang='lat' dir='ltr'>adimplendae.’&#39;</span> <span class='ocrx_word' id='word_1_142' title='bbox 1018 1268 1217 1343; x_wconf 88' lang='lat' dir='ltr'>Atque</span> <span class='ocrx_word' id='word_1_143' title='bbox 1244 1268 1357 1326; x_wconf 92' lang='lat' dir='ltr'>huc</span> <span class='ocrx_word' id='word_1_144' title='bbox 1385 1267 1636 1343; x_wconf 87' lang='lat' dir='ltr'>pertinet</span> <span class='ocrx_word' id='word_1_145' title='bbox 1681 1267 1900 1345; x_wconf 84' lang='lat' dir='ltr'>duplex</span> <span class='ocrx_word' id='word_1_146' title='bbox 1922 1268 2136 1326; x_wconf 84' lang='lat' dir='ltr'>Christi</span> <span class='ocrx_word' id='word_1_147' title='bbox 2163 1266 2346 1345; x_wconf 70' lang='grc' dir='ltr'>σχίσας,</span> <span class='ocrx_word' id='word_1_148' title='bbox 2388 1268 2484 1326; x_wconf 85' lang='lat' dir='ltr'>vel</span> <span class='ocrx_word' id='word_1_149' title='bbox 2511 1276 2578 1327; x_wconf 89' lang='lat' dir='ltr'>ut</span> <span class='ocrx_word' id='word_1_150' title='bbox 2609 1269 2721 1329; x_wconf 92' lang='lat' dir='ltr'>Va-</span> 
     </span>
     <span class='ocr_line' id='line_1_18' title="bbox 313 1345 2721 1425; baseline 0.001 -19"><span class='ocrx_word' id='word_1_151' title='bbox 313 1347 402 1406; x_wconf 74' lang='lat' dir='ltr'>dis</span> <span class='ocrx_word' id='word_1_152' title='bbox 429 1354 487 1405; x_wconf 89' lang='lat' dir='ltr'>et</span> <span class='ocrx_word' id='word_1_153' title='bbox 513 1348 797 1422; x_wconf 57' lang='lat' dir='ltr'>sponsoris</span> <span class='ocrx_word' id='word_1_154' title='bbox 817 1348 918 1425; x_wconf 88' lang='lat' dir='ltr'>qui</span> <span class='ocrx_word' id='word_1_155' title='bbox 945 1367 1048 1425; x_wconf 91' lang='lat' dir='ltr'>pro</span> <span class='ocrx_word' id='word_1_156' title='bbox 1078 1347 1245 1406; x_wconf 88' lang='lat' dir='ltr'>nobis</span> <span class='ocrx_word' id='word_1_157' title='bbox 1273 1345 1569 1421; x_wconf 80' lang='lat' dir='ltr'>satisfacit,</span> <span class='ocrx_word' id='word_1_158' title='bbox 1602 1348 1698 1406; x_wconf 85' lang='lat' dir='ltr'>vel</span> <span class='ocrx_word' id='word_1_159' title='bbox 1743 1356 1808 1406; x_wconf 90' lang='lat' dir='ltr'>ut</span> <span class='ocrx_word' id='word_1_160' title='bbox 1841 1348 2056 1423; x_wconf 77' lang='lat' dir='ltr'>Capitis</span> <span class='ocrx_word' id='word_1_161' title='bbox 2084 1350 2242 1425; x_wconf 90' lang='lat' dir='ltr'>quod</span> <span class='ocrx_word' id='word_1_162' title='bbox 2263 1350 2323 1405; x_wconf 89' lang='lat' dir='ltr'>in</span> <span class='ocrx_word' id='word_1_163' title='bbox 2351 1348 2520 1407; x_wconf 88' lang='lat' dir='ltr'>nobis</span> <span class='ocrx_word' id='word_1_164' title='bbox 2547 1348 2721 1409; x_wconf 85' lang='lat' dir='ltr'>debet</span> 
     </span>
     <span class='ocr_line' id='line_1_19' title="bbox 314 1425 2720 1505; baseline 0.002 -22"><span class='ocrx_word' id='word_1_165' title='bbox 314 1427 555 1504; x_wconf 85' lang='lat' dir='ltr'>operari,</span> <span class='ocrx_word' id='word_1_166' title='bbox 587 1435 652 1492; x_wconf 85' lang='lat' dir='ltr'>ut</span> <span class='ocrx_word' id='word_1_167' title='bbox 678 1447 787 1487; x_wconf 87' lang='lat' dir='ltr'>nos</span> <span class='ocrx_word' id='word_1_168' title='bbox 832 1428 942 1487; x_wconf 88' lang='lat' dir='ltr'>sibi</span> <span class='ocrx_word' id='word_1_169' title='bbox 988 1428 1206 1487; x_wconf 83' lang='lat' dir='ltr'>similes</span> <span class='ocrx_word' id='word_1_170' title='bbox 1253 1425 1495 1485; x_wconf 85' lang='lat' dir='ltr'>reddat:</span> <span class='ocrx_word' id='word_1_171' title='bbox 1539 1426 1728 1485; x_wconf 91' lang='lat' dir='ltr'>Priori</span> <span class='ocrx_word' id='word_1_172' title='bbox 1776 1447 1948 1487; x_wconf 87' lang='lat' dir='ltr'>sensu</span> <span class='ocrx_word' id='word_1_173' title='bbox 1995 1429 2292 1505; x_wconf 85' lang='lat' dir='ltr'>passiones</span> <span class='ocrx_word' id='word_1_174' title='bbox 2321 1428 2536 1487; x_wconf 88' lang='lat' dir='ltr'>Christi</span> <span class='ocrx_word' id='word_1_175' title='bbox 2585 1438 2720 1489; x_wconf 87' lang='lat' dir='ltr'>sunt</span> 
     </span>
     <span class='ocr_line' id='line_1_20' title="bbox 312 1507 2715 1586; baseline 0.001 -21"><span class='ocrx_word' id='word_1_176' title='bbox 312 1507 720 1582; x_wconf 66' lang='lat' dir='ltr'>satisfactoria,</span> <span class='ocrx_word' id='word_1_177' title='bbox 752 1516 813 1566; x_wconf 91' lang='lat' dir='ltr'>et</span> <span class='ocrx_word' id='word_1_178' title='bbox 839 1508 927 1567; x_wconf 91' lang='lat' dir='ltr'>illi</span> <span class='ocrx_word' id='word_1_179' title='bbox 954 1508 1064 1568; x_wconf 88' lang='lat' dir='ltr'>soli</span> <span class='ocrx_word' id='word_1_180' title='bbox 1093 1507 1349 1567; x_wconf 88' lang='lat' dir='ltr'>exclusis</span> <span class='ocrx_word' id='word_1_181' title='bbox 1376 1507 1506 1565; x_wconf 84' lang='lat' dir='ltr'>aliis</span> <span class='ocrx_word' id='word_1_182' title='bbox 1550 1514 1902 1584; x_wconf 87' lang='lat' dir='ltr'>competunt,</span> <span class='ocrx_word' id='word_1_183' title='bbox 1938 1507 2055 1567; x_wconf 90' lang='lat' dir='ltr'>Sed</span> <span class='ocrx_word' id='word_1_184' title='bbox 2102 1508 2408 1586; x_wconf 86' lang='lat' dir='ltr'>posteriori</span> <span class='ocrx_word' id='word_1_185' title='bbox 2452 1516 2588 1568; x_wconf 90' lang='lat' dir='ltr'>sunt</span> <span class='ocrx_word' id='word_1_186' title='bbox 2615 1530 2715 1567; x_wconf 76' lang='lat' dir='ltr'>ex·</span> 
     </span>
     <span class='ocr_line' id='line_1_21' title="bbox 312 1587 1629 1667; baseline 0.002 -22"><span class='ocrx_word' id='word_1_187' title='bbox 312 1589 590 1661; x_wconf 77' lang='lat' dir='ltr'>emplares</span> <span class='ocrx_word' id='word_1_188' title='bbox 616 1596 676 1646; x_wconf 91' lang='lat' dir='ltr'>et</span> <span class='ocrx_word' id='word_1_189' title='bbox 702 1587 778 1646; x_wconf 88' lang='lat' dir='ltr'>ad</span> <span class='ocrx_word' id='word_1_190' title='bbox 805 1588 1182 1647; x_wconf 87' lang='lat' dir='ltr'>imitationem</span> <span class='ocrx_word' id='word_1_191' title='bbox 1212 1595 1629 1667; x_wconf 89' lang='lat' dir='ltr'>proponuntur.</span> 
     </span>
    </p>

    <p class='ocr_par' dir='ltr' id='par_1_4' title="bbox 300 1666 2720 3664">
     <span class='ocr_line' id='line_1_22' title="bbox 395 1666 2720 1745; baseline 0.002 -19"><span class='ocrx_word' id='word_1_192' title='bbox 395 1667 470 1726; x_wconf 92' lang='lat' dir='ltr'>V.</span> <span class='ocrx_word' id='word_1_193' title='bbox 515 1673 571 1726; x_wconf 90' lang='lat'>2.</span> <span class='ocrx_word' id='word_1_194' title='bbox 616 1667 1057 1728; x_wconf 86' lang='lat' dir='ltr'>Observandum</span> <span class='ocrx_word' id='word_1_195' title='bbox 1094 1688 1221 1727; x_wconf 85' lang='lat' dir='ltr'>eam</span> <span class='ocrx_word' id='word_1_196' title='bbox 1270 1688 1397 1727; x_wconf 90' lang='lat' dir='ltr'>esse</span> <span class='ocrx_word' id='word_1_197' title='bbox 1442 1667 1652 1727; x_wconf 87' lang='lat' dir='ltr'>debere</span> <span class='ocrx_word' id='word_1_198' title='bbox 1699 1666 1851 1727; x_wconf 88' lang='lat' dir='ltr'>inter</span> <span class='ocrx_word' id='word_1_199' title='bbox 1878 1667 2101 1745; x_wconf 87' lang='lat' dir='ltr'>Corpus</span> <span class='ocrx_word' id='word_1_200' title='bbox 2129 1667 2344 1728; x_wconf 87' lang='lat' dir='ltr'>Christi</span> <span class='ocrx_word' id='word_1_201' title='bbox 2370 1669 2630 1729; x_wconf 88' lang='lat' dir='ltr'>naturale</span> <span class='ocrx_word' id='word_1_202' title='bbox 2660 1679 2720 1730; x_wconf 86' lang='lat' dir='ltr'>et</span> 
     </span>
     <span class='ocr_line' id='line_1_23' title="bbox 308 1748 2719 1828; baseline 0.001 -21"><span class='ocrx_word' id='word_1_203' title='bbox 308 1748 637 1825; x_wconf 80' lang='lat' dir='ltr'>mysticum,</span> <span class='ocrx_word' id='word_1_204' title='bbox 672 1748 859 1825; x_wconf 91' lang='lat' dir='ltr'>Caput</span> <span class='ocrx_word' id='word_1_205' title='bbox 886 1757 945 1808; x_wconf 89' lang='lat' dir='ltr'>et</span> <span class='ocrx_word' id='word_1_206' title='bbox 970 1749 1244 1824; x_wconf 88' lang='lat' dir='ltr'>membra,</span> <span class='ocrx_word' id='word_1_207' title='bbox 1274 1749 1634 1807; x_wconf 85' lang='lat' dir='ltr'>harmoniam</span> <span class='ocrx_word' id='word_1_208' title='bbox 1655 1756 1714 1807; x_wconf 90' lang='lat' dir='ltr'>et</span> <span class='ocrx_word' id='word_1_209' title='bbox 1741 1748 2216 1827; x_wconf 86' lang='lat' dir='ltr'>conformitatem,</span> <span class='ocrx_word' id='word_1_210' title='bbox 2246 1758 2312 1808; x_wconf 89' lang='lat' dir='ltr'>ut</span> <span class='ocrx_word' id='word_1_211' title='bbox 2333 1749 2490 1828; x_wconf 88' lang='lat' dir='ltr'>quod</span> <span class='ocrx_word' id='word_1_212' title='bbox 2519 1750 2719 1827; x_wconf 86' lang='lat' dir='ltr'>imple-</span> 
     </span>
     <span class='ocr_line' id='line_1_24' title="bbox 308 1828 2720 1909; baseline 0.001 -22"><span class='ocrx_word' id='word_1_213' title='bbox 308 1835 433 1887; x_wconf 87' lang='lat' dir='ltr'>tum</span> <span class='ocrx_word' id='word_1_214' title='bbox 462 1839 553 1888; x_wconf 88' lang='lat' dir='ltr'>est</span> <span class='ocrx_word' id='word_1_215' title='bbox 578 1828 639 1887; x_wconf 91' lang='lat' dir='ltr'>in</span> <span class='ocrx_word' id='word_1_216' title='bbox 668 1829 769 1887; x_wconf 94' lang='lat' dir='ltr'>illo</span> <span class='ocrx_word' id='word_1_217' title='bbox 798 1829 1007 1889; x_wconf 85' lang='lat' dir='ltr'>debeat</span> <span class='ocrx_word' id='word_1_218' title='bbox 1035 1830 1093 1886; x_wconf 88' lang='lat' dir='ltr'>in</span> <span class='ocrx_word' id='word_1_219' title='bbox 1123 1828 1267 1904; x_wconf 85' lang='lat' dir='ltr'>istis,</span> <span class='ocrx_word' id='word_1_220' title='bbox 1300 1837 1530 1889; x_wconf 85' lang='lat' dir='ltr'>servata</span> <span class='ocrx_word' id='word_1_221' title='bbox 1556 1839 1751 1889; x_wconf 88' lang='lat' dir='ltr'>tamen</span> <span class='ocrx_word' id='word_1_222' title='bbox 1798 1829 2183 1907; x_wconf 89' lang='lat' dir='ltr'>proportione,</span> <span class='ocrx_word' id='word_1_223' title='bbox 2215 1829 2457 1908; x_wconf 89' lang='lat' dir='ltr'>impleri,</span> <span class='ocrx_word' id='word_1_224' title='bbox 2488 1838 2720 1909; x_wconf 90' lang='lat' dir='ltr'>propte-</span> 
     </span>
     <span class='ocr_line' id='line_1_25' title="bbox 311 1909 2714 1988; baseline 0.001 -22"><span class='ocrx_word' id='word_1_225' title='bbox 311 1927 409 1966; x_wconf 85' lang='lat' dir='ltr'>rea</span> <span class='ocrx_word' id='word_1_226' title='bbox 438 1909 587 1966; x_wconf 90' lang='lat' dir='ltr'>enim</span> <span class='ocrx_word' id='word_1_227' title='bbox 618 1909 1017 1986; x_wconf 78' lang='lat' dir='ltr'>praedestinari</span> <span class='ocrx_word' id='word_1_228' title='bbox 1039 1909 1285 1969; x_wconf 86' lang='lat' dir='ltr'>dicimur</span> <span class='ocrx_word' id='word_1_229' title='bbox 1312 1929 1347 1967; x_wconf 87' lang='lat' dir='ltr'>a</span> <span class='ocrx_word' id='word_1_230' title='bbox 1370 1910 1553 1969; x_wconf 88' lang='lat' dir='ltr'>Paulo</span> <span class='ocrx_word' id='word_1_231' title='bbox 1586 1912 1622 1943; x_wconf 78' lang='lat'>‘⁴</span> <span class='ocrx_word' id='word_1_232' title='bbox 1643 1918 1706 1968; x_wconf 91' lang='lat' dir='ltr'>ut</span> <span class='ocrx_word' id='word_1_233' title='bbox 1727 1909 1908 1968; x_wconf 88' lang='lat' dir='ltr'>simus</span> <span class='ocrx_word' id='word_1_234' title='bbox 1938 1909 2260 1969; x_wconf 87' lang='lat' dir='ltr'>conformes</span> <span class='ocrx_word' id='word_1_235' title='bbox 2301 1910 2540 1987; x_wconf 87' lang='lat' dir='ltr'>imagini</span> <span class='ocrx_word' id='word_1_236' title='bbox 2570 1912 2714 1988; x_wconf 88' lang='lat' dir='ltr'>ejus,</span> 
     </span>
     <span class='ocr_line' id='line_1_26' title="bbox 313 1985 2716 2067; baseline 0.002 -23"><span class='ocrx_word' id='word_1_237' title='bbox 313 1985 483 2047; x_wconf 89' lang='lat' dir='ltr'>Rom.</span> <span class='ocrx_word' id='word_1_238' title='bbox 514 1988 636 2047; x_wconf 87' lang='lat' dir='ltr'>viii.</span> <span class='ocrx_word' id='word_1_239' title='bbox 667 1991 763 2064; x_wconf 87' lang='lat'>29,</span> <span class='ocrx_word' id='word_1_240' title='bbox 796 1998 855 2047; x_wconf 89' lang='lat' dir='ltr'>et</span> <span class='ocrx_word' id='word_1_241' title='bbox 880 1989 1053 2064; x_wconf 87' lang='lat' dir='ltr'>idem,</span> <span class='ocrx_word' id='word_1_242' title='bbox 1085 1994 1121 2047; x_wconf 88' lang='lat'>2</span> <span class='ocrx_word' id='word_1_243' title='bbox 1153 1991 1285 2049; x_wconf 89' lang='lat' dir='ltr'>Cot.</span> <span class='ocrx_word' id='word_1_244' title='bbox 1315 1990 1395 2047; x_wconf 92' lang='lat' dir='ltr'>iii.</span> <span class='ocrx_word' id='word_1_245' title='bbox 1430 1992 1521 2064; x_wconf 89' lang='lat'>18,</span> <span class='ocrx_word' id='word_1_246' title='bbox 1553 1998 1800 2048; x_wconf 89' lang='lat' dir='ltr'>testatur</span> <span class='ocrx_word' id='word_1_247' title='bbox 1829 1992 1865 2022; x_wconf 89' lang='lat'><strong>“</strong></span> <span class='ocrx_word' id='word_1_248' title='bbox 1887 2008 1994 2048; x_wconf 91' lang='lat' dir='ltr'>nos</span> <span class='ocrx_word' id='word_1_249' title='bbox 2017 1990 2471 2066; x_wconf 87' lang='lat' dir='ltr'>contemplantes</span> <span class='ocrx_word' id='word_1_250' title='bbox 2499 1990 2560 2047; x_wconf 92' lang='lat' dir='ltr'>in</span> <span class='ocrx_word' id='word_1_251' title='bbox 2589 2010 2716 2067; x_wconf 88' lang='lat' dir='ltr'>spe·</span> 
     </span>
     <span class='ocr_line' id='line_1_27' title="bbox 309 2066 2718 2145; baseline 0 -18"><span class='ocrx_word' id='word_1_252' title='bbox 309 2067 441 2127; x_wconf 85' lang='lat' dir='ltr'>culo</span> <span class='ocrx_word' id='word_1_253' title='bbox 469 2066 615 2125; x_wconf 88' lang='lat' dir='ltr'>facie</span> <span class='ocrx_word' id='word_1_254' title='bbox 645 2076 861 2127; x_wconf 89' lang='lat' dir='ltr'>retecta</span> <span class='ocrx_word' id='word_1_255' title='bbox 907 2068 1153 2145; x_wconf 87' lang='lat' dir='ltr'>gloriam</span> <span class='ocrx_word' id='word_1_256' title='bbox 1184 2068 1435 2143; x_wconf 88' lang='lat' dir='ltr'>Domini,</span> <span class='ocrx_word' id='word_1_257' title='bbox 1468 2068 1864 2126; x_wconf 86' lang='lat' dir='ltr'>transformari</span> <span class='ocrx_word' id='word_1_258' title='bbox 1905 2068 1966 2123; x_wconf 90' lang='lat' dir='ltr'>in</span> <span class='ocrx_word' id='word_1_259' title='bbox 2014 2067 2255 2125; x_wconf 90' lang='lat' dir='ltr'>eandem</span> <span class='ocrx_word' id='word_1_260' title='bbox 2303 2069 2616 2145; x_wconf 84' lang='lat' dir='ltr'>imaginem</span> <span class='ocrx_word' id='word_1_261' title='bbox 2643 2069 2718 2127; x_wconf 83' lang='lat' dir='ltr'>de</span> 
     </span>
     <span class='ocr_line' id='line_1_28' title="bbox 307 2144 2716 2222; baseline 0.001 -19"><span class='ocrx_word' id='word_1_262' title='bbox 307 2145 495 2221; x_wconf 87' lang='lat' dir='ltr'>gloria</span> <span class='ocrx_word' id='word_1_263' title='bbox 522 2147 583 2204; x_wconf 89' lang='lat' dir='ltr'>in</span> <span class='ocrx_word' id='word_1_264' title='bbox 619 2147 865 2222; x_wconf 86' lang='lat' dir='ltr'>gloriam</span> <span class='ocrx_word' id='word_1_265' title='bbox 913 2147 1076 2205; x_wconf 87' lang='lat' dir='ltr'>velut</span> <span class='ocrx_word' id='word_1_266' title='bbox 1103 2166 1138 2205; x_wconf 90' lang='lat' dir='ltr'>a</span> <span class='ocrx_word' id='word_1_267' title='bbox 1169 2147 1384 2222; x_wconf 88' lang='lat' dir='ltr'>Spiritu</span> <span class='ocrx_word' id='word_1_268' title='bbox 1418 2146 1710 2205; x_wconf 89' lang='lat' dir='ltr'>Domini.’&#39;</span> <span class='ocrx_word' id='word_1_269' title='bbox 1796 2144 1954 2203; x_wconf 89' lang='lat' dir='ltr'>Hinc</span> <span class='ocrx_word' id='word_1_270' title='bbox 2003 2146 2174 2207; x_wconf 87' lang='lat' dir='ltr'>toties</span> <span class='ocrx_word' id='word_1_271' title='bbox 2217 2146 2292 2203; x_wconf 87' lang='lat' dir='ltr'>ad</span> <span class='ocrx_word' id='word_1_272' title='bbox 2335 2147 2716 2205; x_wconf 89' lang='lat' dir='ltr'>imitationem</span> 
     </span>
     <span class='ocr_line' id='line_1_29' title="bbox 310 2222 2716 2301; baseline 0.001 -18"><span class='ocrx_word' id='word_1_273' title='bbox 310 2225 524 2284; x_wconf 88' lang='lat' dir='ltr'>Christi</span> <span class='ocrx_word' id='word_1_274' title='bbox 542 2226 877 2299; x_wconf 84' lang='lat' dir='ltr'>excitamur,</span> <span class='ocrx_word' id='word_1_275' title='bbox 893 2225 1043 2301; x_wconf 91' lang='lat' dir='ltr'>Eph.</span> <span class='ocrx_word' id='word_1_276' title='bbox 1068 2244 1123 2283; x_wconf 82' lang='lat' dir='ltr'>v.</span> <span class='ocrx_word' id='word_1_277' title='bbox 1145 2229 1199 2300; x_wconf 91' lang='lat'>2,</span> <span class='ocrx_word' id='word_1_278' title='bbox 1235 2224 1385 2283; x_wconf 89' lang='lat' dir='ltr'>Phil.</span> <span class='ocrx_word' id='word_1_279' title='bbox 1403 2224 1463 2283; x_wconf 89' lang='lat' dir='ltr'>ii.</span> <span class='ocrx_word' id='word_1_280' title='bbox 1485 2226 1539 2300; x_wconf 92' lang='lat'>5,</span> <span class='ocrx_word' id='word_1_281' title='bbox 1557 2228 1611 2301; x_wconf 88' lang='lat'>6,</span> <span class='ocrx_word' id='word_1_282' title='bbox 1637 2228 1664 2281; x_wconf 91' lang='lat'>1</span> <span class='ocrx_word' id='word_1_283' title='bbox 1694 2222 1821 2281; x_wconf 90' lang='lat' dir='ltr'>Pet.</span> <span class='ocrx_word' id='word_1_284' title='bbox 1843 2224 1904 2281; x_wconf 87' lang='lat' dir='ltr'>ii.</span> <span class='ocrx_word' id='word_1_285' title='bbox 1923 2226 2020 2298; x_wconf 88' lang='grc'>21,</span> <span class='ocrx_word' id='word_1_286' title='bbox 2046 2227 2140 2298; x_wconf 87' lang='grc'>22,</span> <span class='ocrx_word' id='word_1_287' title='bbox 2166 2227 2262 2282; x_wconf 88' lang='grc'>23.</span> <span class='ocrx_word' id='word_1_288' title='bbox 2310 2225 2489 2283; x_wconf 88' lang='lat' dir='ltr'>Porro</span> <span class='ocrx_word' id='word_1_289' title='bbox 2517 2235 2582 2285; x_wconf 91' lang='lat' dir='ltr'>ut</span> <span class='ocrx_word' id='word_1_290' title='bbox 2604 2226 2716 2285; x_wconf 88' lang='lat' dir='ltr'>ista</span> 
     </span>
     <span class='ocr_line' id='line_1_30' title="bbox 307 2303 2712 2381; baseline 0.001 -17"><span class='ocrx_word' id='word_1_291' title='bbox 307 2303 677 2364; x_wconf 87' lang='lat' dir='ltr'>conformitas</span> <span class='ocrx_word' id='word_1_292' title='bbox 704 2306 766 2377; x_wconf 73' lang='lat' dir='ltr'>in</span> <span class='ocrx_word' id='word_1_293' title='bbox 794 2304 957 2363; x_wconf 86' lang='lat' dir='ltr'>coelis</span> <span class='ocrx_word' id='word_1_294' title='bbox 978 2304 1171 2363; x_wconf 76' lang='lat' dir='ltr'>futura</span> <span class='ocrx_word' id='word_1_295' title='bbox 1198 2312 1287 2363; x_wconf 89' lang='lat' dir='ltr'>est</span> <span class='ocrx_word' id='word_1_296' title='bbox 1313 2305 1375 2362; x_wconf 88' lang='lat' dir='ltr'>in</span> <span class='ocrx_word' id='word_1_297' title='bbox 1403 2304 1590 2381; x_wconf 89' lang='lat' dir='ltr'>gloria</span> <span class='ocrx_word' id='word_1_298' title='bbox 1623 2312 1681 2363; x_wconf 91' lang='lat' dir='ltr'>et</span> <span class='ocrx_word' id='word_1_299' title='bbox 1702 2303 1994 2379; x_wconf 83' lang='lat' dir='ltr'>felicitate,</span> <span class='ocrx_word' id='word_1_300' title='bbox 2029 2306 2058 2363; x_wconf 98' lang='lat'>1</span> <span class='ocrx_word' id='word_1_301' title='bbox 2091 2303 2134 2362; x_wconf 89' lang='lat' dir='ltr'><strong>J</strong></span> <span class='ocrx_word' id='word_1_302' title='bbox 2137 2304 2229 2362; x_wconf 91' lang='lat' dir='ltr'>oh.</span> <span class='ocrx_word' id='word_1_303' title='bbox 2253 2304 2334 2362; x_wconf 88' lang='lat' dir='ltr'>iii.</span> <span class='ocrx_word' id='word_1_304' title='bbox 2361 2310 2416 2381; x_wconf 90' lang='lat'>2,</span> <span class='ocrx_word' id='word_1_305' title='bbox 2449 2304 2600 2365; x_wconf 93' lang='lat' dir='ltr'>Phil.</span> <span class='ocrx_word' id='word_1_306' title='bbox 2631 2306 2712 2367; x_wconf 87' lang='lat' dir='ltr'>iii.</span> 
     </span>
     <span class='ocr_line' id='line_1_31' title="bbox 306 2384 2711 2464; baseline 0.001 -21"><span class='ocrx_word' id='word_1_307' title='bbox 306 2388 403 2460; x_wconf 83' lang='grc'>21,</span> <span class='ocrx_word' id='word_1_308' title='bbox 436 2384 559 2444; x_wconf 91' lang='lat' dir='ltr'>Col.</span> <span class='ocrx_word' id='word_1_309' title='bbox 588 2385 671 2443; x_wconf 88' lang='lat' dir='ltr'>iii.</span> <span class='ocrx_word' id='word_1_310' title='bbox 701 2389 757 2461; x_wconf 86' lang='lat'>4,</span> <span class='ocrx_word' id='word_1_311' title='bbox 790 2384 885 2443; x_wconf 90' lang='lat' dir='ltr'>Ita</span> <span class='ocrx_word' id='word_1_312' title='bbox 910 2384 971 2442; x_wconf 90' lang='lat' dir='ltr'>in</span> <span class='ocrx_word' id='word_1_313' title='bbox 998 2385 1165 2443; x_wconf 88' lang='lat' dir='ltr'>terris</span> <span class='ocrx_word' id='word_1_314' title='bbox 1193 2384 1519 2445; x_wconf 88' lang='lat' dir='ltr'>inchoanda</span> <span class='ocrx_word' id='word_1_315' title='bbox 1540 2394 1630 2444; x_wconf 87' lang='lat' dir='ltr'>est</span> <span class='ocrx_word' id='word_1_316' title='bbox 1655 2404 1760 2463; x_wconf 86' lang='lat' dir='ltr'>per</span> <span class='ocrx_word' id='word_1_317' title='bbox 1780 2384 2044 2462; x_wconf 83' lang='lat' dir='ltr'>gratiam,</span> <span class='ocrx_word' id='word_1_318' title='bbox 2069 2384 2276 2461; x_wconf 88' lang='lat' dir='ltr'>partim</span> <span class='ocrx_word' id='word_1_319' title='bbox 2301 2384 2366 2443; x_wconf 91' lang='lat' dir='ltr'>in</span> <span class='ocrx_word' id='word_1_320' title='bbox 2387 2385 2711 2464; x_wconf 86' lang='lat' dir='ltr'>sanctitate,</span> 
     </span>
     <span class='ocr_line' id='line_1_32' title="bbox 304 2464 2714 2543; baseline 0.001 -20"><span class='ocrx_word' id='word_1_321' title='bbox 304 2465 515 2543; x_wconf 89' lang='lat' dir='ltr'>partim</span> <span class='ocrx_word' id='word_1_322' title='bbox 544 2466 605 2523; x_wconf 89' lang='lat' dir='ltr'>in</span> <span class='ocrx_word' id='word_1_323' title='bbox 626 2485 810 2539; x_wconf 88' lang='lat' dir='ltr'>cruce,</span> <span class='ocrx_word' id='word_1_324' title='bbox 845 2465 1013 2525; x_wconf 88' lang='lat' dir='ltr'>Rom.</span> <span class='ocrx_word' id='word_1_325' title='bbox 1038 2466 1159 2525; x_wconf 81' lang='lat' dir='ltr'>viii.</span> <span class='ocrx_word' id='word_1_326' title='bbox 1196 2468 1289 2525; x_wconf 86' lang='grc'>17.</span> <span class='ocrx_word' id='word_1_327' title='bbox 1334 2465 1834 2541; x_wconf 85' lang='lat' dir='ltr'>Quemadmodum</span> <span class='ocrx_word' id='word_1_328' title='bbox 1857 2464 2010 2523; x_wconf 89' lang='lat' dir='ltr'>enim</span> <span class='ocrx_word' id='word_1_329' title='bbox 2041 2464 2322 2543; x_wconf 88' lang='lat' dir='ltr'>Christus,</span> <span class='ocrx_word' id='word_1_330' title='bbox 2351 2466 2494 2525; x_wconf 89' lang='lat' dir='ltr'>dum</span> <span class='ocrx_word' id='word_1_331' title='bbox 2521 2467 2580 2525; x_wconf 89' lang='lat' dir='ltr'>in</span> <span class='ocrx_word' id='word_1_332' title='bbox 2597 2476 2714 2527; x_wconf 87' lang='lat' dir='ltr'>ter·</span> 
     </span>
     <span class='ocr_line' id='line_1_33' title="bbox 304 2545 2714 2625; baseline 0.002 -21"><span class='ocrx_word' id='word_1_333' title='bbox 304 2546 385 2605; x_wconf 90' lang='lat' dir='ltr'>ris</span> <span class='ocrx_word' id='word_1_334' title='bbox 414 2555 679 2606; x_wconf 89' lang='lat' dir='ltr'>versatus</span> <span class='ocrx_word' id='word_1_335' title='bbox 707 2554 813 2621; x_wconf 87' lang='lat' dir='ltr'>est,</span> <span class='ocrx_word' id='word_1_336' title='bbox 845 2546 1091 2624; x_wconf 87' lang='lat' dir='ltr'>insignis</span> <span class='ocrx_word' id='word_1_337' title='bbox 1139 2545 1250 2606; x_wconf 84' lang='lat' dir='ltr'>fuit</span> <span class='ocrx_word' id='word_1_338' title='bbox 1295 2546 1662 2624; x_wconf 87' lang='lat' dir='ltr'>potissimum</span> <span class='ocrx_word' id='word_1_339' title='bbox 1704 2555 1827 2606; x_wconf 89' lang='lat' dir='ltr'>tum</span> <span class='ocrx_word' id='word_1_340' title='bbox 1869 2547 2163 2605; x_wconf 78' lang='lat' dir='ltr'>sanctitate</span> <span class='ocrx_word' id='word_1_341' title='bbox 2204 2566 2320 2624; x_wconf 88' lang='lat' dir='ltr'>qua</span> <span class='ocrx_word' id='word_1_342' title='bbox 2345 2567 2525 2625; x_wconf 89' lang='lat' dir='ltr'>purus</span> <span class='ocrx_word' id='word_1_343' title='bbox 2553 2557 2612 2608; x_wconf 92' lang='lat' dir='ltr'>et</span> <span class='ocrx_word' id='word_1_344' title='bbox 2639 2547 2714 2609; x_wconf 88' lang='lat' dir='ltr'>ab</span> 
     </span>
     <span class='ocr_line' id='line_1_34' title="bbox 300 2626 2714 2705; baseline 0.001 -20"><span class='ocrx_word' id='word_1_345' title='bbox 300 2627 458 2685; x_wconf 90' lang='lat' dir='ltr'>omni</span> <span class='ocrx_word' id='word_1_346' title='bbox 483 2628 706 2705; x_wconf 86' lang='lat' dir='ltr'>peccati</span> <span class='ocrx_word' id='word_1_347' title='bbox 734 2627 865 2686; x_wconf 89' lang='lat' dir='ltr'>labe</span> <span class='ocrx_word' id='word_1_348' title='bbox 893 2626 1166 2687; x_wconf 89' lang='lat' dir='ltr'>immunis</span> <span class='ocrx_word' id='word_1_349' title='bbox 1211 2627 1322 2686; x_wconf 85' lang='lat' dir='ltr'>fuit</span> <span class='ocrx_word' id='word_1_350' title='bbox 1344 2647 1478 2687; x_wconf 87' lang='lat' dir='ltr'>vere</span> <span class='ocrx_word' id='word_1_351' title='bbox 1528 2636 1762 2687; x_wconf 88' lang='lat' dir='ltr'>sanctus</span> <span class='ocrx_word' id='word_1_352' title='bbox 1791 2626 2046 2703; x_wconf 87' lang='lat' dir='ltr'>Domini,</span> <span class='ocrx_word' id='word_1_353' title='bbox 2076 2635 2200 2685; x_wconf 91' lang='lat' dir='ltr'>tum</span> <span class='ocrx_word' id='word_1_354' title='bbox 2241 2628 2562 2687; x_wconf 75' lang='lat' dir='ltr'>calamitate</span> <span class='ocrx_word' id='word_1_355' title='bbox 2588 2636 2714 2687; x_wconf 85' lang='lat' dir='ltr'>tan-</span> 
     </span>
     <span class='ocr_line' id='line_1_35' title="bbox 303 2707 2716 2785; baseline 0 -19"><span class='ocrx_word' id='word_1_356' title='bbox 303 2727 479 2785; x_wconf 90' lang='lat' dir='ltr'>quam</span> <span class='ocrx_word' id='word_1_357' title='bbox 506 2708 597 2766; x_wconf 87' lang='lat' dir='ltr'>vir</span> <span class='ocrx_word' id='word_1_358' title='bbox 618 2707 899 2783; x_wconf 90' lang='lat' dir='ltr'>dolorum,</span> <span class='ocrx_word' id='word_1_359' title='bbox 933 2707 1047 2767; x_wconf 85' lang='lat' dir='ltr'>Isa.</span> <span class='ocrx_word' id='word_1_360' title='bbox 1078 2708 1183 2767; x_wconf 86' lang='lat' dir='ltr'>liii.</span> <span class='ocrx_word' id='word_1_361' title='bbox 1216 2712 1270 2784; x_wconf 91' lang='lat'>3,</span> <span class='ocrx_word' id='word_1_362' title='bbox 1302 2708 1402 2783; x_wconf 90' lang='lat' dir='ltr'>qui</span> <span class='ocrx_word' id='word_1_363' title='bbox 1424 2708 1751 2784; x_wconf 88' lang='lat' dir='ltr'>omnigenis</span> <span class='ocrx_word' id='word_1_364' title='bbox 1789 2707 2059 2765; x_wconf 80' lang='lat' dir='ltr'>aerumnis</span> <span class='ocrx_word' id='word_1_365' title='bbox 2107 2715 2167 2765; x_wconf 87' lang='lat' dir='ltr'>et</span> <span class='ocrx_word' id='word_1_366' title='bbox 2192 2708 2560 2782; x_wconf 87' lang='lat' dir='ltr'>passionibus</span> <span class='ocrx_word' id='word_1_367' title='bbox 2590 2728 2716 2767; x_wconf 90' lang='lat' dir='ltr'>sese</span> 
     </span>
     <span class='ocr_line' id='line_1_36' title="bbox 304 2785 2713 2865; baseline 0 -20"><span class='ocrx_word' id='word_1_368' title='bbox 304 2788 551 2865; x_wconf 88' lang='lat' dir='ltr'>subjecit</span> <span class='ocrx_word' id='word_1_369' title='bbox 578 2808 761 2864; x_wconf 85' lang='lat' dir='ltr'>usque</span> <span class='ocrx_word' id='word_1_370' title='bbox 809 2787 885 2845; x_wconf 92' lang='lat' dir='ltr'>ad</span> <span class='ocrx_word' id='word_1_371' title='bbox 933 2787 1402 2862; x_wconf 84' lang='lat' dir='ltr'>exinanitionem,</span> <span class='ocrx_word' id='word_1_372' title='bbox 1437 2785 1588 2845; x_wconf 89' lang='lat' dir='ltr'>Phil.</span> <span class='ocrx_word' id='word_1_373' title='bbox 1616 2786 1678 2844; x_wconf 92' lang='lat' dir='ltr'>ii.</span> <span class='ocrx_word' id='word_1_374' title='bbox 1724 2788 1779 2859; x_wconf 88' lang='grc'>6,</span> <span class='ocrx_word' id='word_1_375' title='bbox 1831 2788 1863 2843; x_wconf 85' lang='grc'><strong>7</strong></span> <span class='ocrx_word' id='word_1_376' title='bbox 1889 2806 1902 2859; x_wconf 90' lang='grc'><strong>;</strong></span> <span class='ocrx_word' id='word_1_377' title='bbox 1949 2786 2042 2843; x_wconf 89' lang='lat' dir='ltr'>Ita</span> <span class='ocrx_word' id='word_1_378' title='bbox 2091 2785 2414 2844; x_wconf 87' lang='lat' dir='ltr'>Ecclesiam</span> <span class='ocrx_word' id='word_1_379' title='bbox 2459 2806 2624 2845; x_wconf 87' lang='lat' dir='ltr'>suam</span> <span class='ocrx_word' id='word_1_380' title='bbox 2653 2788 2713 2846; x_wconf 90' lang='lat' dir='ltr'>in</span> 
     </span>
     <span class='ocr_line' id='line_1_37' title="bbox 300 2863 2712 2941; baseline 0 -18"><span class='ocrx_word' id='word_1_381' title='bbox 300 2866 460 2925; x_wconf 90' lang='lat' dir='ltr'>hisce</span> <span class='ocrx_word' id='word_1_382' title='bbox 490 2868 717 2925; x_wconf 89' lang='lat' dir='ltr'>duobus</span> <span class='ocrx_word' id='word_1_383' title='bbox 744 2867 1051 2924; x_wconf 85' lang='lat' dir='ltr'>assimilari</span> <span class='ocrx_word' id='word_1_384' title='bbox 1097 2875 1156 2926; x_wconf 86' lang='lat' dir='ltr'>et</span> <span class='ocrx_word' id='word_1_385' title='bbox 1204 2865 1553 2924; x_wconf 86' lang='lat' dir='ltr'>conformem</span> <span class='ocrx_word' id='word_1_386' title='bbox 1600 2864 1767 2923; x_wconf 82' lang='lat' dir='ltr'>reddi</span> <span class='ocrx_word' id='word_1_387' title='bbox 1804 2863 2008 2921; x_wconf 81' lang='lat' dir='ltr'>voluit.</span> <span class='ocrx_word' id='word_1_388' title='bbox 2074 2863 2268 2922; x_wconf 89' lang='lat' dir='ltr'>Primo</span> <span class='ocrx_word' id='word_1_389' title='bbox 2295 2866 2358 2922; x_wconf 91' lang='lat' dir='ltr'>in</span> <span class='ocrx_word' id='word_1_390' title='bbox 2403 2867 2712 2941; x_wconf 79' lang='lat' dir='ltr'>sanctitate,</span> 
     </span>
     <span class='ocr_line' id='line_1_38' title="bbox 300 2942 2714 3023; baseline -0 -20"><span class='ocrx_word' id='word_1_391' title='bbox 300 2944 455 3003; x_wconf 90' lang='lat' dir='ltr'>unde</span> <span class='ocrx_word' id='word_1_392' title='bbox 478 2945 754 3023; x_wconf 89' lang='lat' dir='ltr'>jubemur</span> <span class='ocrx_word' id='word_1_393' title='bbox 781 2945 965 3003; x_wconf 89' lang='lat' dir='ltr'>sancti</span> <span class='ocrx_word' id='word_1_394' title='bbox 1004 2964 1129 3004; x_wconf 88' lang='lat' dir='ltr'>esse</span> <span class='ocrx_word' id='word_1_395' title='bbox 1160 2944 1309 3003; x_wconf 87' lang='lat' dir='ltr'>sicut</span> <span class='ocrx_word' id='word_1_396' title='bbox 1335 2944 1435 3003; x_wconf 89' lang='lat' dir='ltr'>ille</span> <span class='ocrx_word' id='word_1_397' title='bbox 1464 2952 1698 3003; x_wconf 88' lang='lat' dir='ltr'>sanctus</span> <span class='ocrx_word' id='word_1_398' title='bbox 1746 2951 1850 3016; x_wconf 89' lang='lat' dir='ltr'>est,</span> <span class='ocrx_word' id='word_1_399' title='bbox 1888 2945 1917 3000; x_wconf 90' lang='lat'>1</span> <span class='ocrx_word' id='word_1_400' title='bbox 1953 2944 2078 3000; x_wconf 90' lang='lat' dir='ltr'>Pet.</span> <span class='ocrx_word' id='word_1_401' title='bbox 2129 2942 2166 3000; x_wconf 91' lang='lat' dir='ltr'>i.</span> <span class='ocrx_word' id='word_1_402' title='bbox 2202 2945 2293 3018; x_wconf 89' lang='lat'>15,</span> <span class='ocrx_word' id='word_1_403' title='bbox 2325 2952 2384 3002; x_wconf 90' lang='lat' dir='ltr'>et</span> <span class='ocrx_word' id='word_1_404' title='bbox 2410 2944 2714 3020; x_wconf 87' lang='lat' dir='ltr'>purificare</span> 
     </span>
     <span class='ocr_line' id='line_1_39' title="bbox 304 3022 2713 3101; baseline 0.002 -20"><span class='ocrx_word' id='word_1_405' title='bbox 304 3043 410 3083; x_wconf 91' lang='lat' dir='ltr'>nos</span> <span class='ocrx_word' id='word_1_406' title='bbox 439 3034 503 3083; x_wconf 89' lang='lat' dir='ltr'>ut</span> <span class='ocrx_word' id='word_1_407' title='bbox 525 3024 623 3083; x_wconf 89' lang='lat' dir='ltr'>ille</span> <span class='ocrx_word' id='word_1_408' title='bbox 652 3044 831 3101; x_wconf 90' lang='lat' dir='ltr'>purus</span> <span class='ocrx_word' id='word_1_409' title='bbox 858 3032 963 3099; x_wconf 88' lang='lat' dir='ltr'>est,</span> <span class='ocrx_word' id='word_1_410' title='bbox 1001 3027 1032 3081; x_wconf 93' lang='grc'>1</span> <span class='ocrx_word' id='word_1_411' title='bbox 1062 3024 1105 3083; x_wconf 88' lang='lat' dir='ltr'><strong>J</strong></span> <span class='ocrx_word' id='word_1_412' title='bbox 1110 3025 1203 3083; x_wconf 88' lang='lat' dir='ltr'>oh.</span> <span class='ocrx_word' id='word_1_413' title='bbox 1247 3024 1328 3081; x_wconf 84' lang='lat' dir='ltr'>iii.</span> <span class='ocrx_word' id='word_1_414' title='bbox 1360 3028 1415 3082; x_wconf 88' lang='lat'>3.</span> <span class='ocrx_word' id='word_1_415' title='bbox 1480 3023 1749 3083; x_wconf 88' lang='lat' dir='ltr'>Secundo</span> <span class='ocrx_word' id='word_1_416' title='bbox 1797 3022 1858 3079; x_wconf 91' lang='lat' dir='ltr'>in</span> <span class='ocrx_word' id='word_1_417' title='bbox 1895 3022 2251 3098; x_wconf 71' lang='lat' dir='ltr'>passionibus</span> <span class='ocrx_word' id='word_1_418' title='bbox 2291 3030 2350 3081; x_wconf 91' lang='lat' dir='ltr'>et</span> <span class='ocrx_word' id='word_1_419' title='bbox 2378 3042 2564 3097; x_wconf 88' lang='lat' dir='ltr'>cruce,</span> <span class='ocrx_word' id='word_1_420' title='bbox 2595 3044 2713 3100; x_wconf 90' lang='lat' dir='ltr'>quo</span> 
     </span>
     <span class='ocr_line' id='line_1_40' title="bbox 304 3101 2712 3180; baseline 0 -17"><span class='ocrx_word' id='word_1_421' title='bbox 304 3123 476 3164; x_wconf 88' lang='lat' dir='ltr'>sensu</span> <span class='ocrx_word' id='word_1_422' title='bbox 506 3103 719 3163; x_wconf 90' lang='lat' dir='ltr'>dicitur</span> <span class='ocrx_word' id='word_1_423' title='bbox 752 3104 1053 3180; x_wconf 89' lang='lat' dir='ltr'>reliquisse</span> <span class='ocrx_word' id='word_1_424' title='bbox 1082 3104 1251 3162; x_wconf 90' lang='lat' dir='ltr'>nobis</span> <span class='ocrx_word' id='word_1_425' title='bbox 1280 3104 1575 3180; x_wconf 83' lang='lat' dir='ltr'>exemplar</span> <span class='ocrx_word' id='word_1_426' title='bbox 1603 3110 1671 3161; x_wconf 91' lang='lat' dir='ltr'>ut</span> <span class='ocrx_word' id='word_1_427' title='bbox 1711 3121 2020 3177; x_wconf 88' lang='lat' dir='ltr'>sequamur</span> <span class='ocrx_word' id='word_1_428' title='bbox 2062 3101 2188 3178; x_wconf 88' lang='lat' dir='ltr'>ejus</span> <span class='ocrx_word' id='word_1_429' title='bbox 2215 3102 2482 3179; x_wconf 82' lang='lat' dir='ltr'>vestigia,</span> <span class='ocrx_word' id='word_1_430' title='bbox 2519 3105 2548 3160; x_wconf 89' lang='lat'>1</span> <span class='ocrx_word' id='word_1_431' title='bbox 2584 3102 2712 3164; x_wconf 85' lang='lat' dir='ltr'>Pet.</span> 
     </span>
     <span class='ocr_line' id='line_1_41' title="bbox 303 3180 2712 3261; baseline 0 -18"><span class='ocrx_word' id='word_1_432' title='bbox 303 3185 363 3243; x_wconf 87' lang='lat' dir='ltr'>ii.</span> <span class='ocrx_word' id='word_1_433' title='bbox 401 3184 495 3261; x_wconf 91' lang='lat'>21,</span> <span class='ocrx_word' id='word_1_434' title='bbox 541 3194 600 3245; x_wconf 87' lang='lat' dir='ltr'>et</span> <span class='ocrx_word' id='word_1_435' title='bbox 668 3183 1091 3243; x_wconf 88' lang='lat' dir='ltr'>communicare</span> <span class='ocrx_word' id='word_1_436' title='bbox 1157 3183 1433 3243; x_wconf 87' lang='lat' dir='ltr'>dicuntur</span> <span class='ocrx_word' id='word_1_437' title='bbox 1494 3182 1698 3241; x_wconf 88' lang='lat' dir='ltr'>fideles</span> <span class='ocrx_word' id='word_1_438' title='bbox 1761 3181 2129 3259; x_wconf 86' lang='lat' dir='ltr'>passionibus</span> <span class='ocrx_word' id='word_1_439' title='bbox 2186 3180 2416 3259; x_wconf 88' lang='lat' dir='ltr'>Christi,</span> <span class='ocrx_word' id='word_1_440' title='bbox 2477 3183 2712 3260; x_wconf 87' lang='lat' dir='ltr'>quando</span> 
     </span>
     <span class='ocr_line' id='line_1_42' title="bbox 304 3261 2712 3342; baseline 0 -19"><span class='ocrx_word' id='word_1_441' title='bbox 304 3264 380 3323; x_wconf 89' lang='lat' dir='ltr'>ad</span> <span class='ocrx_word' id='word_1_442' title='bbox 406 3266 535 3342; x_wconf 85' lang='lat' dir='ltr'>ejus</span> <span class='ocrx_word' id='word_1_443' title='bbox 564 3265 747 3323; x_wconf 87' lang='lat' dir='ltr'>instar</span> <span class='ocrx_word' id='word_1_444' title='bbox 773 3272 831 3323; x_wconf 91' lang='lat' dir='ltr'>et</span> <span class='ocrx_word' id='word_1_445' title='bbox 878 3264 1177 3341; x_wconf 84' lang='lat' dir='ltr'>exemplar</span> <span class='ocrx_word' id='word_1_446' title='bbox 1223 3264 1537 3341; x_wconf 88' lang='lat' dir='ltr'>patiuntur,</span> <span class='ocrx_word' id='word_1_447' title='bbox 1567 3282 1693 3340; x_wconf 89' lang='lat' dir='ltr'>cap.</span> <span class='ocrx_word' id='word_1_448' title='bbox 1743 3261 1824 3321; x_wconf 86' lang='lat' dir='ltr'>iv.</span> <span class='ocrx_word' id='word_1_449' title='bbox 1868 3264 1961 3321; x_wconf 92' lang='lat'>13.</span> <span class='ocrx_word' id='word_1_450' title='bbox 2008 3262 2092 3321; x_wconf 91' lang='lat' dir='ltr'>Ut</span> <span class='ocrx_word' id='word_1_451' title='bbox 2135 3282 2274 3339; x_wconf 89' lang='lat' dir='ltr'>ergo</span> <span class='ocrx_word' id='word_1_452' title='bbox 2305 3262 2570 3323; x_wconf 89' lang='lat' dir='ltr'>Christus</span> <span class='ocrx_word' id='word_1_453' title='bbox 2604 3284 2712 3342; x_wconf 91' lang='lat' dir='ltr'>pro</span> 
     </span>
     <span class='ocr_line' id='line_1_43' title="bbox 302 3341 2714 3423; baseline 0 -19"><span class='ocrx_word' id='word_1_454' title='bbox 302 3353 465 3423; x_wconf 89' lang='lat' dir='ltr'>parte</span> <span class='ocrx_word' id='word_1_455' title='bbox 494 3364 600 3403; x_wconf 86' lang='lat' dir='ltr'>sua</span> <span class='ocrx_word' id='word_1_456' title='bbox 625 3343 817 3403; x_wconf 82' lang='lat' dir='ltr'>varias</span> <span class='ocrx_word' id='word_1_457' title='bbox 844 3344 1049 3403; x_wconf 89' lang='lat' dir='ltr'>habuit</span> <span class='ocrx_word' id='word_1_458' title='bbox 1074 3344 1373 3421; x_wconf 87' lang='lat' dir='ltr'>passiones</span> <span class='ocrx_word' id='word_1_459' title='bbox 1418 3341 1787 3422; x_wconf 84' lang='lat' dir='ltr'>perferendas</span> <span class='ocrx_word' id='word_1_460' title='bbox 1824 3342 1900 3402; x_wconf 89' lang='lat' dir='ltr'>ad</span> <span class='ocrx_word' id='word_1_461' title='bbox 1944 3362 2090 3420; x_wconf 91' lang='lat' dir='ltr'>opus</span> <span class='ocrx_word' id='word_1_462' title='bbox 2119 3342 2559 3421; x_wconf 87' lang='lat' dir='ltr'>Redemptionis</span> <span class='ocrx_word' id='word_1_463' title='bbox 2585 3366 2714 3423; x_wconf 88' lang='lat' dir='ltr'>per-</span> 
     </span>
     <span class='ocr_line' id='line_1_44' title="bbox 302 3422 2712 3502; baseline 0 -18"><span class='ocrx_word' id='word_1_464' title='bbox 302 3425 631 3500; x_wconf 88' lang='lat' dir='ltr'>ficiendum,</span> <span class='ocrx_word' id='word_1_465' title='bbox 685 3423 778 3482; x_wconf 86' lang='lat' dir='ltr'>Ita</span> <span class='ocrx_word' id='word_1_466' title='bbox 827 3424 1090 3483; x_wconf 90' lang='lat' dir='ltr'>Christus</span> <span class='ocrx_word' id='word_1_467' title='bbox 1134 3424 1417 3502; x_wconf 85' lang='lat' dir='ltr'>mysticus</span> <span class='ocrx_word' id='word_1_468' title='bbox 1458 3444 1561 3483; x_wconf 89' lang='lat' dir='ltr'>seu</span> <span class='ocrx_word' id='word_1_469' title='bbox 1591 3422 1856 3483; x_wconf 87' lang='lat' dir='ltr'>Ecclesia</span> <span class='ocrx_word' id='word_1_470' title='bbox 1883 3432 1941 3483; x_wconf 89' lang='lat' dir='ltr'>et</span> <span class='ocrx_word' id='word_1_471' title='bbox 1989 3422 2206 3501; x_wconf 88' lang='lat' dir='ltr'>singuli</span> <span class='ocrx_word' id='word_1_472' title='bbox 2245 3422 2446 3483; x_wconf 90' lang='lat' dir='ltr'>fideles</span> <span class='ocrx_word' id='word_1_473' title='bbox 2494 3425 2712 3485; x_wconf 88' lang='lat' dir='ltr'>habent</span> 
     </span>
     <span class='ocr_line' id='line_1_45' title="bbox 302 3503 2710 3585; baseline 0 -21"><span class='ocrx_word' id='word_1_474' title='bbox 302 3506 546 3585; x_wconf 85' lang='lat' dir='ltr'>quisque</span> <span class='ocrx_word' id='word_1_475' title='bbox 575 3526 678 3583; x_wconf 91' lang='lat' dir='ltr'>pro</span> <span class='ocrx_word' id='word_1_476' title='bbox 706 3512 867 3582; x_wconf 88' lang='lat' dir='ltr'>parte</span> <span class='ocrx_word' id='word_1_477' title='bbox 897 3524 1003 3563; x_wconf 87' lang='lat' dir='ltr'>sua</span> <span class='ocrx_word' id='word_1_478' title='bbox 1030 3513 1250 3564; x_wconf 80' lang='lat' dir='ltr'>eertum</span> <span class='ocrx_word' id='word_1_479' title='bbox 1294 3504 1632 3563; x_wconf 86' lang='lat' dir='ltr'>demensum</span> <span class='ocrx_word' id='word_1_480' title='bbox 1679 3504 2012 3581; x_wconf 84' lang='lat' dir='ltr'>passionum</span> <span class='ocrx_word' id='word_1_481' title='bbox 2053 3503 2210 3580; x_wconf 89' lang='lat' dir='ltr'>quod</span> <span class='ocrx_word' id='word_1_482' title='bbox 2239 3524 2274 3562; x_wconf 92' lang='lat' dir='ltr'>a</span> <span class='ocrx_word' id='word_1_483' title='bbox 2303 3504 2430 3563; x_wconf 91' lang='lat' dir='ltr'>Deo</span> <span class='ocrx_word' id='word_1_484' title='bbox 2474 3504 2591 3563; x_wconf 90' lang='lat' dir='ltr'>illis</span> <span class='ocrx_word' id='word_1_485' title='bbox 2618 3526 2710 3565; x_wconf 85' lang='lat' dir='ltr'>as-</span> 
     </span>
     <span class='ocr_line' id='line_1_46' title="bbox 302 3582 2710 3664; baseline -0.001 -19"><span class='ocrx_word' id='word_1_486' title='bbox 302 3587 565 3664; x_wconf 86' lang='lat' dir='ltr'>signatur</span> <span class='ocrx_word' id='word_1_487' title='bbox 592 3585 668 3644; x_wconf 86' lang='lat' dir='ltr'>ad</span> <span class='ocrx_word' id='word_1_488' title='bbox 694 3584 1023 3663; x_wconf 83' lang='lat' dir='ltr'>exemplum</span> <span class='ocrx_word' id='word_1_489' title='bbox 1052 3586 1275 3664; x_wconf 86' lang='lat' dir='ltr'>capitis,</span> <span class='ocrx_word' id='word_1_490' title='bbox 1306 3584 1522 3662; x_wconf 87' lang='lat' dir='ltr'>singuli</span> <span class='ocrx_word' id='word_1_491' title='bbox 1550 3583 1765 3643; x_wconf 89' lang='lat' dir='ltr'>debent</span> <span class='ocrx_word' id='word_1_492' title='bbox 1785 3603 1860 3641; x_wconf 86' lang='lat' dir='ltr'>ex</span> <span class='ocrx_word' id='word_1_493' title='bbox 1889 3583 2002 3641; x_wconf 90' lang='lat' dir='ltr'>isto</span> <span class='ocrx_word' id='word_1_494' title='bbox 2039 3584 2216 3641; x_wconf 84' lang='lat' dir='ltr'>calice</span> <span class='ocrx_word' id='word_1_495' title='bbox 2245 3582 2460 3659; x_wconf 87' lang='lat' dir='ltr'>bibere,</span> <span class='ocrx_word' id='word_1_496' title='bbox 2493 3583 2710 3659; x_wconf 88' lang='lat' dir='ltr'>singuli</span> 
     </span>
    </p>

    <p class='ocr_par' dir='ltr' id='par_1_5' title="bbox 3 3642 2708 3743">
     <span class='ocr_line' id='line_1_47' title="bbox 3 3642 2708 3743; baseline -0.001 -18"><span class='ocrx_word' id='word_1_497' title='bbox 3 3642 6 3739; x_wconf 74' lang='grc' dir='ltr'>Ι</span> <span class='ocrx_word' id='word_1_498' title='bbox 303 3686 530 3725; x_wconf 90' lang='lat' dir='ltr'>crucem</span> <span class='ocrx_word' id='word_1_499' title='bbox 558 3672 689 3743; x_wconf 89' lang='lat' dir='ltr'>post</span> <span class='ocrx_word' id='word_1_500' title='bbox 718 3664 1009 3724; x_wconf 89' lang='lat' dir='ltr'>Christum</span> <span class='ocrx_word' id='word_1_501' title='bbox 1038 3664 1250 3725; x_wconf 91' lang='lat' dir='ltr'>debent</span> <span class='ocrx_word' id='word_1_502' title='bbox 1280 3684 1444 3723; x_wconf 89' lang='lat' dir='ltr'>suam</span> <span class='ocrx_word' id='word_1_503' title='bbox 1470 3672 1716 3741; x_wconf 86' lang='lat' dir='ltr'>gestare.</span> <span class='ocrx_word' id='word_1_504' title='bbox 1763 3664 1966 3722; x_wconf 91' lang='lat' dir='ltr'>Donec</span> <span class='ocrx_word' id='word_1_505' title='bbox 1994 3682 2133 3739; x_wconf 89' lang='lat' dir='ltr'>ergo</span> <span class='ocrx_word' id='word_1_506' title='bbox 2173 3662 2376 3721; x_wconf 90' lang='lat' dir='ltr'>fideles</span> <span class='ocrx_word' id='word_1_507' title='bbox 2421 3682 2489 3721; x_wconf 90' lang='lat' dir='ltr'>ea</span> <span class='ocrx_word' id='word_1_508' title='bbox 2517 3662 2708 3722; x_wconf 91' lang='lat' dir='ltr'>subie-</span> 
     </span>
    </p>

    <p class='ocr_par' dir='ltr' id='par_1_6' title="bbox 3 3742 2710 3820">
     <span class='ocr_line' id='line_1_48' title="bbox 3 3742 2710 3820; baseline -0.001 -16"><span class='ocrx_word' id='word_1_509' title='bbox 3 3742 6 3791; x_wconf 67' lang='grc' dir='ltr'>Ι</span> <span class='ocrx_word' id='word_1_510' title='bbox 300 3747 418 3804; x_wconf 90' lang='lat' dir='ltr'>rint</span> <span class='ocrx_word' id='word_1_511' title='bbox 442 3745 772 3817; x_wconf 87' lang='lat' dir='ltr'>certamina,</span> <span class='ocrx_word' id='word_1_512' title='bbox 806 3752 862 3803; x_wconf 90' lang='lat' dir='ltr'>et</span> <span class='ocrx_word' id='word_1_513' title='bbox 890 3764 1174 3804; x_wconf 83' lang='lat' dir='ltr'>aerumnas</span> <span class='ocrx_word' id='word_1_514' title='bbox 1195 3745 1433 3805; x_wconf 87' lang='lat' dir='ltr'>tulerint</span> <span class='ocrx_word' id='word_1_515' title='bbox 1473 3764 1603 3820; x_wconf 80' lang='lat' dir='ltr'>quae</span> <span class='ocrx_word' id='word_1_516' title='bbox 1652 3742 1768 3801; x_wconf 91' lang='lat' dir='ltr'>illis</span> <span class='ocrx_word' id='word_1_517' title='bbox 1797 3762 1832 3800; x_wconf 88' lang='lat' dir='ltr'>a</span> <span class='ocrx_word' id='word_1_518' title='bbox 1863 3743 1988 3801; x_wconf 91' lang='lat' dir='ltr'>Deo</span> <span class='ocrx_word' id='word_1_519' title='bbox 2019 3750 2154 3801; x_wconf 87' lang='lat' dir='ltr'>sunt</span> <span class='ocrx_word' id='word_1_520' title='bbox 2178 3742 2479 3818; x_wconf 77' lang='lat' dir='ltr'>impositae,</span> <span class='ocrx_word' id='word_1_521' title='bbox 2512 3762 2710 3820; x_wconf 89' lang='lat' dir='ltr'>super-</span> 
     </span>
    </p>

    <p class='ocr_par' dir='ltr' id='par_1_7' title="bbox 3 3792 2712 3903">
     <span class='ocr_line' id='line_1_49' title="bbox 3 3792 2712 3903; baseline -0.002 -16"><span class='ocrx_word' id='word_1_522' title='bbox 3 3792 6 3869; x_wconf 67' lang='grc' dir='ltr'>Ι</span> <span class='ocrx_word' id='word_1_523' title='bbox 303 3834 393 3885; x_wconf 87' lang='lat' dir='ltr'>est</span> <span class='ocrx_word' id='word_1_524' title='bbox 420 3846 645 3903; x_wconf 88' lang='lat' dir='ltr'>semper</span> <span class='ocrx_word' id='word_1_525' title='bbox 672 3824 892 3901; x_wconf 89' lang='lat' dir='ltr'>aliquid</span> <span class='ocrx_word' id='word_1_526' title='bbox 920 3824 1275 3901; x_wconf 84' lang='lat' dir='ltr'>implendum</span> <span class='ocrx_word' id='word_1_527' title='bbox 1305 3824 1365 3881; x_wconf 91' lang='lat' dir='ltr'>in</span> <span class='ocrx_word' id='word_1_528' title='bbox 1394 3823 1758 3901; x_wconf 87' lang='lat' dir='ltr'>passionibus</span> <span class='ocrx_word' id='word_1_529' title='bbox 1789 3822 2004 3881; x_wconf 85' lang='lat' dir='ltr'>Christi</span> <span class='ocrx_word' id='word_1_530' title='bbox 2027 3844 2042 3897; x_wconf 87' lang='lat'>;</span> <span class='ocrx_word' id='word_1_531' title='bbox 2085 3841 2202 3881; x_wconf 90' lang='lat' dir='ltr'>non</span> <span class='ocrx_word' id='word_1_532' title='bbox 2231 3822 2463 3898; x_wconf 88' lang='lat' dir='ltr'>quidem</span> <span class='ocrx_word' id='word_1_533' title='bbox 2495 3821 2712 3881; x_wconf 86' lang='lat' dir='ltr'>Christi</span> 
     </span>
    </p>

    <p class='ocr_par' dir='ltr' id='par_1_8' title="bbox 4 3900 2714 4283">
     <span class='ocr_line' id='line_1_50' title="bbox 4 3900 2714 3983; baseline -0.001 -19"><span class='ocrx_word' id='word_1_534' title='bbox 4 3902 6 3929; x_wconf 69' lang='lat'>³</span> <span class='ocrx_word' id='word_1_535' title='bbox 302 3905 600 3981; x_wconf 85' lang='lat' dir='ltr'>naturalis,</span> <span class='ocrx_word' id='word_1_536' title='bbox 631 3904 769 3983; x_wconf 85' lang='lat' dir='ltr'>quia</span> <span class='ocrx_word' id='word_1_537' title='bbox 795 3906 923 3981; x_wconf 88' lang='lat' dir='ltr'>ejus</span> <span class='ocrx_word' id='word_1_538' title='bbox 952 3904 1269 3964; x_wconf 88' lang='lat' dir='ltr'>satisfactio</span> <span class='ocrx_word' id='word_1_539' title='bbox 1296 3904 1405 3964; x_wconf 84' lang='lat' dir='ltr'>fuit</span> <span class='ocrx_word' id='word_1_540' title='bbox 1431 3902 1687 3982; x_wconf 87' lang='lat' dir='ltr'>perfecta</span> <span class='ocrx_word' id='word_1_541' title='bbox 1723 3910 1784 3961; x_wconf 88' lang='lat' dir='ltr'>et</span> <span class='ocrx_word' id='word_1_542' title='bbox 1827 3902 2094 3962; x_wconf 87' lang='lat' dir='ltr'>omnibus</span> <span class='ocrx_word' id='word_1_543' title='bbox 2141 3902 2398 3959; x_wconf 88' lang='lat' dir='ltr'>numeris</span> <span class='ocrx_word' id='word_1_544' title='bbox 2445 3900 2714 3961; x_wconf 85' lang='lat' dir='ltr'>absoluta</span> 
     </span>
     <span class='ocr_line' id='line_1_51' title="bbox 300 3980 2711 4061; baseline -0.001 -18"><span class='ocrx_word' id='word_1_545' title='bbox 300 3984 363 4043; x_wconf 90' lang='lat' dir='ltr'>in</span> <span class='ocrx_word' id='word_1_546' title='bbox 390 4006 576 4057; x_wconf 88' lang='lat' dir='ltr'>cruce,</span> <span class='ocrx_word' id='word_1_547' title='bbox 608 3984 766 4061; x_wconf 87' lang='lat' dir='ltr'>quod</span> <span class='ocrx_word' id='word_1_548' title='bbox 806 3984 929 4061; x_wconf 87' lang='lat' dir='ltr'>ipse</span> <span class='ocrx_word' id='word_1_549' title='bbox 972 3992 1219 4043; x_wconf 89' lang='lat' dir='ltr'>testatus</span> <span class='ocrx_word' id='word_1_550' title='bbox 1262 3992 1351 4042; x_wconf 89' lang='lat' dir='ltr'>est</span> <span class='ocrx_word' id='word_1_551' title='bbox 1398 4004 1531 4043; x_wconf 89' lang='lat' dir='ltr'>cum</span> <span class='ocrx_word' id='word_1_552' title='bbox 1580 3982 2053 4041; x_wconf 85' lang='lat' dir='ltr'>Consummatum</span> <span class='ocrx_word' id='word_1_553' title='bbox 2097 4000 2226 4040; x_wconf 90' lang='lat' dir='ltr'>esse</span> <span class='ocrx_word' id='word_1_554' title='bbox 2253 3982 2559 4054; x_wconf 79' lang='lat' dir='ltr'>clamavit3</span> <span class='ocrx_word' id='word_1_555' title='bbox 2605 3980 2711 4041; x_wconf 86' lang='lat' dir='ltr'>sed</span> 
     </span>
     <span class='ocr_line' id='line_1_52' title="bbox 304 4060 2711 4142; baseline -0.002 -17"><span class='ocrx_word' id='word_1_556' title='bbox 304 4064 519 4125; x_wconf 90' lang='lat' dir='ltr'>Christi</span> <span class='ocrx_word' id='word_1_557' title='bbox 545 4064 794 4142; x_wconf 86' lang='lat' dir='ltr'>mystici,</span> <span class='ocrx_word' id='word_1_558' title='bbox 826 4063 904 4123; x_wconf 90' lang='lat' dir='ltr'>id.</span> <span class='ocrx_word' id='word_1_559' title='bbox 952 4064 1219 4142; x_wconf 89' lang='lat' dir='ltr'>Corporis</span> <span class='ocrx_word' id='word_1_560' title='bbox 1262 4064 1463 4140; x_wconf 88' lang='lat' dir='ltr'>ipsius,</span> <span class='ocrx_word' id='word_1_561' title='bbox 1494 4063 1662 4140; x_wconf 90' lang='lat' dir='ltr'>cujus</span> <span class='ocrx_word' id='word_1_562' title='bbox 1709 4064 2008 4139; x_wconf 85' lang='lat' dir='ltr'>passiones</span> <span class='ocrx_word' id='word_1_563' title='bbox 2053 4081 2182 4119; x_wconf 90' lang='lat' dir='ltr'>cum</span> <span class='ocrx_word' id='word_1_564' title='bbox 2211 4080 2328 4118; x_wconf 91' lang='lat' dir='ltr'>non</span> <span class='ocrx_word' id='word_1_565' title='bbox 2367 4070 2500 4119; x_wconf 87' lang='lat' dir='ltr'>ante</span> <span class='ocrx_word' id='word_1_566' title='bbox 2537 4060 2711 4119; x_wconf 87' lang='lat' dir='ltr'>finem</span> 
     </span>
     <span class='ocr_line' id='line_1_53' title="bbox 302 4139 2710 4221; baseline -0.003 -17"><span class='ocrx_word' id='word_1_567' title='bbox 302 4145 483 4204; x_wconf 89' lang='lat' dir='ltr'>seculi</span> <span class='ocrx_word' id='word_1_568' title='bbox 510 4152 970 4203; x_wconf 89' lang='lat' dir='ltr'>consummatum</span> <span class='ocrx_word' id='word_1_569' title='bbox 998 4144 1071 4201; x_wconf 91' lang='lat' dir='ltr'>iri</span> <span class='ocrx_word' id='word_1_570' title='bbox 1098 4152 1319 4203; x_wconf 88' lang='lat' dir='ltr'>certum</span> <span class='ocrx_word' id='word_1_571' title='bbox 1346 4143 1440 4219; x_wconf 89' lang='lat' dir='ltr'>sit,</span> <span class='ocrx_word' id='word_1_572' title='bbox 1470 4141 1730 4221; x_wconf 89' lang='lat' dir='ltr'>quotidie</span> <span class='ocrx_word' id='word_1_573' title='bbox 1764 4141 1979 4201; x_wconf 90' lang='lat' dir='ltr'>debent</span> <span class='ocrx_word' id='word_1_574' title='bbox 2019 4140 2246 4217; x_wconf 91' lang='lat' dir='ltr'>impleri</span> <span class='ocrx_word' id='word_1_575' title='bbox 2264 4140 2324 4196; x_wconf 89' lang='lat' dir='ltr'>in</span> <span class='ocrx_word' id='word_1_576' title='bbox 2351 4139 2710 4217; x_wconf 79' lang='lat' dir='ltr'>singulorum</span> 
     </span>
     <span class='ocr_line' id='line_1_54' title="bbox 302 4224 1033 4283; baseline 0 0"><span class='ocrx_word' id='word_1_577' title='bbox 302 4224 559 4283; x_wconf 84' lang='lat' dir='ltr'>fidelium</span> <span class='ocrx_word' id='word_1_578' title='bbox 590 4224 1033 4283; x_wconf 86' lang='lat' dir='ltr'>calamitatibus.</span> 
     </span>
    </p>

    <p class='ocr_par' dir='ltr' id='par_1_9' title="bbox 302 4295 2728 4782">
     <span class='ocr_line' id='line_1_55' title="bbox 384 4295 2716 4381; baseline -0.003 -18"><span class='ocrx_word' id='word_1_579' title='bbox 384 4305 494 4364; x_wconf 91' lang='lat' dir='ltr'>VI.</span> <span class='ocrx_word' id='word_1_580' title='bbox 540 4304 739 4381; x_wconf 88' lang='lat' dir='ltr'>Atque</span> <span class='ocrx_word' id='word_1_581' title='bbox 755 4304 871 4363; x_wconf 89' lang='lat' dir='ltr'>huc</span> <span class='ocrx_word' id='word_1_582' title='bbox 894 4304 1183 4381; x_wconf 90' lang='lat' dir='ltr'>pertinent</span> <span class='ocrx_word' id='word_1_583' title='bbox 1209 4301 1391 4361; x_wconf 73' lang='lat' dir='ltr'>verba</span> <span class='ocrx_word' id='word_1_584' title='bbox 1409 4300 1585 4375; x_wconf 83' lang='lat' dir='ltr'>Petri,</span> <span class='ocrx_word' id='word_1_585' title='bbox 1622 4304 1706 4359; x_wconf 69' lang='lat'>1⁰.</span> <span class='ocrx_word' id='word_1_586' title='bbox 1727 4319 1852 4376; x_wconf 87' lang='lat' dir='ltr'>cap.</span> <span class='ocrx_word' id='word_1_587' title='bbox 1883 4319 1940 4357; x_wconf 80' lang='lat' dir='ltr'>v.</span> <span class='ocrx_word' id='word_1_588' title='bbox 1973 4301 2028 4373; x_wconf 86' lang='lat'>9,</span> <span class='ocrx_word' id='word_1_589' title='bbox 2059 4318 2190 4376; x_wconf 83' lang='lat' dir='ltr'>quae</span> <span class='ocrx_word' id='word_1_590' title='bbox 2211 4298 2466 4374; x_wconf 87' lang='lat' dir='ltr'>apprime</span> <span class='ocrx_word' id='word_1_591' title='bbox 2495 4295 2716 4356; x_wconf 83' lang='lat' dir='ltr'>faciunt</span> 
     </span>
     <span class='ocr_line' id='line_1_56' title="bbox 302 4375 2714 4458; baseline -0.003 -15"><span class='ocrx_word' id='word_1_592' title='bbox 302 4383 377 4443; x_wconf 87' lang='lat' dir='ltr'>ad</span> <span class='ocrx_word' id='word_1_593' title='bbox 404 4404 525 4443; x_wconf 86' lang='lat' dir='ltr'>rem</span> <span class='ocrx_word' id='word_1_594' title='bbox 553 4393 827 4457; x_wconf 86' lang='lat' dir='ltr'>nostram,</span> <span class='ocrx_word' id='word_1_595' title='bbox 860 4404 989 4443; x_wconf 90' lang='lat' dir='ltr'>cum</span> <span class='ocrx_word' id='word_1_596' title='bbox 1019 4384 1100 4443; x_wconf 89' lang='lat' dir='ltr'>ait</span> <span class='ocrx_word' id='word_1_597' title='bbox 1130 4386 1166 4416; x_wconf 77' lang='lat'>‘⁴</span> <span class='ocrx_word' id='word_1_598' title='bbox 1184 4382 1417 4441; x_wconf 88' lang='lat' dir='ltr'>easdem</span> <span class='ocrx_word' id='word_1_599' title='bbox 1460 4381 1794 4458; x_wconf 88' lang='lat' dir='ltr'>passiones&#39;&#39;</span> <span class='ocrx_word' id='word_1_600' title='bbox 1826 4399 1956 4455; x_wconf 84' lang='lat' dir='ltr'>quae</span> <span class='ocrx_word' id='word_1_601' title='bbox 1975 4378 2417 4455; x_wconf 83' lang='lat' dir='ltr'>imponebantur</span> <span class='ocrx_word' id='word_1_602' title='bbox 2443 4375 2714 4435; x_wconf 87' lang='lat' dir='ltr'>fidelibus</span> 
     </span>
     <span class='ocr_line' id='line_1_57' title="bbox 303 4458 2716 4543; baseline -0.003 -20"><span class='ocrx_word' id='word_1_603' title='bbox 303 4465 579 4543; x_wconf 88' lang='lat' dir='ltr'>dispersis</span> <span class='ocrx_word' id='word_1_604' title='bbox 610 4464 686 4524; x_wconf 88' lang='lat' dir='ltr'>ad</span> <span class='ocrx_word' id='word_1_605' title='bbox 712 4482 859 4540; x_wconf 89' lang='lat' dir='ltr'>quos</span> <span class='ocrx_word' id='word_1_606' title='bbox 890 4465 1089 4523; x_wconf 90' lang='lat' dir='ltr'>scribit</span> <span class='ocrx_word' id='word_1_607' title='bbox 1120 4465 1155 4495; x_wconf 92' lang='lat'><strong>“</strong></span> <span class='ocrx_word' id='word_1_608' title='bbox 1173 4461 1399 4539; x_wconf 89' lang='lat' dir='ltr'>impleri</span> <span class='ocrx_word' id='word_1_609' title='bbox 1428 4461 1487 4519; x_wconf 90' lang='lat' dir='ltr'>in</span> <span class='ocrx_word' id='word_1_610' title='bbox 1518 4461 1791 4520; x_wconf 90' lang='lat' dir='ltr'>societate</span> <span class='ocrx_word' id='word_1_611' title='bbox 1820 4458 2058 4517; x_wconf 87' lang='lat' dir='ltr'>fratrum</span> <span class='ocrx_word' id='word_1_612' title='bbox 2088 4458 2373 4535; x_wconf 90' lang='lat' dir='ltr'>quierant</span> <span class='ocrx_word' id='word_1_613' title='bbox 2399 4477 2502 4536; x_wconf 89' lang='lat' dir='ltr'>per</span> <span class='ocrx_word' id='word_1_614' title='bbox 2529 4464 2716 4516; x_wconf 90' lang='lat' dir='ltr'>totum</span> 
     </span>
     <span class='ocr_line' id='line_1_58' title="bbox 304 4537 2721 4623; baseline -0.003 -20"><span class='ocrx_word' id='word_1_615' title='bbox 304 4546 558 4622; x_wconf 87' lang='lat' dir='ltr'>orbem,”</span> <span class='ocrx_word' id='word_1_616' title='bbox 588 4565 719 4623; x_wconf 76' lang='lat' dir='ltr'>quse</span> <span class='ocrx_word' id='word_1_617' title='bbox 747 4543 1050 4603; x_wconf 88' lang='lat' dir='ltr'>manifeste</span> <span class='ocrx_word' id='word_1_618' title='bbox 1078 4543 1356 4601; x_wconf 88' lang='lat' dir='ltr'>evincunt</span> <span class='ocrx_word' id='word_1_619' title='bbox 1384 4541 1575 4599; x_wconf 90' lang='lat' dir='ltr'>Deum</span> <span class='ocrx_word' id='word_1_620' title='bbox 1604 4548 1819 4599; x_wconf 69' lang='lat' dir='ltr'>aeterno</span> <span class='ocrx_word' id='word_1_621' title='bbox 1849 4558 1953 4597; x_wconf 89' lang='lat' dir='ltr'>suo</span> <span class='ocrx_word' id='word_1_622' title='bbox 1976 4538 2218 4597; x_wconf 87' lang='lat' dir='ltr'>consilio</span> <span class='ocrx_word' id='word_1_623' title='bbox 2249 4537 2574 4597; x_wconf 86' lang='lat' dir='ltr'>decrevisse</span> <span class='ocrx_word' id='word_1_624' title='bbox 2601 4556 2721 4596; x_wconf 88' lang='lat' dir='ltr'>non</span> 
     </span>
     <span class='ocr_line' id='line_1_59' title="bbox 304 4617 2722 4703; baseline -0.003 -18"><span class='ocrx_word' id='word_1_625' title='bbox 304 4626 477 4685; x_wconf 87' lang='lat' dir='ltr'>modo</span> <span class='ocrx_word' id='word_1_626' title='bbox 507 4646 653 4703; x_wconf 89' lang='lat' dir='ltr'>quas</span> <span class='ocrx_word' id='word_1_627' title='bbox 679 4623 983 4703; x_wconf 88' lang='lat' dir='ltr'>passiones</span> <span class='ocrx_word' id='word_1_628' title='bbox 1011 4623 1275 4684; x_wconf 85' lang='lat' dir='ltr'>Christus</span> <span class='ocrx_word' id='word_1_629' title='bbox 1303 4622 1426 4699; x_wconf 88' lang='lat' dir='ltr'>ipse</span> <span class='ocrx_word' id='word_1_630' title='bbox 1468 4622 1730 4693; x_wconf 70' lang='lat' dir='ltr'>in,carne</span> <span class='ocrx_word' id='word_1_631' title='bbox 1771 4638 1877 4678; x_wconf 88' lang='lat' dir='ltr'>sua</span> <span class='ocrx_word' id='word_1_632' title='bbox 1904 4618 2125 4679; x_wconf 88' lang='lat' dir='ltr'>subiret</span> <span class='ocrx_word' id='word_1_633' title='bbox 2167 4637 2270 4697; x_wconf 89' lang='lat' dir='ltr'>pro</span> <span class='ocrx_word' id='word_1_634' title='bbox 2301 4617 2722 4697; x_wconf 84' lang='lat' dir='ltr'>Redemptione</span> 
     </span>
     <span class='ocr_line' id='line_1_60' title="bbox 306 4696 2728 4782; baseline -0.004 -19"><span class='ocrx_word' id='word_1_635' title='bbox 306 4706 603 4782; x_wconf 82' lang='lat' dir='ltr'>Ecclesiae,</span> <span class='ocrx_word' id='word_1_636' title='bbox 636 4704 740 4765; x_wconf 87' lang='lat' dir='ltr'>sed</span> <span class='ocrx_word' id='word_1_637' title='bbox 770 4706 941 4763; x_wconf 85' lang='lat' dir='ltr'>etiam</span> <span class='ocrx_word' id='word_1_638' title='bbox 994 4724 1139 4781; x_wconf 86' lang='lat' dir='ltr'>quas</span> <span class='ocrx_word' id='word_1_639' title='bbox 1168 4701 1401 4779; x_wconf 84' lang='lat' dir='ltr'>singula</span> <span class='ocrx_word' id='word_1_640' title='bbox 1448 4700 1727 4761; x_wconf 73' lang='lat' dir='ltr'>Ecclesiae</span> <span class='ocrx_word' id='word_1_641' title='bbox 1777 4719 1896 4757; x_wconf 71' lang='lat' dir='ltr'>suae</span> <span class='ocrx_word' id='word_1_642' title='bbox 1941 4700 2201 4759; x_wconf 90' lang='lat' dir='ltr'>membra</span> <span class='ocrx_word' id='word_1_643' title='bbox 2245 4708 2438 4758; x_wconf 89' lang='lat' dir='ltr'>essent</span> <span class='ocrx_word' id='word_1_644' title='bbox 2467 4696 2728 4757; x_wconf 86' lang='lat' dir='ltr'>subitura</span> 
     </span>
    </p>
   </div>
  </div>
 </body>
</html>
