3234 5192
496 369 538 410 X
1167 362 1540 410 PRAEFATIO
1578 363 1673 408 AD
1710 361 2265 409 DISPUTATIONES

497 525 650 606 ipsis
681 523 992 604 postulare
1011 543 1210 604 posse,
1263 524 1386 588 Cur
1415 544 1528 587 nos
1561 544 1600 586 a
1652 523 1869 604 seipsis
1916 529 2016 586 tot
2048 523 2803 590 Excommunicationibus
2837 537 2903 593 et

497 621 1048 704 proscriptionibus
1083 622 1424 686 durissimis
1459 621 1859 702 separarint3
1914 622 2051 698 Qua
2081 622 2329 685 tandem
2378 623 2455 686 de
2505 643 2691 688 causa
2722 632 2903 691 tanto

491 723 700 784 furore
720 719 786 783 in
811 739 923 783 nos
941 721 1308 796 exarserint,
1327 727 1400 784 ut
1417 721 1611 784 ferme
1636 719 1863 799 ubique
1880 725 2187 783 terrarum
2199 719 2367 784 diras
2384 722 2552 786 faces
2572 723 2717 787 belli
2739 727 2899 789 sacri

495 821 562 882 in
586 839 696 882 nos
729 817 1165 882 accenderintz
1221 818 1662 899 ImperatoreS,
1694 818 1917 900 Reges,
1944 817 2282 898 Principes,
2307 818 2571 899 Populos
2606 821 2899 886 adversus

495 938 610 981 nos
627 916 1018 990 concitarint,
1042 916 1148 996 qui
1180 916 1458 992 lanienis,
1484 917 1779 991 cruciatu,
1800 918 1983 992 ferro,
2004 917 2165 998 igne,
2189 923 2255 980 et
2282 917 2451 980 nullo
2470 939 2595 982 non
2614 920 2900 1000 supplicii

495 1023 562 1080 et
592 1014 888 1078 tormenti
912 1034 1135 1094 genere
1157 1015 1421 1095 grassati
1451 1015 1580 1078 sint
1597 1016 1678 1078 ad
1695 1036 1805 1078 nos
1828 1015 2247 1079 internecione
2270 1016 2577 1092 delendoS,
2602 1023 2897 1099 tanquam

493 1113 960 1179 scelestissimos
1011 1112 1382 1190 mortalium,
1433 1114 1667 1188 atheos,
1718 1113 1959 1193 impios,
2013 1114 2513 1177 detestandarum
2573 1115 2899 1182 haeresium

493 1231 654 1288 reoS,
688 1211 976 1292 indignos
1005 1209 1110 1291 qui
1145 1211 1300 1275 lucis
1325 1231 1513 1275 usura
1540 1211 1870 1274 fruanturl
1904 1211 2085 1276 Licet
2113 1211 2379 1276 convicti
2427 1232 2562 1276 esse
2608 1215 2893 1292 debeant,

493 1310 651 1373 nihil
707 1329 818 1372 nos
874 1309 1144 1390 credere,
1197 1310 1362 1388 quod
1395 1330 1435 1373 a
1467 1309 1715 1373 Christo
1750 1315 1817 1372 et
1847 1310 2171 1390 Apostolis
2210 1331 2335 1374 non
2364 1311 2448 1374 sit
2477 1311 2796 1389 traditum,
2830 1323 2895 1378 et

493 1408 658 1490 quod
688 1407 813 1488 ipsi
843 1427 908 1470 se
938 1407 1254 1470 nobiscum
1289 1409 1537 1472 credere
1566 1429 1689 1470 non
1718 1409 2128 1488 profiteantur
2160 1410 2361 1488 quoad
2388 1409 2709 1474 Articulos
2734 1412 2895 1474 affir-

491 1507 793 1580 mativos3
849 1505 938 1568 Et
971 1525 1158 1568 unum
1207 1506 1438 1570 crimen
1488 1513 1767 1568 nostrum
1801 1525 1954 1582 esse,
1990 1507 2155 1586 quod
2186 1507 2451 1570 nolimus
2484 1507 2691 1588 papali
2717 1509 2890 1591 jugo,

494 1607 658 1685 quod
700 1602 1240 1667 antichiistiannm
1274 1624 1609 1680 censemus,
1647 1624 1757 1668 nos
1790 1604 2162 1685 mancipare,
2198 1612 2262 1668 et
2298 1607 2561 1670 haereses
2590 1625 2663 1670 ac
2694 1607 2895 1672 cultus

493 1702 956 1783 superstitiosos
985 1709 1050 1765 et
1083 1701 1504 1766 idololatricos
1537 1704 1613 1764 ab
1650 1702 1803 1782 ipsis
1834 1708 2065 1783 praeter
2095 1710 2160 1765 et
2192 1710 2409 1766 contra
2458 1703 2579 1768 Dei
2612 1702 2895 1770 Verbum

487 1802 786 1877 invectos,
821 1801 1172 1864 admittere.
1274 1801 1526 1864 Patebit
1549 1799 1826 1864 odiosum
1860 1802 2233 1864 Schismtis
2256 1800 2507 1878 crimen,
2533 1803 2695 1882 quod
2714 1804 2895 1868 nobis

491 1899 821 1963 falsissime
879 1897 1264 1980 impingitur,
1329 1899 1436 1978 qui
1495 1919 1534 1961 a
1595 1898 1717 1962 fide
1775 1898 1964 1962 semel
2027 1898 2281 1975 tradita,
2340 1907 2407 1962 et
2460 1920 2607 1964 vera
2661 1900 2893 1966 Christi

495 1997 800 2080 Ecclesia,
837 2017 972 2077 quae
1007 2017 1216 2061 vocem
1248 1997 1380 2076 ejus
1411 1998 1586 2060 audit
1620 2004 1686 2061 et
1718 2017 2031 2062 sermones
2074 1998 2321 2073 retinet,
2353 2019 2664 2078 nunquam
2694 2018 2893 2064 reces-

492 2096 720 2170 simus3
793 2097 860 2159 in
913 2096 1081 2176 ipsos
1134 2115 1279 2159 vere
1332 2096 1631 2176 recidere,
1685 2095 1787 2176 qui
1834 2117 1872 2158 a
1927 2097 2049 2160 fide
2084 2094 2317 2160 Christi
2370 2117 2493 2159 non
2539 2117 2661 2160 uno
2709 2099 2893 2162 modo

489 2201 898 2258 recesserunt.
1007 2193 1101 2255 Ut
1155 2195 1234 2256 ab
1284 2192 1438 2273 ipsis
1495 2193 1675 2274 longe
1716 2193 1953 2258 meliori
1994 2195 2159 2275 jure,
2192 2215 2373 2274 quam
2430 2194 2551 2276 ipsi
2602 2216 2641 2258 a
2692 2197 2889 2274 nobis,

481 2312 765 2372 quaerere
793 2291 1118 2373 possimus,
1151 2290 1276 2353 Cur
1301 2311 1340 2354 a
1362 2291 1656 2355 Veritate
1677 2292 1828 2373 ipsis
1851 2293 2088 2356 tradita
2116 2293 2497 2357 defecerint‘ss
2551 2292 2676 2355 Cur
2707 2295 2893 2358 fidem

493 2391 702 2453 datam
753 2389 998 2452 Christo
1035 2389 1352 2470 fregerint,
1408 2396 1481 2452 ut
1531 2389 1595 2453 in
1650 2397 1859 2464 castra
1904 2391 2288 2455 Antichristi
2332 2390 2714 2455 transirentl
2768 2391 2893 2454 Cur

500 2488 900 2552 Sacramenta
946 2486 1179 2551 Christi
1229 2487 1663 2567 corruperint'!
1719 2488 1845 2551 Cur
1878 2509 2105 2571 veram,
2142 2509 2359 2569 puram
2404 2496 2470 2553 et
2511 2489 2889 2554 Catholicam

502 2585 845 2651 Ecclesiam
892 2585 1273 2667 reliquerint,
1303 2592 1378 2648 ut
1403 2586 1574 2649 falsae
1602 2592 1668 2649 et
1701 2585 2103 2650 idololatricae
2147 2607 2214 2650 se
2259 2587 2711 2668 adjungerent}
2766 2588 2891 2652 Cur

493 2684 824 2764 Scriptura
849 2705 973 2748 non
1009 2684 1302 2760 contenti,
1335 2703 1470 2764 quae
1505 2684 1568 2747 in
1595 2684 1839 2746 unicam
1857 2683 2000 2748 fidei
2030 2704 2387 2763 morumque
2411 2686 2684 2766 regulam
2714 2688 2893 2751 nobis

495 2783 733 2846 tradita
761 2788 876 2860 est,
907 2781 1214 2846 voluerint
1245 2803 1462 2862 sapere
1495 2771 1627 2858 πάρ’
1662 2788 1686 2843 ὁ
1718 2787 2055 2864 γέγραπται,
2088 2788 2155 2845 et
2189 2781 2580 2846 Traditiones
2606 2786 2891 2866 ἅγραφους

495 2882 832 2947 credendas
874 2880 1050 2944 nobis
1088 2880 1438 2955 obtrudere,
1475 2886 1695 2944 contra
1734 2899 2089 2960 expressum
2125 2879 2244 2943 Dei
2274 2879 2676 2942 mandatnm3
2780 2883 2890 2946 Ad

491 2979 623 3046 haec
653 2980 771 3044 nisi
806 2978 1260 3062 responderint,
1293 2977 1600 3058 Quicquid
1630 2979 1707 3042 de
1740 2977 2194 3042 Infallibilitate
2226 2984 2291 3042 et
2320 2977 2723 3058 Antiquitate
2756 2999 2887 3062 sua,

492 3079 572 3142 de
625 3079 1022 3142 Successione
1077 3099 1201 3140 non
1250 3077 1620 3158 interrupta,
1684 3078 1763 3141 de
1830 3076 2075 3141 Unione
2127 3074 2545 3142 Membrorum
2598 3079 2713 3142 sub
2764 3097 2889 3142 uno

493 3176 734 3256 Capite,
770 3182 836 3239 et
869 3175 945 3238 de
975 3175 1129 3250 aliis,
1184 3195 1319 3254 quae
1349 3177 1428 3238 ab
1460 3175 1612 3254 ipsis
1648 3174 1854 3240 afferri
1884 3174 2105 3252 solent,
2143 3175 2571 3238 Authoritatis
2604 3195 2731 3239 suae
2781 3177 2887 3238 fir-

490 3272 840 3356 mamentis,
891 3279 958 3337 et
1019 3271 1316 3336 Ecclesiae
1370 3292 1496 3334 suae
1549 3272 1819 3336 criteriis
1873 3272 2167 3348 dixerint,
2223 3275 2596 3352 superfluum
2646 3273 2771 3337 erit
2820 3281 2887 3338 et

490 3372 730 3438 inutile.
832 3371 1000 3436 Nam
1029 3371 1082 3434 si
1113 3377 1350 3434 certum
1389 3378 1488 3434 est
1529 3389 1633 3434 eos
1673 3389 1712 3432 a
1756 3369 1989 3434 Christi
2036 3370 2159 3433 fide
2208 3370 2519 3447 defecisse,
2575 3392 2687 3436 nos
2741 3392 2886 3435 vero

491 3490 734 3552 semper
781 3471 846 3534 in
901 3489 976 3533 ea
1024 3467 1340 3550 mansisse,
1374 3477 1445 3533 ut
1474 3468 1829 3550 statuimus,
1872 3473 1938 3532 et
1983 3469 2189 3548 parati
2220 3487 2429 3532 sumus
2457 3490 2538 3533 ex
2568 3466 2885 3535 Doctrinae

489 3571 686 3651 ipsius
736 3568 1038 3645 examine,
1085 3568 1166 3631 ad
1218 3569 1377 3647 quod
1424 3585 1844 3648 provocamus,
1916 3567 2201 3648 probare,
2259 3587 2380 3647 quo
2424 3568 2573 3647 jure
2626 3575 2887 3648 possunt

487 3667 741 3749 Sponsae
776 3666 1008 3731 Christi
1039 3687 1260 3730 nomen
1291 3665 1410 3729 sibi
1442 3685 1755 3746 arrogare,
1786 3672 1854 3728 et
1886 3685 1997 3728 nos
2030 3665 2379 3729 schismatis
2400 3686 2539 3730 reos
2567 3686 2883 3748 peragere,

485 3768 662 3850 cujus
693 3766 812 3846 ipsi
846 3765 1172 3829 manifeste
1203 3763 1538 3828 tenentur?
1645 3763 1896 3828 Patebit
1929 3763 2191 3827 ulterius
2240 3769 2483 3826 tantum
2536 3765 2767 3839 abesse,
2812 3771 2885 3827 ut

485 3865 764 3932 Secessio
793 3871 1008 3927 nostra
1046 3861 1260 3926 infami
1295 3865 1480 3948 suyae
1513 3861 1859 3946 flayitz‘osae
1894 3871 1954 3927 et
1972 3862 2331 3945 praecipitis
2360 3861 2605 3925 nomine
2638 3862 2884 3927 traduci

485 3964 726 4041 debeat,
748 3983 882 4044 quae
908 3963 1279 4026 divisionem
1300 3961 1551 4036 Christi,
1577 3962 2007 4025 rescissionem
2041 3961 2610 4025 sacramentorum
2630 3961 2881 4036 Christi,

485 4063 722 4128 bellum
761 4063 1028 4144 impium
1060 4062 1132 4124 in
1161 4061 1294 4144 ejus
1325 4059 1643 4133 Membra,
1681 4067 1741 4122 et
1770 4061 2174 4141 negationem
2206 4059 2716 4121 promissionum
2750 4060 2884 4142 ejus

479 4160 836 4235 induxerit3
891 4158 985 4222 Ut
1017 4165 1238 4222 contra
1269 4176 1392 4220 non
1423 4156 1546 4220 alia
1575 4157 1655 4220 de
1683 4177 1870 4220 causa
1903 4158 1982 4218 ab
2015 4156 2168 4236 ipsis
2198 4156 2645 4233 secesserimus,
2702 4177 2881 4236 quam

479 4267 553 4322 ut
586 4258 836 4323 Christo
865 4255 1172 4320 indivulse
1201 4253 1692 4329 adhaereremus3
1744 4262 1817 4318 ut
1845 4255 1910 4318 in
1940 4274 2100 4317 verae
2134 4253 2426 4318 Ecclesiae
2460 4256 2883 4320 communione

475 4375 880 4430 maneremus,
944 4362 1016 4418 ut
1083 4353 1486 4420 Sacramenta
1552 4372 1711 4434 pura
1773 4360 1839 4416 et
1905 4352 2267 4432 incorrupta
2322 4352 2751 4436 retineremus,
2811 4359 2885 4415 ut

477 4455 758 4537 genuinis
808 4454 942 4534 ejus
984 4452 1282 4516 Membris
1332 4451 1862 4533 conjungeremur,
1898 4455 1964 4513 et
1993 4457 2065 4513 ut
2093 4449 2541 4514 Promissiones
2570 4450 2683 4514 soli
2718 4471 2881 4515 verae

477 4553 776 4618 Ecclesiae
806 4553 1024 4635 factas,
1077 4552 1245 4616 falsae
1276 4557 1342 4615 et
1377 4550 1677 4614 adulterae
1728 4548 1919 4613 tribui
1974 4568 2092 4612 non
2144 4557 2518 4628 pateremur.
2621 4548 2882 4614 Patebit

471 4653 754 4733 denique,
783 4650 1270 4716 conciliationem
1299 4670 1536 4714 omnem
1568 4656 1635 4713 et
1664 4648 2151 4730 syncretismum,
2177 4647 2255 4710 ad
2276 4667 2455 4726 quem
2478 4647 2633 4710 adeo
2649 4647 2877 4712 blande
