3234 5192
491 336 607 393 302
1170 350 1249 390 nn
1279 348 1489 392 ramus
1517 349 1797 391 Tnsrmus
1826 350 2213 391 omnes-rmus.
2550 328 2809 411 [msi’u'r.
2841 347 2898 391 v.

490 492 645 552 velle
671 491 901 552 referre.
986 492 1166 569 Resp.
1201 495 1252 551 1.
1299 492 1466 551 Licet
1494 492 1772 550 Calvinus
1800 498 1860 549 et
1886 490 2043 549 Beza
2068 490 2151 549 ita
2171 490 2361 549 locum
2390 491 2565 550 istum
2594 491 2896 569 exposuis-

489 581 636 648 sent,
667 592 782 631 non
811 581 1136 631 teneremur
1163 574 1222 629 in
1251 592 1450 631 eorum
1477 570 1657 629 verba
1676 570 1891 646 jurare,
1929 570 2065 646 quia
2110 570 2255 630 fides
2282 580 2480 630 nostra
2506 590 2621 629 non
2648 571 2896 629 homini-

489 652 618 729 bus,
649 652 754 711 sed
784 653 910 711 Deo
939 653 1063 711 solo
1091 654 1331 729 ejusque
1361 651 1556 709 Verbo
1585 651 1808 709 nititur.
1891 654 1948 708 2.
1997 651 2059 708 Si
2106 651 2286 709 verba
2311 651 2567 729 ipsorum
2616 650 2893 727 expendi-

489 753 634 807 muS,
666 733 834 791 facile
860 732 1082 809 patebit
1109 752 1208 791 eos
1235 752 1353 789 non
1399 730 1662 788 absolute
1690 736 1751 787 et
1786 729 2121 807 simpliciter
2148 750 2391 807 negasse
2420 730 2519 807 agi
2565 731 2637 789 de
2674 730 2895 789 unitate

490 814 772 886 essentiae,
804 812 906 870 sed
934 820 1158 869 tantum
1181 818 1522 887 comparate,
1553 817 1618 867 ut
1664 809 1859 886 potius
1903 829 2217 869 consensus
2263 810 2552 887 innuatur,
2603 830 2777 887 quam
2805 830 2892 869 es·-

491 893 691 965 sentia,
725 892 807 949 sic
834 891 988 949 enim
1017 890 1293 949 Calvinus
1322 889 1398 946 ad
1422 889 1578 946 hunc
1604 888 1814 963 locum,
1850 892 1885 922 “
1906 888 2075 963 Quod
2102 890 2243 949 dicit
2264 890 2407 949 Tres
2434 910 2560 949 esse
2589 910 2786 966 unum,
2816 890 2892 949 ad

487 972 796 1031 essentiam
823 990 938 1028 non
967 969 1224 1043 refertur,
1257 968 1360 1027 sed
1387 968 1462 1025 ad
1491 988 1835 1027 consensum
1861 970 2071 1045 potius,
2104 989 2172 1028 ac
2200 969 2252 1028 si
2293 969 2511 1030 diceret
2556 970 2803 1045 Patrem,
2836 978 2894 1028 et

484 1060 764 1111 aeternum
793 1051 919 1126 ejus
951 1049 1301 1121 Sermonem,
1333 1068 1401 1105 ac
1433 1047 1708 1125 Spiritum
1744 1049 2019 1107 Sanctum
2042 1050 2384 1126 symphonia
2424 1050 2672 1126 quadam
2697 1050 2890 1109 Chris·

485 1139 611 1189 tum
639 1130 853 1207 pariter
879 1128 1253 1205 approbare,''
1285 1125 1394 1187 Sec.
1453 1128 1596 1201 Quis
1624 1148 1740 1185 non
1768 1129 2032 1205 agnoscit
2060 1148 2190 1188 eum
2212 1149 2329 1187 non
2357 1128 2643 1207 disjuncte
2672 1129 2887 1207 simpli-

483 1210 647 1284 ·citer,
681 1208 786 1268 sed
812 1216 1138 1286 comparate
1165 1208 1342 1283 loqui,
1375 1215 1430 1266 et
1473 1208 1623 1266 hanc
1652 1209 1777 1285 ejus
1806 1228 1931 1267 esse
1959 1218 2227 1284 mentem,
2262 1209 2509 1285 Patrem,
2541 1211 2799 1268 Verbum
2832 1216 2891 1267 ct

489 1290 768 1368 Spiritum
797 1308 923 1347 esse
951 1288 1184 1364 quidem
1211 1307 1390 1346 unum
1419 1288 1685 1363 essentia,
1736 1287 1949 1347 trinum
1990 1290 2251 1365 personis
2297 1290 2503 1364 Deum,
2533 1290 2687 1349 unde
2716 1288 2887 1366 paulo

487 1378 622 1429 ante
651 1370 894 1443 dixerat,
908 1371 1088 1447 fidem
1115 1369 1174 1426 in
1201 1388 1318 1426 una
1345 1368 1590 1425 Deitatis
1611 1368 1847 1427 essentia
1868 1377 1980 1427 tres
2006 1370 2291 1427 Personas
2318 1390 2634 1445 aquo-scere,
2662 1370 2763 1429 sed
2793 1368 2886 1427 hic

483 1450 723 1528 produci
751 1449 978 1527 proprie
1006 1457 1065 1507 et
1090 1447 1359 1524 primario
1400 1467 1517 1506 non
1545 1455 1611 1506 ut
1658 1455 1867 1507 testem
1914 1468 2094 1507 unum
2141 1449 2406 1524 essentia,
2458 1449 2563 1507 sed
2590 1458 2655 1507 ut
2708 1457 2887 1508 testes

480 1539 600 1589 tres
627 1529 887 1608 personis
915 1528 1236 1602 distinctos,
1268 1546 1445 1585 unum
1473 1535 1669 1585 tamen
1688 1527 1957 1604 idemque
2004 1528 2378 1587 testificantes
2415 1528 2489 1586 de
2519 1528 2747 1587 Christo
2764 1532 2793 1586 ?
2820 1537 2886 1588 ut

479 1610 658 1667 habet
686 1609 881 1686 glossa
907 1606 1306 1681 interlinearis,
1339 1607 1429 1663 Hi
1441 1616 1552 1665 tres
1579 1628 1751 1665 unum
1770 1617 1913 1682 sunt,
1947 1608 2011 1665 id
2034 1616 2115 1665 est
2144 1627 2286 1665 unus
2313 1610 2473 1665 Deus
2500 1610 2570 1665 de
2598 1610 2793 1665 eadem
2818 1627 2885 1665 re

479 1698 754 1747 testantes.
839 1688 894 1746 N
897 1707 962 1745 ec
989 1686 1040 1745 si
1067 1686 1229 1745 addit
1257 1694 1529 1762 utrosque
1558 1696 1735 1746 testes
1762 1706 1941 1745 unum
1968 1686 2085 1743 dici
2113 1686 2313 1745 eodem
2353 1706 2542 1761 sensu,
2574 1686 2684 1745 hoc
2713 1686 2881 1745 intel-

473 1768 610 1843 ligit
636 1767 898 1827 absolute
927 1774 986 1825 et
1034 1766 1401 1843 simpliciter3
1447 1766 1550 1825 sed
1592 1766 1773 1825 relate
1821 1766 1897 1824 ad
1942 1765 2270 1824 institutum
2313 1766 2358 1827 J
2360 1766 2563 1825 oannis
2590 1766 2747 1843 quod
2795 1774 2885 1824 est

475 1847 835 1905 harmoniam
861 1846 1095 1905 testium
1125 1845 1444 1905 coelestium
1475 1854 1534 1905 et
1561 1855 1917 1904 terrenorum
1935 1845 2007 1903 de
2030 1845 2250 1903 Messia
2271 1846 2530 1905 exhibito
2559 1845 2880 1905 ostendere.

477 1926 650 1987 Unde
677 1934 837 2003 patet
863 1946 1036 2003 quam
1063 1934 1411 2003 praepostere
1439 1933 1499 1984 et
1525 1925 1679 1983 mala
1703 1924 1835 1999 fide,
1876 1944 2133 1983 summus
2161 1925 2260 1983 ille
2287 1926 2380 1983 vir
2408 1926 2521 1984 Dei
2546 1925 2882 1984 traducatur

473 2027 509 2066 a
536 2006 844 2081 nonnullis,
876 2006 1043 2082 quasi
1071 2005 1308 2063 Arianis
1334 2004 1572 2063 favens:
1617 2004 1767 2062 Nam
1798 2003 1937 2064 licet
1961 2006 2198 2064 humani
2226 2005 2446 2081 aliquid
2473 2012 2627 2064 esset
2653 2024 2876 2081 passus,

465 2107 575 2149 nec
603 2087 744 2145 satis
772 2094 1070 2145 assecutus
1097 2093 1250 2143 esset
1277 2092 1532 2143 mentem
1553 2084 1803 2161 Spiritus
1824 2084 2023 2143 Sancti
2038 2086 2102 2142 in
2117 2104 2235 2143 uno
2255 2085 2354 2143 vel
2373 2085 2554 2144 altero
2582 2085 2728 2159 loc0,
2760 2104 2875 2143 11011

471 2167 603 2228 ideo
633 2166 893 2243 sequitur
919 2184 1051 2223 eum
1079 2164 1226 2222 tanti
1254 2163 1515 2240 mysterii
1541 2163 1733 2238 fidem,
1765 2164 1922 2240 quod
1950 2164 2091 2222 alibi
2120 2164 2464 2223 solidissime
2493 2173 2551 2223 et
2578 2173 2667 2224 tot
2692 2164 2873 2222 invic-

471 2248 550 2307 tis
577 2244 949 2324 argumentis,
981 2252 1040 2302 et
1069 2243 1130 2302 in
1157 2244 1268 2301 hoc
1295 2243 1424 2320 ipso
1451 2243 1581 2301 loco
1609 2242 1927 2319 confirmat,
1960 2243 2233 2303 subruere
2263 2244 2536 2303 voluisse.
2602 2244 2733 2303 Non
2762 2245 2877 2303 alia

469 2346 634 2385 mens
665 2326 853 2399 Bezae,
879 2324 980 2401 qui
1007 2322 1089 2381 ita
1107 2323 1387 2382 unitatem
1417 2342 1732 2382 consensus
1771 2323 1951 2382 asseri
1998 2324 2128 2383 vult
2154 2342 2191 2381 a
2217 2323 2464 2399 Joanne,
2494 2332 2561 2383 ut
2596 2324 2876 2383 unitatem

470 2405 735 2465 essentiae
765 2424 882 2462 non
909 2410 1098 2479 neget,
1131 2402 1234 2461 sed
1271 2410 1558 2480 supponat
1599 2402 1810 2478 potiuS,
1865 2404 1899 2434 “
1932 2403 2128 2462 Unum
2178 2404 2371 2478 sunt,''
2402 2403 2605 2480 inquit,
2640 2403 2757 2461 “id
2787 2412 2876 2463 est

466 2504 703 2563 prorsus
733 2484 1114 2558 consentiunt,
1147 2502 1214 2541 ac
1243 2482 1294 2540 si
1320 2502 1471 2540 unus
1499 2481 1665 2541 testis
1694 2490 1902 2557 essent,
1934 2494 1993 2541 et
2020 2502 2223 2541 revera
2242 2502 2421 2541 unum
2450 2492 2601 2559 sunt,
2634 2483 2683 2542 si
2712 2485 2873 2541 οὐσίαι

467 2573 712 2641 spectes,
743 2564 848 2623 sed
875 2563 947 2622 de
975 2582 1060 2638 ea,
1091 2571 1158 2621 ut
1185 2562 1327 2619 mihi
1354 2561 1588 2637 quidem
1616 2560 1863 2636 videtur,
1914 2580 2032 2619 non
2080 2562 2271 2639 agitur
2317 2563 2428 2621 hoc
2466 2563 2593 2621 loco
2620 2563 2674 2623 :''
2720 2564 2874 2637 Quid

464 2645 561 2703 hic
590 2654 694 2721 est,
726 2643 885 2722 quod
918 2642 1205 2702 haereticis
1253 2640 1460 2717 faveat,
1509 2640 1651 2717 quid
1694 2660 1811 2699 non
1854 2640 2046 2717 potius
2094 2661 2292 2699 eorum
2340 2641 2872 2719 pestilentissimum

467 2744 716 2785 errorem
737 2724 1016 2802 jugulat?

547 2804 765 2863 XXV.
809 2805 906 2862 Ex
931 2804 1024 2863 his
1050 2804 1134 2862 ita
1169 2802 1445 2863 discussis
1493 2809 1697 2881 sponte
1744 2801 1932 2862 fluunt
1978 2802 2155 2878 varia,
2187 2823 2315 2880 quse
2372 2824 2447 2861 ex
2472 2803 2584 2861 hoc
2640 2802 2871 2861 oraculo

467 2885 545 2945 ad
599 2885 834 2963 augusti
897 2883 1176 2963 mysterii,
1229 2884 1301 2943 de
1355 2903 1471 2961 quo
1499 2883 1744 2960 agimus,
1802 2882 2291 2942 confirmationem
2358 2883 2647 2960 pertinent
2702 2902 2869 2959 argu-

469 2974 680 3026 menta.
787 2964 944 3023 Hinc
999 2964 1153 3024 enim
1200 2966 1253 3021 1.
1313 2963 1481 3023 Patet
1539 2963 1835 3022 Trinitatis
1887 2982 2091 3022 vocem
2144 2982 2261 3020 non
2316 2982 2442 3034 esse
2496 2962 2666 3039 plane
2703 2968 2869 3042 &ygn-

467 3059 572 3121 cpon,
623 3054 794 3123 prout
847 3052 1074 3103 veteres
1103 3043 1519 3103 Antitrinitarii
1547 3051 1607 3102 et
1659 3042 2005 3103 recentiores
2043 3042 2353 3118 clamitant,
2384 3042 2521 3101 licet
2549 3042 2701 3100 enim
2722 3045 2869 3101 afm-

469 3130 594 3197 λιξι)
623 3126 720 3183 vel
746 3126 808 3183 in
835 3125 1124 3183 abstracto
1152 3144 1270 3181 non
1297 3124 1541 3199 legatur,
1573 3130 1771 3181 extare
1798 3131 1991 3181 tamen
2020 3121 2081 3179 in
2109 3130 2391 3198 concret0,
2423 3130 2482 3181 et
2519 3122 2868 3199 aequivalen-

469 3213 576 3278 ter,
607 3204 770 3263 locus
798 3203 892 3261 hic
935 3212 1132 3261 noster
1175 3202 1489 3261 clarissime
1531 3201 1765 3261 evincit.
1850 3201 2002 3277 Quid
2058 3202 2209 3261 enim
2258 3210 2348 3261 est
2394 3202 2663 3276 Trinitas,
2696 3222 2869 3278 quam

471 3283 671 3341 Trium
698 3282 942 3341 istorum
969 3282 1160 3340 unitas
1179 3284 1208 3339 P
1275 3285 1332 3339 2.
1361 3283 1747 3339 Personarum
1773 3282 2021 3340 Trinitas
2046 3281 2367 3341 luculenter
2388 3281 2697 3358 colligitur,
2724 3282 2869 3341 Cum

469 3362 623 3421 enim
653 3380 761 3419 nec
787 3360 981 3438 plures
1009 3380 1116 3419 nec
1141 3360 1441 3436 pauciores
1489 3360 1549 3417 in
1577 3360 1724 3419 coelo
1752 3369 1945 3436 testes,
1976 3382 2149 3439 quam
2177 3370 2294 3421 tres
2322 3360 2644 3439 Apostolus
2670 3381 2868 3420 nume-

465 3449 573 3515 ret,
605 3439 703 3516 qui
733 3458 849 3497 non
870 3445 1095 3499 tantum
1133 3458 1416 3499 consensu
1444 3448 1503 3497 et
1549 3440 1866 3517 voluntate,
1914 3442 2018 3499 sed
2057 3442 2229 3500 etiam
2257 3450 2463 3501 natura
2509 3441 2627 3501 sint
2672 3462 2867 3518 unum,

465 3529 559 3581 tot
585 3520 756 3578 etiam
787 3527 846 3578 et
871 3538 990 3578 non
1015 3518 1210 3595 plures
1236 3538 1511 3595 personas
1539 3518 1769 3579 divinas
1796 3540 2029 3580 necesse
2059 3530 2147 3581 est
2168 3541 2313 3581 esse.
2402 3520 2571 3581 Unde
2600 3521 2867 3598 impuris-

467 3600 602 3663 simi
623 3608 681 3659 et
706 3598 1164 3677 pestilentissimi
1195 3599 1422 3657 Serveti
1474 3598 1833 3676 blasphemia
1888 3601 2225 3677 retunditur,
2273 3601 2373 3679 qui
2420 3622 2593 3660 unam
2643 3608 2869 3661 tantum

466 3700 770 3759 personam
798 3679 926 3737 vult
953 3698 1095 3753 esse,
1125 3697 1256 3754 quse
1283 3678 1468 3737 tribus
1496 3678 1825 3737 nominibus
1873 3680 2222 3758 designetur,
2254 3692 2313 3740 et
2349 3688 2581 3758 propter
2607 3680 2869 3741 diversos

465 3760 814 3821 testificandi
839 3757 1043 3817 modos
1070 3767 1187 3817 tres
1203 3766 1381 3817 testes
1409 3758 1649 3817 dicatur.
1709 3759 1851 3833 Quis
1878 3762 2030 3818 enim
2058 3760 2131 3819 de
2149 3782 2265 3820 uno
2283 3760 2599 3837 eodemque
2614 3761 2864 3837 homine,

467 3842 568 3919 qui
595 3841 668 3899 de
696 3839 892 3916 aliqua
918 3858 980 3895 re
1007 3838 1360 3913 testificatur,
1391 3847 1452 3897 et
1478 3858 1645 3898 suum
1688 3839 2083 3899 testimonium
2130 3841 2343 3917 scripto
2388 3850 2447 3898 et
2493 3839 2702 3917 sigillis
2732 3860 2865 3899 con-

465 3922 674 3995 firmat,
704 3919 852 3978 bene
880 3918 1096 3977 diceret
1123 3926 1241 3977 tres
1269 3938 1395 3977 esse
1421 3926 1616 3995 testes,
1647 3928 1881 3997 propter
1897 3920 2180 3997 triplicem
2209 3919 2556 3980 testificandi
2581 3920 2817 3979 modum
2838 3924 2867 3980 Ρ

467 4002 628 4078 Ergo
656 4008 864 4078 praeter
893 3998 1141 4074 Patrem,
1173 3998 1288 4057 duo
1315 3998 1414 4057 alii
1441 3998 1503 4057 in
1531 3999 1679 4057 coelo
1725 4008 1901 4059 testes
1946 3999 2237 4059 statuendi
2264 4008 2415 4075 sunt,
2445 4008 2721 4077 tanquam
2749 4000 2864 4059 dis-

462 4082 659 4141 tinctae
685 4099 962 4157 personae,
994 4099 1123 4155 quse
1149 4098 1254 4156 pro
1298 4087 1458 4155 parte
1507 4099 1612 4137 sua
1654 4079 2053 4138 testificentur.
2103 4079 2304 4155 Neque
2331 4079 2427 4138 hic
2452 4079 2863 4157 reponendum,

462 4162 629 4222 testis
657 4161 907 4221 officium
951 4159 1146 4219 statim
1191 4158 1660 4238 personalitatem
1702 4178 1819 4217 non
1867 4158 2074 4234 dicere,
2122 4179 2251 4217 cum
2309 4167 2635 4219 statuantur
2660 4168 2778 4219 tres
2805 4161 2867 4219 in

462 4250 616 4301 terra
643 4249 838 4316 testes,
868 4240 968 4317 qui
997 4249 1190 4298 tamen
1214 4259 1332 4297 non
1361 4238 1798 4317 distinguuntur
1832 4238 2247 4316 personaliter:
2290 4238 2441 4299 Nam
2466 4240 2604 4299 licet
2644 4260 2721 4298 ex
2750 4248 2863 4298 tes-

462 4322 703 4381 timonio
731 4322 966 4381 testium
993 4320 1346 4381 terrestrium
1373 4320 1695 4397 personalis
1724 4338 1921 4378 eorum
1950 4318 2324 4379 subsistentia
2370 4319 2567 4379 inferri
2592 4328 2861 4396 nequeat,

463 4400 568 4458 sed
594 4400 766 4459 realis
791 4409 1017 4461 tantum
1044 4400 1336 4461 distinctio
1360 4422 1374 4475 3
1420 4398 1553 4459 Non
1581 4398 1842 4477 sequitur
1868 4398 2081 4476 pariter
2102 4418 2163 4458 se
2192 4419 2311 4458 rem
2337 4400 2568 4475 habere,
2594 4419 2769 4477 quam
2789 4399 2863 4459 de

457 4478 704 4537 testibus
731 4480 1062 4539 coelestibus
1087 4480 1303 4539 mentio
1332 4480 1408 4539 sit
1430 4501 1445 4555 3
1488 4480 1627 4556 quia
1651 4478 1747 4537 hic
1774 4498 1895 4537 vox
1922 4480 2035 4537 ista
2080 4497 2197 4536 non
2240 4478 2565 4556 improprie,
2598 4479 2703 4537 sed
2728 4500 2861 4557 pro-

457 4556 583 4633 prie
609 4556 942 4634 accipienda
968 4567 1073 4634 est,
1103 4578 1217 4633 quo
1243 4566 1414 4636 pacto
1441 4578 1701 4635 personae
1728 4564 1953 4617 tantum
1997 4558 2290 4635 competit.
2373 4558 2429 4616 N
2430 4578 2523 4616 am
2571 4560 2863 4636 quomodo

461 4634 739 4714 accipitur
765 4654 976 4695 nomen
1023 4638 1204 4713 testis,
1254 4637 1486 4713 quando
1536 4638 1699 4697 Patri
1742 4645 1801 4715 et
1830 4637 1982 4696 Filio
2026 4636 2387 4715 adscribitur,
2434 4636 2638 4699 eodem
2686 4640 2861 4700 etiam
