<?xml version="1.0" encoding="UTF-8"?>
<!DOCTYPE html PUBLIC "-//W3C//DTD XHTML 1.0 Transitional//EN"
    "http://www.w3.org/TR/xhtml1/DTD/xhtml1-transitional.dtd">
<html xmlns="http://www.w3.org/1999/xhtml" xml:lang="en" lang="en">
 <head>
  <title>
</title>
<meta http-equiv="Content-Type" content="text/html;charset=utf-8" />
  <meta name='ocr-system' content='tesseract 3.04.00' />
  <meta name='ocr-capabilities' content='ocr_page ocr_carea ocr_par ocr_line ocrx_word'/>
</head>
<body>
  <div class='ocr_page' id='page_1' title='image "./denecessariasec00turrgoog_0409.png"; bbox 0 0 3234 5192; ppageno 0'>
   <div class='ocr_carea' id='block_1_1' title="bbox 329 335 2736 419">
    <p class='ocr_par' dir='ltr' id='par_1_1' title="bbox 329 335 2736 419">
     <span class='ocr_line' id='line_1_1' title="bbox 329 335 2736 419; baseline 0.002 -24"><span class='ocrx_word' id='word_1_1' title='bbox 329 353 566 396; x_wconf 75' lang='lat' dir='ltr'><strong>msrur.</strong></span> <span class='ocrx_word' id='word_1_2' title='bbox 596 335 712 419; x_wconf 86' lang='lat' dir='ltr'><strong>1x.]</strong></span> <span class='ocrx_word' id='word_1_3' title='bbox 1196 352 1277 392; x_wconf 79' lang='lat' dir='ltr'><strong>nr.</strong></span> <span class='ocrx_word' id='word_1_4' title='bbox 1306 353 1501 395; x_wconf 60' lang='lat' dir='ltr'><strong>rurus</strong></span> <span class='ocrx_word' id='word_1_5' title='bbox 1544 353 1810 394; x_wconf 77' lang='lat' dir='ltr'><strong>cumsro.</strong></span> <span class='ocrx_word' id='word_1_6' title='bbox 2621 343 2736 400; x_wconf 80' lang='lat'><strong>361</strong></span> 
     </span>
    </p>
   </div>
   <div class='ocr_carea' id='block_1_2' title="bbox 332 494 2768 4730">
    <p class='ocr_par' dir='ltr' id='par_1_2' title="bbox 332 494 2752 1038">
     <span class='ocr_line' id='line_1_2' title="bbox 332 494 2748 574; baseline 0.002 -20"><span class='ocrx_word' id='word_1_7' title='bbox 332 497 393 554; x_wconf 90' lang='lat' dir='ltr'><strong>in</strong></span> <span class='ocrx_word' id='word_1_8' title='bbox 414 517 531 574; x_wconf 91' lang='lat' dir='ltr'><strong>quo</strong></span> <span class='ocrx_word' id='word_1_9' title='bbox 550 495 961 574; x_wconf 76' lang='lat' dir='ltr'>promissiones</span> <span class='ocrx_word' id='word_1_10' title='bbox 979 513 1197 572; x_wconf 88' lang='lat' dir='ltr'><strong>omnes,</strong></span> <span class='ocrx_word' id='word_1_11' title='bbox 1218 504 1277 555; x_wconf 89' lang='lat' dir='ltr'><strong>et</strong></span> <span class='ocrx_word' id='word_1_12' title='bbox 1304 497 1430 574; x_wconf 85' lang='lat' dir='ltr'><strong>typi</strong></span> <span class='ocrx_word' id='word_1_13' title='bbox 1460 515 1622 554; x_wconf 88' lang='lat' dir='ltr'><strong>suam</strong></span> <span class='ocrx_word' id='word_1_14' title='bbox 1652 495 1915 554; x_wconf 78' lang='lat' dir='ltr'><strong>obtinent</strong></span> <span class='ocrx_word' id='word_1_15' title='bbox 1934 494 2258 571; x_wconf 77' lang='lat' dir='ltr'><strong>veritatem,</strong></span> <span class='ocrx_word' id='word_1_16' title='bbox 2289 515 2408 556; x_wconf 90' lang='lat' dir='ltr'><strong>non</strong></span> <span class='ocrx_word' id='word_1_17' title='bbox 2433 498 2748 560; x_wconf 82' lang='lat' dir='ltr'><strong>verisimile</strong></span> 
     </span>
     <span class='ocr_line' id='line_1_3' title="bbox 334 575 2746 658; baseline 0.001 -22"><span class='ocrx_word' id='word_1_18' title='bbox 334 585 425 636; x_wconf 87' lang='lat' dir='ltr'><strong>est</strong></span> <span class='ocrx_word' id='word_1_19' title='bbox 467 578 579 636; x_wconf 91' lang='lat' dir='ltr'><strong>hoc</strong></span> <span class='ocrx_word' id='word_1_20' title='bbox 628 597 773 655; x_wconf 89' lang='lat' dir='ltr'><strong>opus</strong></span> <span class='ocrx_word' id='word_1_21' title='bbox 820 577 1245 652; x_wconf 88' lang='lat' dir='ltr'><strong>miraculosum,</strong></span> <span class='ocrx_word' id='word_1_22' title='bbox 1276 585 1335 636; x_wconf 90' lang='lat' dir='ltr'><strong>et</strong></span> <span class='ocrx_word' id='word_1_23' title='bbox 1378 585 1499 635; x_wconf 85' lang='lat' dir='ltr'><strong>tam</strong></span> <span class='ocrx_word' id='word_1_24' title='bbox 1526 575 1804 634; x_wconf 82' lang='lat' dir='ltr'><strong>eximium</strong></span> <span class='ocrx_word' id='word_1_25' title='bbox 1841 575 2184 635; x_wconf 88' lang='lat' dir='ltr'><strong>beneficium</strong></span> <span class='ocrx_word' id='word_1_26' title='bbox 2211 579 2426 656; x_wconf 90' lang='lat' dir='ltr'><strong>populo</strong></span> <span class='ocrx_word' id='word_1_27' title='bbox 2455 579 2746 658; x_wconf 88' lang='lat' dir='ltr'><strong>collatum,</strong></span> 
     </span>
     <span class='ocr_line' id='line_1_4' title="bbox 332 655 2749 736; baseline 0.001 -21"><span class='ocrx_word' id='word_1_28' title='bbox 332 657 552 715; x_wconf 80' lang='lat' dir='ltr'><strong>nullam</strong></span> <span class='ocrx_word' id='word_1_29' title='bbox 580 657 655 716; x_wconf 88' lang='lat' dir='ltr'><strong>ad</strong></span> <span class='ocrx_word' id='word_1_30' title='bbox 684 657 975 716; x_wconf 78' lang='lat' dir='ltr'><strong>Christum</strong></span> <span class='ocrx_word' id='word_1_31' title='bbox 998 658 1167 734; x_wconf 63' lang='lat' dir='ltr'><strong>exim</strong></span> <span class='ocrx_word' id='word_1_32' title='bbox 1184 656 1474 730; x_wconf 89' lang='lat' dir='ltr'><strong>habuisse,</strong></span> <span class='ocrx_word' id='word_1_33' title='bbox 1506 675 1637 714; x_wconf 88' lang='lat' dir='ltr'><strong>cum</strong></span> <span class='ocrx_word' id='word_1_34' title='bbox 1667 662 1876 714; x_wconf 83' lang='lat' dir='ltr'><strong>caetera</strong></span> <span class='ocrx_word' id='word_1_35' title='bbox 1901 655 2096 714; x_wconf 89' lang='lat' dir='ltr'><strong>omnia</strong></span> <span class='ocrx_word' id='word_1_36' title='bbox 2113 657 2362 734; x_wconf 88' lang='lat' dir='ltr'><strong>mystica</strong></span> <span class='ocrx_word' id='word_1_37' title='bbox 2388 658 2616 736; x_wconf 87' lang='lat' dir='ltr'><strong>fuerint,</strong></span> <span class='ocrx_word' id='word_1_38' title='bbox 2647 681 2749 719; x_wconf 84' lang='lat' dir='ltr'><strong>ex-</strong></span> 
     </span>
     <span class='ocr_line' id='line_1_5' title="bbox 336 736 2752 816; baseline 0.003 -22"><span class='ocrx_word' id='word_1_39' title='bbox 336 737 453 796; x_wconf 85' lang='lat' dir='ltr'><strong>itus</strong></span> <span class='ocrx_word' id='word_1_40' title='bbox 480 757 557 796; x_wconf 82' lang='lat' dir='ltr'><strong>ex</strong></span> <span class='ocrx_word' id='word_1_41' title='bbox 582 736 867 815; x_wconf 82' lang='lat' dir='ltr'><strong>AEgypto,</strong></span> <span class='ocrx_word' id='word_1_42' title='bbox 898 738 1175 796; x_wconf 75' lang='lat' dir='ltr'><strong>transitus</strong></span> <span class='ocrx_word' id='word_1_43' title='bbox 1222 755 1325 813; x_wconf 90' lang='lat' dir='ltr'><strong>per</strong></span> <span class='ocrx_word' id='word_1_44' title='bbox 1370 755 1545 812; x_wconf 88' lang='lat' dir='ltr'><strong>mare,</strong></span> <span class='ocrx_word' id='word_1_45' title='bbox 1576 737 1887 811; x_wconf 86' lang='lat' dir='ltr'><strong>desertum,</strong></span> <span class='ocrx_word' id='word_1_46' title='bbox 1917 755 2144 812; x_wconf 81' lang='lat' dir='ltr'><strong>manna,</strong></span> <span class='ocrx_word' id='word_1_47' title='bbox 2175 737 2444 798; x_wconf 88' lang='lat' dir='ltr'><strong>columna</strong></span> <span class='ocrx_word' id='word_1_48' title='bbox 2471 740 2660 816; x_wconf 89' lang='lat' dir='ltr'><strong>nubis,</strong></span> <span class='ocrx_word' id='word_1_49' title='bbox 2691 750 2752 801; x_wconf 89' lang='lat' dir='ltr'><strong>et</strong></span> 
     </span>
     <span class='ocr_line' id='line_1_6' title="bbox 335 815 2750 896; baseline 0.002 -21"><span class='ocrx_word' id='word_1_50' title='bbox 335 827 559 892; x_wconf 74' lang='lat' dir='ltr'><strong>caetera,</strong></span> <span class='ocrx_word' id='word_1_51' title='bbox 590 837 720 894; x_wconf 80' lang='lat' dir='ltr'><strong>quse</strong></span> <span class='ocrx_word' id='word_1_52' title='bbox 746 817 961 896; x_wconf 90' lang='lat' dir='ltr'><strong>populo</strong></span> <span class='ocrx_word' id='word_1_53' title='bbox 984 817 1371 896; x_wconf 86' lang='lat' dir='ltr'><strong>contigerunt,</strong></span> <span class='ocrx_word' id='word_1_54' title='bbox 1400 835 1533 894; x_wconf 77' lang='lat' dir='ltr'><strong>quae</strong></span> <span class='ocrx_word' id='word_1_55' title='bbox 1554 835 1692 875; x_wconf 88' lang='lat' dir='ltr'><strong>sane</strong></span> <span class='ocrx_word' id='word_1_56' title='bbox 1713 815 1758 875; x_wconf 88' lang='lat' dir='ltr'><strong>J</strong></span> <span class='ocrx_word' id='word_1_57' title='bbox 1761 816 1958 875; x_wconf 78' lang='lat' dir='ltr'><strong>udaeos</strong></span> <span class='ocrx_word' id='word_1_58' title='bbox 1977 817 2321 877; x_wconf 78' lang='lat' dir='ltr'><strong>convincere</strong></span> <span class='ocrx_word' id='word_1_59' title='bbox 2341 829 2601 896; x_wconf 77' lang='lat' dir='ltr'><strong>possunt,</strong></span> <span class='ocrx_word' id='word_1_60' title='bbox 2631 839 2750 880; x_wconf 90' lang='lat' dir='ltr'><strong>me-</strong></span> 
     </span>
     <span class='ocr_line' id='line_1_7' title="bbox 336 895 2752 978; baseline 0.002 -24"><span class='ocrx_word' id='word_1_61' title='bbox 336 897 613 956; x_wconf 89' lang='lat' dir='ltr'><strong>morabile</strong></span> <span class='ocrx_word' id='word_1_62' title='bbox 662 897 899 974; x_wconf 76' lang='lat' dir='ltr'><strong>aliquod</strong></span> <span class='ocrx_word' id='word_1_63' title='bbox 924 897 1019 956; x_wconf 91' lang='lat' dir='ltr'><strong>hic</strong></span> <span class='ocrx_word' id='word_1_64' title='bbox 1056 898 1399 974; x_wconf 78' lang='lat' dir='ltr'><strong>mysterium</strong></span> <span class='ocrx_word' id='word_1_65' title='bbox 1434 897 1692 955; x_wconf 86' lang='lat' dir='ltr'><strong>latuisse.</strong></span> <span class='ocrx_word' id='word_1_66' title='bbox 1781 895 1899 954; x_wconf 87' lang='lat' dir='ltr'><strong>Sed</strong></span> <span class='ocrx_word' id='word_1_67' title='bbox 1928 895 2270 956; x_wconf 84' lang='lat' dir='ltr'><strong>Christianis</strong></span> <span class='ocrx_word' id='word_1_68' title='bbox 2315 905 2450 977; x_wconf 88' lang='lat' dir='ltr'><strong>post</strong></span> <span class='ocrx_word' id='word_1_69' title='bbox 2478 898 2752 978; x_wconf 83' lang='lat' dir='ltr'><strong>Apostoli</strong></span> 
     </span>
     <span class='ocr_line' id='line_1_8' title="bbox 336 975 1767 1038; baseline -0.002 -2"><span class='ocrx_word' id='word_1_70' title='bbox 336 976 731 1036; x_wconf 88' lang='lat' dir='ltr'><strong>testimonium</strong></span> <span class='ocrx_word' id='word_1_71' title='bbox 758 977 833 1037; x_wconf 90' lang='lat' dir='ltr'><strong>de</strong></span> <span class='ocrx_word' id='word_1_72' title='bbox 860 997 929 1036; x_wconf 92' lang='lat' dir='ltr'><strong>eo</strong></span> <span class='ocrx_word' id='word_1_73' title='bbox 957 977 1148 1038; x_wconf 83' lang='lat' dir='ltr'><strong>adhuc</strong></span> <span class='ocrx_word' id='word_1_74' title='bbox 1174 975 1440 1036; x_wconf 88' lang='lat' dir='ltr'><strong>dubitare</strong></span> <span class='ocrx_word' id='word_1_75' title='bbox 1466 984 1559 1035; x_wconf 91' lang='lat' dir='ltr'><strong>est</strong></span> <span class='ocrx_word' id='word_1_76' title='bbox 1584 975 1767 1034; x_wconf 82' lang='lat' dir='ltr'><strong>nefas.</strong></span> 
     </span>
    </p>

    <p class='ocr_par' dir='ltr' id='par_1_3' title="bbox 336 1054 2758 2476">
     <span class='ocr_line' id='line_1_9' title="bbox 419 1054 2752 1136; baseline 0.002 -21"><span class='ocrx_word' id='word_1_77' title='bbox 419 1056 575 1116; x_wconf 88' lang='lat' dir='ltr'><strong>XII.</strong></span> <span class='ocrx_word' id='word_1_78' title='bbox 622 1057 707 1117; x_wconf 93' lang='lat' dir='ltr'><strong>Ut</strong></span> <span class='ocrx_word' id='word_1_79' title='bbox 757 1077 899 1116; x_wconf 76' lang='lat' dir='ltr'><strong>vero</strong></span> <span class='ocrx_word' id='word_1_80' title='bbox 946 1057 1286 1135; x_wconf 77' lang='lat' dir='ltr'><strong>mysterium</strong></span> <span class='ocrx_word' id='word_1_81' title='bbox 1338 1057 1453 1115; x_wconf 89' lang='lat' dir='ltr'><strong>hoc</strong></span> <span class='ocrx_word' id='word_1_82' title='bbox 1505 1056 1810 1133; x_wconf 85' lang='lat' dir='ltr'><strong>aperiatur,</strong></span> <span class='ocrx_word' id='word_1_83' title='bbox 1871 1054 1926 1114; x_wconf 88' lang='lat'><strong>1.</strong></span> <span class='ocrx_word' id='word_1_84' title='bbox 1981 1055 2076 1114; x_wconf 80' lang='lat' dir='ltr'><strong>vis</strong></span> <span class='ocrx_word' id='word_1_85' title='bbox 2127 1055 2454 1133; x_wconf 90' lang='lat' dir='ltr'><strong>locutionis,</strong></span> <span class='ocrx_word' id='word_1_86' title='bbox 2497 1078 2628 1136; x_wconf 80' lang='lat' dir='ltr'><strong>quse</strong></span> <span class='ocrx_word' id='word_1_87' title='bbox 2655 1061 2752 1120; x_wconf 89' lang='lat' dir='ltr'><strong>hic</strong></span> 
     </span>
     <span class='ocr_line' id='line_1_10' title="bbox 336 1135 2756 1216; baseline 0.002 -20"><span class='ocrx_word' id='word_1_88' title='bbox 336 1145 665 1214; x_wconf 86' lang='lat' dir='ltr'><strong>usurpatur,</strong></span> <span class='ocrx_word' id='word_1_89' title='bbox 696 1145 787 1196; x_wconf 87' lang='lat' dir='ltr'><strong>est</strong></span> <span class='ocrx_word' id='word_1_90' title='bbox 812 1137 1193 1215; x_wconf 86' lang='lat' dir='ltr'><strong>expendenda</strong></span> <span class='ocrx_word' id='word_1_91' title='bbox 1216 1159 1231 1214; x_wconf 87' lang='lat'>;</span> <span class='ocrx_word' id='word_1_92' title='bbox 1276 1140 1333 1196; x_wconf 83' lang='lat'><strong>2.</strong></span> <span class='ocrx_word' id='word_1_93' title='bbox 1382 1136 1510 1213; x_wconf 90' lang='lat' dir='ltr'><strong>ejus</strong></span> <span class='ocrx_word' id='word_1_94' title='bbox 1532 1135 1880 1213; x_wconf 82' lang='lat' dir='ltr'><strong>significatio</strong></span> <span class='ocrx_word' id='word_1_95' title='bbox 1905 1155 2010 1212; x_wconf 90' lang='lat' dir='ltr'><strong>per</strong></span> <span class='ocrx_word' id='word_1_96' title='bbox 2036 1135 2402 1196; x_wconf 89' lang='lat' dir='ltr'><strong>collationem</strong></span> <span class='ocrx_word' id='word_1_97' title='bbox 2429 1139 2555 1216; x_wconf 85' lang='lat' dir='ltr'><strong>typi</strong></span> <span class='ocrx_word' id='word_1_98' title='bbox 2583 1148 2643 1199; x_wconf 89' lang='lat' dir='ltr'><strong>et</strong></span> <span class='ocrx_word' id='word_1_99' title='bbox 2667 1149 2756 1202; x_wconf 70' lang='grc' dir='ltr'><strong>τοῦ</strong></span> 
     </span>
     <span class='ocr_line' id='line_1_11' title="bbox 338 1215 2754 1298; baseline 0.002 -24"><span class='ocrx_word' id='word_1_100' title='bbox 338 1216 630 1282; x_wconf 64' lang='lat' dir='ltr'><strong>vva-noim,-</strong></span> <span class='ocrx_word' id='word_1_101' title='bbox 658 1217 769 1275; x_wconf 87' lang='lat' dir='ltr'><strong>erit</strong></span> <span class='ocrx_word' id='word_1_102' title='bbox 820 1215 1286 1276; x_wconf 88' lang='lat' dir='ltr'><strong>demonstranda.</strong></span> <span class='ocrx_word' id='word_1_103' title='bbox 1372 1216 1577 1291; x_wconf 85' lang='lat' dir='ltr'><strong>Quoad</strong></span> <span class='ocrx_word' id='word_1_104' title='bbox 1624 1216 1786 1293; x_wconf 90' lang='lat' dir='ltr'><strong>prius</strong></span> <span class='ocrx_word' id='word_1_105' title='bbox 1821 1215 2074 1292; x_wconf 90' lang='lat' dir='ltr'><strong>quidem,</strong></span> <span class='ocrx_word' id='word_1_106' title='bbox 2105 1215 2251 1276; x_wconf 81' lang='lat' dir='ltr'><strong>adeo</strong></span> <span class='ocrx_word' id='word_1_107' title='bbox 2305 1223 2396 1276; x_wconf 88' lang='lat' dir='ltr'><strong>est</strong></span> <span class='ocrx_word' id='word_1_108' title='bbox 2447 1221 2754 1298; x_wconf 88' lang='lat' dir='ltr'><strong>perspicua</strong></span> 
     </span>
     <span class='ocr_line' id='line_1_12' title="bbox 340 1291 2749 1377; baseline 0.002 -24"><span class='ocrx_word' id='word_1_109' title='bbox 340 1297 404 1353; x_wconf 91' lang='lat' dir='ltr'><strong>in</strong></span> <span class='ocrx_word' id='word_1_110' title='bbox 450 1315 513 1354; x_wconf 89' lang='lat' dir='ltr'><strong>se</strong></span> <span class='ocrx_word' id='word_1_111' title='bbox 554 1297 783 1374; x_wconf 76' lang='lat' dir='ltr'><strong>phrasis</strong></span> <span class='ocrx_word' id='word_1_112' title='bbox 811 1296 1101 1373; x_wconf 85' lang='lat' dir='ltr'><strong>Apostoli,</strong></span> <span class='ocrx_word' id='word_1_113' title='bbox 1148 1315 1328 1374; x_wconf 88' lang='lat' dir='ltr'><strong>quum</strong></span> <span class='ocrx_word' id='word_1_114' title='bbox 1357 1296 1440 1354; x_wconf 87' lang='lat' dir='ltr'><strong>ait</strong></span> <span class='ocrx_word' id='word_1_115' title='bbox 1466 1293 1501 1364; x_wconf 69' lang='grc' dir='ltr'>ὅ</span> <span class='ocrx_word' id='word_1_116' title='bbox 1526 1293 1577 1353; x_wconf 73' lang='grc' dir='ltr'><strong>3ο</strong></span> <span class='ocrx_word' id='word_1_117' title='bbox 1604 1319 1764 1377; x_wconf 56' lang='lat' dir='ltr'><strong>mea</strong></span> <span class='ocrx_word' id='word_1_118' title='bbox 1783 1291 1838 1363; x_wconf 65' lang='grc' dir='ltr'><strong>ὃν</strong></span> <span class='ocrx_word' id='word_1_119' title='bbox 1864 1298 2112 1377; x_wconf 67' lang='grc' dir='ltr'><strong>ὂκςιστὸς</strong></span> <span class='ocrx_word' id='word_1_120' title='bbox 2137 1303 2204 1353; x_wconf 89' lang='lat' dir='ltr'><strong>ut</strong></span> <span class='ocrx_word' id='word_1_121' title='bbox 2231 1296 2616 1374; x_wconf 76' lang='lat' dir='ltr'><strong>explicatione</strong></span> <span class='ocrx_word' id='word_1_122' title='bbox 2645 1301 2749 1358; x_wconf 82' lang='lat' dir='ltr'><strong>vix</strong></span> 
     </span>
     <span class='ocr_line' id='line_1_13' title="bbox 342 1373 2754 1454; baseline 0.002 -20"><span class='ocrx_word' id='word_1_123' title='bbox 342 1384 555 1453; x_wconf 87' lang='lat' dir='ltr'><strong>egeret,</strong></span> <span class='ocrx_word' id='word_1_124' title='bbox 600 1375 713 1434; x_wconf 87' lang='lat' dir='ltr'><strong>nisi</strong></span> <span class='ocrx_word' id='word_1_125' title='bbox 760 1376 1164 1454; x_wconf 73' lang='lat' dir='ltr'><strong>importunitas</strong></span> <span class='ocrx_word' id='word_1_126' title='bbox 1206 1376 1668 1435; x_wconf 81' lang='lat' dir='ltr'><strong>adversariorum</strong></span> <span class='ocrx_word' id='word_1_127' title='bbox 1715 1376 1812 1434; x_wconf 89' lang='lat' dir='ltr'><strong>hic</strong></span> <span class='ocrx_word' id='word_1_128' title='bbox 1859 1373 2282 1452; x_wconf 87' lang='lat' dir='ltr'><strong>aliquantulum</strong></span> <span class='ocrx_word' id='word_1_129' title='bbox 2311 1376 2602 1436; x_wconf 89' lang='lat' dir='ltr'><strong>immorari</strong></span> <span class='ocrx_word' id='word_1_130' title='bbox 2645 1399 2754 1440; x_wconf 91' lang='lat' dir='ltr'><strong>nos</strong></span> 
     </span>
     <span class='ocr_line' id='line_1_14' title="bbox 341 1453 2753 1535; baseline 0.002 -21"><span class='ocrx_word' id='word_1_131' title='bbox 341 1465 593 1534; x_wconf 85' lang='lat' dir='ltr'><strong>cogeret,</strong></span> <span class='ocrx_word' id='word_1_132' title='bbox 624 1455 741 1534; x_wconf 88' lang='lat' dir='ltr'><strong>qui,</strong></span> <span class='ocrx_word' id='word_1_133' title='bbox 765 1464 832 1516; x_wconf 89' lang='lat' dir='ltr'><strong>ut</strong></span> <span class='ocrx_word' id='word_1_134' title='bbox 856 1456 977 1514; x_wconf 80' lang='lat' dir='ltr'><strong>vim</strong></span> <span class='ocrx_word' id='word_1_135' title='bbox 1006 1456 1349 1534; x_wconf 81' lang='lat' dir='ltr'><strong>arg-umenti,</strong></span> <span class='ocrx_word' id='word_1_136' title='bbox 1378 1453 1537 1534; x_wconf 89' lang='lat' dir='ltr'><strong>quod</strong></span> <span class='ocrx_word' id='word_1_137' title='bbox 1564 1475 1642 1514; x_wconf 81' lang='lat' dir='ltr'><strong>ex</strong></span> <span class='ocrx_word' id='word_1_138' title='bbox 1667 1457 1778 1514; x_wconf 91' lang='lat' dir='ltr'><strong>hoc</strong></span> <span class='ocrx_word' id='word_1_139' title='bbox 1817 1454 2050 1514; x_wconf 86' lang='lat' dir='ltr'><strong>oraculo</strong></span> <span class='ocrx_word' id='word_1_140' title='bbox 2077 1455 2338 1515; x_wconf 79' lang='lat' dir='ltr'><strong>elicimus</strong></span> <span class='ocrx_word' id='word_1_141' title='bbox 2365 1476 2470 1535; x_wconf 92' lang='lat' dir='ltr'><strong>pro</strong></span> <span class='ocrx_word' id='word_1_142' title='bbox 2499 1460 2753 1534; x_wconf 87' lang='lat' dir='ltr'><strong>genuino</strong></span> 
     </span>
     <span class='ocr_line' id='line_1_15' title="bbox 342 1535 2756 1616; baseline 0.002 -22"><span class='ocrx_word' id='word_1_143' title='bbox 342 1555 517 1595; x_wconf 88' lang='lat' dir='ltr'><strong>sensu</strong></span> <span class='ocrx_word' id='word_1_144' title='bbox 544 1535 851 1595; x_wconf 81' lang='lat' dir='ltr'><strong>verborum</strong></span> <span class='ocrx_word' id='word_1_145' title='bbox 879 1537 1396 1614; x_wconf 74' lang='lat' dir='ltr'><strong>sacramentalium,</strong></span> <span class='ocrx_word' id='word_1_146' title='bbox 1428 1535 1734 1611; x_wconf 87' lang='lat' dir='ltr'><strong>declinent,</strong></span> <span class='ocrx_word' id='word_1_147' title='bbox 1765 1553 1980 1614; x_wconf 84' lang='lat' dir='ltr'><strong>magno</strong></span> <span class='ocrx_word' id='word_1_148' title='bbox 2024 1535 2322 1594; x_wconf 87' lang='lat' dir='ltr'><strong>molimine</strong></span> <span class='ocrx_word' id='word_1_149' title='bbox 2347 1538 2756 1616; x_wconf 86' lang='lat' dir='ltr'><strong>propositionis</strong></span> 
     </span>
     <span class='ocr_line' id='line_1_16' title="bbox 338 1615 2752 1694; baseline 0.002 -20"><span class='ocrx_word' id='word_1_150' title='bbox 338 1615 509 1676; x_wconf 89' lang='lat' dir='ltr'><strong>istius</strong></span> <span class='ocrx_word' id='word_1_151' title='bbox 548 1617 853 1676; x_wconf 83' lang='lat' dir='ltr'><strong>veritatem</strong></span> <span class='ocrx_word' id='word_1_152' title='bbox 894 1617 1201 1676; x_wconf 86' lang='lat' dir='ltr'><strong>obscurare</strong></span> <span class='ocrx_word' id='word_1_153' title='bbox 1268 1625 1568 1694; x_wconf 84' lang='lat' dir='ltr'><strong>conantur,</strong></span> <span class='ocrx_word' id='word_1_154' title='bbox 1614 1616 1936 1693; x_wconf 86' lang='lat' dir='ltr'><strong>subjectum</strong></span> <span class='ocrx_word' id='word_1_155' title='bbox 1989 1615 2050 1673; x_wconf 88' lang='lat' dir='ltr'><strong>in</strong></span> <span class='ocrx_word' id='word_1_156' title='bbox 2097 1615 2472 1692; x_wconf 69' lang='lat' dir='ltr'><strong>praedicatum</strong></span> <span class='ocrx_word' id='word_1_157' title='bbox 2513 1637 2752 1679; x_wconf 84' lang='lat' dir='ltr'><strong>conver-</strong></span> 
     </span>
     <span class='ocr_line' id='line_1_17' title="bbox 340 1693 2756 1800; baseline 0.002 -46"><span class='ocrx_word' id='word_1_158' title='bbox 340 1697 533 1771; x_wconf 88' lang='lat' dir='ltr'><strong>tendo,</strong></span> <span class='ocrx_word' id='word_1_159' title='bbox 578 1705 638 1756; x_wconf 90' lang='lat' dir='ltr'><strong>et</strong></span> <span class='ocrx_word' id='word_1_160' title='bbox 676 1697 1053 1774; x_wconf 72' lang='lat' dir='ltr'><strong>praedicatum</strong></span> <span class='ocrx_word' id='word_1_161' title='bbox 1108 1697 1171 1756; x_wconf 90' lang='lat' dir='ltr'><strong>in</strong></span> <span class='ocrx_word' id='word_1_162' title='bbox 1212 1697 1539 1774; x_wconf 82' lang='lat' dir='ltr'><strong>subjectum</strong></span> <span class='ocrx_word' id='word_1_163' title='bbox 1569 1718 1584 1772; x_wconf 68' lang='grc' dir='ltr'><strong><em>ς</em></strong></span> <span class='ocrx_word' id='word_1_164' title='bbox 1635 1695 1804 1774; x_wconf 88' lang='lat' dir='ltr'><strong>quasi</strong></span> <span class='ocrx_word' id='word_1_165' title='bbox 1844 1715 1960 1753; x_wconf 91' lang='lat' dir='ltr'><strong>non</strong></span> <span class='ocrx_word' id='word_1_166' title='bbox 1999 1693 2312 1800; x_wconf 46' lang='lat' dir='ltr'><strong>legendum</strong></span> <span class='ocrx_word' id='word_1_167' title='bbox 2354 1697 2430 1757; x_wconf 86' lang='lat' dir='ltr'><strong>sit</strong></span> <span class='ocrx_word' id='word_1_168' title='bbox 2469 1697 2502 1766; x_wconf 74' lang='grc' dir='ltr'>ὅ</span> <span class='ocrx_word' id='word_1_169' title='bbox 2526 1697 2576 1757; x_wconf 70' lang='grc' dir='ltr'><strong>3ο</strong></span> <span class='ocrx_word' id='word_1_170' title='bbox 2596 1723 2756 1783; x_wconf 55' lang='lat' dir='ltr'><strong>mea</strong></span> 
     </span>
     <span class='ocr_line' id='line_1_18' title="bbox 342 1773 2757 1858; baseline 0.002 -23"><span class='ocrx_word' id='word_1_171' title='bbox 342 1773 439 1845; x_wconf 69' lang='grc' dir='ltr'><strong>ὄνὸ</strong></span> <span class='ocrx_word' id='word_1_172' title='bbox 468 1782 691 1858; x_wconf 56' lang='lat' dir='ltr'><strong>:tem-25,</strong></span> <span class='ocrx_word' id='word_1_173' title='bbox 722 1786 786 1836; x_wconf 88' lang='lat' dir='ltr'><strong>ut</strong></span> <span class='ocrx_word' id='word_1_174' title='bbox 842 1779 954 1837; x_wconf 86' lang='lat' dir='ltr'><strong>sita</strong></span> <span class='ocrx_word' id='word_1_175' title='bbox 982 1785 1117 1837; x_wconf 86' lang='lat' dir='ltr'><strong>sunt</strong></span> <span class='ocrx_word' id='word_1_176' title='bbox 1158 1778 1341 1836; x_wconf 77' lang='lat' dir='ltr'><strong>verba</strong></span> <span class='ocrx_word' id='word_1_177' title='bbox 1370 1777 1556 1852; x_wconf 91' lang='lat' dir='ltr'><strong>Pauli,</strong></span> <span class='ocrx_word' id='word_1_178' title='bbox 1588 1776 1692 1836; x_wconf 90' lang='lat' dir='ltr'><strong>sed</strong></span> <span class='ocrx_word' id='word_1_179' title='bbox 1721 1779 1745 1835; x_wconf 73' lang='grc' dir='ltr'>ὅ</span> <span class='ocrx_word' id='word_1_180' title='bbox 1771 1773 1822 1833; x_wconf 71' lang='grc' dir='ltr'>δι</span> <span class='ocrx_word' id='word_1_181' title='bbox 1847 1779 2052 1857; x_wconf 56' lang='lat' dir='ltr'><strong>xenos-35</strong></span> <span class='ocrx_word' id='word_1_182' title='bbox 2071 1801 2126 1844; x_wconf 73' lang='grc' dir='ltr'><strong>ον</strong></span> <span class='ocrx_word' id='word_1_183' title='bbox 2153 1779 2178 1840; x_wconf 71' lang='lat' dir='ltr'><strong>si</strong></span> <span class='ocrx_word' id='word_1_184' title='bbox 2207 1779 2381 1858; x_wconf 65' lang='lat' dir='ltr'><strong>uirga,</strong></span> <span class='ocrx_word' id='word_1_185' title='bbox 2431 1785 2499 1838; x_wconf 90' lang='lat' dir='ltr'><strong>ut</strong></span> <span class='ocrx_word' id='word_1_186' title='bbox 2551 1797 2757 1841; x_wconf 87' lang='lat' dir='ltr'><strong>sensus</strong></span> 
     </span>
     <span class='ocr_line' id='line_1_19' title="bbox 344 1856 2758 1934; baseline 0.002 -18"><span class='ocrx_word' id='word_1_187' title='bbox 344 1861 435 1933; x_wconf 89' lang='lat' dir='ltr'><strong>sit,</strong></span> <span class='ocrx_word' id='word_1_188' title='bbox 467 1877 583 1916; x_wconf 88' lang='lat' dir='ltr'><strong>non</strong></span> <span class='ocrx_word' id='word_1_189' title='bbox 626 1861 665 1892; x_wconf 78' lang='lat'><strong>‘⁶</strong></span> <span class='ocrx_word' id='word_1_190' title='bbox 688 1858 863 1918; x_wconf 84' lang='lat' dir='ltr'><strong>Petra</strong></span> <span class='ocrx_word' id='word_1_191' title='bbox 904 1865 1099 1917; x_wconf 91' lang='lat' dir='ltr'><strong>autem</strong></span> <span class='ocrx_word' id='word_1_192' title='bbox 1146 1865 1271 1916; x_wconf 85' lang='lat' dir='ltr'><strong>erat</strong></span> <span class='ocrx_word' id='word_1_193' title='bbox 1316 1856 1641 1930; x_wconf 85' lang='lat' dir='ltr'><strong>Christus,&#39;&#39;</strong></span> <span class='ocrx_word' id='word_1_194' title='bbox 1687 1866 1754 1916; x_wconf 92' lang='lat' dir='ltr'><strong>ut</strong></span> <span class='ocrx_word' id='word_1_195' title='bbox 1797 1856 2078 1916; x_wconf 86' lang='lat' dir='ltr'><strong>naturalis</strong></span> <span class='ocrx_word' id='word_1_196' title='bbox 2119 1857 2420 1934; x_wconf 86' lang='lat' dir='ltr'><strong>dispositio</strong></span> <span class='ocrx_word' id='word_1_197' title='bbox 2449 1859 2758 1920; x_wconf 85' lang='lat' dir='ltr'><strong>verborum</strong></span> 
     </span>
     <span class='ocr_line' id='line_1_20' title="bbox 342 1935 2753 2016; baseline 0.002 -21"><span class='ocrx_word' id='word_1_198' title='bbox 342 1939 631 2014; x_wconf 76' lang='lat' dir='ltr'><strong>importat,</strong></span> <span class='ocrx_word' id='word_1_199' title='bbox 660 1937 765 1998; x_wconf 89' lang='lat' dir='ltr'><strong>sed</strong></span> <span class='ocrx_word' id='word_1_200' title='bbox 807 1940 845 1971; x_wconf 91' lang='lat'><strong>“</strong></span> <span class='ocrx_word' id='word_1_201' title='bbox 864 1937 1129 1996; x_wconf 87' lang='lat' dir='ltr'><strong>Christus</strong></span> <span class='ocrx_word' id='word_1_202' title='bbox 1154 1945 1349 1996; x_wconf 90' lang='lat' dir='ltr'><strong>autem</strong></span> <span class='ocrx_word' id='word_1_203' title='bbox 1387 1945 1509 1995; x_wconf 89' lang='lat' dir='ltr'><strong>erat</strong></span> <span class='ocrx_word' id='word_1_204' title='bbox 1548 1937 1782 2010; x_wconf 84' lang='lat' dir='ltr'><strong>Petra‚&#39;&#39;</strong></span> <span class='ocrx_word' id='word_1_205' title='bbox 1810 1935 1890 1995; x_wconf 89' lang='lat' dir='ltr'><strong>id.</strong></span> <span class='ocrx_word' id='word_1_206' title='bbox 1919 1956 2012 1996; x_wconf 91' lang='lat' dir='ltr'><strong>res</strong></span> <span class='ocrx_word' id='word_1_207' title='bbox 2039 1956 2143 2014; x_wconf 90' lang='lat' dir='ltr'><strong>per</strong></span> <span class='ocrx_word' id='word_1_208' title='bbox 2237 1946 2383 1996; x_wconf 85' lang='lat' dir='ltr'><strong>tram</strong></span> <span class='ocrx_word' id='word_1_209' title='bbox 2411 1938 2753 2016; x_wconf 81' lang='lat' dir='ltr'><strong>significata,</strong></span> 
     </span>
     <span class='ocr_line' id='line_1_21' title="bbox 340 2015 2758 2095; baseline 0.001 -19"><span class='ocrx_word' id='word_1_210' title='bbox 340 2027 409 2076; x_wconf 92' lang='lat' dir='ltr'><strong>ut</strong></span> <span class='ocrx_word' id='word_1_211' title='bbox 434 2017 695 2094; x_wconf 87' lang='lat' dir='ltr'><strong>innuant,</strong></span> <span class='ocrx_word' id='word_1_212' title='bbox 745 2025 985 2094; x_wconf 87' lang='lat' dir='ltr'><strong>petram,</strong></span> <span class='ocrx_word' id='word_1_213' title='bbox 1032 2037 1109 2076; x_wconf 86' lang='lat' dir='ltr'><strong>ex</strong></span> <span class='ocrx_word' id='word_1_214' title='bbox 1153 2036 1269 2094; x_wconf 89' lang='lat' dir='ltr'><strong>qua</strong></span> <span class='ocrx_word' id='word_1_215' title='bbox 1314 2015 1594 2076; x_wconf 85' lang='lat' dir='ltr'><strong>bibebant</strong></span> <span class='ocrx_word' id='word_1_216' title='bbox 1639 2017 1938 2091; x_wconf 74' lang='lat' dir='ltr'><strong>Israe&#39;litse,</strong></span> <span class='ocrx_word' id='word_1_217' title='bbox 1987 2035 2104 2076; x_wconf 89' lang='lat' dir='ltr'><strong>non</strong></span> <span class='ocrx_word' id='word_1_218' title='bbox 2205 2017 2319 2076; x_wconf 88' lang='lat' dir='ltr'><strong>isse</strong></span> <span class='ocrx_word' id='word_1_219' title='bbox 2347 2027 2567 2095; x_wconf 87' lang='lat' dir='ltr'><strong>petram</strong></span> <span class='ocrx_word' id='word_1_220' title='bbox 2596 2020 2758 2078; x_wconf 80' lang='lat' dir='ltr'><strong>illam</strong></span> 
     </span>
     <span class='ocr_line' id='line_1_22' title="bbox 345 2095 2755 2175; baseline 0.002 -20"><span class='ocrx_word' id='word_1_221' title='bbox 345 2097 565 2172; x_wconf 86' lang='lat' dir='ltr'><strong>Horeb,</strong></span> <span class='ocrx_word' id='word_1_222' title='bbox 596 2117 673 2157; x_wconf 82' lang='lat' dir='ltr'><strong>ex</strong></span> <span class='ocrx_word' id='word_1_223' title='bbox 692 2117 811 2173; x_wconf 89' lang='lat' dir='ltr'><strong>qua</strong></span> <span class='ocrx_word' id='word_1_224' title='bbox 836 2116 1003 2174; x_wconf 71' lang='lat' dir='ltr'><strong>aquae</strong></span> <span class='ocrx_word' id='word_1_225' title='bbox 1049 2096 1383 2172; x_wconf 77' lang='lat' dir='ltr'><strong>exiliebant,</strong></span> <span class='ocrx_word' id='word_1_226' title='bbox 1416 2097 1519 2155; x_wconf 91' lang='lat' dir='ltr'><strong>sed</strong></span> <span class='ocrx_word' id='word_1_227' title='bbox 1544 2095 1853 2173; x_wconf 85' lang='lat' dir='ltr'><strong>mysticam</strong></span> <span class='ocrx_word' id='word_1_228' title='bbox 1890 2106 1950 2155; x_wconf 87' lang='lat' dir='ltr'><strong>et</strong></span> <span class='ocrx_word' id='word_1_229' title='bbox 1975 2096 2344 2172; x_wconf 82' lang='lat' dir='ltr'><strong>invisibilem,</strong></span> <span class='ocrx_word' id='word_1_230' title='bbox 2375 2117 2506 2175; x_wconf 70' lang='lat' dir='ltr'><strong>quae</strong></span> <span class='ocrx_word' id='word_1_231' title='bbox 2533 2117 2634 2158; x_wconf 90' lang='lat' dir='ltr'><strong>eos</strong></span> <span class='ocrx_word' id='word_1_232' title='bbox 2661 2121 2755 2160; x_wconf 88' lang='lat' dir='ltr'><strong>co-</strong></span> 
     </span>
     <span class='ocr_line' id='line_1_23' title="bbox 342 2176 2757 2253; baseline 0.002 -19"><span class='ocrx_word' id='word_1_233' title='bbox 342 2177 673 2251; x_wconf 88' lang='lat' dir='ltr'><strong>mitabatur,</strong></span> <span class='ocrx_word' id='word_1_234' title='bbox 720 2177 950 2253; x_wconf 86' lang='lat' dir='ltr'><strong>illisque</strong></span> <span class='ocrx_word' id='word_1_235' title='bbox 994 2177 1055 2234; x_wconf 89' lang='lat' dir='ltr'><strong>in</strong></span> <span class='ocrx_word' id='word_1_236' title='bbox 1084 2176 1351 2234; x_wconf 91' lang='lat' dir='ltr'><strong>omnibus</strong></span> <span class='ocrx_word' id='word_1_237' title='bbox 1376 2177 1820 2236; x_wconf 87' lang='lat' dir='ltr'><strong>necessitatibus</strong></span> <span class='ocrx_word' id='word_1_238' title='bbox 1863 2177 2250 2252; x_wconf 78' lang='lat' dir='ltr'><strong>succurrebat,</strong></span> <span class='ocrx_word' id='word_1_239' title='bbox 2283 2177 2574 2237; x_wconf 86' lang='lat' dir='ltr'><strong>Christum</strong></span> <span class='ocrx_word' id='word_1_240' title='bbox 2605 2180 2757 2238; x_wconf 84' lang='lat' dir='ltr'><strong>scili-</strong></span> 
     </span>
     <span class='ocr_line' id='line_1_24' title="bbox 344 2256 2756 2336; baseline 0.002 -21"><span class='ocrx_word' id='word_1_241' title='bbox 344 2264 455 2332; x_wconf 89' lang='lat' dir='ltr'><strong>cet,</strong></span> <span class='ocrx_word' id='word_1_242' title='bbox 485 2256 587 2333; x_wconf 90' lang='lat' dir='ltr'><strong>qui</strong></span> <span class='ocrx_word' id='word_1_243' title='bbox 612 2265 752 2315; x_wconf 88' lang='lat' dir='ltr'><strong>tunc</strong></span> <span class='ocrx_word' id='word_1_244' title='bbox 780 2256 1055 2333; x_wconf 89' lang='lat' dir='ltr'><strong>temporis</strong></span> <span class='ocrx_word' id='word_1_245' title='bbox 1082 2256 1282 2315; x_wconf 86' lang='lat' dir='ltr'><strong>aderat</strong></span> <span class='ocrx_word' id='word_1_246' title='bbox 1307 2257 1541 2334; x_wconf 81' lang='lat' dir='ltr'><strong>popule,</strong></span> <span class='ocrx_word' id='word_1_247' title='bbox 1570 2265 1848 2336; x_wconf 86' lang='lat' dir='ltr'><strong>tanquam</strong></span> <span class='ocrx_word' id='word_1_248' title='bbox 1875 2256 1999 2316; x_wconf 81' lang='lat' dir='ltr'><strong>dux</strong></span> <span class='ocrx_word' id='word_1_249' title='bbox 2027 2257 2249 2317; x_wconf 88' lang='lat' dir='ltr'><strong>itineris</strong></span> <span class='ocrx_word' id='word_1_250' title='bbox 2279 2279 2293 2317; x_wconf 79' lang='lat' dir='ltr'><strong>t</strong></span> <span class='ocrx_word' id='word_1_251' title='bbox 2341 2258 2439 2318; x_wconf 84' lang='lat' dir='ltr'><strong>Sic</strong></span> <span class='ocrx_word' id='word_1_252' title='bbox 2481 2258 2756 2319; x_wconf 89' lang='lat' dir='ltr'><strong>Bellarm.</strong></span> 
     </span>
     <span class='ocr_line' id='line_1_25' title="bbox 345 2335 2758 2414; baseline 0.002 -20"><span class='ocrx_word' id='word_1_253' title='bbox 345 2336 447 2395; x_wconf 92' lang='lat' dir='ltr'><strong>lib.</strong></span> <span class='ocrx_word' id='word_1_254' title='bbox 476 2335 516 2394; x_wconf 92' lang='lat' dir='ltr'><strong>i.</strong></span> <span class='ocrx_word' id='word_1_255' title='bbox 546 2335 619 2394; x_wconf 90' lang='lat' dir='ltr'><strong>de</strong></span> <span class='ocrx_word' id='word_1_256' title='bbox 650 2335 900 2396; x_wconf 84' lang='lat' dir='ltr'><strong>Euchar.</strong></span> <span class='ocrx_word' id='word_1_257' title='bbox 931 2356 981 2395; x_wconf 89' lang='lat' dir='ltr'><strong>c.</strong></span> <span class='ocrx_word' id='word_1_258' title='bbox 1030 2340 1121 2414; x_wconf 89' lang='lat'><strong>11,</strong></span> <span class='ocrx_word' id='word_1_259' title='bbox 1184 2337 1421 2397; x_wconf 90' lang='lat' dir='ltr'><strong>Perron.</strong></span> <span class='ocrx_word' id='word_1_260' title='bbox 1451 2337 1523 2397; x_wconf 91' lang='lat' dir='ltr'><strong>de</strong></span> <span class='ocrx_word' id='word_1_261' title='bbox 1567 2337 1840 2413; x_wconf 89' lang='lat' dir='ltr'><strong>Euchar.,</strong></span> <span class='ocrx_word' id='word_1_262' title='bbox 1898 2337 2118 2409; x_wconf 88' lang='lat' dir='ltr'><strong>Estius,</strong></span> <span class='ocrx_word' id='word_1_263' title='bbox 2163 2339 2207 2398; x_wconf 88' lang='lat' dir='ltr'><strong>J</strong></span> <span class='ocrx_word' id='word_1_264' title='bbox 2210 2337 2534 2398; x_wconf 84' lang='lat' dir='ltr'><strong>ustinianus</strong></span> <span class='ocrx_word' id='word_1_265' title='bbox 2571 2347 2632 2399; x_wconf 88' lang='lat' dir='ltr'><strong>et</strong></span> <span class='ocrx_word' id='word_1_266' title='bbox 2659 2341 2758 2399; x_wconf 85' lang='lat' dir='ltr'><strong>alii</strong></span> 
     </span>
     <span class='ocr_line' id='line_1_26' title="bbox 344 2435 679 2476; baseline 0 -2"><span class='ocrx_word' id='word_1_267' title='bbox 344 2435 462 2476; x_wconf 91' lang='lat' dir='ltr'><strong>non</strong></span> <span class='ocrx_word' id='word_1_268' title='bbox 566 2437 679 2475; x_wconf 78' lang='lat' dir='ltr'><strong>uci.</strong></span> 
     </span>
    </p>

    <p class='ocr_par' dir='ltr' id='par_1_4' title="bbox 343 2437 2768 4730">
     <span class='ocr_line' id='line_1_27' title="bbox 427 2437 2760 2576; baseline 0.002 -21"><span class='ocrx_word' id='word_1_269' title='bbox 427 2437 619 2556; x_wconf 58' lang='lat' dir='ltr'>XIHL</span> <span class='ocrx_word' id='word_1_270' title='bbox 667 2496 785 2556; x_wconf 83' lang='lat' dir='ltr'><strong>Sed</strong></span> <span class='ocrx_word' id='word_1_271' title='bbox 833 2515 1037 2556; x_wconf 86' lang='lat' dir='ltr'><strong>sensus</strong></span> <span class='ocrx_word' id='word_1_272' title='bbox 1083 2497 1179 2556; x_wconf 89' lang='lat' dir='ltr'><strong>hic</strong></span> <span class='ocrx_word' id='word_1_273' title='bbox 1223 2497 1533 2557; x_wconf 80' lang='lat' dir='ltr'><strong>convenire</strong></span> <span class='ocrx_word' id='word_1_274' title='bbox 1576 2496 1796 2576; x_wconf 89' lang='lat' dir='ltr'><strong>nequit,</strong></span> <span class='ocrx_word' id='word_1_275' title='bbox 1826 2497 1926 2556; x_wconf 83' lang='lat' dir='ltr'><strong>vel</strong></span> <span class='ocrx_word' id='word_1_276' title='bbox 1971 2517 2104 2556; x_wconf 87' lang='lat' dir='ltr'><strong>cum</strong></span> <span class='ocrx_word' id='word_1_277' title='bbox 2133 2517 2308 2576; x_wconf 89' lang='lat' dir='ltr'><strong>scopo</strong></span> <span class='ocrx_word' id='word_1_278' title='bbox 2339 2497 2630 2576; x_wconf 85' lang='lat' dir='ltr'><strong>Apostoli,</strong></span> <span class='ocrx_word' id='word_1_279' title='bbox 2661 2501 2760 2560; x_wconf 82' lang='lat' dir='ltr'><strong>vel</strong></span> 
     </span>
     <span class='ocr_line' id='line_1_28' title="bbox 346 2577 2761 2656; baseline 0.001 -20"><span class='ocrx_word' id='word_1_280' title='bbox 346 2597 478 2636; x_wconf 91' lang='lat' dir='ltr'><strong>cum</strong></span> <span class='ocrx_word' id='word_1_281' title='bbox 508 2578 655 2636; x_wconf 87' lang='lat' dir='ltr'><strong>serie</strong></span> <span class='ocrx_word' id='word_1_282' title='bbox 684 2577 980 2652; x_wconf 88' lang='lat' dir='ltr'><strong>sermonis,</strong></span> <span class='ocrx_word' id='word_1_283' title='bbox 1012 2578 1109 2638; x_wconf 81' lang='lat' dir='ltr'><strong>vel</strong></span> <span class='ocrx_word' id='word_1_284' title='bbox 1130 2597 1263 2638; x_wconf 89' lang='lat' dir='ltr'><strong>cum</strong></span> <span class='ocrx_word' id='word_1_285' title='bbox 1290 2577 1487 2637; x_wconf 82' lang='lat' dir='ltr'><strong>verbis</strong></span> <span class='ocrx_word' id='word_1_286' title='bbox 1514 2578 1658 2656; x_wconf 89' lang='lat' dir='ltr'><strong>ipsis</strong></span> <span class='ocrx_word' id='word_1_287' title='bbox 1679 2578 1752 2636; x_wconf 94' lang='lat' dir='ltr'><strong>de</strong></span> <span class='ocrx_word' id='word_1_288' title='bbox 1779 2577 1994 2654; x_wconf 89' lang='lat' dir='ltr'><strong>quibus</strong></span> <span class='ocrx_word' id='word_1_289' title='bbox 2019 2578 2264 2655; x_wconf 84' lang='lat' dir='ltr'><strong>agimus.</strong></span> <span class='ocrx_word' id='word_1_290' title='bbox 2337 2578 2488 2638; x_wconf 87' lang='lat' dir='ltr'><strong>Nam</strong></span> <span class='ocrx_word' id='word_1_291' title='bbox 2521 2583 2573 2638; x_wconf 94' lang='lat'><strong>1.</strong></span> <span class='ocrx_word' id='word_1_292' title='bbox 2621 2581 2761 2639; x_wconf 86' lang='lat' dir='ltr'><strong>Sco-</strong></span> 
     </span>
     <span class='ocr_line' id='line_1_29' title="bbox 343 2655 2764 2736; baseline 0 -19"><span class='ocrx_word' id='word_1_293' title='bbox 343 2678 454 2735; x_wconf 89' lang='lat' dir='ltr'><strong>pus</strong></span> <span class='ocrx_word' id='word_1_294' title='bbox 504 2657 777 2736; x_wconf 88' lang='lat' dir='ltr'><strong>Apostoli</strong></span> <span class='ocrx_word' id='word_1_295' title='bbox 824 2666 914 2718; x_wconf 89' lang='lat' dir='ltr'><strong>est</strong></span> <span class='ocrx_word' id='word_1_296' title='bbox 957 2658 1243 2718; x_wconf 86' lang='lat' dir='ltr'><strong>deterrere</strong></span> <span class='ocrx_word' id='word_1_297' title='bbox 1290 2658 1619 2716; x_wconf 87' lang='lat' dir='ltr'><strong>Corinthios</strong></span> <span class='ocrx_word' id='word_1_298' title='bbox 1647 2657 1722 2715; x_wconf 87' lang='lat' dir='ltr'><strong>ab</strong></span> <span class='ocrx_word' id='word_1_299' title='bbox 1757 2655 2099 2732; x_wconf 86' lang='lat' dir='ltr'><strong>idololatria,</strong></span> <span class='ocrx_word' id='word_1_300' title='bbox 2127 2657 2522 2734; x_wconf 77' lang='lat' dir='ltr'><strong>fornicatione,</strong></span> <span class='ocrx_word' id='word_1_301' title='bbox 2547 2667 2607 2718; x_wconf 89' lang='lat' dir='ltr'><strong>et</strong></span> <span class='ocrx_word' id='word_1_302' title='bbox 2634 2660 2764 2718; x_wconf 88' lang='lat' dir='ltr'><strong>aliis</strong></span> 
     </span>
     <span class='ocr_line' id='line_1_30' title="bbox 348 2735 2767 2830; baseline -0 -33"><span class='ocrx_word' id='word_1_303' title='bbox 348 2738 633 2797; x_wconf 86' lang='lat' dir='ltr'><strong>similibus</strong></span> <span class='ocrx_word' id='word_1_304' title='bbox 654 2737 924 2814; x_wconf 87' lang='lat' dir='ltr'><strong>peccatis,</strong></span> <span class='ocrx_word' id='word_1_305' title='bbox 954 2738 1223 2815; x_wconf 81' lang='lat' dir='ltr'><strong>exemplo</strong></span> <span class='ocrx_word' id='word_1_306' title='bbox 1250 2738 1465 2795; x_wconf 76' lang='lat' dir='ltr'><strong>veteris</strong></span> <span class='ocrx_word' id='word_1_307' title='bbox 1506 2737 1724 2830; x_wconf 83' lang='lat' dir='ltr'><strong>populi,</strong></span> <span class='ocrx_word' id='word_1_308' title='bbox 1755 2742 1989 2813; x_wconf 90' lang='lat' dir='ltr'><strong>propter</strong></span> <span class='ocrx_word' id='word_1_309' title='bbox 2016 2735 2226 2794; x_wconf 89' lang='lat' dir='ltr'><strong>similia</strong></span> <span class='ocrx_word' id='word_1_310' title='bbox 2245 2746 2483 2812; x_wconf 87' lang='lat' dir='ltr'><strong>peccata</strong></span> <span class='ocrx_word' id='word_1_311' title='bbox 2509 2739 2767 2814; x_wconf 86' lang='lat' dir='ltr'><strong>graviter</strong></span> 
     </span>
     <span class='ocr_line' id='line_1_31' title="bbox 345 2815 2764 2896; baseline 0 -20"><span class='ocrx_word' id='word_1_312' title='bbox 345 2819 551 2896; x_wconf 89' lang='lat' dir='ltr'><strong>puniti.</strong></span> <span class='ocrx_word' id='word_1_313' title='bbox 637 2818 716 2878; x_wconf 87' lang='lat' dir='ltr'><strong>Et</strong></span> <span class='ocrx_word' id='word_1_314' title='bbox 752 2835 827 2875; x_wconf 91' lang='lat' dir='ltr'><strong>ne</strong></span> <span class='ocrx_word' id='word_1_315' title='bbox 874 2817 987 2876; x_wconf 87' lang='lat' dir='ltr'><strong>sibi</strong></span> <span class='ocrx_word' id='word_1_316' title='bbox 1012 2816 1415 2894; x_wconf 78' lang='lat' dir='ltr'><strong>impunitatem</strong></span> <span class='ocrx_word' id='word_1_317' title='bbox 1455 2817 1882 2892; x_wconf 78' lang='lat' dir='ltr'><strong>pollicerentur,</strong></span> <span class='ocrx_word' id='word_1_318' title='bbox 1911 2821 2146 2892; x_wconf 86' lang='lat' dir='ltr'><strong>propter</strong></span> <span class='ocrx_word' id='word_1_319' title='bbox 2169 2815 2478 2891; x_wconf 80' lang='lat' dir='ltr'><strong>privilegia</strong></span> <span class='ocrx_word' id='word_1_320' title='bbox 2503 2817 2564 2873; x_wconf 92' lang='lat' dir='ltr'><strong>in</strong></span> <span class='ocrx_word' id='word_1_321' title='bbox 2593 2817 2764 2877; x_wconf 81' lang='lat' dir='ltr'><strong>Novo</strong></span> 
     </span>
     <span class='ocr_line' id='line_1_32' title="bbox 346 2893 2758 2973; baseline 0 -18"><span class='ocrx_word' id='word_1_322' title='bbox 346 2897 719 2956; x_wconf 85' lang='lat' dir='ltr'><strong>Testamento</strong></span> <span class='ocrx_word' id='word_1_323' title='bbox 746 2913 1038 2970; x_wconf 84' lang='lat' dir='ltr'><strong>concessa,</strong></span> <span class='ocrx_word' id='word_1_324' title='bbox 1068 2895 1387 2972; x_wconf 76' lang='lat' dir='ltr'><strong>praesertim</strong></span> <span class='ocrx_word' id='word_1_325' title='bbox 1414 2903 1652 2970; x_wconf 90' lang='lat' dir='ltr'><strong>propter</strong></span> <span class='ocrx_word' id='word_1_326' title='bbox 1677 2893 1954 2951; x_wconf 87' lang='lat' dir='ltr'><strong>salutaria</strong></span> <span class='ocrx_word' id='word_1_327' title='bbox 1979 2893 2306 2952; x_wconf 81' lang='lat' dir='ltr'><strong>dilectionis</strong></span> <span class='ocrx_word' id='word_1_328' title='bbox 2337 2893 2448 2950; x_wconf 89' lang='lat' dir='ltr'><strong>Dei</strong></span> <span class='ocrx_word' id='word_1_329' title='bbox 2475 2895 2758 2973; x_wconf 63' lang='lat' dir='ltr'><strong>pignora„</strong></span> 
     </span>
     <span class='ocr_line' id='line_1_33' title="bbox 350 2971 2764 3052; baseline -0 -17"><span class='ocrx_word' id='word_1_330' title='bbox 350 2976 711 3052; x_wconf 90' lang='lat' dir='ltr'><strong>Baptismum</strong></span> <span class='ocrx_word' id='word_1_331' title='bbox 762 2975 986 3034; x_wconf 87' lang='lat' dir='ltr'><strong>scilicet</strong></span> <span class='ocrx_word' id='word_1_332' title='bbox 1012 2983 1071 3032; x_wconf 87' lang='lat' dir='ltr'><strong>et</strong></span> <span class='ocrx_word' id='word_1_333' title='bbox 1102 2975 1162 3033; x_wconf 82' lang='lat' dir='ltr'><strong>S.</strong></span> <span class='ocrx_word' id='word_1_334' title='bbox 1195 2973 1450 3046; x_wconf 82' lang='lat' dir='ltr'><strong>Coenam,</strong></span> <span class='ocrx_word' id='word_1_335' title='bbox 1483 2973 1655 3030; x_wconf 89' lang='lat' dir='ltr'><strong>docet</strong></span> <span class='ocrx_word' id='word_1_336' title='bbox 1699 2973 1812 3029; x_wconf 86' lang='lat' dir='ltr'><strong>hac</strong></span> <span class='ocrx_word' id='word_1_337' title='bbox 1837 2971 1899 3028; x_wconf 90' lang='lat' dir='ltr'><strong>in</strong></span> <span class='ocrx_word' id='word_1_338' title='bbox 1925 2980 2088 3048; x_wconf 83' lang='lat' dir='ltr'><strong>parte</strong></span> <span class='ocrx_word' id='word_1_339' title='bbox 2117 2972 2290 3030; x_wconf 89' lang='lat' dir='ltr'><strong>etiam</strong></span> <span class='ocrx_word' id='word_1_340' title='bbox 2317 2991 2436 3030; x_wconf 92' lang='lat' dir='ltr'><strong>non</strong></span> <span class='ocrx_word' id='word_1_341' title='bbox 2463 2971 2764 3034; x_wconf 81' lang='lat' dir='ltr'><strong>inferiores</strong></span> 
     </span>
     <span class='ocr_line' id='line_1_34' title="bbox 346 3051 2760 3132; baseline -0.001 -18"><span class='ocrx_word' id='word_1_342' title='bbox 346 3075 477 3114; x_wconf 86' lang='lat' dir='ltr'><strong>esse</strong></span> <span class='ocrx_word' id='word_1_343' title='bbox 502 3054 647 3130; x_wconf 90' lang='lat' dir='ltr'><strong>ipsis</strong></span> <span class='ocrx_word' id='word_1_344' title='bbox 674 3054 937 3128; x_wconf 87' lang='lat' dir='ltr'><strong>Veteres,</strong></span> <span class='ocrx_word' id='word_1_345' title='bbox 968 3053 1069 3130; x_wconf 89' lang='lat' dir='ltr'><strong>qui</strong></span> <span class='ocrx_word' id='word_1_346' title='bbox 1096 3053 1271 3111; x_wconf 91' lang='lat' dir='ltr'><strong>etiam</strong></span> <span class='ocrx_word' id='word_1_347' title='bbox 1298 3051 1607 3110; x_wconf 86' lang='lat' dir='ltr'><strong>habuerint</strong></span> <span class='ocrx_word' id='word_1_348' title='bbox 1635 3069 1804 3108; x_wconf 89' lang='lat' dir='ltr'><strong>suum</strong></span> <span class='ocrx_word' id='word_1_349' title='bbox 1834 3051 2194 3127; x_wconf 87' lang='lat' dir='ltr'><strong>Baptismum</strong></span> <span class='ocrx_word' id='word_1_350' title='bbox 2225 3057 2286 3110; x_wconf 90' lang='lat' dir='ltr'><strong>et</strong></span> <span class='ocrx_word' id='word_1_351' title='bbox 2312 3069 2474 3110; x_wconf 88' lang='lat' dir='ltr'><strong>suam</strong></span> <span class='ocrx_word' id='word_1_352' title='bbox 2503 3053 2760 3132; x_wconf 85' lang='lat' dir='ltr'><strong>Coenam,</strong></span> 
     </span>
     <span class='ocr_line' id='line_1_35' title="bbox 348 3129 2764 3212; baseline 0 -19"><span class='ocrx_word' id='word_1_353' title='bbox 348 3135 561 3212; x_wconf 90' lang='lat' dir='ltr'><strong>quibus</strong></span> <span class='ocrx_word' id='word_1_354' title='bbox 608 3143 801 3193; x_wconf 87' lang='lat' dir='ltr'><strong>tamen</strong></span> <span class='ocrx_word' id='word_1_355' title='bbox 848 3133 1009 3190; x_wconf 88' lang='lat' dir='ltr'><strong>Deus</strong></span> <span class='ocrx_word' id='word_1_356' title='bbox 1056 3151 1173 3190; x_wconf 92' lang='lat' dir='ltr'><strong>non</strong></span> <span class='ocrx_word' id='word_1_357' title='bbox 1216 3130 1534 3208; x_wconf 85' lang='lat' dir='ltr'><strong>pepercerit</strong></span> <span class='ocrx_word' id='word_1_358' title='bbox 1561 3129 1954 3207; x_wconf 85' lang='lat' dir='ltr'><strong>peccantibus.</strong></span> <span class='ocrx_word' id='word_1_359' title='bbox 2039 3129 2166 3190; x_wconf 86' lang='lat' dir='ltr'><strong>Aut</strong></span> <span class='ocrx_word' id='word_1_360' title='bbox 2189 3149 2332 3209; x_wconf 84' lang='lat' dir='ltr'><strong>ergo</strong></span> <span class='ocrx_word' id='word_1_361' title='bbox 2359 3142 2764 3210; x_wconf 87' lang='lat' dir='ltr'><strong>argumentum</strong></span> 
     </span>
     <span class='ocr_line' id='line_1_36' title="bbox 352 3210 2764 3293; baseline 0 -19"><span class='ocrx_word' id='word_1_362' title='bbox 352 3213 623 3293; x_wconf 83' lang='lat' dir='ltr'><strong>Apostoli</strong></span> <span class='ocrx_word' id='word_1_363' title='bbox 650 3233 769 3272; x_wconf 91' lang='lat' dir='ltr'><strong>non</strong></span> <span class='ocrx_word' id='word_1_364' title='bbox 816 3210 1094 3292; x_wconf 88' lang='lat' dir='ltr'><strong>procedit,</strong></span> <span class='ocrx_word' id='word_1_365' title='bbox 1124 3222 1226 3270; x_wconf 88' lang='lat' dir='ltr'><strong>aut</strong></span> <span class='ocrx_word' id='word_1_366' title='bbox 1267 3227 1505 3268; x_wconf 87' lang='lat' dir='ltr'><strong>necesse</strong></span> <span class='ocrx_word' id='word_1_367' title='bbox 1532 3218 1623 3269; x_wconf 89' lang='lat' dir='ltr'><strong>est</strong></span> <span class='ocrx_word' id='word_1_368' title='bbox 1649 3216 1714 3269; x_wconf 92' lang='lat' dir='ltr'><strong>ut</strong></span> <span class='ocrx_word' id='word_1_369' title='bbox 1741 3230 1844 3286; x_wconf 91' lang='lat' dir='ltr'><strong>per</strong></span> <span class='ocrx_word' id='word_1_370' title='bbox 1870 3210 2064 3269; x_wconf 90' lang='lat' dir='ltr'><strong>cibum</strong></span> <span class='ocrx_word' id='word_1_371' title='bbox 2092 3217 2152 3270; x_wconf 90' lang='lat' dir='ltr'><strong>et</strong></span> <span class='ocrx_word' id='word_1_372' title='bbox 2175 3221 2394 3288; x_wconf 89' lang='lat' dir='ltr'><strong>potum,</strong></span> <span class='ocrx_word' id='word_1_373' title='bbox 2425 3221 2764 3292; x_wconf 87' lang='lat' dir='ltr'><strong>petramque</strong></span> 
     </span>
     <span class='ocr_line' id='line_1_37' title="bbox 348 3289 2760 3374; baseline 0 -20"><span class='ocrx_word' id='word_1_374' title='bbox 348 3295 723 3374; x_wconf 81' lang='lat' dir='ltr'><strong>spiritualem,</strong></span> <span class='ocrx_word' id='word_1_375' title='bbox 754 3292 1153 3368; x_wconf 84' lang='lat' dir='ltr'><strong>intelligantur</strong></span> <span class='ocrx_word' id='word_1_376' title='bbox 1180 3291 1349 3368; x_wconf 89' lang='lat' dir='ltr'><strong>signa</strong></span> <span class='ocrx_word' id='word_1_377' title='bbox 1375 3289 1571 3367; x_wconf 82' lang='lat' dir='ltr'><strong>aliqua</strong></span> <span class='ocrx_word' id='word_1_378' title='bbox 1588 3291 1884 3349; x_wconf 83' lang='lat' dir='ltr'><strong>veteribus</strong></span> <span class='ocrx_word' id='word_1_379' title='bbox 1899 3290 2053 3364; x_wconf 87' lang='lat' dir='ltr'><strong>data,</strong></span> <span class='ocrx_word' id='word_1_380' title='bbox 2075 3292 2212 3368; x_wconf 89' lang='lat' dir='ltr'><strong>pani</strong></span> <span class='ocrx_word' id='word_1_381' title='bbox 2227 3311 2402 3370; x_wconf 88' lang='lat' dir='ltr'><strong>quem</strong></span> <span class='ocrx_word' id='word_1_382' title='bbox 2422 3293 2760 3372; x_wconf 87' lang='lat' dir='ltr'><strong>frangimus,</strong></span> 
     </span>
     <span class='ocr_line' id='line_1_38' title="bbox 350 3370 2766 3454; baseline 0 -19"><span class='ocrx_word' id='word_1_383' title='bbox 350 3386 411 3435; x_wconf 87' lang='lat' dir='ltr'><strong>et</strong></span> <span class='ocrx_word' id='word_1_384' title='bbox 434 3376 643 3454; x_wconf 78' lang='lat' dir='ltr'><strong>poculo</strong></span> <span class='ocrx_word' id='word_1_385' title='bbox 672 3375 766 3434; x_wconf 90' lang='lat' dir='ltr'><strong>cui</strong></span> <span class='ocrx_word' id='word_1_386' title='bbox 794 3371 1205 3446; x_wconf 87' lang='lat' dir='ltr'><strong>benedicimus,</strong></span> <span class='ocrx_word' id='word_1_387' title='bbox 1236 3370 1742 3447; x_wconf 85' lang='lat' dir='ltr'><strong>correspondentia</strong></span> <span class='ocrx_word' id='word_1_388' title='bbox 1781 3370 1842 3428; x_wconf 90' lang='lat' dir='ltr'><strong>in</strong></span> <span class='ocrx_word' id='word_1_389' title='bbox 1870 3388 2080 3448; x_wconf 82' lang='lat' dir='ltr'><strong>genere</strong></span> <span class='ocrx_word' id='word_1_390' title='bbox 2109 3373 2452 3434; x_wconf 80' lang='lat' dir='ltr'><strong>sacramenti</strong></span> <span class='ocrx_word' id='word_1_391' title='bbox 2479 3393 2582 3434; x_wconf 88' lang='lat' dir='ltr'><strong>seu</strong></span> <span class='ocrx_word' id='word_1_392' title='bbox 2611 3377 2766 3454; x_wconf 88' lang='lat' dir='ltr'><strong>signi</strong></span> 
     </span>
     <span class='ocr_line' id='line_1_39' title="bbox 352 3449 2762 3546; baseline 0 -31"><span class='ocrx_word' id='word_1_393' title='bbox 352 3457 517 3515; x_wconf 88' lang='lat' dir='ltr'><strong>sacri.</strong></span> <span class='ocrx_word' id='word_1_394' title='bbox 602 3459 658 3513; x_wconf 78' lang='lat'><strong>2.</strong></span> <span class='ocrx_word' id='word_1_395' title='bbox 690 3453 912 3512; x_wconf 78' lang='lat' dir='ltr'><strong>Eadem</strong></span> <span class='ocrx_word' id='word_1_396' title='bbox 940 3450 1113 3510; x_wconf 89' lang='lat' dir='ltr'><strong>debet</strong></span> <span class='ocrx_word' id='word_1_397' title='bbox 1140 3471 1267 3510; x_wconf 90' lang='lat' dir='ltr'><strong>esse</strong></span> <span class='ocrx_word' id='word_1_398' title='bbox 1288 3449 1433 3509; x_wconf 89' lang='lat' dir='ltr'><strong>ratio</strong></span> <span class='ocrx_word' id='word_1_399' title='bbox 1459 3459 1658 3529; x_wconf 71' lang='lat' dir='ltr'><strong>petrae,</strong></span> <span class='ocrx_word' id='word_1_400' title='bbox 1689 3469 1818 3528; x_wconf 78' lang='lat' dir='ltr'><strong>quse</strong></span> <span class='ocrx_word' id='word_1_401' title='bbox 1847 3451 2086 3510; x_wconf 88' lang='lat' dir='ltr'><strong>aliorum</strong></span> <span class='ocrx_word' id='word_1_402' title='bbox 2119 3451 2417 3546; x_wconf 76' lang='lat' dir='ltr'><strong>signorum</strong></span> <span class='ocrx_word' id='word_1_403' title='bbox 2445 3473 2618 3533; x_wconf 88' lang='lat' dir='ltr'><strong>supra</strong></span> <span class='ocrx_word' id='word_1_404' title='bbox 2645 3475 2762 3515; x_wconf 89' lang='lat' dir='ltr'><strong>me·</strong></span> 
     </span>
     <span class='ocr_line' id='line_1_40' title="bbox 351 3530 2761 3610; baseline 0.001 -18"><span class='ocrx_word' id='word_1_405' title='bbox 351 3543 720 3608; x_wconf 85' lang='lat' dir='ltr'><strong>moratorum,</strong></span> <span class='ocrx_word' id='word_1_406' title='bbox 750 3541 908 3610; x_wconf 89' lang='lat' dir='ltr'><strong>puta,</strong></span> <span class='ocrx_word' id='word_1_407' title='bbox 954 3531 1146 3607; x_wconf 89' lang='lat' dir='ltr'><strong>maris,</strong></span> <span class='ocrx_word' id='word_1_408' title='bbox 1196 3531 1385 3606; x_wconf 87' lang='lat' dir='ltr'><strong>nubis,</strong></span> <span class='ocrx_word' id='word_1_409' title='bbox 1416 3547 1643 3590; x_wconf 82' lang='lat' dir='ltr'><strong>mannae</strong></span> <span class='ocrx_word' id='word_1_410' title='bbox 1673 3553 1688 3608; x_wconf 79' lang='lat'><em>3</em></span> <span class='ocrx_word' id='word_1_411' title='bbox 1741 3530 1828 3591; x_wconf 89' lang='lat' dir='ltr'><strong>At</strong></span> <span class='ocrx_word' id='word_1_412' title='bbox 1855 3532 1968 3591; x_wconf 86' lang='lat' dir='ltr'><strong>ista</strong></span> <span class='ocrx_word' id='word_1_413' title='bbox 1993 3533 2368 3593; x_wconf 75' lang='lat' dir='ltr'><strong>materialiter</strong></span> <span class='ocrx_word' id='word_1_414' title='bbox 2395 3553 2521 3593; x_wconf 88' lang='lat' dir='ltr'><strong>esse</strong></span> <span class='ocrx_word' id='word_1_415' title='bbox 2547 3535 2761 3595; x_wconf 87' lang='lat' dir='ltr'><strong>intelli-</strong></span> 
     </span>
     <span class='ocr_line' id='line_1_41' title="bbox 354 3611 2758 3692; baseline 0.001 -20"><span class='ocrx_word' id='word_1_416' title='bbox 354 3613 547 3692; x_wconf 87' lang='lat' dir='ltr'><strong>genda</strong></span> <span class='ocrx_word' id='word_1_417' title='bbox 574 3612 943 3672; x_wconf 88' lang='lat' dir='ltr'><strong>consentiunt</strong></span> <span class='ocrx_word' id='word_1_418' title='bbox 968 3629 1169 3670; x_wconf 89' lang='lat' dir='ltr'><strong>omnes</strong></span> <span class='ocrx_word' id='word_1_419' title='bbox 1194 3634 1209 3671; x_wconf 69' lang='grc' dir='ltr'>ι</span> <span class='ocrx_word' id='word_1_420' title='bbox 1241 3611 1401 3688; x_wconf 87' lang='lat' dir='ltr'><strong>Ergo</strong></span> <span class='ocrx_word' id='word_1_421' title='bbox 1440 3612 1658 3688; x_wconf 88' lang='lat' dir='ltr'><strong>pariter</strong></span> <span class='ocrx_word' id='word_1_422' title='bbox 1695 3619 1858 3689; x_wconf 87' lang='lat' dir='ltr'><strong>petra</strong></span> <span class='ocrx_word' id='word_1_423' title='bbox 1880 3631 1956 3671; x_wconf 83' lang='lat' dir='ltr'><strong>ex</strong></span> <span class='ocrx_word' id='word_1_424' title='bbox 1981 3631 2100 3690; x_wconf 87' lang='lat' dir='ltr'><strong>qua</strong></span> <span class='ocrx_word' id='word_1_425' title='bbox 2126 3613 2343 3672; x_wconf 89' lang='lat' dir='ltr'><strong>bibisse</strong></span> <span class='ocrx_word' id='word_1_426' title='bbox 2371 3612 2659 3674; x_wconf 88' lang='lat' dir='ltr'><strong>dicuntur.</strong></span> <span class='ocrx_word' id='word_1_427' title='bbox 2703 3619 2758 3674; x_wconf 85' lang='lat'><strong>3.</strong></span> 
     </span>
     <span class='ocr_line' id='line_1_42' title="bbox 358 3691 2762 3770; baseline 0.001 -18"><span class='ocrx_word' id='word_1_428' title='bbox 358 3695 447 3752; x_wconf 89' lang='lat' dir='ltr'><strong>De</strong></span> <span class='ocrx_word' id='word_1_429' title='bbox 496 3713 565 3752; x_wconf 84' lang='lat' dir='ltr'><strong>ea</strong></span> <span class='ocrx_word' id='word_1_430' title='bbox 606 3701 771 3770; x_wconf 88' lang='lat' dir='ltr'><strong>petra</strong></span> <span class='ocrx_word' id='word_1_431' title='bbox 810 3692 1082 3770; x_wconf 89' lang='lat' dir='ltr'><strong>loquitur,</strong></span> <span class='ocrx_word' id='word_1_432' title='bbox 1130 3691 1202 3750; x_wconf 91' lang='lat' dir='ltr'><strong>de</strong></span> <span class='ocrx_word' id='word_1_433' title='bbox 1246 3711 1364 3768; x_wconf 86' lang='lat' dir='ltr'><strong>qua</strong></span> <span class='ocrx_word' id='word_1_434' title='bbox 1408 3691 1678 3751; x_wconf 86' lang='lat' dir='ltr'><strong>biberant</strong></span> <span class='ocrx_word' id='word_1_435' title='bbox 1720 3711 1920 3751; x_wconf 88' lang='lat' dir='ltr'><strong>omnes</strong></span> <span class='ocrx_word' id='word_1_436' title='bbox 1970 3692 2264 3752; x_wconf 67' lang='lat' dir='ltr'><strong>Israeliten.</strong></span> <span class='ocrx_word' id='word_1_437' title='bbox 2351 3691 2438 3751; x_wconf 90' lang='lat' dir='ltr'><strong>At</strong></span> <span class='ocrx_word' id='word_1_438' title='bbox 2463 3693 2662 3752; x_wconf 87' lang='lat' dir='ltr'><strong>bibere</strong></span> <span class='ocrx_word' id='word_1_439' title='bbox 2689 3695 2762 3754; x_wconf 91' lang='lat' dir='ltr'><strong>de</strong></span> 
     </span>
     <span class='ocr_line' id='line_1_43' title="bbox 356 3769 2764 3850; baseline 0 -18"><span class='ocrx_word' id='word_1_440' title='bbox 356 3773 603 3844; x_wconf 81' lang='lat' dir='ltr'><strong>Christo,</strong></span> <span class='ocrx_word' id='word_1_441' title='bbox 634 3791 751 3831; x_wconf 90' lang='lat' dir='ltr'><strong>non</strong></span> <span class='ocrx_word' id='word_1_442' title='bbox 772 3772 961 3850; x_wconf 89' lang='lat' dir='ltr'><strong>potuit</strong></span> <span class='ocrx_word' id='word_1_443' title='bbox 986 3791 1113 3831; x_wconf 85' lang='lat' dir='ltr'><strong>esse</strong></span> <span class='ocrx_word' id='word_1_444' title='bbox 1140 3769 1485 3831; x_wconf 86' lang='lat' dir='ltr'><strong>beneficium</strong></span> <span class='ocrx_word' id='word_1_445' title='bbox 1514 3791 1816 3831; x_wconf 88' lang='lat' dir='ltr'><strong>commune</strong></span> <span class='ocrx_word' id='word_1_446' title='bbox 1835 3780 1954 3831; x_wconf 88' lang='lat' dir='ltr'><strong>tam</strong></span> <span class='ocrx_word' id='word_1_447' title='bbox 1983 3771 2152 3830; x_wconf 88' lang='lat' dir='ltr'><strong>bonis</strong></span> <span class='ocrx_word' id='word_1_448' title='bbox 2179 3791 2352 3849; x_wconf 86' lang='lat' dir='ltr'><strong>quam</strong></span> <span class='ocrx_word' id='word_1_449' title='bbox 2381 3772 2568 3832; x_wconf 82' lang='lat' dir='ltr'><strong>malis.</strong></span> <span class='ocrx_word' id='word_1_450' title='bbox 2613 3774 2764 3832; x_wconf 88' lang='lat' dir='ltr'><strong>Nam</strong></span> 
     </span>
     <span class='ocr_line' id='line_1_44' title="bbox 352 3851 2761 3931; baseline 0.002 -21"><span class='ocrx_word' id='word_1_451' title='bbox 352 3873 472 3912; x_wconf 91' lang='lat' dir='ltr'><strong>non</strong></span> <span class='ocrx_word' id='word_1_452' title='bbox 499 3862 723 3931; x_wconf 84' lang='lat' dir='ltr'><strong>poterat</strong></span> <span class='ocrx_word' id='word_1_453' title='bbox 749 3853 871 3911; x_wconf 92' lang='lat' dir='ltr'><strong>bibi</strong></span> <span class='ocrx_word' id='word_1_454' title='bbox 898 3852 1163 3912; x_wconf 87' lang='lat' dir='ltr'><strong>Christus</strong></span> <span class='ocrx_word' id='word_1_455' title='bbox 1190 3853 1301 3910; x_wconf 88' lang='lat' dir='ltr'><strong>sub</strong></span> <span class='ocrx_word' id='word_1_456' title='bbox 1327 3852 1405 3910; x_wconf 90' lang='lat' dir='ltr'><strong>V.</strong></span> <span class='ocrx_word' id='word_1_457' title='bbox 1436 3852 1505 3910; x_wconf 89' lang='grc' dir='ltr'><strong>Τ.</strong></span> <span class='ocrx_word' id='word_1_458' title='bbox 1534 3851 1648 3909; x_wconf 89' lang='lat' dir='ltr'><strong>nisi</strong></span> <span class='ocrx_word' id='word_1_459' title='bbox 1675 3871 1778 3928; x_wconf 90' lang='lat' dir='ltr'><strong>per</strong></span> <span class='ocrx_word' id='word_1_460' title='bbox 1803 3852 1995 3927; x_wconf 90' lang='lat' dir='ltr'><strong>fidem,</strong></span> <span class='ocrx_word' id='word_1_461' title='bbox 2026 3871 2197 3928; x_wconf 88' lang='lat' dir='ltr'><strong>quam</strong></span> <span class='ocrx_word' id='word_1_462' title='bbox 2217 3852 2354 3910; x_wconf 90' lang='lat' dir='ltr'><strong>mali</strong></span> <span class='ocrx_word' id='word_1_463' title='bbox 2383 3871 2502 3910; x_wconf 89' lang='lat' dir='ltr'><strong>non</strong></span> <span class='ocrx_word' id='word_1_464' title='bbox 2527 3851 2761 3914; x_wconf 88' lang='lat' dir='ltr'><strong>habent.</strong></span> 
     </span>
     <span class='ocr_line' id='line_1_45' title="bbox 355 3930 2763 4011; baseline 0 -19"><span class='ocrx_word' id='word_1_465' title='bbox 355 3933 479 3992; x_wconf 89' lang='lat' dir='ltr'><strong>Nec</strong></span> <span class='ocrx_word' id='word_1_466' title='bbox 510 3935 745 4011; x_wconf 83' lang='lat' dir='ltr'><strong>juvaret</strong></span> <span class='ocrx_word' id='word_1_467' title='bbox 770 3932 1133 4010; x_wconf 89' lang='lat' dir='ltr'><strong>respondere,</strong></span> <span class='ocrx_word' id='word_1_468' title='bbox 1180 3932 1339 4010; x_wconf 89' lang='lat' dir='ltr'><strong>quod</strong></span> <span class='ocrx_word' id='word_1_469' title='bbox 1366 3931 1505 3991; x_wconf 87' lang='lat' dir='ltr'><strong>facit</strong></span> <span class='ocrx_word' id='word_1_470' title='bbox 1536 3931 1887 4006; x_wconf 61' lang='lat' dir='ltr'><strong>Ger-hardus,</strong></span> <span class='ocrx_word' id='word_1_471' title='bbox 1927 3932 1989 3989; x_wconf 88' lang='lat' dir='ltr'><strong>id</strong></span> <span class='ocrx_word' id='word_1_472' title='bbox 2035 3930 2478 4008; x_wconf 85' lang='lat' dir='ltr'><strong>intelligendum</strong></span> <span class='ocrx_word' id='word_1_473' title='bbox 2506 3933 2617 3991; x_wconf 92' lang='lat' dir='ltr'><strong>hoc</strong></span> <span class='ocrx_word' id='word_1_474' title='bbox 2645 3933 2763 3992; x_wconf 90' lang='lat' dir='ltr'><strong>dis-</strong></span> 
     </span>
     <span class='ocr_line' id='line_1_46' title="bbox 352 4011 2761 4092; baseline 0 -20"><span class='ocrx_word' id='word_1_475' title='bbox 352 4014 609 4088; x_wconf 88' lang='lat' dir='ltr'><strong>crimine,</strong></span> <span class='ocrx_word' id='word_1_476' title='bbox 640 4013 798 4092; x_wconf 90' lang='lat' dir='ltr'><strong>quod</strong></span> <span class='ocrx_word' id='word_1_477' title='bbox 824 4013 987 4091; x_wconf 87' lang='lat' dir='ltr'><strong>impii</strong></span> <span class='ocrx_word' id='word_1_478' title='bbox 1016 4013 1077 4072; x_wconf 92' lang='lat' dir='ltr'><strong>in</strong></span> <span class='ocrx_word' id='word_1_479' title='bbox 1120 4021 1261 4089; x_wconf 87' lang='lat' dir='ltr'><strong>typo</strong></span> <span class='ocrx_word' id='word_1_480' title='bbox 1288 4012 1592 4087; x_wconf 82' lang='lat' dir='ltr'><strong>duntaxat,</strong></span> <span class='ocrx_word' id='word_1_481' title='bbox 1637 4011 1720 4088; x_wconf 90' lang='lat' dir='ltr'><strong>pii</strong></span> <span class='ocrx_word' id='word_1_482' title='bbox 1746 4031 1886 4070; x_wconf 80' lang='lat' dir='ltr'><strong>vero</strong></span> <span class='ocrx_word' id='word_1_483' title='bbox 1911 4011 1976 4068; x_wconf 91' lang='lat' dir='ltr'><strong>in</strong></span> <span class='ocrx_word' id='word_1_484' title='bbox 2003 4019 2144 4088; x_wconf 84' lang='lat' dir='ltr'><strong>typo</strong></span> <span class='ocrx_word' id='word_1_485' title='bbox 2173 4017 2233 4070; x_wconf 88' lang='lat' dir='ltr'><strong>et</strong></span> <span class='ocrx_word' id='word_1_486' title='bbox 2257 4011 2372 4070; x_wconf 87' lang='lat' dir='ltr'><strong>fide</strong></span> <span class='ocrx_word' id='word_1_487' title='bbox 2402 4011 2574 4070; x_wconf 89' lang='lat' dir='ltr'><strong>simul</strong></span> <span class='ocrx_word' id='word_1_488' title='bbox 2601 4013 2761 4073; x_wconf 92' lang='lat' dir='ltr'><strong>bibe-</strong></span> 
     </span>
     <span class='ocr_line' id='line_1_47' title="bbox 352 4089 2763 4172; baseline 0 -20"><span class='ocrx_word' id='word_1_489' title='bbox 352 4093 487 4154; x_wconf 89' lang='lat' dir='ltr'><strong>rint.</strong></span> <span class='ocrx_word' id='word_1_490' title='bbox 532 4094 682 4152; x_wconf 89' lang='lat' dir='ltr'><strong>Nam</strong></span> <span class='ocrx_word' id='word_1_491' title='bbox 708 4092 853 4172; x_wconf 89' lang='lat' dir='ltr'><strong>quid</strong></span> <span class='ocrx_word' id='word_1_492' title='bbox 878 4102 969 4153; x_wconf 87' lang='lat' dir='ltr'><strong>est</strong></span> <span class='ocrx_word' id='word_1_493' title='bbox 999 4093 1117 4150; x_wconf 89' lang='lat' dir='ltr'><strong>“in</strong></span> <span class='ocrx_word' id='word_1_494' title='bbox 1144 4101 1287 4170; x_wconf 87' lang='lat' dir='ltr'><strong>typo</strong></span> <span class='ocrx_word' id='word_1_495' title='bbox 1314 4092 1573 4168; x_wconf 89' lang='lat' dir='ltr'><strong>bibere,&#39;’</strong></span> <span class='ocrx_word' id='word_1_496' title='bbox 1602 4091 1716 4149; x_wconf 88' lang='lat' dir='ltr'><strong>nisi</strong></span> <span class='ocrx_word' id='word_1_497' title='bbox 1741 4093 1778 4124; x_wconf 89' lang='lat'><strong>“</strong></span> <span class='ocrx_word' id='word_1_498' title='bbox 1795 4099 2001 4168; x_wconf 86' lang='lat' dir='ltr'><strong>typum</strong></span> <span class='ocrx_word' id='word_1_499' title='bbox 2027 4091 2216 4166; x_wconf 85' lang='lat' dir='ltr'><strong>ipsum</strong></span> <span class='ocrx_word' id='word_1_500' title='bbox 2247 4089 2444 4150; x_wconf 88' lang='lat' dir='ltr'><strong>bibere</strong></span> <span class='ocrx_word' id='word_1_501' title='bbox 2463 4093 2529 4150; x_wconf 75' lang='lat'><strong>1&gt;”</strong></span> <span class='ocrx_word' id='word_1_502' title='bbox 2603 4093 2763 4170; x_wconf 84' lang='lat' dir='ltr'><strong>Ergo</strong></span> 
     </span>
     <span class='ocr_line' id='line_1_48' title="bbox 354 4168 2761 4252; baseline -0 -20"><span class='ocrx_word' id='word_1_503' title='bbox 354 4174 677 4252; x_wconf 82' lang='lat' dir='ltr'><strong>Apostolus</strong></span> <span class='ocrx_word' id='word_1_504' title='bbox 722 4173 979 4252; x_wconf 89' lang='lat' dir='ltr'><strong>loquitur</strong></span> <span class='ocrx_word' id='word_1_505' title='bbox 1016 4172 1087 4231; x_wconf 87' lang='lat' dir='ltr'><strong>de</strong></span> <span class='ocrx_word' id='word_1_506' title='bbox 1132 4181 1297 4249; x_wconf 86' lang='lat' dir='ltr'><strong>petra</strong></span> <span class='ocrx_word' id='word_1_507' title='bbox 1342 4171 1461 4250; x_wconf 86' lang='lat' dir='ltr'><strong>illa,</strong></span> <span class='ocrx_word' id='word_1_508' title='bbox 1513 4191 1644 4249; x_wconf 73' lang='lat' dir='ltr'><strong>quse</strong></span> <span class='ocrx_word' id='word_1_509' title='bbox 1691 4179 1870 4248; x_wconf 87' lang='lat' dir='ltr'><strong>typus</strong></span> <span class='ocrx_word' id='word_1_510' title='bbox 1903 4169 2030 4246; x_wconf 80' lang='lat' dir='ltr'><strong>fuit,</strong></span> <span class='ocrx_word' id='word_1_511' title='bbox 2063 4178 2122 4227; x_wconf 91' lang='lat' dir='ltr'><strong>et</strong></span> <span class='ocrx_word' id='word_1_512' title='bbox 2139 4168 2374 4248; x_wconf 85' lang='lat' dir='ltr'><strong>quidem</strong></span> <span class='ocrx_word' id='word_1_513' title='bbox 2403 4171 2476 4230; x_wconf 88' lang='lat' dir='ltr'><strong>de</strong></span> <span class='ocrx_word' id='word_1_514' title='bbox 2495 4171 2600 4230; x_wconf 87' lang='lat' dir='ltr'><strong>illa</strong></span> <span class='ocrx_word' id='word_1_515' title='bbox 2621 4175 2761 4251; x_wconf 88' lang='lat' dir='ltr'><strong>sola,</strong></span> 
     </span>
     <span class='ocr_line' id='line_1_49' title="bbox 350 4249 2768 4332; baseline -0 -19"><span class='ocrx_word' id='word_1_516' title='bbox 350 4254 815 4332; x_wconf 88' lang='lat' dir='ltr'><strong>quandoquidem</strong></span> <span class='ocrx_word' id='word_1_517' title='bbox 860 4253 1035 4312; x_wconf 84' lang='lat' dir='ltr'><strong>unius</strong></span> <span class='ocrx_word' id='word_1_518' title='bbox 1070 4259 1298 4312; x_wconf 81' lang='lat' dir='ltr'><strong>tantum</strong></span> <span class='ocrx_word' id='word_1_519' title='bbox 1322 4271 1441 4310; x_wconf 87' lang='lat' dir='ltr'><strong>non</strong></span> <span class='ocrx_word' id='word_1_520' title='bbox 1476 4249 1728 4328; x_wconf 87' lang='lat' dir='ltr'><strong>duplicis</strong></span> <span class='ocrx_word' id='word_1_521' title='bbox 1753 4259 1932 4326; x_wconf 71' lang='lat' dir='ltr'><strong>petrns</strong></span> <span class='ocrx_word' id='word_1_522' title='bbox 1951 4249 2230 4309; x_wconf 85' lang='lat' dir='ltr'><strong>meminit.</strong></span> <span class='ocrx_word' id='word_1_523' title='bbox 2313 4253 2372 4309; x_wconf 84' lang='lat'><strong>4.</strong></span> <span class='ocrx_word' id='word_1_524' title='bbox 2416 4250 2614 4310; x_wconf 83' lang='lat' dir='ltr'><strong>Verba</strong></span> <span class='ocrx_word' id='word_1_525' title='bbox 2639 4254 2768 4332; x_wconf 83' lang='lat' dir='ltr'><strong>ipsa</strong></span> 
     </span>
     <span class='ocr_line' id='line_1_50' title="bbox 354 4329 2764 4412; baseline 0 -20"><span class='ocrx_word' id='word_1_526' title='bbox 354 4335 621 4412; x_wconf 89' lang='lat' dir='ltr'><strong>Apostoli</strong></span> <span class='ocrx_word' id='word_1_527' title='bbox 656 4335 797 4394; x_wconf 87' lang='lat' dir='ltr'><strong>satis</strong></span> <span class='ocrx_word' id='word_1_528' title='bbox 825 4333 1051 4408; x_wconf 89' lang='lat' dir='ltr'><strong>docent,</strong></span> <span class='ocrx_word' id='word_1_529' title='bbox 1084 4331 1207 4388; x_wconf 89' lang='lat' dir='ltr'><strong>sine</strong></span> <span class='ocrx_word' id='word_1_530' title='bbox 1237 4331 1581 4399; x_wconf 83' lang='lat' dir='ltr'><strong>inversione,</strong></span> <span class='ocrx_word' id='word_1_531' title='bbox 1612 4338 1672 4388; x_wconf 90' lang='lat' dir='ltr'><strong>et</strong></span> <span class='ocrx_word' id='word_1_532' title='bbox 1705 4337 1877 4405; x_wconf 90' lang='lat' dir='ltr'><strong>prout</strong></span> <span class='ocrx_word' id='word_1_533' title='bbox 1904 4329 2185 4406; x_wconf 86' lang='lat' dir='ltr'><strong>disposita</strong></span> <span class='ocrx_word' id='word_1_534' title='bbox 2213 4337 2364 4404; x_wconf 88' lang='lat' dir='ltr'><strong>sunt,</strong></span> <span class='ocrx_word' id='word_1_535' title='bbox 2393 4349 2521 4390; x_wconf 89' lang='lat' dir='ltr'><strong>esse</strong></span> <span class='ocrx_word' id='word_1_536' title='bbox 2549 4331 2764 4394; x_wconf 84' lang='lat' dir='ltr'><strong>intelli-</strong></span> 
     </span>
     <span class='ocr_line' id='line_1_51' title="bbox 354 4407 2762 4492; baseline -0.001 -19"><span class='ocrx_word' id='word_1_537' title='bbox 354 4415 562 4491; x_wconf 85' lang='lat' dir='ltr'><strong>genda,</strong></span> <span class='ocrx_word' id='word_1_538' title='bbox 594 4414 873 4473; x_wconf 86' lang='lat' dir='ltr'><strong>articulus</strong></span> <span class='ocrx_word' id='word_1_539' title='bbox 900 4411 1055 4470; x_wconf 89' lang='lat' dir='ltr'><strong>enim</strong></span> <span class='ocrx_word' id='word_1_540' title='bbox 1096 4415 1404 4490; x_wconf 69' lang='grc' dir='ltr'><strong>ὰκφοςικος,</strong></span> <span class='ocrx_word' id='word_1_541' title='bbox 1450 4412 1475 4474; x_wconf 70' lang='grc' dir='ltr'><strong><em>ἦ</em></strong></span> <span class='ocrx_word' id='word_1_542' title='bbox 1522 4407 1573 4467; x_wconf 72' lang='grc' dir='ltr'><strong>3ο</strong></span> <span class='ocrx_word' id='word_1_543' title='bbox 1594 4433 1770 4488; x_wconf 62' lang='lat' dir='ltr'><strong>mega,</strong></span> <span class='ocrx_word' id='word_1_544' title='bbox 1813 4408 2070 4467; x_wconf 89' lang='lat' dir='ltr'><strong>ostendit</strong></span> <span class='ocrx_word' id='word_1_545' title='bbox 2103 4409 2274 4487; x_wconf 85' lang='lat' dir='ltr'><strong>clare,</strong></span> <span class='ocrx_word' id='word_1_546' title='bbox 2304 4429 2421 4468; x_wconf 85' lang='lat' dir='ltr'><strong>non</strong></span> <span class='ocrx_word' id='word_1_547' title='bbox 2463 4411 2634 4470; x_wconf 87' lang='lat' dir='ltr'><strong>aliam</strong></span> <span class='ocrx_word' id='word_1_548' title='bbox 2664 4437 2762 4492; x_wconf 77' lang='lat' dir='ltr'><strong>pe-</strong></span> 
     </span>
     <span class='ocr_line' id='line_1_52' title="bbox 350 4487 2766 4572; baseline 0 -19"><span class='ocrx_word' id='word_1_549' title='bbox 350 4505 501 4553; x_wconf 84' lang='lat' dir='ltr'><strong>tram</strong></span> <span class='ocrx_word' id='word_1_550' title='bbox 528 4495 709 4569; x_wconf 80' lang='lat' dir='ltr'><strong>innui,</strong></span> <span class='ocrx_word' id='word_1_551' title='bbox 738 4509 913 4572; x_wconf 89' lang='lat' dir='ltr'><strong>quam</strong></span> <span class='ocrx_word' id='word_1_552' title='bbox 942 4509 1069 4550; x_wconf 87' lang='lat' dir='ltr'><strong>eam</strong></span> <span class='ocrx_word' id='word_1_553' title='bbox 1114 4492 1285 4566; x_wconf 88' lang='lat' dir='ltr'><strong>cujus</strong></span> <span class='ocrx_word' id='word_1_554' title='bbox 1325 4491 1587 4567; x_wconf 82' lang='lat' dir='ltr'><strong>proxime</strong></span> <span class='ocrx_word' id='word_1_555' title='bbox 1614 4488 1966 4548; x_wconf 86' lang='lat' dir='ltr'><strong>mentionem</strong></span> <span class='ocrx_word' id='word_1_556' title='bbox 1987 4487 2216 4565; x_wconf 87' lang='lat' dir='ltr'><strong>fecerat,</strong></span> <span class='ocrx_word' id='word_1_557' title='bbox 2247 4509 2324 4549; x_wconf 87' lang='lat' dir='ltr'><strong>ex</strong></span> <span class='ocrx_word' id='word_1_558' title='bbox 2351 4509 2468 4568; x_wconf 83' lang='lat' dir='ltr'><strong>qua</strong></span> <span class='ocrx_word' id='word_1_559' title='bbox 2489 4491 2766 4555; x_wconf 68' lang='lat' dir='ltr'><strong>Israelita</strong></span> 
     </span>
     <span class='ocr_line' id='line_1_53' title="bbox 352 4568 2762 4648; baseline 0.001 -17"><span class='ocrx_word' id='word_1_560' title='bbox 352 4574 415 4632; x_wconf 89' lang='lat' dir='ltr'><strong>in</strong></span> <span class='ocrx_word' id='word_1_561' title='bbox 442 4573 673 4633; x_wconf 87' lang='lat' dir='ltr'><strong>deserto</strong></span> <span class='ocrx_word' id='word_1_562' title='bbox 700 4573 983 4633; x_wconf 84' lang='lat' dir='ltr'><strong>biberant.</strong></span> <span class='ocrx_word' id='word_1_563' title='bbox 1085 4571 1140 4630; x_wconf 77' lang='grc' dir='ltr'><strong>ὁ.</strong></span> <span class='ocrx_word' id='word_1_564' title='bbox 1168 4570 1289 4647; x_wconf 88' lang='lat' dir='ltr'><strong>Ipsi</strong></span> <span class='ocrx_word' id='word_1_565' title='bbox 1316 4569 1634 4628; x_wconf 83' lang='lat' dir='ltr'><strong>adversarii</strong></span> <span class='ocrx_word' id='word_1_566' title='bbox 1679 4568 1846 4628; x_wconf 86' lang='lat' dir='ltr'><strong>fateri</strong></span> <span class='ocrx_word' id='word_1_567' title='bbox 1873 4577 2176 4646; x_wconf 83' lang='lat' dir='ltr'><strong>coguntur,</strong></span> <span class='ocrx_word' id='word_1_568' title='bbox 2206 4577 2427 4648; x_wconf 84' lang='lat' dir='ltr'><strong>petram</strong></span> <span class='ocrx_word' id='word_1_569' title='bbox 2454 4572 2614 4632; x_wconf 84' lang='lat' dir='ltr'><strong>illam</strong></span> <span class='ocrx_word' id='word_1_570' title='bbox 2641 4595 2762 4634; x_wconf 87' lang='lat' dir='ltr'><strong>ma-</strong></span> 
     </span>
     <span class='ocr_line' id='line_1_54' title="bbox 354 4647 2762 4730; baseline 0.001 -18"><span class='ocrx_word' id='word_1_571' title='bbox 354 4654 611 4712; x_wconf 86' lang='lat' dir='ltr'><strong>terialem</strong></span> <span class='ocrx_word' id='word_1_572' title='bbox 660 4654 839 4714; x_wconf 81' lang='lat' dir='ltr'><strong>fuisse</strong></span> <span class='ocrx_word' id='word_1_573' title='bbox 886 4651 1131 4729; x_wconf 85' lang='lat' dir='ltr'><strong>figuram</strong></span> <span class='ocrx_word' id='word_1_574' title='bbox 1176 4649 1407 4725; x_wconf 85' lang='lat' dir='ltr'><strong>Christi,</strong></span> <span class='ocrx_word' id='word_1_575' title='bbox 1459 4658 1517 4710; x_wconf 88' lang='lat' dir='ltr'><strong>et</strong></span> <span class='ocrx_word' id='word_1_576' title='bbox 1560 4669 1768 4728; x_wconf 87' lang='lat' dir='ltr'><strong>aquam</strong></span> <span class='ocrx_word' id='word_1_577' title='bbox 1813 4647 1949 4708; x_wconf 86' lang='lat' dir='ltr'><strong>inde</strong></span> <span class='ocrx_word' id='word_1_578' title='bbox 1987 4659 2316 4710; x_wconf 86' lang='lat' dir='ltr'><strong>manentem</strong></span> <span class='ocrx_word' id='word_1_579' title='bbox 2361 4651 2606 4730; x_wconf 83' lang='lat' dir='ltr'><strong>figuram</strong></span> <span class='ocrx_word' id='word_1_580' title='bbox 2636 4675 2762 4714; x_wconf 87' lang='lat' dir='ltr'><strong>san-</strong></span> 
     </span>
    </p>
   </div>
  </div>
 </body>
</html>
