3234 5192
525 413 600 472 36
1315 427 1392 466 ns
1422 427 1783 468 necessarus
1814 425 2161 468 sscnssioxs
2574 405 2833 489 [mssPL'T.
2868 431 2933 471 11.

523 570 758 645 cultum,
790 577 849 628 et
875 587 1077 626 verum
1117 569 1304 626 Deum
1335 569 1591 646 agnovit,
1638 589 1766 627 cum
1806 569 1955 627 inter
1990 568 2105 626 alia
2140 575 2317 630 vovet
2349 570 2465 625 “se
2503 569 2743 644 posthac
2774 591 2939 629 sacra

525 670 642 708 non
669 649 970 722 facturum,
1001 647 1113 704 nisi
1146 648 1270 707 Deo
1317 649 1607 722 IsraeliS,’'
1640 669 1696 706 v.
1746 651 1837 707 17.
1886 647 1956 704 Id
1997 656 2189 706 autem
2230 647 2371 723 quid
2412 648 2571 706 aliud
2600 659 2722 707 erat
2762 670 2937 726 quam

523 729 814 808 publicam
863 736 921 786 et
965 728 1230 786 omnibus
1277 739 1472 787 notam
1520 727 1931 805 professionem
1987 727 2191 801 facere,
2244 747 2304 785 se
2352 747 2467 784 non
2516 730 2763 804 amplius
2812 750 2941 789 esse

525 809 886 868 idololatram
907 810 936 866 Ρ
979 807 1204 866 Deinde
1233 808 1379 866 duos
1406 809 1596 866 mulos
1624 815 1823 865 onerat
1838 817 1991 866 terra
2028 816 2242 881 saneta,
2273 807 2332 863 in
2360 827 2475 883 qua
2506 808 2691 865 Deum
2722 809 2940 883 adoret,

524 910 596 948 ue
639 898 806 948 terrae
845 885 1100 963 profanae
1149 889 1490 963 contagione
1557 886 1927 962 pollueretur,
1973 886 2133 963 quod
2176 895 2235 944 et
2276 887 2325 944 si
2368 888 2772 962 superstitione
2820 909 2941 946 non

525 969 727 1042 caruit,
759 966 1079 1025 testabatur
1105 976 1299 1024 tamen
1333 987 1400 1024 eo
1425 967 1549 1041 ipso
1580 986 1641 1023 se
1670 986 1704 1022 a
1732 966 2239 1042 superstitionibus
2264 966 2541 1042 Syrorum
2568 968 2945 1027 vehementer

529 1049 854 1107 abhorrere.
899 1048 980 1103 50'
1025 1045 1357 1103 Incurvatio
1400 1046 1516 1119 illa,
1561 1045 1634 1102 de
1677 1065 1791 1121 qua
1840 1046 2109 1120 loquitur,
2154 1065 2269 1103 non
2312 1056 2427 1103 tam
2472 1055 2594 1105 erat
2634 1047 2943 1124 religiosus

527 1128 718 1185 cultus
749 1125 886 1182 idoli
904 1144 1078 1200 quam
1099 1124 1346 1182 officium
1375 1125 1689 1202 politicum,
1721 1133 1779 1183 et
1822 1125 2013 1182 civilis
2052 1124 2395 1200 obedientia,
2427 1145 2597 1202 quam
2627 1126 2751 1202 regi
2781 1128 2945 1185 exhi-

527 1207 664 1265 bere
693 1205 996 1263 tenebatur
1023 1204 1208 1262 oranti
1236 1205 1296 1262 in
1324 1205 1538 1282 templo
1565 1204 1684 1279 illo,
1716 1205 1799 1264 sic
1826 1213 1892 1264 ut
1928 1213 2081 1263 esset
2108 1205 2195 1262 illi
2223 1205 2496 1281 scipionis
2524 1206 2669 1264 loco,
2750 1207 2949 1264 Verba

528 1294 663 1344 sunt
699 1283 1018 1356 manifesta,
1049 1292 1355 1361 postquam
1395 1285 1548 1342 enim
1587 1292 1939 1361 protestatus
1980 1292 2084 1358 est,
2129 1304 2186 1342 v.
2245 1288 2333 1357 17,
2384 1288 2419 1316 “
2439 1304 2499 1342 se
2540 1305 2657 1343 non
2700 1287 2948 1362 amplius

527 1365 810 1425 facturum
830 1363 1170 1422 sacrificium
1192 1373 1291 1424 aut
1309 1365 1709 1424 holocaustum
1732 1365 1862 1424 Diis
1882 1365 2102 1436 alienis,
2124 1363 2225 1421 sed
2247 1365 2288 1423 J
2292 1364 2552 1438 ehovae,'’
2573 1364 2751 1438 addit,
2786 1369 2821 1398 “
2838 1365 2949 1424 hac

525 1446 588 1504 in
617 1465 677 1504 re
719 1444 1005 1503 condonet
1044 1444 1089 1504 J
1091 1444 1278 1503 ehova
1318 1465 1486 1504 servo
1529 1464 1652 1520 sue,
1683 1465 1859 1521 quum
1901 1443 2223 1520 ingreditur
2268 1443 2550 1502 Dominus
2592 1465 2754 1502 meus
2796 1445 2951 1504 aedes

531 1526 871 1599 RimmoniS,
904 1533 968 1583 ut
993 1524 1260 1582 incurvet
1287 1544 1348 1583 se
1377 1525 1458 1582 ibi
1490 1522 1649 1602 (nam
1678 1525 1728 1582 is
1755 1524 1959 1582 nititur
1986 1543 2159 1582 manu
2186 1523 2339 1601 mea)
2372 1524 2420 1580 si
2449 1524 2827 1583 incurvavero
2862 1545 2954 1584 me

529 1607 590 1663 in
613 1605 735 1664 aede
760 1604 1099 1678 Rimmonis,
1120 1605 1230 1661 hoc
1257 1604 1558 1661 incurvare
1587 1623 1777 1661 meum
1808 1603 1868 1659 in
1896 1602 2019 1660 aede
2044 1602 2383 1676 Rimmonis,
2408 1603 2710 1677 condonet,
2732 1623 2949 1680 quaese,

528 1685 573 1745 J
575 1685 762 1742 ehova
790 1703 958 1742 servo
986 1702 1092 1740 suo
1133 1682 1192 1739 in
1234 1683 1344 1740 hac
1383 1684 1504 1741 re.''
1549 1683 1647 1740 Ex
1674 1683 1885 1758 quibus
1925 1682 2124 1757 liquet,
2159 1680 2305 1740 hanc
2346 1683 2801 1741 incurvationem
2832 1705 2950 1742 non

525 1764 704 1822 fuisse
746 1762 1137 1820 adorationem
1179 1763 1276 1820 vel
1317 1761 1657 1820 idololatriae
1700 1761 2139 1834 simulationem,
2184 1762 2327 1820 alias
2368 1763 2705 1839 protestatio
2746 1763 2952 1823 fuisset

531 1843 683 1901 facto
711 1841 1012 1916 contraria,
1045 1841 1148 1900 sed
1189 1841 1360 1899 civile
1401 1841 1633 1901 demum
1661 1841 2017 1917 obsequium,
2050 1841 2205 1917 quod
2232 1841 2356 1918 regi
2385 1843 2659 1900 exhibere
2706 1861 2947 1902 consue-

529 1932 711 1981 verat.
797 1921 1144 1998 Exemplum
1175 1921 1360 1979 simile
1393 1921 1568 1980 habet
1610 1921 2021 1980 Ecclesiastica
2050 1921 2313 1980 Historia
2352 1922 2504 1999 apud
2539 1924 2812 1980 Theodor.
2843 1923 2945 1982 lib.

528 2003 608 2060 iii.
631 2023 754 2080 cap.
780 2003 871 2076 15,
896 2001 957 2058 in
981 2001 1388 2060 Valentiniano
1413 2002 1461 2059 Ι.
1485 2002 1584 2077 qui
1612 2001 1658 2061 J
1658 2002 1916 2060 ulianum
1938 2001 2283 2078 Apostatam
2306 2000 2549 2060 deduxit
2570 2001 2645 2058 ad
2674 2002 2949 2061 Fortunae

528 2083 742 2140 sanum.
789 2082 866 2139 Et
885 2081 1060 2140 Sleid.
1079 2081 1181 2140 lib.
1209 2082 1310 2139 vii.
1342 2080 1492 2140 idem
1527 2090 1691 2141 notat
1718 2080 1791 2140 de
1821 2081 2087 2139 Electore
2120 2081 2405 2154 Saxoniae,
2446 2082 2545 2157 qui
2574 2101 2770 2140 ensem
2796 2103 2945 2160 prae-

529 2162 718 2221 ferens
748 2161 954 2220 Carolo
975 2161 1051 2219 V.
1077 2162 1318 2219 Missam
1347 2162 1506 2236 adiit,
1551 2181 1668 2220 non
1696 2161 2151 2238 repugnantibus
2179 2161 2482 2237 theologis,
2513 2161 2651 2236 quia
2677 2161 2751 2219 ad
2780 2182 2949 2220 suum

529 2242 778 2301 officium
819 2241 1149 2314 vocabatur,
1181 2261 1297 2299 non
1338 2241 1414 2299 ad
1456 2242 1699 2300 Missam
1738 2250 1804 2300 ut
1844 2241 1918 2298 ad
1960 2241 2177 2300 cultum
2221 2240 2499 2298 divinum.
2566 2241 2682 2298 Hic
2724 2249 2949 2300 tantum

527 2321 837 2399 diligenter
878 2321 1289 2380 attendendum
1332 2328 1438 2395 est,
1467 2341 1542 2379 ne
1571 2323 1701 2398 quis
1742 2321 2039 2379 dubitante
2082 2328 2183 2378 aut
2222 2320 2569 2378 reclamante
2598 2322 2953 2379 conscientia

528 2402 640 2460 hoc
667 2402 856 2476 faciat,
889 2401 1069 2458 satius
1097 2401 1250 2458 enim
1277 2401 1422 2458 alias
1450 2401 1598 2461 foret
1626 2400 1828 2459 cedere
1869 2420 2122 2473 munere,
2156 2400 2325 2458 Rom.
2356 2401 2476 2458 xiv.
2508 2403 2604 2458 23.
2690 2399 2779 2458 Ne
2806 2401 2945 2459 item

526 2481 706 2539 ullum
737 2480 1074 2538 reverentiae
1116 2480 1344 2556 signum
1385 2482 1679 2557 mysteriis
1718 2480 1911 2557 impiis
1955 2480 2243 2554 exhibeat,
2274 2479 2430 2556 quod
2456 2480 2553 2538 vel
2593 2480 2654 2537 in
2696 2480 2947 2556 speciem

528 2579 842 2619 cousensus
869 2558 1019 2617 trahi
1047 2560 1246 2635 possit,
1279 2560 1380 2617 sed
1407 2561 1711 2618 manifesta
1738 2560 1814 2618 sit
1855 2559 2195 2636 improbatio
2224 2568 2282 2617 et
2309 2559 2614 2618 detestatio
2642 2560 2949 2635 impiorum

529 2659 837 2698 sacrorum.
923 2637 1108 2712 Quam
1136 2638 1196 2695 in
1225 2659 1344 2696 rem
1373 2639 1743 2698 memorabile
1772 2647 1860 2697 est
1887 2639 2148 2716 ejusdem
2176 2639 2571 2697 Valentiniani
2599 2639 2946 2715 exemplum,

531 2719 631 2796 qui
659 2739 790 2777 cum
820 2717 1066 2776 aedituus
1083 2718 1435 2776 introeuntes
1457 2739 1606 2795 aqua
1633 2719 1859 2778 lustrali
1882 2719 2113 2777 ethnico
2140 2739 2299 2777 more
2328 2720 2604 2796 expiaret,
2637 2727 2695 2777 et
2722 2727 2950 2796 guttam

529 2819 694 2876 aquae
721 2799 886 2857 laevae
915 2817 1032 2856 suae
1061 2797 1134 2855 ab
1164 2817 1232 2856 eo
1260 2817 1548 2874 aspersam
1579 2798 1819 2873 videret,
1849 2799 2063 2877 pugnis
2091 2799 2260 2857 caedit
2283 2799 2574 2875 aedituum,
2608 2818 2783 2876 seque
2810 2799 2947 2858 inde

529 2899 647 2939 non
689 2881 1000 2957 expiatum,
1033 2878 1135 2937 sed
1163 2878 1318 2955 turpi
1344 2879 1474 2936 labe
1501 2878 1788 2956 pollutum
1830 2879 1927 2937 ait.
1998 2885 2080 2936 4⁰·
2126 2879 2214 2937 Eo
2256 2879 2382 2955 ipso
2410 2899 2526 2956 quo
2554 2880 2781 2937 veniam
2810 2878 2951 2937 facti

528 2962 800 3038 postulat,
849 2960 1112 3037 agnoscit
1159 2978 1327 3035 posse
1377 2958 1612 3035 aliquod
1660 2959 1721 3016 in
1776 2978 1845 3017 eo
1889 2979 2015 3017 esse
2063 2952 2379 3036 peccatum,
2426 2959 2569 3016 alias
2613 2958 2757 3016 nihil
2805 2978 2953 3035 opus

529 3041 749 3117 fuisset,
793 3061 911 3099 non
953 3039 1130 3099 semel
1173 3038 1275 3097 sed
1317 3039 1408 3097 bis
1459 3047 1579 3098 tam
1628 3039 1875 3098 sollicite
1916 3048 2109 3115 petere
2158 3038 2269 3096 sibi
2309 3039 2420 3096 hoc
2462 3037 2791 3111 condonari,
2836 3039 2951 3096 nisi

529 3122 777 3198 alicujus
805 3121 990 3196 culpae
1017 3139 1178 3178 reum
1207 3139 1268 3177 se
1296 3119 1406 3177 hoc
1445 3119 1771 3196 praestando
1818 3119 1943 3178 fieri
1981 3119 2205 3177 videret
2228 3141 2243 3194 ;
2287 3119 2417 3194 quis
2444 3138 2585 3175 vero
2613 3118 2767 3176 dicat
2797 3118 2949 3175 Naa-

527 3219 753 3258 manem
809 3207 1144 3274 peccantem
1197 3198 1540 3256 imitandum
1595 3203 1768 3257 esse?
1870 3201 1949 3256 5⁰·
2014 3197 2339 3274 Responsio
2386 3197 2679 3274 prophetae
2734 3196 2951 3256 factum

527 3278 790 3336 absolute
819 3296 936 3333 non
961 3277 1184 3351 probat,
1215 3295 1321 3332 nec
1349 3277 1404 3334 ei
1429 3277 1604 3334 licere
1646 3277 1906 3348 affirmat,
1939 3277 2040 3334 scd
2082 3285 2306 3334 tantum
2350 3277 2408 3332 in
2436 3295 2576 3351 pace
2606 3275 2861 3348 dimittit,
2896 3285 2954 3336 et

530 3357 646 3414 hoc
676 3374 951 3430 responso
979 3353 1286 3411 abeuntem
1315 3354 1544 3411 salutat.
1603 3355 1735 3410 Non
1764 3355 1921 3428 dicit,
1952 3355 2075 3427 Abi,
2106 3356 2185 3410 sic
2204 3355 2372 3428 ayito,
2396 3354 2675 3410 Dominus
2704 3353 2951 3429 tibipro-

518 3435 695 3511 pitius
722 3434 843 3507 cer-it,
876 3433 980 3490 sed
1019 3440 1262 3504 tantum,
1309 3433 1404 3488 abi
1437 3432 1494 3489 in
1525 3452 1690 3506 pace,
1722 3432 1879 3507 quod
1919 3431 2155 3507 perinde
2185 3440 2273 3488 est
2300 3451 2366 3489 ac
2396 3432 2447 3489 si
2472 3431 2857 3508 polliceretur,
2892 3455 2954 3494 se

529 3513 712 3588 illum,
743 3520 913 3590 prout
941 3512 1199 3589 petierat,
1229 3510 1498 3586 precibus
1539 3511 1661 3568 suis
1702 3510 2051 3587 adjuturum.
2138 3511 2340 3586 Neque
2381 3511 2477 3569 hic
2517 3511 2725 3569 mirum
2767 3513 2956 3573 videri

528 3593 716 3668 debet,
748 3591 905 3669 quod
933 3591 1212 3669 propheta
1239 3610 1368 3648 eum
1411 3609 1527 3647 non
1565 3599 1787 3667 arguat,
1818 3610 1926 3648 nec
1964 3589 2165 3649 sedulo
2205 3601 2452 3666 moneat,
2484 3600 2549 3650 ut
2574 3592 2649 3650 ab
2677 3593 2787 3651 hoc
2814 3613 2948 3671 pec-

527 3683 657 3734 cato
687 3672 799 3732 sibi
827 3679 1045 3744 caveat,
1078 3691 1207 3729 cum
1238 3670 1388 3729 enim
1419 3679 1718 3747 peccatum
1761 3691 1905 3746 esse,
1949 3691 2053 3748 pro
2094 3691 2211 3748 quo
2252 3671 2482 3729 veniam
2526 3673 2783 3749 rogabat,
2828 3693 2945 3731 non

524 3757 832 3832 ignoraret,
885 3751 1179 3810 docendus
1226 3771 1342 3809 non
1389 3760 1508 3810 tam
1552 3751 1679 3826 fuit,
1738 3771 1911 3828 quam
1962 3750 2347 3810 consolandus
2394 3761 2453 3812 et
2501 3752 2944 3812 confirmandus.

527 3837 671 3895 Ideo
693 3854 822 3894 cum
843 3833 1000 3907 dicit,
1041 3834 1200 3890 Vade
1227 3832 1284 3890 ἰπ
1300 3851 1465 3907 pace,
1498 3831 1731 3890 videtur
1756 3833 1843 3890 illi
1870 3833 2127 3909 polliceri
2156 3832 2411 3890 divinam
2442 3851 2608 3910 opem
2636 3852 2753 3890 non
2782 3833 2942 3890 defu-

521 3926 728 3991 turam,
760 3935 888 3992 quae
916 3913 1079 3971 illum
1109 3933 1145 3970 a
1171 3912 1276 3971 tali
1302 3912 1469 3990 lapsu
1497 3921 1896 3989 conservaret3
1940 3933 2048 3972 nec
2075 3921 2301 3971 constat
2328 3912 2599 3990 deinceps
2628 3933 2759 3970 eum
2786 3911 2847 3971 in
2876 3931 2947 3971 eo

562 4015 940 4056 erseverasse.

521 4018 560 4096 Ρ
605 4077 688 4136 X.
735 4075 835 4134 Ad
878 4078 1032 4134 5um.
1077 4073 1148 4132 de
1193 4073 1454 4133 Ecclesia
1495 4073 1752 4133 Judai‘ca
1792 4083 2049 4152 tempore
2092 4072 2323 4132 Christi.
2367 4091 2423 4132 a.
2469 4073 2774 4149 Disparem
2816 4091 2945 4130 esse

521 4159 820 4217 rationem.
874 4155 1068 4212 Primo
1097 4153 1232 4230 quia
1259 4154 1394 4212 licet
1423 4163 1616 4211 essent
1644 4155 1811 4212 multi
1841 4155 2054 4212 abusus
2082 4161 2139 4211 et
2168 4152 2505 4228 corruptelae
2533 4153 2593 4209 in
2623 4153 2781 4209 cultu
2813 4150 2944 4226 Dei,

521 4246 684 4297 erant
711 4236 904 4314 potius
932 4234 1076 4292 vitia
1102 4253 1494 4310 personarum,
1525 4252 1700 4309 quam
1730 4233 2005 4292 doctrinae
2034 4231 2189 4308 apud
2218 4251 2417 4290 omnes
2456 4239 2717 4308 receptae.
2802 4229 2945 4288 Tra·

521 4317 770 4375 ditiones
788 4324 847 4374 et
867 4311 1158 4394 διωτςάσιις
1179 4313 1600 4370 Pharisaeorum
1622 4322 1805 4385 erant,
1832 4312 1935 4370 sed
1956 4311 2375 4370 observationis
2403 4311 2599 4387 liberae
2618 4319 2677 4368 et
2702 4309 2945 4387 privatae

521 4394 678 4452 illius
707 4403 896 4468 sectae,
926 4415 1042 4453 non
1069 4395 1250 4453 totius
1277 4392 1594 4468 religioniS.
1688 4391 1984 4467 Praecipue
2026 4391 2087 4448 in
2130 4389 2344 4467 templo
2379 4390 2602 4448 nullum
2631 4389 2947 4468 apparebat

519 4472 756 4546 idolum,
815 4474 969 4547 quod
1018 4493 1052 4530 a
1100 4473 1296 4531 laxata
1351 4471 1685 4548 captivitate
1731 4470 2093 4547 Babylonica
2138 4470 2361 4529 horruit
2416 4489 2642 4547 semper
2694 4469 2945 4546 populus

517 4553 564 4612 J
565 4550 824 4610 udaicuS.
909 4555 988 4606 2⁰·
1032 4553 1162 4609 Etsi
1205 4552 1468 4611 Christus
1509 4551 1893 4628 abrogatur-us
1947 4558 2070 4609 erat
2118 4549 2336 4608 cultum
2384 4550 2548 4608 illum
2596 4550 2940 4624 Mosaicum,

515 4630 772 4690 nondum
799 4638 990 4689 tamen
1021 4630 1415 4707 abrogaverat,
1446 4631 1704 4690 nondum
1728 4630 2085 4691 Christianos
2106 4637 2290 4688 coetus
2318 4629 2579 4706 publicos
2608 4649 2643 4686 a
2669 4628 2714 4688 J
2720 4629 2943 4688 udaieis

507 4718 808 4790 separatos
839 4709 1101 4786 cogebat,
1133 4709 1412 4769 sacrificia
1451 4711 1512 4769 in
1539 4711 1757 4787 templo
1785 4711 2049 4788 legitimo
2078 4709 2193 4768 ritu
2220 4709 2663 4787 peragebantur,
2696 4717 2755 4768 et
2782 4709 2945 4768 nulla
