3234 5192
306 384 537 427 msru'r.
566 366 665 449 ῐῐ.]
944 384 1021 425 nn
1052 382 1397 426 semri-una:
1429 386 1638 427 sacam
1671 386 2113 432 Au’rnomm‘m.
2615 382 2736 441 243

388 526 611 585 XXII.
658 524 763 585 Ad
810 528 924 584 hoc
966 534 1393 603 argumentum
1439 526 1768 604 Excipiunt
1804 531 1866 589 N
1871 550 1960 607 eg.
1995 532 2245 611 Conseq.
2345 532 2408 593 Si
2441 534 2720 597 Ecclesiae

308 604 671 663 Authoritas
716 608 916 681 quoad
959 624 1067 664 nos
1096 625 1173 663 ex
1221 606 1540 682 Scripturas
1588 608 1979 668 Authoritate
2027 616 2262 687 pendet,
2314 632 2432 670 non
2464 620 2722 691 pendere

306 682 633 760 Scripturae
684 684 1140 743 Authoritatem
1188 687 1264 743 ab
1315 684 1581 743 Ecclesia
1608 708 1625 757 3
1691 688 2034 765 Utrumque
2082 693 2242 749 enim
2289 694 2466 751 simul
2513 713 2722 754 verum

304 780 429 819 esse
455 780 647 839 posse,
678 762 1007 821 Ecclesiam
1046 765 1307 822 mutuari
1358 782 1527 821 suam
1572 766 1997 825 authoritatem
2025 786 2058 825 e
2089 768 2409 846 Scriptura,
2441 778 2500 829 et
2530 772 2724 850 Scrip-

305 848 500 901 turam
526 842 737 899 itidem
765 860 936 901 suam
963 843 1039 900 ab
1071 842 1373 901 Ecclesia:
1446 842 1528 901 Et
1552 862 1628 901 ne
1661 844 1787 902 sine
1829 848 2060 904 ratione
2091 848 2404 907 videantur
2431 844 2544 907 hoc
2571 870 2724 911 asse-

304 940 450 991 rere,
480 920 769 995 exemplis
796 920 859 979 id
888 920 1157 978 evincere
1185 926 1477 979 conantur
1498 943 1514 993 ;
1558 922 1601 980 J
1605 940 1826 981 oannes
1845 924 2132 1000 Baptista,
2163 926 2460 1003 inquiunt,
2489 929 2722 989 Christo

306 999 740 1057 Testimonium
768 1000 1087 1074 perhibuit,
1118 1007 1177 1058 et
1207 1000 1481 1058 Christus
1503 1000 1545 1057 J
1550 1002 1748 1073 oanni,
1777 1002 2059 1077 Epistolae
2091 1004 2268 1063 Pauli
2296 1008 2425 1081 ejus
2454 1010 2722 1066 authori-

306 1084 489 1136 tatem
514 1078 827 1154 magnifice
856 1080 1295 1149 commendant,
1326 1097 1459 1153 quae
1488 1084 1690 1137 tamen
1728 1082 1804 1138 ab
1840 1082 2116 1141 Authore
2155 1104 2264 1142 suo
2294 1087 2720 1145 authoritatem

305 1156 621 1229 accipiunt.
708 1156 1063 1231 Symbolum
1090 1158 1229 1214 fidei
1264 1174 1385 1213 non
1433 1158 1724 1216 habemus
1771 1160 1846 1217 ab
1895 1163 2024 1219 ulla
2071 1164 2432 1221 authoritate
2461 1172 2721 1237 externa,

308 1235 421 1292 nisi
448 1235 524 1291 ab
555 1234 838 1305 Ecclesia,
867 1237 931 1293 in
960 1254 1081 1311 quo
1109 1243 1305 1292 tamen
1338 1235 1466 1311 ipsa
1516 1235 1784 1295 Ecclesia
1825 1242 2122 1298 credenda
2163 1245 2533 1317 proponitur.
2623 1244 2724 1303 Ita

308 1314 462 1369 nihil
488 1330 611 1370 esse
640 1314 902 1387 absurdi,
932 1314 978 1371 si
1020 1320 1080 1371 et
1130 1314 1392 1371 Ecclesia
1439 1332 1477 1371 a
1525 1314 1848 1391 Scriptura,
1899 1328 1959 1375 et
2005 1320 2262 1377 vicissim
2312 1320 2619 1397 Scriptura
2645 1326 2720 1381 ab

310 1390 575 1449 Ecclesia
592 1392 868 1467 pendeat.
916 1394 1119 1467 Atque
1148 1410 1217 1449 eo
1246 1392 1463 1450 certius
1490 1394 1604 1449 hoc
1631 1413 1799 1468 posse
1828 1396 1962 1469 dici,
1992 1398 2134 1475 quia
2160 1400 2368 1456 eadem
2398 1400 2724 1476 Scriptura,

311 1488 446 1546 quae
492 1470 917 1527 authoritatem
946 1470 1223 1529 Ecclesiae
1258 1472 1523 1529 stabilire
1550 1471 1786 1545 dicitur,
1820 1474 2074 1535 affirmat
2119 1494 2388 1552 expresse
2419 1496 2552 1537 eam
2596 1499 2718 1537 esse

307 1548 489 1608 στύλοι
507 1574 593 1607 naa
621 1546 869 1629 &gnafus
903 1556 985 1617 τΐῖς
1012 1552 1253 1621 samacha,
1288 1550 1318 1607 1
1340 1550 1493 1607 Tim.
1520 1549 1599 1608 iii.
1625 1550 1715 1620 15,
1739 1554 1901 1627 quod
1919 1572 2055 1613 vere
2077 1554 2194 1613 dici
2215 1574 2335 1612 non
2365 1562 2578 1631 posset,
2608 1558 2722 1617 nisi

312 1626 570 1687 Veritati
610 1630 675 1686 in
724 1630 1031 1707 Scriptura
1078 1636 1371 1689 contentae
1402 1628 1767 1686 Testimonio
1817 1648 1926 1689 suo
1977 1633 2426 1692 Authoritatem
2453 1636 2718 1694 vicissim

304 1706 683 1780 conciliaret3
728 1708 909 1768 Unde
938 1709 1092 1767 Bell.
1122 1710 1225 1767 lib.
1256 1708 1333 1763 vi.
1364 1708 1440 1764 de
1470 1706 1630 1765 Eecl.
1663 1726 1708 1765 c.
1745 1708 1835 1781 14,
1879 1718 1915 1745 “
1936 1711 2000 1771 Si
2029 1711 2297 1770 Ecclesia
2323 1720 2412 1769 est
2439 1715 2720 1773 columna

307 1794 367 1844 et
392 1788 832 1846 firmamentum
851 1786 1134 1858 veritatis,
1162 1787 1232 1845 E.
1262 1786 1479 1843 veritas
1506 1788 1647 1843 fidei
1674 1789 1874 1862 quoad
1903 1808 2032 1861 nos,
2057 1791 2270 1849 nititur
2289 1790 2567 1850 Ecclesiae
2589 1794 2721 1851 Au-

306 1866 609 1937 thoritate,
622 1872 683 1922 et
691 1886 903 1924 verum
914 1872 1002 1924 est
1013 1867 1296 1942 quicquid
1312 1864 1577 1923 Ecclesia
1588 1866 1820 1941 probat,
1833 1867 2053 1925 falsum
2065 1868 2347 1945 quicquid
2361 1869 2442 1927 im
2446 1872 2719 1947 probat.”

389 1942 653 2003 XXIII.
699 1944 817 2003 Sed
844 1946 1069 2003 frustra
1094 1944 1217 2002 vim
1248 1945 1613 2019 Argumenti
1643 1952 1937 2002 conantur
1963 1948 2204 2004 eludere
2227 1968 2242 2017 ;
2303 1948 2508 2006 Primo
2535 1950 2722 2025 gratis

306 2030 655 2099 supponunt
664 2031 989 2099 utrumque
1006 2040 1216 2080 verum
1238 2042 1379 2093 esse,
1394 2022 1722 2080 Ecclesiam
1746 2024 1890 2081 dare
1904 2025 1955 2081 A
1967 2026 2354 2083 uthoritatem
2373 2026 2714 2103 Scripturae,

306 2110 369 2159 et
396 2118 599 2158 rursus
627 2118 759 2159 eam
788 2120 1021 2159 sumere
1048 2120 1087 2159 a
1115 2102 1453 2177 Scriptura:
1513 2101 1678 2159 Nam
1725 2100 1865 2159 licet
1907 2103 1968 2159 in
2018 2104 2253 2162 diverso
2281 2122 2496 2177 genere
2525 2124 2716 2165 causae

306 2179 494 2255 possit
518 2180 720 2236 locum
747 2180 1077 2256 aliquando
1104 2180 1166 2237 id
1198 2181 1480 2251 obtinere,
1504 2187 1574 2237 ut
1600 2196 1780 2237 causa
1805 2182 2096 2255 probatur
2115 2183 2190 2239 ab
2219 2183 2433 2239 effectu
2461 2202 2499 2241 a
2525 2191 2720 2259 poste-

310 2258 469 2329 riori,
498 2275 633 2332 quae
662 2259 876 2333 probat
900 2260 1098 2335 ipsum
1126 2260 1403 2316 effectum
1430 2276 1468 2315 a
1514 2258 1696 2333 priori
1718 2279 1733 2328 ;
1777 2266 1978 2317 tamen
2025 2260 2090 2317 in
2134 2262 2345 2318 eodem
2388 2280 2605 2336 genere
2633 2268 2721 2320 est

305 2337 605 2407 ἐσίω-οιτον,
636 2336 749 2393 nisi
773 2338 1029 2395 velimus
1055 2355 1182 2394 rem
1222 2354 1349 2394 esse
1376 2337 1569 2411 seipsa
1595 2337 1889 2395 notiorem
1916 2345 1976 2395 et
2000 2338 2377 2414 ignotior-em,
2407 2342 2717 2417 notiorem,

309 2416 455 2493 quia
480 2415 799 2474 assumitur
827 2418 905 2474 ad
952 2416 1197 2474 alterius
1244 2416 1672 2491 probationem,
1717 2417 2076 2491 ignotiorem
2103 2436 2264 2490 vere,
2296 2420 2436 2494 quia
2463 2418 2591 2495 ipsa
2615 2438 2722 2495 per

309 2495 491 2553 aliam
518 2494 825 2570 probatur.
912 2494 1011 2552 Ita
1036 2512 1159 2551 non
1187 2512 1475 2567 negamus
1507 2494 1785 2552 Ecclesiae
1816 2494 2250 2553 Testimonium
2277 2516 2448 2572 posse
2468 2500 2721 2574 probare

314 2573 681 2649 Scripturam
728 2591 768 2631 a
809 2573 1142 2648 posteriori,
1191 2592 1297 2649 per
1343 2574 1594 2630 modum
1642 2574 2039 2647 instrumenti,
2085 2577 2184 2633 vel
2227 2577 2427 2647 medii,
2467 2578 2570 2635 sed
2597 2578 2724 2635 vim

310 2651 648 2727 argumenti
675 2658 736 2708 et
761 2651 969 2708 motivi
996 2652 1278 2725 praecipui
1307 2651 1527 2707 habere
1556 2670 1967 2725 pernegamus
2015 2652 2308 2723 SecundO,
2331 2654 2406 2711 In
2435 2656 2724 2730 exemplis

310 2730 507 2789 allatis
526 2736 803 2805 peccatur
817 2729 1060 2788 fallacia
1076 2732 1333 2805 parium.
1380 2730 1572 2786 Aliud
1590 2736 1680 2787 est
1705 2728 2112 2788 Testimonium
2127 2732 2430 2806 perhibere
2455 2734 2682 2793 Christo
2706 2756 2722 2805 ;

312 2808 505 2866 Aliud
522 2808 965 2865 Ambo-ritatem
992 2808 1076 2865 illi
1094 2808 1395 2867 conciliare
1414 2830 1426 2877 ;
1458 2808 1624 2883 prius
1641 2809 1716 2865 de
1737 2807 1780 2865 J
1784 2826 1976 2865 oanne
1994 2810 2270 2884 Baptista
2295 2816 2454 2867 recte
2483 2812 2721 2884 dicitur,

310 2888 414 2945 sed
442 2886 733 2961 posterius
758 2904 877 2944 non
908 2888 1067 2945 item.
1155 2888 1335 2945 Unde
1367 2886 1636 2945 Christus
1678 2886 1820 2961 ipse,
1870 2886 1913 2944 J
1917 2888 2013 2945 oh.
2037 2906 2091 2945 v.
2125 2888 2218 2955 34,
2249 2895 2429 2961 negat
2453 2908 2512 2945 sc
2545 2891 2723 2947 Testi-

311 2965 567 3021 monium
593 2965 847 3041 accipere
876 2968 947 3022 ab
974 2967 1311 3036 hominibua
1340 2972 1411 3021 ut
1458 2964 1682 3021 scilicet
1707 2982 1778 3021 eo
1807 2964 2053 3035 nitatur,
2083 2966 2186 3022 sed
2216 2967 2424 3024 habere
2449 2986 2510 3024 se
2547 2968 2725 3025 Testi-

310 3042 567 3099 monium
612 3045 803 3119 majus
856 3043 1198 3102 Testimonio
1248 3042 1521 3111 Joanni-s,
1572 3041 1692 3098 scil.
1724 3049 1854 3098 tum
1909 3042 2108 3117 Opera
2159 3060 2286 3113 sua,
2341 3050 2472 3102 tum
2531 3044 2728 3103 Patris

311 3138 537 3191 vocem,
566 3126 699 3178 tum
728 3120 1060 3196 Scripturas
1085 3124 1262 3197 ipsas.
1346 3119 1520 3178 Nihil
1548 3120 1749 3177 obstat
1793 3136 1953 3194 ergo,
1985 3120 2418 3180 Testimonium
2446 3142 2569 3180 esse
2597 3142 2728 3199 per-

312 3201 573 3257 hibitum
598 3198 831 3257 Christo
852 3218 889 3257 a
908 3200 952 3258 J
956 3218 1167 3274 oanne,
1196 3207 1258 3257 et
1284 3200 1541 3258 vicissim
1574 3196 1876 3256 Christum
1903 3205 2186 3256 testatum
2215 3218 2339 3257 esse
2367 3202 2442 3259 de
2464 3202 2506 3259 J
2509 3220 2724 3273 oanne,

314 3278 459 3354 quia
487 3278 723 3335 diversa
747 3276 866 3335 fuit
895 3280 1151 3337 testandi
1178 3280 1331 3336 ratio
1356 3300 1369 3337 :
1452 3276 1495 3335 J
1499 3294 1722 3334 oannes
1763 3283 1836 3333 ut
1861 3278 2129 3335 minister
2149 3278 2226 3335 de
2255 3277 2517 3337 Domino
2547 3288 2725 3338 testa-

310 3359 525 3426 batur;
571 3354 660 3413 At
688 3355 961 3415 Christus
990 3364 1061 3415 ut
1086 3358 1381 3415 Dominus
1406 3357 1481 3413 de
1530 3354 1734 3414 Servo.
1817 3356 1859 3413 J
1863 3374 2103 3427 oanneS,
2132 3362 2203 3413 ut
2229 3364 2514 3433 tanquam
2546 3360 2727 3417 index

310 3438 389 3492 ad
418 3432 722 3493 Christum
749 3438 1197 3507 manuduceret,
1225 3454 1365 3493 eum
1408 3433 1595 3490 veluti
1639 3433 1829 3507 digito
1859 3436 2224 3493 ostendendo
2249 3456 2264 3507 ;
2309 3436 2424 3495 Sed
2457 3438 2730 3495 Christus

312 3520 377 3573 ut
403 3520 693 3587 tanquam
724 3512 856 3569 Rex
883 3515 1251 3589 praeconium
1279 3512 1432 3571 servi
1468 3511 1561 3569 sui
1606 3513 1976 3569 authoritate
2004 3530 2114 3569 sua
2161 3516 2553 3573 confirmaret.
2639 3516 2730 3574 Ut

312 3611 454 3665 ergo
473 3608 579 3665 per
606 3590 649 3648 J
652 3608 926 3662 oannem,
957 3594 1059 3650 sed
1088 3610 1209 3651 non
1238 3597 1478 3667 propter
1498 3589 1541 3648 J
1545 3607 1802 3647 oannem
1819 3592 2140 3648 credebant
2157 3590 2410 3665 Christo,
2443 3602 2478 3627 “
2503 3594 2728 3651 Venit’'

312 3672 489 3740 enim,
522 3674 639 3725 “ut
686 3675 1003 3727 testaretur
1049 3672 1124 3728 de
1172 3671 1323 3740 luce,
1374 3677 1445 3726 ut
1486 3686 1691 3726 omnes
1735 3670 2078 3727 crederent’'
2109 3666 2170 3727 δι’
2197 3674 2350 3729 αὑτοῦ
2379 3672 2726 3746 peripsam,

312 3767 432 3807 non
461 3746 524 3806 δι’
555 3750 700 3806 αὖτὸν
727 3756 969 3823 propter
995 3749 1226 3824 ipsum3
1272 3748 1374 3806 Ita
1414 3765 1519 3821 per
1569 3744 1915 3819 Ecclesiam,
1943 3766 2066 3803 non
2092 3757 2336 3824 propter
2361 3766 2492 3805 eam
2525 3748 2732 3804 Verbo

314 3827 611 3884 credimus
638 3848 655 3899 3
698 3828 976 3885 Testatur
1020 3830 1096 3884 de
1143 3826 1365 3897 Verb0,
1412 3842 1602 3901 quum
1650 3824 1804 3881 illud
1852 3826 2076 3883 indicat
2123 3834 2182 3883 et
2231 3828 2525 3901 proponit.
2611 3826 2728 3883 Sed

320 3904 594 3963 Verbum
620 3911 875 3963 testatur
901 3908 977 3963 de
1006 3904 1287 3975 Ecclesia,
1318 3922 1506 3979 quum
1544 3920 1678 3960 eam
1719 3902 1939 3961 fundat
1981 3910 2042 3960 et
2083 3903 2357 3961 instituit.
2445 3904 2730 3979 Epistolae

316 3980 496 4041 Pauli
522 3982 889 4055 majestatem
920 3984 1215 4041 Authoris
1243 3982 1664 4039 commendant
1690 4000 1728 4038 a
1754 3982 2080 4057 posteriori,
2103 3988 2172 4039 ut
2192 4000 2342 4057 opus
2370 3983 2580 4039 laudat
2608 3982 2736 4056 opi-

314 4062 517 4130 ficem3
561 4061 663 4117 sed
714 4058 942 4120 Paulus
998 4070 1069 4120 ut
1118 4062 1207 4117 vir
1256 4060 1369 4118 Dei
1402 4070 1702 4125 θιοσι-ηυσ-τος
1730 4060 1960 4117 confert
2004 4060 2127 4116 illis
2176 4060 2463 4134 quicquid
2512 4062 2737 4117 habent

316 4138 698 4197 authoritatis
725 4157 762 4196 a
788 4142 988 4214 priori.
1058 4141 1114 4197 3.
1160 4139 1479 4213 Perperam
1506 4141 1795 4197 asseritur
1823 4138 2180 4211 Symbolum
2207 4139 2438 4195 nullam
2467 4138 2736 4195 authori-

314 4226 501 4276 tatem
528 4215 745 4273 habere
774 4218 887 4276 nisi
924 4220 999 4277 ab
1049 4218 1330 4290 Ecclesia,
1369 4236 1507 4276 cum
1544 4225 1736 4275 totam
1782 4217 2000 4273 habeat
2042 4234 2078 4271 a
2131 4214 2456 4289 Scriptura,
2487 4234 2524 4273 a
2551 4216 2657 4290 qui
2685 4216 2731 4273 si

316 4316 437 4354 non
480 4296 733 4367 αὖτολιξιὶ
775 4303 837 4354 et
882 4298 1081 4373 quoad
1129 4314 1321 4366 voceS‚
1372 4298 1583 4354 saltem
1631 4296 1832 4369 quoad
1878 4310 1970 4349 res
2014 4293 2169 4366 ipsas
2216 4294 2596 4368 desumptum
2627 4300 2735 4352 est.

320 4374 536 4449 Itaque
566 4376 615 4433 si
644 4376 859 4451 probat
887 4376 1230 4446 Ecclesiam,
1260 4380 1389 4433 tota
1415 4376 1505 4431 vis
1548 4372 1886 4446 argumenti
1933 4389 1970 4427 a
2021 4370 2326 4443 Scriptura
2351 4372 2496 4445 ipsa,
2525 4373 2588 4428 in
2617 4390 2739 4448 qua

314 4452 624 4525 fundatur,
637 4456 874 4529 pendet,
887 4474 995 4513 nec
1006 4453 1271 4512 Ecclesia
1282 4454 1471 4510 ullam
1487 4452 1685 4525 potuit
1707 4450 1747 4507 S
1750 4450 1994 4523 ymbolo
2011 4448 2434 4507 authoritatem
2453 4453 2615 4523 dare,
2636 4452 2740 4509 sed

316 4533 431 4589 hoc
440 4540 725 4608 tanquam
744 4534 1057 4591 Summam
1066 4532 1499 4591 credendorum
1512 4548 1585 4585 ex
1600 4529 1906 4603 Scriptura
1927 4527 2172 4601 petitam
2184 4528 2460 4587 fidelibus
2479 4532 2740 4587 tradidit.

400 4610 649 4669 XXIV.
700 4614 801 4669 Ad
828 4614 1033 4669 locum
1060 4628 1219 4681 vero,
1254 4610 1284 4667 1
1321 4608 1473 4666 Tim.
1502 4607 1586 4665 iii.
1622 4606 1713 4676 15,
1745 4608 1908 4680 quod
1939 4607 2170 4675 attinet,
2219 4614 2288 4664 ut
2329 4608 2748 4666 vexatissimus

316 4695 421 4759 est,
452 4697 511 4746 et
542 4692 797 4749 subinde
841 4699 1129 4765 tanquam
1174 4688 1515 4747 Achilleum
1562 4690 1986 4761 argumentum
2033 4686 2208 4743 nobis
2239 4686 2533 4761 objicitur,
2563 4688 2750 4762 paulo
