3234 5192
372 344 605 386 msrur.
638 322 727 405 v.]
1116 339 1343 382 nosrssA
1376 340 1453 380 AB
1484 340 1766 381 sccnssm
1795 340 2064 382 nonam.
2677 330 2792 389 115

370 486 675 547 tormentis
702 484 902 545 vexati
950 494 1100 559 sunt,
1133 482 1237 543 sed
1263 490 1322 543 et
1348 482 1475 541 vivi
1502 491 1638 543 sunt
1664 482 1908 543 ustulati
1935 484 2089 543 circa
2116 502 2248 543 ann.
2285 486 2438 545 1416
2469 507 2484 561 ς
2545 488 2692 547 nihil
2719 488 2793 549 de

366 568 635 645 pluribus
662 566 794 625 aliis
822 586 899 625 ex
926 564 1173 624 diversis
1226 563 1384 623 orbis
1430 570 1715 623 terrarum
1754 563 2092 641 regionibus
2136 563 2421 625 divinitus
2465 565 2542 624 ad
2569 568 2790 629 instau-

369 648 615 707 randum
646 646 1149 706 Christianismum
1198 644 1429 704 selectis
1470 642 1843 721 martyribus,
1874 644 2006 720 quis
2055 644 2241 704 nescit
2285 652 2429 721 quot
2457 655 2516 705 et
2555 658 2789 724 quantae

368 737 711 807 perpetratae
728 727 941 786 fuerint
960 725 1163 801 caedes,
1188 744 1307 783 non
1326 744 1658 802 paucorum,
1684 723 1786 782 sed
1803 723 2233 783 innumerorum
2256 724 2512 785 fidelium
2533 729 2562 785 P
2615 748 2790 805 quam

369 810 651 868 immanes
680 815 881 867 contra
908 806 1280 884 Albigenses,
1312 804 1656 879 Valdenses,
1690 804 2028 879 Lolhardos,
2065 804 2442 881 Lutheranos,
2486 805 2789 867 Reforma-

368 898 479 965 tos,
511 910 637 949 sese
680 888 970 947 erroribus
1014 897 1074 947 et
1118 884 1414 963 tyrannidi
1442 884 1722 943 Ecclesiae
1753 884 2030 942 Romanae
2073 894 2445 963 opponentes,
2495 889 2788 949 suscitatae

371 969 814 1047 persecutiones,
846 968 1021 1027 editae
1050 974 1290 1043 strages,
1322 974 1381 1025 et
1408 964 1754 1023 carnificinae
1780 962 2082 1023 horrendae
2110 964 2170 1021 in
2199 966 2506 1044 praecipuis
2536 967 2787 1046 Europae

368 1052 565 1128 regnis
593 1058 653 1109 et
669 1047 983 1127 provinciis
1003 1051 1031 1106 P
1114 1047 1331 1106 Horret
1352 1044 1577 1105 animus
1599 1044 1854 1122 cogitare
1883 1053 1942 1103 et
1969 1064 2266 1105 recensere
2313 1047 2783 1125 proscriptiones,

362 1131 564 1207 exilia,
610 1149 883 1203 carceres,
914 1129 1085 1203 bella,
1114 1127 1391 1201 lanienas,
1422 1134 1482 1185 et
1511 1126 1832 1184 saevissima
1871 1132 2172 1201 tormenta,
2219 1126 2434 1203 quibus
2478 1128 2540 1185 in
2583 1128 2786 1191 fideles

371 1211 585 1270 Christi
614 1230 829 1285 servos,
862 1218 919 1269 et
950 1207 1405 1268 Christianorum
1438 1206 1730 1285 myriadas
1760 1204 2026 1264 saevitum
2053 1213 2158 1281 est,
2183 1226 2300 1264 non
2346 1207 2460 1265 alia
2488 1209 2562 1268 de
2610 1229 2787 1271 causa

366 1310 541 1367 quam
569 1291 705 1369 quia
734 1289 1145 1349 conscientiam
1173 1286 1515 1347 idololatrias
1558 1286 1796 1345 crimine
1823 1284 2082 1363 polluere
2111 1284 2526 1363 detrectabant,
2559 1297 2618 1348 et
2647 1292 2784 1350 cha·

368 1381 647 1431 racterem
677 1370 909 1444 Bestiae,
954 1370 1050 1427 vel
1096 1368 1399 1427 admittere
1448 1366 1738 1440 nolebant,
1789 1365 1887 1424 vel
1929 1364 2178 1442 amplius
2223 1364 2386 1426 ferre.
2475 1368 2646 1428 Vidit
2674 1372 2784 1431 hoc

370 1452 610 1511 nimium
638 1459 697 1511 et
725 1451 921 1525 sensit,
952 1450 1097 1528 proh
1125 1448 1325 1508 dolorl
1370 1446 1674 1523 Hispania,
1703 1446 1890 1521 Italia,
1924 1446 2135 1514 Gallia,
2167 1445 2406 1523 Anglia,
2449 1448 2779 1528 Germania,

372 1532 657 1611 Belgium,
690 1540 748 1591 et
776 1539 935 1591 totus
962 1550 1107 1609 pene
1136 1528 1293 1588 orbis
1324 1527 1701 1587 Christianus
1791 1526 2016 1587 Clamat
2044 1525 2234 1585 adhuc
2274 1535 2362 1586 tot
2388 1527 2782 1589 innocentium

370 1614 623 1690 sanguis,
656 1633 771 1689 quo
800 1632 917 1670 non
946 1611 1120 1669 urbes
1148 1608 1339 1683 modo,
1370 1607 1475 1667 sed
1503 1616 1561 1667 et
1582 1606 1772 1685 campi
1799 1606 1907 1666 toti
1947 1605 2312 1667 maduerunt.
2401 1608 2518 1667 Sed
2545 1620 2783 1686 praestat

368 1693 493 1751 haec
530 1693 747 1753 silentii
789 1691 999 1769 sipario
1041 1700 1257 1767 tegere,
1308 1708 1482 1766 quam
1530 1708 1601 1746 ea
1649 1686 1948 1746 referendo
1998 1686 2300 1746 infandum
2345 1707 2625 1749 renovare
2675 1690 2778 1751 do-

368 1774 565 1832 lorem.
654 1773 895 1832 Utinam
938 1791 1078 1831 vero
1127 1770 1253 1829 haec
1317 1768 1561 1827 fuissent
1606 1776 1847 1843 tantum,
1891 1788 2000 1827 nec
2061 1776 2258 1827 nostra
2308 1778 2465 1845 aetas,
2519 1780 2780 1831 nostrum

364 1854 475 1912 hoc
505 1854 763 1913 seculum
792 1852 1123 1912 tristissima
1148 1848 1473 1910 istiusmodi
1502 1847 1598 1907 vel
1627 1848 1870 1907 vidisset
1890 1848 2030 1926 jam,
2061 1847 2160 1907 vel
2204 1848 2428 1909 videret
2465 1850 2780 1912 etiamnum

368 1935 653 2012 exempla.
744 1932 859 1993 Sed
898 1932 1077 1992 Satan
1118 1930 1419 2007 antiquum
1462 1948 1689 2006 semper
1728 1929 1985 2006 obtinet3
2030 1928 2147 1988 imo
2187 1929 2536 2007 procedente
2579 1933 2777 1992 seculo

364 2014 650 2091 duplicari
691 2012 923 2073 videtur
963 2012 1091 2089 ejus
1118 2010 1325 2085 rabies,
1357 2010 1495 2068 dum
1522 2009 1850 2086 tyrannidis
1879 2030 1998 2069 suae
2027 2010 2278 2087 spatium
2306 2010 2570 2069 contrahi
2597 2012 2776 2073 videt.

362 2094 533 2168 Quod
562 2094 613 2151 si
640 2091 989 2152 recensenda
1015 2100 1212 2151 essent
1237 2090 1483 2168 plurima
1508 2089 1866 2149 crudelitatis
1913 2089 2082 2147 istius
2108 2098 2463 2166 argumenta,
2495 2092 2637 2169 quid
2663 2113 2779 2153 non

360 2172 676 2233 dicendum
705 2180 857 2231 esset
885 2171 957 2229 de
984 2170 1303 2245 dirissimis,
1335 2191 1465 2249 quae
1494 2170 1916 2247 quinquaginta
1942 2169 2152 2228 abhinc
2179 2170 2362 2245 annis,
2393 2172 2491 2229 vel
2518 2172 2578 2230 in
2606 2174 2776 2232 1212oe-

365 2254 449 2311 tia
478 2260 537 2311 et
573 2254 733 2309 Valle
757 2251 969 2328 Telina,
1000 2270 1151 2310 anno
1182 2254 1355 2325 1620,
1385 2251 1483 2309 vel
1510 2250 1571 2308 in
1598 2251 1894 2326 Hibernia,
1926 2270 2078 2308 anno
2105 2252 2277 2327 1645,
2308 2250 2406 2309 vel
2432 2251 2494 2309 in
2532 2254 2779 2313 Vallibus

362 2332 814 2407 Pedemontam’s,
845 2352 995 2391 anno
1027 2331 1197 2408 1655,
1227 2331 1470 2410 perfidia
1485 2331 1793 2408 plusquam
1811 2330 2048 2406 Punica,
2091 2337 2148 2389 et
2188 2330 2451 2390 barbaric
2469 2332 2776 2411 plusquam

362 2412 623 2472 belluina
644 2414 1024 2491 contigerunt,
1049 2413 1293 2472 lanienis
1313 2416 1341 2471 ?
1424 2412 1503 2471 Et
1544 2410 1617 2469 de
1660 2410 2088 2471 luctuosissima
2127 2410 2517 2472 Ecclesiarum
2547 2412 2775 2474 illarum

360 2493 891 2571 antiquissimarum
920 2494 1295 2572 dissipatione
1324 2501 1383 2552 et
1412 2491 1593 2568 clade,
1645 2511 1776 2568 quae
1819 2491 2134 2550 novissime
2164 2492 2424 2571 contigit,
2457 2513 2574 2552 non
2602 2494 2775 2553 aliam

357 2574 437 2633 ob
466 2594 717 2650 causam,
748 2594 921 2652 quam
942 2582 1178 2652 propter
1202 2573 1561 2650 religionem,
1586 2572 1724 2649 quia
1744 2572 2054 2631 noluerunt
2074 2572 2361 2649 puriorem
2399 2572 2572 2633 fidem
2601 2595 2638 2633 a
2663 2575 2776 2653 piis

360 2654 679 2731 majoribus
710 2655 997 2729 traditam,
1032 2662 1091 2713 et
1118 2654 1191 2713 ab
1220 2653 1363 2732 ipsis
1392 2651 1810 2731 Apostolorum
1859 2652 2216 2731 temporibus
2260 2660 2590 2713 constanter
2630 2656 2783 2715 inter

361 2734 519 2812 ipsos
545 2744 833 2813 receptam
862 2742 921 2793 et
949 2733 1243 2810 creditam,
1294 2734 1528 2812 ejerare,
1574 2742 1642 2792 ut
1685 2752 1746 2791 se
1796 2733 1996 2809 Papali
2026 2732 2318 2808 tyrannidi
2347 2734 2772 2811 manciparent;

359 2835 605 2891 quarum
632 2814 991 2874 miserabiles
1020 2821 1328 2891 supersunt
1356 2813 1630 2890 reliquiae,
1663 2812 1885 2889 piorum
1910 2812 2164 2871 omnium
2187 2832 2380 2870 amore
2409 2823 2467 2872 et
2496 2813 2774 2874 charitate

358 2894 733 2971 dignissimas,
763 2894 975 2972 partim
1002 2915 1077 2953 ex
1106 2893 1416 2953 inaccessis
1456 2892 1740 2951 montium
1774 2890 1953 2969 jugis,
1986 2900 2044 2949 et
2087 2891 2300 2949 abditis
2327 2891 2556 2969 rupium
2585 2894 2766 2953 antris

358 2974 588 3052 elapsae,
640 2975 800 3033 velut
850 2976 1065 3035 titiones
1106 2994 1179 3032 ex
1224 2974 1350 3049 ique
1396 2972 1589 3048 erepti,
1642 2972 1850 3049 partim
1881 2991 1956 3028 ex
1985 2970 2164 3045 tetris,
2211 2970 2422 3047 quibus
2449 2990 2486 3029 a
2511 2973 2774 3049 pluribus

360 3055 653 3115 mensibus
682 3054 1059 3132 injustissime
1087 3053 1327 3112 inclusae
1354 3060 1639 3126 tenentur,
1691 3050 2032 3125 carceribus,
2084 3069 2213 3126 quse
2251 3050 2414 3109 brevi
2458 3050 2774 3113 liberandae

362 3132 643 3211 dicuntur,
677 3135 750 3194 de
778 3136 989 3213 quibus
1019 3134 1145 3192 sine
1170 3131 1503 3209 lachrymis,
1535 3139 1593 3189 et
1618 3130 1926 3189 tenerrimo
1955 3136 2130 3189 tantae
2158 3130 2412 3208 ipsarum
2430 3132 2774 3195 calamitatis

360 3232 549 3291 sensu,
582 3216 823 3293 cogitari
852 3234 968 3274 non
996 3220 1205 3291 potest.
1292 3210 1446 3287 Quid
1472 3231 1672 3271 rursus
1722 3210 1835 3269 dici
1880 3231 1996 3269 non
2040 3220 2237 3289 posset
2281 3210 2353 3271 de
2383 3214 2776 3292 compluribus

354 3294 489 3353 aliis
517 3296 929 3355 crudelissimis
949 3293 1462 3371 persecutionibuS,
1487 3312 1616 3370 quae
1647 3292 1708 3350 in
1737 3292 2026 3368 Bohemia,
2059 3292 2407 3370 Palatinam,
2439 3296 2768 3373 Hunqaria,

350 3382 416 3433 et
440 3374 581 3433 alibi
610 3376 825 3453 passim
852 3376 912 3432 in
944 3374 1338 3435 Protestantes
1358 3383 1529 3433 motae
1559 3382 1696 3433 sunt
1711 3380 1897 3449 antea,
1921 3381 1980 3433 et
2007 3394 2135 3451 quae
2154 3374 2412 3452 quotidie
2431 3381 2775 3437 moventur?

360 3454 430 3512 In
456 3455 653 3515 Gallia
672 3455 971 3531 imprimis,
991 3454 1092 3513 ubi
1120 3454 1179 3513 in
1206 3462 1433 3513 tantum
1454 3454 1674 3514 exarsit
1700 3453 2435 3533 persecutionis2exquisitae
2458 3466 2650 3531 aestus,
2671 3458 2772 3517 ad-

357 3552 563 3593 versus
590 3536 719 3613 pios
747 3534 969 3607 fratres,
1004 3542 1071 3593 ut
1096 3534 1316 3595 nullam
1346 3536 1597 3612 quietem
1622 3534 1732 3593 sibi
1762 3533 1986 3594 dederit
2009 3535 2212 3594 Clcrus
2243 3536 2554 3612 Romanus,
2587 3538 2771 3597 hostis

354 3611 611 3691 ipsorum
640 3613 898 3691 aex-⁹305,
924 3614 1107 3674 donec
1136 3614 1449 3674 obtinuerit
1465 3615 1735 3674 ultimum
1757 3614 2149 3675 Ecclesiarum
2177 3615 2402 3674 illarum
2434 3615 2768 3675 florentissi-

353 3714 576 3755 marum
604 3696 913 3770 excidium,
946 3714 1049 3772 per
1092 3694 1415 3755 absolutam
1443 3696 1609 3755 edicti
1645 3696 2036 3769 Nannetemis,
2083 3694 2286 3755 Octob.
2323 3698 2413 3770 18,
2450 3696 2621 3771 1685,
2653 3696 2770 3755 fac-

354 3782 473 3833 tam
530 3777 984 3854 abrogationem,
1045 3776 1153 3834 sub
1218 3776 1384 3852 cujus
1426 3774 1539 3833 fide
1586 3774 1836 3851 publica,
1885 3784 2158 3851 tanquam
2209 3774 2376 3833 edicti
2406 3774 2676 3851 perpetui
2719 3784 2774 3835 et

352 3855 752 3929 irrevocabilis,
798 3866 851 3915 et
878 3856 1012 3933 leyis
1038 3856 1204 3931 reqm'
1228 3856 1702 3930 fimdamentaleis,
1731 3862 1798 3913 ut
1825 3854 2147 3932 appellatur
2175 3852 2437 3930 subinde,
2489 3854 2769 3913 hactenus

352 3943 557 4011 pacate
606 3935 796 4013 quoad
843 3935 1171 3997 libertatem
1219 3934 1699 3995 conscientiarum
1737 3934 2022 4010 vixerant,
2066 3934 2204 3993 licet
2229 3953 2344 3991 non
2393 3952 2594 4010 parum
2623 3932 2770 3993 illud

342 4014 473 4091 jam
501 4016 679 4073 variis
717 4016 905 4075 modis
933 4015 1208 4094 quotidie,
1253 4015 1474 4074 artibus
1508 4014 1972 4074 adversariorum
2011 4011 2353 4087 vaferrimis,
2393 4012 2766 4073 labefactare·

352 4102 467 4153 tur.
574 4094 803 4154 Exinde
852 4096 1023 4173 enim,
1052 4104 1121 4155 ut
1187 4096 1433 4173 abyssus
1474 4096 1752 4172 abyssum
1794 4094 2043 4167 invocat,
2080 4092 2312 4167 factum,
2355 4100 2422 4151 ut
2463 4092 2770 4169 privilegia

354 4173 551 4231 omnia
597 4174 944 4235 Reformatis
992 4196 1267 4236 concessa
1308 4176 1503 4234 ablata
1550 4175 1684 4249 sint,
1716 4172 1932 4249 templa
1981 4192 2178 4231 corum
2207 4171 2414 4245 diruta,
2447 4172 2661 4230 scholae
2711 4182 2770 4233 et

352 4252 665 4313 academias
712 4255 938 4331 clausae,
988 4264 1249 4334 pastores
1295 4256 1357 4313 in
1422 4255 1663 4315 exilium
1706 4252 1878 4331 pulsi,
1931 4252 2028 4310 vel
2073 4250 2133 4308 in
2194 4270 2452 4309 carceres
2497 4252 2766 4330 conjecti,

352 4354 564 4411 greges
593 4334 869 4395 dominici
890 4336 1153 4413 dispersi,
1183 4344 1243 4393 et
1268 4336 1383 4394 huc
1412 4335 1551 4393 illue
1590 4333 1841 4410 disjecti,
1886 4331 2126 4389 libertas
2175 4330 2598 4408 exercitiorum,
2631 4354 2766 4392 con-

352 4414 723 4475 scientiarum
749 4416 979 4494 penitus
1009 4424 1220 4493 erepta,
1253 4423 1313 4474 et
1339 4414 1454 4472 alia
1480 4414 1543 4472 id
1570 4432 1756 4491 genus
1783 4412 1844 4469 in
1873 4409 2278 4468 afflictissimos
2306 4410 2508 4471 fratres
2536 4412 2770 4473 decreta

350 4500 409 4552 et
430 4496 702 4571 exercita,
748 4516 879 4573 quoe
927 4504 993 4554 ut
1020 4496 1191 4553 nimis
1228 4496 1291 4552 in
1330 4494 1547 4569 vulgus
1588 4500 1728 4551 nota
1776 4490 2111 4565 omittimus,
2163 4510 2406 4569 quaeque
2452 4492 2768 4569 lachrymis

348 4574 545 4649 potius
574 4576 911 4653 sanguineis
938 4574 1221 4649 deflenda,
1266 4592 1439 4650 quam
1480 4572 1678 4631 verbis
1721 4578 1856 4629 sunt
1897 4569 2290 4647 exprimenda.
2380 4572 2476 4632 Sic
2526 4573 2764 4648 scilicet,

346 4672 497 4730 quos
524 4655 699 4715 simul
743 4664 801 4713 et
830 4656 1007 4714 semel
1036 4654 1229 4713 delere
1256 4673 1372 4711 non
1400 4652 1587 4731 potuit
1620 4649 1962 4711 Antichristi
1993 4650 2320 4729 crudelitas,
2347 4652 2559 4712 sensim
2587 4652 2763 4713 confi-
