3234 5192
548 358 664 412 682
1086 367 1163 406 nn
1194 363 1677 407 sxnsucrloms
1704 362 1943 406 cnmsrr
1971 364 2398 405 PERFECTIONE.
2509 344 2771 427 [Disru'r.
2803 364 2953 405 κιαι.

547 510 775 588 peccati
802 507 1133 567 describere
1160 506 1328 578 solet,
1353 525 1543 582 quum
1570 506 1717 565 dicit
1737 506 1938 565 Deum
1957 512 2197 581 peccata
2215 510 2418 563 nostra
2440 510 2476 540 “
2497 505 2711 581 delere,
2731 514 2949 582 tegere,

550 609 673 648 non
699 590 1016 664 imputare,
1046 593 1181 661 post
1206 592 1445 659 tergum
1490 586 1799 661 projicere,
1831 586 1897 643 in
1939 584 2308 660 profundum
2351 585 2708 657 demergere,
2737 604 2948 644 eorum

546 685 669 726 non
697 666 1055 736 recordari‚''
1086 666 1208 736 δια,
1239 663 1397 722 Psal.
1426 664 1611 721 xxxii.
1648 665 1700 734 1,
1731 664 1786 733 2,
1817 672 1878 721 et
1903 662 2017 721 ciii.
2051 662 2143 733 12,
2170 662 2286 719 Isa.
2315 663 2560 719 xxxviii.
2593 663 2685 734 17,
2714 672 2775 721 et
2797 665 2944 721 xliv.

547 748 645 818 22,
677 746 821 806 Mic.
850 746 951 803 vii.
978 744 1069 815 19,
1100 742 1145 801 J
1146 762 1226 801 er.
1276 742 1439 799 xxxi.
1487 742 1580 813 34,
1631 744 1732 800 ὅτε.
1780 742 1992 800 Palam
2039 740 2199 798 enim
2243 747 2334 797 est
2359 739 2593 799 divinos
2619 741 2947 817 Scriptores

544 832 670 884 tam
698 824 951 895 disertis,
1002 829 1245 897 tamque
1288 820 1636 895 emphaticis
1683 819 2048 895 metaphoris
2094 820 2252 875 velle
2278 826 2350 876 ut
2373 820 2490 877 hoc
2515 820 2688 877 nobis
2715 822 2790 878 sit
2815 838 2947 897 per-

546 903 972 971 suasissimum,
1002 900 1525 957 clementissimum
1566 900 1744 957 illum
1793 897 2142 968 Dominum,
2173 898 2222 954 si
2269 899 2453 955 semel
2479 899 2641 957 bona
2665 900 2783 957 fide
2807 918 2958 956 cum.

544 1000 615 1040 eo
646 982 707 1039 in
736 981 993 1055 gratiam
1020 980 1350 1048 redeamus,
1378 978 1613 1035 nullam
1662 978 1904 1036 omnino
1953 976 2346 1034 admissorum
2386 995 2424 1034 a
2470 978 2642 1036 nobis
2678 984 2944 1054 peccato-

544 1078 681 1117 rum
706 1060 999 1117 rationem
1027 1058 1394 1126 habiturum,
1442 1072 1633 1132 eaque
1675 1057 1870 1133 plane.
1901 1056 2100 1113 inulta
2145 1062 2206 1112 et
2250 1055 2547 1129 impunita
2591 1054 2944 1131 praetermis-

540 1156 769 1196 surum.
834 1137 910 1195 Id
937 1154 1078 1193 vero
1108 1136 1279 1192 nullo
1324 1135 1506 1191 modo
1554 1142 1710 1194 stare
1757 1141 1953 1213 potest
1993 1134 2044 1191 si
2069 1152 2213 1191 vera
2237 1142 2380 1192 sunt
2406 1152 2540 1210 quae
2568 1137 2784 1193 docent
2812 1135 2945 1192 Ad-

541 1216 803 1275 versarii.
864 1216 1039 1275 Certe
1086 1214 1137 1272 si
1182 1214 1360 1289 punit
1407 1212 1572 1271 Deus
1611 1222 1867 1291 peccata,
1919 1214 2214 1289 imputat3
2257 1212 2306 1270 si
2351 1212 2632 1285 vindicat,
2675 1214 2943 1272 recorda-

537 1304 676 1366 tur;
719 1295 873 1353 sind
907 1293 1207 1369 judicium
1236 1298 1427 1363 vocat,
1456 1297 1613 1351 tecta
1657 1312 1778 1352 non
1819 1294 2037 1366 habet3
2081 1292 2132 1349 si
2174 1291 2495 1362 examinat,
2524 1300 2662 1366 post
2705 1300 2942 1367 tergum

539 1392 663 1432 non
702 1373 940 1450 projicit
957 1395 971 1443 ;
1017 1373 1064 1431 si
1118 1372 1376 1447 inspicit,
1432 1389 1556 1428 non
1610 1373 1956 1430 obliteravit
2007 1372 2196 1428 instar
2249 1370 2486 1427 nebulae
2509 1391 2525 1441 ;
2569 1371 2619 1427 si
2671 1370 2940 1441 ventilat,

537 1471 660 1510 non
689 1452 926 1527 projicit
964 1452 1027 1509 in
1070 1450 1440 1526 profundum
1482 1451 1680 1508 maris.
1763 1450 1928 1509 Nam
1975 1450 2193 1507 cumis
2240 1449 2345 1522 qui
2391 1456 2700 1523 peccatum
2746 1448 2938 1525 punit,

536 1531 599 1588 in
628 1531 830 1588 animo
858 1538 919 1588 et
945 1530 1234 1587 memoria
1276 1544 1533 1605 praesens
1576 1546 1805 1603 semper
1844 1528 2079 1597 habeat,
2121 1544 2264 1583 sane
2291 1543 2412 1583 non
2443 1535 2638 1601 potest
2663 1528 2780 1585 dici
2807 1546 2942 1602 pec-

536 1609 653 1667 cati
680 1626 799 1665 non
847 1608 1107 1681 amplius
1156 1605 1456 1663 recordari
1484 1612 1545 1663 et
1591 1607 1721 1679 ejus
1749 1605 2096 1662 memoriam
2123 1603 2332 1678 procul
2361 1604 2658 1676 abjecisse,
2690 1606 2794 1679 qui
2808 1624 2944 1679 poe-

532 1705 643 1744 nas
664 1704 769 1760 pro
797 1703 867 1741 eo
896 1686 1096 1742 adhuc
1122 1683 1402 1757 exposcit.
1492 1682 1674 1740 Unde
1713 1684 2021 1757 prophetie
2057 1680 2256 1738 Deum
2285 1687 2320 1713 ‘⁶
2341 1684 2700 1756 recordari,’'
2729 1683 2942 1739 dicunt

533 1772 571 1799 “
771 1762 1027 1832 torum‚”
1058 1778 1195 1817 cum
1216 1761 1326 1817 illa
1352 1760 1674 1829 ulciscitur,
1703 1766 1774 1816 ut
1799 1777 1922 1816 non
1969 1759 2154 1816 semel
2180 1758 2342 1831 apud
2373 1756 2588 1816 Oseam
2617 1760 2857 1833 legitur,
2885 1778 2935 1816 c.

533 1841 655 1899 viii.
690 1841 782 1911 13,
810 1846 871 1897 et
895 1840 977 1895 ix.
1008 1839 1063 1909 9,
1086 1844 1149 1895 et
1166 1838 1327 1913 apud
1355 1838 1399 1897 J
1402 1856 1483 1896 er.
1512 1839 1632 1894 xiv.
1667 1838 1775 1914 103
1819 1838 2120 1913 quomodo
2149 1834 2353 1893 Latini
2372 1834 2435 1891 in
2459 1836 2641 1894 scelus
2667 1836 2938 1893 animad-

531 1930 753 1977 vertere
778 1918 986 1977 dicunt
1012 1935 1151 1975 eum
1180 1916 1287 1991 qui
1315 1916 1375 1973 id
1400 1916 1592 1991 punit,
1616 1923 1677 1974 et
1691 1918 1856 1992 apud
1877 1915 2118 1975 Graecos
2143 1916 2414 1990 ἀμνηστίας
2440 1932 2657 1973 nomen
2678 1914 2940 1972 invaluit

534 2000 612 2059 ad
650 2000 890 2077 plenam
934 1993 1473 2054 reconciliationem
1517 1995 1965 2071 designandam.
2039 1994 2245 2071 Atque
2292 1996 2412 2053 huc
2439 1992 2664 2052 faciunt
2692 1993 2941 2068 Augus·

536 2078 649 2136 tini
675 2078 859 2136 verba
884 2075 947 2132 in
983 2074 1142 2133 Psal.
1186 2074 1394 2147 xxxii„
1438 2080 1475 2109 “
1500 2074 1563 2133 Si
1610 2075 1763 2133 texit
1789 2079 2047 2150 peccata,
2079 2073 2276 2131 noluit
2312 2075 2637 2143 advertere,
2665 2072 2712 2131 si
2741 2071 2942 2129 noluit

535 2158 860 2227 advertere,
891 2154 1087 2213 noluit
1114 2152 1604 2225 animadvertere,
1635 2154 1683 2211 si
1727 2153 1926 2211 noluit
1965 2152 2454 2223 animadvertere,
2483 2152 2682 2209 noluit
2707 2150 2937 2227 punire,

533 2237 733 2295 noluit
775 2251 1116 2311 agnoscere,
1164 2232 1381 2290 maluit
1426 2232 1790 2307 ignoscere,'’
1841 2234 1944 2291 διο.
1987 2230 2252 2307 Reponit
2295 2230 2579 2289 Bellarm.
2603 2232 2704 2289 lib.
2733 2231 2812 2287 iv.
2861 2228 2938 2285 de

536 2312 703 2373 Poen.
734 2333 784 2372 c.
817 2314 909 2384 15,
954 2320 991 2347 “
1014 2312 1256 2368 Allatas
1298 2312 1543 2385 phrases
1588 2313 1706 2369 hoc
1743 2319 1984 2370 tantum
2027 2310 2374 2383 significare,
2406 2310 2606 2367 Deum
2631 2308 2934 2385 projicere,

532 2393 749 2463 delere,
793 2409 916 2447 non
962 2388 1181 2459 videre,
1234 2394 1294 2443 et
1339 2405 1461 2443 non
1492 2388 1792 2463 imputare
1833 2394 2080 2463 peccata
2105 2405 2334 2457 eorum,
2365 2388 2586 2465 quibus
2613 2388 2938 2445 amicitiam

534 2485 705 2526 suam
732 2476 793 2525 et
838 2465 1098 2541 gratiam
1134 2463 1416 2533 restituit,
1446 2464 1591 2539 quia
1617 2467 1782 2538 quod
1833 2465 2048 2523 attinet
2073 2466 2151 2521 ad
2179 2472 2414 2521 reatum
2441 2465 2634 2539 culpae
2663 2474 2938 2541 etxpoenoe

534 2553 771 2602 aeternae
802 2546 886 2601 ita
910 2544 1049 2599 illos
1084 2540 1321 2615 respicit
1348 2558 1417 2597 ac
1465 2541 1517 2599 si
1544 2560 1857 2617 nunquam
1885 2544 2238 2616 peccassent,
2268 2541 2406 2599 licet
2433 2543 2510 2599 ob
2539 2560 2748 2599 eorum
2777 2542 2942 2599 utili-

532 2630 735 2693 tatem,
765 2621 1015 2697 aliisque
1045 2617 1225 2693 justis
1251 2619 1326 2674 de
1354 2619 1544 2676 causis
1592 2627 1701 2677 aut
1727 2638 1828 2677 eos
1855 2619 1978 2694 ipse
2005 2617 2412 2693 temporaliter
2437 2620 2702 2693 castiget,
2730 2627 2839 2677 aut
2865 2626 2940 2677 ut

531 2701 646 2778 ipsi
700 2719 760 2758 se
804 2700 1093 2773 castigent
1132 2695 1333 2754 velit.”
1418 2696 1536 2756 Sed
1578 2698 1708 2756 haec
1751 2698 1956 2757 omnia
1997 2697 2180 2772 gratis
2227 2698 2527 2768 dicuntur,
2555 2698 2938 2773 probandum

534 2780 753 2858 quippe
794 2780 929 2850 fuit,
975 2794 1095 2834 non
1140 2777 1618 2851 supponendum,
1668 2778 1822 2835 nihii
1869 2778 2036 2835 aliud
2079 2776 2206 2834 istis
2249 2775 2564 2851 phrasibus
2599 2775 2935 2851 significari.

534 2858 667 2918 Nos
714 2858 873 2916 enim
918 2856 1086 2915 aliud
1126 2856 1305 2931 plane
1348 2855 1685 2927 statuimus,
1713 2863 1774 2914 et
1815 2862 2170 2931 argumento
2209 2854 2432 2912 invicto
2459 2856 2940 2914 demonstramus

534 2956 723 3013 poenae
762 2936 954 2995 omnis
981 2952 1103 2992 non
1152 2932 1351 2992 minus
1379 2952 1449 2992 ac
1473 2936 1666 3011 culpae
1695 2935 2101 2993 remissionem
2121 2932 2312 3004 innui,
2344 2933 2488 3007 quia
2513 2934 2608 3008 cuj
2617 2952 2686 2991 us
2713 2934 2938 3009 peccati

533 3017 741 3093 aliqua
759 3033 936 3092 poena
978 3014 1253 3089 exigitur,
1297 3013 1359 3070 id
1408 3013 1523 3071 dici
1564 3014 1775 3089 nequit
1817 3016 2134 3091 projectum
2153 3022 2291 3090 post
2330 3022 2572 3088 teryum,
2601 3014 2698 3069 vel
2719 3013 2940 3071 nebulae

531 3096 727 3153 instar
780 3094 1046 3162 deletum,
1086 3091 1184 3149 vel
1234 3101 1440 3149 tectum
1493 3100 1553 3149 et
1610 3110 1727 3150 non
1779 3094 2146 3169 imputatum.
2235 3090 2386 3158 Quis
2425 3091 2693 3165 judicem
2720 3091 2938 3150 dixerit

534 3172 721 3231 sontis
752 3173 974 3230 crimen
1018 3170 1249 3238 texisse,
1296 3169 1660 3242 obliterasse,
1709 3177 1770 3228 et
1816 3188 1937 3228 non
1988 3171 2328 3246 imputasse,
2357 3170 2464 3245 qui
2511 3176 2774 3226 extremo
2803 3170 2938 3245 qui-

532 3252 669 3307 dem
712 3248 1005 3323 supplicio
1046 3266 1185 3304 eum
1226 3264 1349 3303 non
1377 3248 1659 3321 affecerit,
1701 3255 1982 3306 caeterum
2023 3249 2204 3307 variis
2243 3256 2305 3306 et
2341 3246 2708 3322 gravissimis
2747 3248 2938 3323 poenis

532 3328 783 3385 mulctet
820 3333 882 3383 et
919 3324 1137 3381 afficiat
1165 3326 1189 3381 ἓ
1275 3324 1456 3392 Quod
1522 3342 1665 3384 vero
1722 3329 1938 3384 docent
1986 3328 2184 3385 Deum
2238 3327 2316 3383 ob
2369 3326 2693 3383 utilitatem
2745 3326 2938 3384 homi-

532 3423 682 3461 num
736 3422 840 3461 eos
878 3400 1167 3475 castigare
1209 3402 1662 3477 temporaliter;
1705 3403 1851 3461 Non
1895 3406 2012 3463 huc
2038 3406 2312 3480 pertinet,
2361 3403 2504 3479 quia
2554 3420 2678 3460 non
2731 3404 2935 3479 agitur

532 3484 607 3541 de
634 3480 1121 3556 castigationibus
1150 3487 1210 3537 et
1235 3480 1690 3554 probationibus
1715 3482 2002 3553 fidelium,
2033 3502 2183 3558 quas
2209 3483 2384 3540 facile
2412 3481 2801 3553 admittimus,
2831 3484 2935 3541 sed

533 3563 609 3620 de
652 3556 1281 3696 poenisdJudicialibus,
1327 3576 1475 3635 quas
1521 3560 1719 3634 posita
1765 3558 1880 3618 Dei
1923 3561 2266 3619 remissione
2312 3563 2514 3618 locum
2557 3560 2773 3618 habere
2813 3578 2934 3618 non

574 3657 703 3698 osse
732 3658 826 3697 cre
869 3656 1040 3695 1mus.

532 3660 573 3717 P
614 3716 862 3777 XXIX.
904 3717 962 3775 6.
1007 3714 1249 3791 Pugnat
1274 3733 1411 3773 cum
1440 3714 1635 3775 Praxi
1665 3716 1903 3787 Christi,
1934 3717 2138 3775 multis
2179 3717 2340 3775 enim
2380 3723 2620 3791 peccata
2645 3716 2937 3777 remisisse

530 3798 756 3872 legitur
802 3797 865 3853 in
909 3795 1118 3852 diebus
1162 3794 1352 3852 carnis
1396 3813 1537 3866 suae,
1568 3798 1673 3855 sed
1721 3795 1878 3854 nulli
1903 3812 2172 3871 unquam
2199 3802 2336 3871 post
2361 3795 2666 3852 remissam
2695 3798 2937 3873 culpam

530 3894 737 3955 poenas
766 3874 1185 3933 satisfactorias
1230 3872 1530 3931 inflixisse.
1592 3876 1740 3933 Luc.
1769 3874 1870 3931 vii.
1899 3874 1997 3945 48,
2025 3874 2264 3932 mulieri
2290 3873 2600 3947 peccatrici
2628 3875 2774 3933 dicit
2799 3874 2935 3951 qui-

530 3958 688 4026 dem,
730 3952 1042 4011 “Peccata
1083 3958 1191 4008 tua
1236 3950 1345 4009 tibi
1394 3953 1640 4011 remissa
1687 3959 1845 4023 sunt,
1893 3952 2040 4010 fides
2081 3961 2190 4010 tua
2235 3960 2296 4010 te
2345 3950 2621 4023 servavit,
2671 3954 2824 4011 vade
2869 3954 2936 4011 in

529 4034 730 4111 pace,”
762 4040 827 4091 at
852 4031 1087 4087 nullam
1112 4030 1167 4087 ei
1196 4029 1553 4105 imposuisse
1582 4031 1802 4089 dicitur
1828 4031 2308 4089 satisfactionem.
2402 4028 2538 4087 Imo
2567 4031 2932 4089 contrarium

530 4111 824 4181 innuitur,
854 4110 1156 4185 quomodo
1184 4108 1345 4166 enim
1379 4108 1622 4181 juberet
1647 4126 1778 4167 eam
1807 4110 1970 4167 abiro
1995 4110 2057 4167 in
2085 4128 2248 4185 pace,
2277 4108 2326 4168 si
2354 4107 2564 4166 debuit
2589 4110 2788 4167 adhuc
2813 4128 2936 4185 poe-

531 4209 640 4249 nas
687 4190 885 4249 varias
932 4206 971 4245 a
1002 4187 1249 4262 justitia
1297 4187 1411 4246 Dei
1456 4187 1668 4245 ultrice
1713 4189 1789 4246 ad
1839 4187 2301 4246 satisfactionem
2349 4186 2550 4245 ferre?
2631 4186 2745 4259 Sic,
2775 4188 2934 4247 Mar.

529 4268 591 4327 ii.
622 4268 676 4343 5,
708 4268 961 4326 refertur
991 4265 1299 4325 Christum
1346 4266 1676 4345 paralytico
1699 4266 2044 4340 simpliciter
2082 4267 2318 4340 dixisse,
2351 4269 2389 4299 ‘⁶
2411 4264 2798 4324 dimittuntur
2823 4266 2938 4324 tibi

530 4355 775 4420 peccata
800 4346 966 4415 tua‚’'
995 4345 1097 4403 sed
1126 4345 1361 4403 nullam
1388 4344 1806 4403 satisfactionis
1836 4346 2202 4403 mentionem
2228 4344 2406 4415 sacit3
2453 4342 2552 4400 Ita
2577 4343 2620 4401 J
2625 4346 2721 4402 oh.
2751 4362 2807 4404 v,
2841 4345 2935 4416 14,

530 4442 761 4497 aegrum
803 4431 1079 4481 sanatum
1110 4425 1475 4499 compellans
1506 4424 1798 4495 Christus,
1843 4429 1880 4458 “
1903 4424 2056 4483 Ecce
2104 4432 2346 4481 sanatus
2393 4423 2512 4491 es,’'
2541 4422 2758 4497 inquit,
2802 4430 2938 4480 “ne

528 4518 707 4577 pecca
732 4502 1010 4575 amplius,
1040 4519 1117 4559 nc
1145 4502 1293 4578 quid
1320 4505 1493 4579 pejus
1520 4504 1632 4559 tibi
1659 4505 1901 4562 accedat
1921 4504 1978 4575 ;”
2007 4504 2288 4560 hortatur
2325 4502 2572 4577 quidem
2599 4502 2676 4559 ad
2706 4500 2939 4577 resipis-

530 4579 804 4648 centiam,
833 4584 905 4635 ut
931 4579 981 4636 is
1023 4580 1159 4637 finis
1186 4599 1309 4639 esse
1337 4583 1488 4640 solet
1528 4582 1948 4639 beneficiorum
1978 4580 2092 4639 Dei
2135 4599 2257 4638 non
2285 4580 2485 4637 minus
2511 4580 2940 4655 ac'castigatio-

530 4674 695 4729 num,
718 4654 875 4714 Psal.
898 4656 1101 4714 lxxxv.
1133 4658 1189 4727 8,
1219 4666 1281 4716 et
1308 4676 1479 4717 cxxx.
1512 4658 1568 4729 4,
1598 4660 1702 4716 sed
1731 4659 1962 4717 nullam
1989 4658 2082 4716 illi
2109 4658 2326 4733 infligit
2349 4674 2606 4733 poenam.
2671 4656 2846 4716 Idem
2874 4657 2934 4715 in
2979 4702 2992 4714 .
