3234 5192
557 387 676 444 372
1452 399 1531 440 ns
1560 398 1861 438 snm-surr:
1890 398 2080 440 muso.
2611 379 2872 460 [msru‘r.
2919 398 2980 436 x.

566 545 695 604 Cor.
740 563 799 600 x.
830 544 885 617 9,
934 542 968 573 “
994 541 1081 598 Ne
1124 549 1411 602 tentemus
1454 541 1764 615 Christum,
1811 541 1960 601 sicut
1987 541 2074 599 illi
2114 547 2408 601 tentarunt
2452 550 2512 601 et
2537 561 2572 599 a
2613 539 2977 618 serpentibus

564 623 916 702 perierunt.’'
1002 621 1281 682 Tentasse
1311 621 1582 680 dicuntur
1610 621 1921 696 Christum,
1952 622 2090 700 quia
2117 621 2382 680 Christus
2423 629 2546 680 erat
2587 622 2630 681 J
2634 622 2824 680 ehova
2849 619 2973 678 dux

566 703 766 782 populi
794 704 853 760 in
882 701 1126 777 deserte,
1159 712 1218 762 et
1258 703 1319 760 in
1360 721 1429 760 eo
1457 709 1770 776 tentarunt,
1811 702 1968 778 quod
1994 702 2402 761 murmurando
2440 703 2501 759 in
2529 701 2770 761 dubium
2797 719 2968 759 voca·

566 783 707 844 bant
735 785 865 858 ejus
891 782 1223 859 potentiam,
1256 781 1420 860 quasi
1442 781 1501 838 in
1530 781 1759 840 deserto
1787 801 1904 839 non
1931 791 2127 858 posset
2155 801 2254 841 eos
2284 782 2452 857 alere,
2485 792 2544 840 et
2571 783 2696 859 ejus
2723 780 2972 839 fidelita-

567 873 702 939 tem,
734 863 901 941 quasi
927 881 1044 921 non
1071 863 1249 922 vellet
1276 861 1572 940 promissis
1602 870 1770 937 stare,
1801 861 2160 921 fastidientes
2201 871 2260 922 et
2299 872 2644 922 nauseantes
2670 862 2847 939 impia
2887 861 2974 918 in-

568 943 921 1022 gratitudine
950 942 1226 1002 eximium
1256 943 1447 1001 cibum
1490 950 1548 1001 et
1575 951 1792 1019 potum,
1825 961 1996 1018 quem
2029 942 2190 1001 Deus
2217 942 2336 1002 illis
2377 943 2596 1002 affatim
2637 941 2970 1020 suppedita-

1088 1025 1226 1098 bat3
1270 1043 1441 1100 poena
1486 1023 1825 1099 proponitur
1868 1023 1926 1080 in
1973 1023 2326 1082 immissione
2375 1031 2703 1102 serpentum
2760 1021 2972 1100 ignito-

1089 1124 1213 1164 rum
1244 1103 1575 1162 innumeros
1608 1123 1684 1160 ex
1731 1103 1944 1180 populo
1981 1103 2206 1162 exitiali
2225 1123 2450 1162 veneno
2479 1125 2584 1163 suo
2621 1113 2680 1162 et
2707 1102 2974 1161 lethifero

565 1209 761 1248 morsu
788 1186 1189 1248 occidentium.

1173 1264 1283 1323 IV.
1332 1263 1415 1323 Ut
1456 1282 1595 1321 vero
1624 1262 1697 1321 de
1725 1263 2088 1340 serpentibus
2117 1264 2244 1323 istis
2272 1264 2334 1322 in
2362 1273 2720 1325 antecessum
2751 1263 2972 1341 aliquid

569 1335 699 1386 0⁰¹⁶
724 1335 1050 1406 fuerint-Soet·-
1090 1344 1387 1419 dicamus3
1434 1343 1567 1401 Non
1590 1361 1735 1420 opus
1763 1351 1851 1402 est
1898 1352 1964 1401 ut
2003 1344 2334 1404 refellamus
2363 1365 2560 1404 eorum
2607 1345 2966 1422 figmentum,

627 1401 800 1452 pentes
822 1393 1005 1452 1⁸²²*st
1090 1426 1193 1503 qui
1238 1423 1586 1502 pertendunt
1643 1423 1955 1482 Diabolum
2004 1425 2065 1481 in
2121 1435 2443 1503 serpentem
2500 1425 2966 1485 transformatum

567 1511 717 1568 hanc
736 1517 987 1586 stragem
1005 1506 1227 1580 secisse,
1244 1504 1355 1562 Vel
1367 1503 1465 1581 qui
1477 1504 1683 1562 volunt
1699 1503 1873 1562 fuisse
1893 1505 2141 1580 speciem
2159 1506 2362 1580 morbi,
2377 1507 2477 1584 qui
2493 1507 2738 1584 exiguos
2757 1523 2976 1580 angues

566 1590 627 1647 in
650 1590 984 1666 corporibus
1008 1586 1398 1645 Israelitarum
1416 1582 1788 1660 producebat,
1813 1585 2186 1662 gravissimas
2207 1585 2686 1645 inflammationes
2707 1587 2766 1643 in
2787 1586 2857 1643 iis
2875 1605 2976 1644 ex-

566 1671 828 1746 citantes,
860 1669 1025 1746 cujus
1053 1665 1239 1724 morbi
1261 1683 1445 1741 genus
1472 1664 1760 1741 peculiare
1789 1664 1960 1724 fuerit
1989 1665 2076 1741 iis,
2149 1667 2209 1724 ui
2237 1667 2390 1726 circa
2415 1687 2572 1726 mare
2600 1668 2837 1726 rubrum
2866 1668 2965 1728 de·

566 1748 798 1826 gebant,
845 1769 952 1808 nec
996 1745 1133 1806 ullis
1172 1764 1427 1822 unquam
1472 1745 1601 1802 aliis
1646 1744 1938 1821 obtigerit,
1983 1753 2048 1804 ut
2159 1747 2526 1824 gatharcides
2571 1757 2766 1808 narrat
2814 1750 2967 1827 apud

566 1829 861 1888 Plutarch.
912 1845 1165 1906 sympos.
1213 1825 1317 1884 lib.
1346 1824 1469 1884 viii.
1518 1833 1723 1902 quaest.
1775 1827 1830 1884 9.
1915 1823 2114 1885 Verba
2161 1828 2312 1886 enim
2356 1828 2578 1888 Textus
2627 1829 2775 1888 sacri
2803 1830 2965 1888 vani-

561 1917 739 1968 tatem
768 1909 935 1968 istius
963 1905 1224 1985 figmenti
1268 1904 1408 1963 satis
1444 1907 1709 1982 probant,
1752 1925 1860 1964 nec
1887 1906 2186 1984 patiuntur
2213 1906 2493 1984 dubitare,
2525 1911 2666 1987 quin
2693 1911 2818 1968 veri
2846 1929 2962 1971 ser-

560 1999 765 2067 pentes
792 1989 1020 2064 fuerint,
1053 2007 1088 2046 a
1115 1988 1241 2045 Deo
1258 1985 1501 2044 immissi
1522 1985 1597 2044 ad
1624 2006 1854 2063 poenam
1882 1987 2100 2064 populi.
2187 1989 2422 2066 Duplici
2451 1999 2640 2049 autem
2669 1991 2899 2050 nomine
2928 2013 2964 2051 a

564 2071 731 2130 Mose
759 2070 1153 2148 insigniuntur
1180 2077 1333 2127 swina
1360 2073 1419 2124 et
1445 2079 1615 2128 swa-aiv.
1704 2067 1874 2126 Prius
1903 2068 2172 2144 generale
2215 2079 2304 2128 est
2341 2089 2550 2128 nomen
2593 2080 2918 2149 serpentum
2943 2095 2959 2147 3

560 2151 848 2228 posterius
876 2149 1139 2210 bifariam
1182 2146 1525 2224 exponitur3
1570 2146 1819 2221 Quidam
1846 2147 2053 2207 volunt
2081 2169 2208 2208 esse
2231 2149 2600 2228 adjectivum,
2631 2172 2748 2230 quo
2769 2153 2890 2212 desi
2895 2173 2959 2230 g-

560 2239 730 2290 netur
759 2251 955 2290 eorum
985 2229 1253 2307 qualitas,
1280 2235 1345 2286 ut
1364 2226 1447 2284 ita
1469 2235 1749 2286 vocentur
1774 2227 1874 2286 vel
1900 2247 1937 2285 a
1963 2228 2154 2288 colore
2175 2229 2345 2308 ignis,
2377 2251 2549 2308 quem
2575 2253 2695 2311 prae
2725 2253 2786 2292 se
2816 2234 2959 2292 fere-

560 2312 720 2387 bant,
751 2312 848 2370 vel
874 2310 1067 2388 potius
1096 2309 1171 2368 ab
1193 2307 1416 2383 effectu,
1448 2307 1606 2384 quod
1647 2327 1840 2367 morsu
1869 2307 1966 2366 vel
2007 2317 2164 2368 statu
2207 2310 2546 2372 inducerent
2572 2313 2821 2372 calorem
2869 2315 2956 2372 in-

558 2392 951 2450 tensissimum
1001 2398 1059 2449 et
1106 2389 1345 2448 adurere
1391 2387 1729 2448 viderentur
1772 2409 1808 2446 a
1835 2399 1938 2464 :rub
1969 2389 2127 2466 quod
2173 2399 2263 2449 est
2307 2411 2490 2466 urere,
2541 2413 2656 2469 quo
2703 2394 2960 2470 respexit

563 2471 819 2531 Onkelos
847 2472 950 2548 qui
976 2470 1167 2530 reddit
1194 2473 1275 2545 ¹⁶¹²?
1305 2491 1406 2542 wrm
1432 2478 1712 2546 serpentes
1755 2479 1994 2529 urentes,
2083 2470 2178 2528 Sic
2218 2471 2289 2529 R.
2339 2471 2612 2531 Salomon
2655 2481 2715 2531 et
2759 2473 2830 2531 R.
2878 2474 2952 2530 D.

563 2552 817 2628 Kimcbi‚
853 2554 889 2584 “
911 2551 1010 2631 qui
1039 2558 1212 2611 urunt
1238 2550 1527 2609 hominem
1548 2569 1774 2608 veneno
1802 2549 2062 2610 dentium
2089 2570 2321 2609 suorum
2338 2551 2434 2609 vel
2461 2551 2644 2611 halitu
2666 2551 2781 2611 oris
2805 2553 2954 2612 sui.”

566 2632 647 2692 Et
671 2633 731 2690 in
762 2633 953 2691 Zohar
978 2631 1130 2704 libri,
1156 2631 1329 2689 Num.
1360 2629 1459 2688 fol.
1490 2631 1585 2706 88,
1622 2630 1823 2705 “Quia
1849 2639 2049 2691 contra
2077 2631 2264 2689 Deum
2294 2639 2352 2690 et
2381 2632 2608 2690 Mosem
2636 2652 2956 2693 murmura-

558 2721 695 2772 runt
720 2733 798 2772 ex
826 2733 993 2790 aequo
1016 2735 1030 2789 ;
1065 2711 1207 2770 Ideo
1236 2711 1477 2770 immisit
1502 2711 1563 2768 in
1590 2731 1692 2770 eos
1711 2721 2006 2788 serpentes
2033 2710 2430 2771 comburentes
2459 2731 2559 2772 eos
2581 2713 2762 2772 instar
2785 2715 2958 2792 igniS,

554 2794 693 2871 igne
722 2793 1083 2871 ingrediente
1112 2792 1173 2849 in
1202 2811 1267 2851 os
1294 2792 1568 2869 ipsorum,
1594 2798 1662 2851 ut
1698 2791 2066 2850 conciderent
2093 2799 2152 2850 et
2189 2793 2604 2852 morerentur.''
2691 2795 2815 2854 Alii
2857 2815 2959 2854 vo-

552 2874 684 2934 lunt
712 2882 814 2945 :qrb
844 2873 1193 2952 peculiarem
1222 2873 1525 2949 designare
1555 2879 1886 2948 serpentum
1929 2872 2195 2950 speciem,
2227 2879 2287 2932 et
2325 2873 2504 2950 priori
2529 2874 2660 2934 voci
2704 2875 2962 2952 generali

553 2975 657 3033 per
683 2955 1099 3034 appositionem
1130 2953 1266 3012 addi
1288 2975 1303 3025 ς
1335 2961 1393 3011 et
1411 2952 1495 3010 sic
1515 2952 1680 3010 innui
1701 2972 1848 3030 quos
1867 2952 2061 3011 Graeci
2081 2956 2359 3035 πςηστιὶςις
2377 2963 2436 3013 et
2454 2953 2708 3021 αὖα-ωας
2731 2965 2960 3030 vocant,

551 3037 797 3095 vocibus
828 3035 905 3094 ad
932 3035 1212 3094 amussim
1242 3033 1549 3092 Hebraicae
1577 3031 2078 3109 respondentibuS‚
2111 3053 2242 3092 nam
2267 3045 2368 3109 φῦ
2397 3036 2638 3095 verbum
2668 3036 2819 3095 idem
2849 3045 2958 3112 cst,

554 3116 711 3193 quod
739 3117 834 3175 vel
863 3117 1111 3196 ἔμω-ῥῖναι
1138 3114 1235 3172 vel
1262 3120 1624 3189 ananau-aq
1655 3113 1728 3172 de
1757 3112 1986 3190 quibus»,
2014 3114 2231 3174 Lucan.
2261 3114 2363 3174 lib.
2394 3115 2522 3194 ix.,!

679 1077 749 1124 Et
770 1089 929 1134 poena.

1050 3277 1283 3350 Oraque
1310 3273 1624 3333 distendens
1649 3274 1849 3332 avidus
1874 3273 2198 3350 spumantia
2226 3275 2471 3352 Prcster,

553 3434 711 3509 Quos
738 3433 893 3492 idem
919 3451 1047 3492 esse
1090 3432 1220 3491 vult
1266 3431 1636 3492 Dioscorides
1681 3453 1812 3493 cum
1841 3435 2166 3511 dt’psadtbus
2194 3455 2229 3493 a
2255 3435 2369 3511 siti,
2399 3455 2574 3514 quam
2603 3457 2827 3496 veneno
2856 3459 2966 3498 suo

550 3513 889 3574 accendunt.
978 3513 1127 3572 Sunt
1169 3513 1269 3590 qui
1314 3521 1607 3590 serpentes
1655 3514 1842 3574 alatos
1889 3514 2184 3592 designari
2229 3524 2451 3593 putant,
2481 3537 2628 3595 quos
2657 3538 2730 3576 ex
2775 3519 2968 3596 Lybia

553 3595 771 3670 Cicero,
802 3595 839 3652 1.
892 3593 931 3652 i.
978 3593 1049 3652 de
1092 3601 1300 3652 natura
1346 3593 1601 3670 deorum,
1634 3603 1692 3654 et
1718 3595 2017 3674 Josephus
2061 3595 2102 3653 l.
2131 3595 2189 3654 ii.
2235 3595 2438 3674 Antiq.
2470 3618 2518 3656 c.
2550 3600 2604 3674 5,
2637 3619 2711 3657 ex
2742 3599 2967 3658 Arabia

549 3695 689 3736 vero
716 3675 779 3734 in
808 3675 1139 3752 AEgyptum
1186 3674 1385 3752 volare
1414 3675 1672 3735 scribunt
1702 3675 1877 3751 Mela,
1913 3675 2162 3751 Selinus,
2195 3676 2559 3736 Ammianus,
2646 3677 2788 3738 Ideo
2839 3679 2959 3739 Isa.

548 3777 693 3816 xxx.
727 3759 780 3832 6,
813 3755 1114 3833 AEgyptus
1159 3765 1403 3814 vocatur
1448 3763 1615 3830 terra,
1648 3756 1710 3814 in
1747 3775 1865 3834 qua
1911 3763 2002 3815 est
2045 3756 2247 3834 vipera
2291 3777 2438 3830 swa
2469 3770 2592 3833 :ruba
2622 3768 2681 3818 et
2728 3761 2968 3837 Saraph

545 3841 759 3897 volam.
843 3836 1016 3895 Tales
1044 3853 1184 3894 vero
1211 3836 1382 3911 hydri
1415 3836 1631 3896 habere
1679 3837 1947 3914 speciem,
1979 3837 2250 3896 observat
2279 3837 2614 3898 Herodotus
2641 3839 2725 3897 lib
2753 3839 2854 3912 iii„
2877 3847 2971 3900 τοῦ

548 3915 597 3978 23
636 3916 770 3990 ἵφιος
812 3920 837 3980 ἦ
876 3919 1057 3998 pagos),
1104 3916 1262 3997 citing
1303 3919 1395 3974 τᾶν
1436 3913 1604 3998 ὕδρων,
1648 3917 1922 3993 serpentis
1967 3937 2100 3975 vero
2132 3919 2336 3992 forma
2383 3920 2567 3994 qualis
2609 3922 2921 3996 hydr-orum
2943 3947 2964 3980 :

549 4000 707 4059 Hinc
738 3999 1023 4058 Celeberr.
1068 3997 1394 4056 Bochartus
1440 4017 1557 4055 non
1606 3997 1730 4055 sine
1779 4017 1990 4074 magna
2037 3997 2540 4057 verisimilitudine
2585 4000 2821 4078 conjicit
2859 4023 2968 4080 per

547 4093 649 4157 η-ιΐυ
678 4080 971 4158 designari
998 4081 1255 4155 hydrum,
1287 4079 1385 4137 vel
1410 4080 1788 4154 chersydrum‚
1820 4078 1921 4156 qui
1965 4077 2125 4136 virus
2168 4078 2346 4138 habet
2387 4081 2728 4140 acerrimum
2777 4089 2835 4141 et
2861 4103 2968 4141 no-

545 4162 958 4238 centissimum,
990 4179 1187 4218 morsu
1214 4179 1321 4218 suo
1348 4158 1598 4218 adurens
1627 4157 1904 4237 quiequid
1923 4158 2174 4236 attingit,
2201 4159 2274 4218 de
2295 4179 2410 4237 quo
2433 4159 2721 4240 Virgilius
2748 4161 2850 4221 lib.
2881 4162 2969 4225 iii.

550 4242 767 4320 Georg.

1018 4404 1329 4478 Postquam
1356 4399 1636 4460 exhausta
1653 4402 1825 4476 palus
1853 4409 2130 4478 tenueque
2155 4403 2371 4460 ardore
2397 4401 2700 4480 dehiscunt,

1030 4482 1221 4540 Exuit
1246 4482 1303 4539 in
1330 4482 1549 4554 siccum,
1582 4481 1953 4558 etflamantia
1982 4483 2196 4541 lumina
2225 4492 2488 4560 torquens

1024 4561 1195 4620 Soevit
1214 4561 1387 4638 wyri-³,
1418 4579 1696 4638 asperque
1721 4562 1827 4638 siti,
1859 4569 2026 4637 atque
2053 4563 2342 4622 interritus
2370 4571 2522 4622 aestu.
