3234 5192
434 359 451 365 ·
506 351 623 408 376
1406 359 1484 398 ns
1516 357 1816 398 sennar-trs
1845 357 2035 398 muso.
2563 337 2822 419 [msru‘r.
2855 363 2921 402 x.

508 514 809 586 exponunt
838 505 931 563 vel
979 504 1051 562 (le
1090 505 1267 576 Vecte,
1327 519 1431 560 seu
1454 503 1638 578 stipite
1692 504 1924 576 exoche,
1961 497 2185 575 pertica
2213 497 2480 574 oblonga,
2525 507 2592 558 ut
2633 500 2922 577 Lyranus,

514 588 828 666 Pagninu8‚
862 586 1190 663 Cajetanus.
1234 581 1593 657 Tremellius,
1628 581 1892 657 Drusius,
1925 580 2189 638 Piscator
2226 576 2303 637 ad
2337 586 2588 638 mentem
2635 581 2708 639 R.
2755 580 2920 640 Salo-

512 669 716 744 monis,
748 666 849 744 qui
876 690 929 729 0:
958 666 1365 742 interpretatur
1409 662 1640 722 Gallica
1680 681 1824 722 voce
1852 681 2000 734 κρῆ»
2027 660 2258 734 Per-che,
2305 679 2435 736 quae
2463 679 2498 717 a
2527 659 2734 719 Latina
2776 681 2922 721 voce

506 750 731 828 pertica
757 746 1078 820 deducitur,
1103 743 1199 802 vel
1232 763 1337 820 pro
1356 745 1497 820 palo
1527 763 1632 801 seu
1657 745 1808 800 malo
1829 741 1988 800 navis
2015 747 2076 799 et
2101 748 2365 798 antenna.
2411 739 2558 799 Haec
2585 741 2754 816 enim,
2783 741 2926 802 licet

512 831 871 906 aliquantum
900 826 1147 899 diversa,
1178 823 1254 882 ad
1280 824 1433 882 idem
1456 830 1650 882 tamen
1677 821 2015 896 referuntur,
2045 827 2112 879 ut
2138 820 2411 879 innuatur
2434 820 2660 897 lignum
2688 822 2926 899 aliquod

514 910 816 988 praealtum
845 915 903 965 et
943 906 1168 982 ingene,
1220 904 1313 963 cui
1356 903 1688 980 affigeretur
1729 921 1965 980 serpens
2013 919 2224 976 aeneus,
2253 909 2320 960 ιιι
2347 900 2420 958 ab
2451 897 2716 960 omnibus
2743 903 2923 962 unde-

514 1009 743 1068 quaque
772 986 1028 1063 conspici
1055 993 1287 1062 posset3
1331 983 1481 1042 Tum
1508 991 1576 1043 ut
1616 990 1806 1043 erecto
1853 983 1965 1040 hoc
2009 989 2272 1058 serpente
2314 979 2388 1039 de
2413 989 2652 1058 peccato
2695 1001 2799 1042 suo
2819 983 2926 1042 ad-

518 1069 740 1144 moniti,
785 1068 847 1125 in
874 1074 1167 1144 posterum
1196 1085 1230 1122 a
1258 1063 1433 1123 simili
1459 1065 1628 1141 lapsu
1678 1063 1790 1123 sibi
1837 1069 2124 1135 caverent,
2156 1069 2221 1120 ut
2249 1061 2322 1120 R.
2367 1061 2513 1120 Levi
2557 1063 2670 1122 ben
2700 1063 2930 1124 Gerson

510 1157 697 1222 notat,
733 1151 769 1181 “
789 1147 1078 1206 Existimo
1107 1145 1295 1204 Deum
1326 1145 1599 1219 voluisse,
1631 1152 1696 1202 ut
1721 1150 1884 1202 extet
1909 1142 2086 1220 hujus
2121 1141 2205 1199 rei
2233 1141 2462 1218 signum
2505 1150 2566 1201 et
2590 1163 2927 1203 monumen-

518 1240 661 1305 tum,
693 1227 850 1306 quod
876 1225 1225 1285 memorialis
1252 1226 1381 1284 loco
1410 1224 1551 1303 ipsis
1572 1231 1742 1300 esset,
1773 1243 1888 1301 quo
1916 1223 1976 1280 in
2018 1230 2312 1300 posterum
2360 1222 2470 1281 sibi
2497 1243 2532 1280 a
2559 1223 2844 1283 calumnia
2871 1233 2931 1285 et

521 1309 938 1370 obtrectatione
980 1314 1254 1366 caverent
1276 1307 1333 1381 ;’'
1377 1305 1527 1364 Tum
1554 1312 1622 1362 ut
1669 1324 1774 1382 per
1797 1313 2092 1380 aspectum
2138 1303 2266 1379 ejus
2309 1312 2648 1362 sanarentur
2671 1323 2708 1361 a
2727 1306 2932 1364 morsi-

520 1392 631 1450 bus
660 1396 1007 1468 serpentum.
1090 1385 1429 1445 Abarbanel
1474 1393 1674 1444 censet
1697 1384 2048 1443 vocabulum
2094 1382 2454 1459 aequivocum
2501 1403 2629 1442 esse
2654 1384 2750 1442 hic
2771 1384 2936 1444 adhi-

520 1471 723 1541 bitum,
754 1469 911 1547 quod
950 1488 1067 1526 non
1095 1475 1319 1527 tantum
1334 1466 1565 1543 signum
1586 1485 1690 1525 seu
1709 1464 1993 1524 vexillum
2015 1462 2319 1541 significat,
2341 1463 2444 1522 sed
2463 1472 2524 1522 et
2547 1464 2934 1524 “miraculum

524 1560 583 1611 et
602 1549 947 1628 prodigium,
962 1547 1119 1625 quod
1128 1547 1534 1606 miraculosum
1556 1553 1711 1606 esset
1731 1545 1934 1605 eadem
1950 1564 2028 1620 re,
2043 1563 2157 1621 qua
2176 1543 2476 1621 percussit,
2489 1545 2662 1603 etiam
2674 1547 2935 1604 sanare.”

608 1630 727 1688 XI.
776 1628 893 1688 Sed
920 1636 987 1688 ut
1012 1628 1301 1686 incassum
1330 1625 1647 1685 remedium
1665 1634 1978 1703 pararetur,
2003 1624 2118 1684 nisi
2137 1623 2398 1702 ejusdem
2417 1624 2582 1684 fieret
2608 1626 2934 1702 applicatio,

527 1711 739 1769 frustra
766 1715 993 1768 erectus
1018 1707 1224 1766 fuisset
1260 1727 1495 1784 serpens
1524 1726 1738 1782 aeneus,
1767 1706 1881 1765 nisi
1907 1705 1982 1764 ad
2010 1723 2142 1764 eum
2171 1705 2370 1763 oculos
2397 1706 2819 1765 convertissent
2847 1707 2938 1764 Is·

528 1789 761 1860 rae‘litae,
792 1788 893 1865 qui
919 1795 1044 1847 erat
1068 1787 1203 1846 finis
1228 1786 1399 1845 istius
1426 1786 1750 1863 erectionis,
1781 1795 1846 1846 ut
1873 1805 2146 1863 expresse
2173 1793 2406 1844 notatur
2432 1806 2467 1843 a
2497 1785 2765 1862 Domino,
2800 1790 2836 1820 ‘⁸
2859 1787 2940 1846 Et

526 1869 636 1929 erit
656 1869 983 1945 quicunque
1000 1887 1227 1925 morsus
1242 1867 1431 1941 fuerit,
1452 1874 1512 1925 et
1530 1886 1664 1925 eum
1693 1867 1999 1944 aspexerit,
2029 1875 2168 1926 tunc
2195 1865 2416 1941 vivet,’'
2435 1864 2497 1924 id
2517 1873 2607 1926 est
2635 1867 2938 1926 sanitatem

528 1949 768 2027 recipiet
794 1958 853 2008 et
868 1946 1209 2007 liberabitur
1228 1967 1263 2005 a
1288 1953 1489 2022 morte,
1522 1965 1653 2023 quae
1674 1947 1760 2006 illi
1777 1947 1922 2006 alias
1943 1945 2328 2024 impendebat.
2371 1945 2578 2006 Voluit
2603 1945 2824 2006 scilicet
2853 1948 2944 2006 Is-

528 2029 761 2089 raelitas
781 2029 993 2088 intueri
1012 2029 1167 2086 hunc
1182 2027 1533 2105 Serpentem,
1546 2035 1670 2086 tum
1689 2037 1950 2105 respectu
1972 2028 2222 2105 ipsorum
2237 2025 2644 2103 Israelitarum,
2657 2034 2723 2087 ut
2743 2047 2776 2084 a
2792 2046 2946 2086 mor-

530 2111 694 2170 sibus
715 2109 1019 2168 venenatis
1037 2115 1371 2186 serpentum
1388 2116 1743 2181 sanarentur,
1767 2115 1892 2167 tum
1919 2108 2010 2166 sui
2036 2115 2319 2184 respectu,
2341 2114 2407 2166 ut
2433 2107 2774 2167 miraculum
2791 2116 2944 2166 esset

530 2201 694 2252 tanto
710 2191 916 2268 majus,
948 2189 999 2248 si
1026 2208 1263 2266 serpens
1290 2187 1465 2246 vivus
1491 2187 1880 2264 momorderit,
1911 2197 1970 2248 et
1999 2207 2233 2265 serpens
2259 2195 2520 2246 mortuus
2549 2189 2855 2264 sanaverit,
2885 2196 2946 2247 et

530 2271 767 2348 quidem
788 2271 913 2328 solo
930 2279 1185 2348 aspectu.
1216 2268 1472 2327 Intuitus
1492 2276 1685 2327 autem
1707 2268 1816 2327 iste
1833 2287 1948 2327 non
1959 2267 2372 2345 intelligendus
2392 2275 2481 2328 est
2501 2276 2724 2328 tantum
2747 2289 2947 2347 corpo-

532 2371 668 2410 reus
723 2358 782 2409 et
835 2358 1125 2423 externuS,
1180 2347 1283 2407 sed
1338 2348 1511 2406 etiam
1560 2347 1876 2426 spiritualis
1930 2357 1990 2406 et
2017 2347 2275 2407 internus
2303 2348 2375 2408 de
2403 2357 2641 2426 aspectu
2682 2348 2834 2423 fidei,
2887 2357 2950 2409 et

534 2431 725 2490 cordis
793 2430 869 2487 ad
938 2430 1127 2488 Deum
1196 2428 1536 2504 elevatione,
1614 2427 1772 2506 quod
1848 2428 2084 2487 Hebraei
2137 2435 2358 2503 notant,
2429 2427 2578 2486 unde
2645 2428 2950 2488 Jonathan

538 2511 951 2586 Paraphrastes
1020 2508 1327 2568 Chaldaeus
1402 2509 1485 2567 ita
1550 2507 1838 2584 transfert,
1913 2511 1948 2541 “
1989 2507 2078 2566 fac
2145 2509 2256 2569 tibi
2335 2517 2654 2586 serpentem
2720 2527 2949 2567 aeneum

536 2599 595 2650 et
622 2610 775 2668 pone
803 2609 933 2648 eum
963 2589 1023 2646 in
1051 2589 1243 2648 locum
1272 2588 1579 2663 elevatum,
1610 2595 1670 2648 et
1695 2588 1798 2647 fiet
1837 2596 1903 2648 ut
1931 2589 1980 2647 si
2009 2609 2180 2666 quem
2207 2589 2578 2648 momorderit
2604 2607 2855 2667 serpens,
2887 2597 2952 2648 et

536 2670 781 2729 intuitus
826 2669 999 2729 fuerit
1046 2689 1196 2745 eum,
1228 2676 1294 2728 ut
1340 2669 1726 2744 convalescat,
1768 2668 2054 2746 siquidem
2091 2669 2367 2728 direxerit
2394 2689 2494 2728 cor
2520 2689 2686 2728 suum
2714 2668 2790 2727 ad
2815 2689 2950 2728 ver-

536 2751 675 2810 bum
706 2751 1000 2809 Domini.”
1085 2749 1341 2827 Targum
1370 2749 1623 2826 Hieros,
1673 2751 1708 2782 ‘⁴
1731 2750 1810 2809 Et
1832 2749 1930 2808 fiet
1956 2757 2022 2808 ut
2063 2750 2113 2808 si
2149 2749 2280 2828 quis
2315 2769 2544 2809 morsus
2571 2749 2744 2809 fuerit
2769 2769 2804 2808 a
2831 2769 2950 2809 ser-

536 2840 725 2910 pente,
756 2841 817 2890 et
836 2831 1039 2890 faciem
1070 2850 1233 2890 suam
1262 2830 1579 2890 elevaverit
1627 2829 1702 2888 ad
1727 2837 1950 2908 patrem
1999 2849 2166 2888 suum
2194 2831 2256 2888 in
2283 2829 2444 2888 coelis
2471 2830 2534 2887 in
2561 2831 2832 2905 oratione,
2863 2838 2950 2889 at·

538 2932 651 2990 que
680 2919 1003 2990 serpentem
1032 2931 1257 2970 aeneum
1285 2911 1593 2988 aspexerit,
1626 2909 1916 2970 sanetur.’'
1999 2909 2072 2969 R.
2119 2910 2351 2971 Salomo
2401 2911 2674 2970 observat
2709 2911 2950 2969 verbum

541 3015 677 3053 ινιτ-τ
702 2992 1043 3068 adhibitum,
1075 3012 1195 3052 ver.
1236 2995 1291 3068 9,
1326 2991 1670 3068 significare,
1705 2991 2008 3069 “aspicere
2031 3010 2161 3050 cum
2182 2991 2500 3050 intentione
2523 2991 2713 3050 cordis
2733 2991 2955 3050 scilicet

540 3073 615 3132 ad
647 3073 889 3132 Deum.’'
976 3073 1133 3131 Hinc
1164 3071 1374 3145 Arabs,
1429 3074 1465 3104 “
1488 3071 1601 3146 Qui
1645 3080 2017 3130 convertetur
2062 3071 2136 3130 ad
2166 3090 2297 3129 eum
2341 3071 2629 3148 poenitens
2663 3079 2953 3148 superstes

540 3152 707 3211 erit.”
765 3153 941 3210 Liber
973 3152 1298 3228 Sapientiae,
1332 3171 1455 3228 cap.
1486 3152 1608 3210 xvi.
1638 3172 1759 3210 ver.
1795 3155 1848 3227 5,
1875 3155 1930 3227 6,
1963 3155 2018 3226 7,
2061 3151 2132 3210 de
2160 3151 2270 3210 hoc
2297 3151 2382 3210 ita
2406 3151 2702 3229 loquitur:
2747 3152 2952 3210 “Cum

540 3251 641 3289 eos
670 3251 827 3288 saeva
852 3231 1169 3289 bestiarum
1196 3231 1282 3289 ira
1309 3231 1636 3306 invasisset,
1669 3251 1736 3289 ac
1763 3232 2051 3291 morsibus
2078 3232 2384 3290 noxiorum
2433 3241 2764 3309 serpentum
2806 3231 2953 3290 inte-

538 3311 733 3382 rirent,
764 3309 839 3366 ad
866 3318 1187 3368 extremum
1216 3330 1333 3367 non
1358 3311 1673 3386 permansit
1699 3311 1785 3368 ira
1812 3319 1928 3385 tua,
1959 3310 2064 3370 sed
2089 3311 2500 3371 admonitionis
2527 3312 2716 3389 gratia
2740 3312 2958 3389 paulis·

538 3409 644 3466 per
698 3388 929 3446 fuerunt
980 3389 1316 3465 perturbati,
1369 3389 1599 3466 signum
1655 3390 1858 3450 salutis
1912 3391 2179 3450 habentis
2232 3393 2390 3468 quod
2437 3412 2720 3451 memores
2793 3411 2955 3450 man-

542 3469 663 3528 dati
686 3467 865 3546 Legis
893 3477 1009 3528 tuae
1038 3488 1138 3527 eos
1163 3468 1465 3528 redderet:
1506 3489 1696 3548 neque
1725 3471 1879 3529 enim
1907 3472 2008 3549 qui
2035 3479 2369 3548 respexerat
2413 3480 2649 3550 propter
2695 3492 2817 3531 rem
2865 3471 2954 3530 vi—

542 3570 682 3624 sam,
714 3548 818 3608 sed
844 3556 1079 3627 propter
1105 3557 1161 3608 te
1190 3549 1445 3608 omnium
1488 3549 1852 3611 Servatorem
1882 3552 2272 3611 servabatur.'’

626 3630 783 3689 XII.
828 3629 923 3688 Ex
952 3629 1163 3706 quibus
1190 3629 1501 3708 colligitur,
1531 3651 1638 3690 nec
1669 3640 1992 3709 serpentem
2021 3631 2212 3709 ipsum
2259 3631 2570 3710 quicquam
2596 3631 2830 3692 virtutis
2855 3633 2960 3690 ha-

540 3712 737 3771 buisse
766 3711 841 3770 ad
868 3710 1039 3770 istam
1070 3710 1423 3769 sanationem
1452 3712 1889 3788 procurandam,
1939 3732 2047 3770 nec
2091 3720 2384 3790 aspectum
2415 3714 2544 3789 ejus
2585 3712 2658 3771 ad
2703 3733 2832 3772 eam
2858 3733 2963 3789 per

544 3812 605 3852 se
661 3791 883 3870 aliquid
930 3791 1277 3866 contulisse3
1324 3791 1465 3869 quid
1512 3793 1666 3851 enim
1721 3793 1819 3851 vel
1865 3811 2100 3871 serpens
2153 3813 2348 3852 aeneus
2395 3794 2494 3852 vel
2541 3793 2667 3870 ejus
2715 3793 2962 3852 intuitus

540 3873 617 3932 ad
644 3873 857 3932 veneni
884 3870 1135 3931 lethiferi
1163 3871 1515 3931 curationem
1554 3873 1764 3950 juvare
1811 3874 2044 3951 potuit?
2126 3873 2338 3932 Procul
2365 3873 2521 3932 enim
2556 3873 2652 3932 hic
2701 3892 2828 3932 esse
2854 3891 2962 3930 vo-

542 3953 735 4013 lumus
788 3954 1129 4030 figmentum
1184 3971 1399 4026 eorum,
1448 3952 1548 4030 qui
1596 3954 1906 4012 commenti
1955 3962 2106 4028 sunt,
2163 3973 2291 4012 esse
2345 3953 2600 4030 aliquam
2647 3953 2962 4032 imaginem

544 4033 977 4111 Astrologicam
1006 4032 1216 4092 factam
1235 4033 1414 4111 juxta
1447 4041 1634 4092 certas
1683 4033 2150 4093 constellationes
2179 4041 2237 4092 et
2279 4033 2530 4093 siderum
2559 4042 2828 4112 aspectus
2855 4053 2964 4092 seu

542 4115 847 4192 posituras,
879 4133 1007 4192 quae
1035 4114 1311 4172 virtutem
1339 4113 1607 4172 habuerit
1633 4113 1908 4190 abigendi
1935 4121 2246 4191 serpentes,
2277 4123 2337 4174 et
2364 4134 2562 4173 eorum
2602 4133 2829 4173 morsus
2861 4133 2961 4172 cu-

542 4194 727 4270 randi,
758 4194 961 4272 quales
1010 4201 1145 4252 sunt
1192 4191 1411 4270 figurae,
1459 4211 1605 4270 quas
1656 4191 1884 4252 Arabes
1937 4195 2226 4252 Talisman
2274 4203 2502 4270 vocant,
2549 4203 2616 4253 ut
2643 4194 2745 4252 alii
2787 4193 2964 4270 impie

542 4275 853 4349 finxerunt,
880 4294 994 4333 non
1012 4273 1377 4333 attendentes
1396 4273 1713 4332 vanitatem
1735 4273 1973 4333 istarum
1991 4274 2478 4349 observationum,
2510 4284 2568 4333 et
2595 4273 2966 4334 interdictum

544 4355 717 4413 toties
745 4374 780 4412 a
810 4355 939 4412 Deo
964 4353 1163 4412 datum
1212 4352 1285 4412 de
1330 4352 1403 4412 iis
1451 4352 1748 4412 faciendis.
1834 4353 1928 4412 Ita
1955 4353 2100 4413 nihil
2153 4355 2315 4413 aliud
2361 4374 2490 4414 esse
2536 4355 2744 4432 potuit,
2789 4372 2966 4431 quam

542 4453 703 4491 mera
728 4453 902 4492 causa
919 4434 1169 4507 moralia,
1194 4433 1269 4492 ad
1298 4435 1464 4510 cujus
1492 4434 1859 4512 praesentiam
1891 4434 2050 4494 Deus
2072 4435 2432 4512 operabatur,
2467 4455 2569 4495 seu
2599 4434 2830 4512 signum
2857 4453 2968 4493 ex-

544 4520 771 4572 ternum
827 4520 887 4571 et
942 4514 1211 4572 sensibile
1268 4514 1487 4590 gratias,
1546 4535 1720 4592 quam
1756 4515 1918 4574 Deus
1955 4535 2192 4574 exerere
2229 4516 2468 4576 volebat
2507 4517 2584 4575 ad
2610 4515 2769 4575 istud
2797 4533 2964 4592 opus,

540 4591 831 4671 quomodo
860 4592 921 4650 in
940 4592 1233 4652 miraculis
1259 4593 1538 4669 homines,
1586 4594 1683 4652 vel
1712 4595 1902 4653 media
1935 4595 2146 4672 quibus
2187 4597 2270 4656 uti
2301 4595 2552 4674 volebat,
2583 4597 2726 4654 nihil
2773 4595 2969 4672 quoad

540 4693 602 4734 se
633 4671 1002 4730 conferebant
1050 4673 1120 4730 ad
1168 4691 1313 4748 opus
1362 4673 1880 4732 extraordinarium
1929 4677 2084 4753 quod
2135 4677 2595 4754 producebatur;
2645 4676 2762 4737 Sed
2807 4677 2969 4734 Deus
