3234 5192
307 367 538 410 msru'r.
569 347 726 428 xva]
926 367 1006 406 na
1035 364 1512 408 sxa-reracrloms
1541 365 1777 406 onms'rr
1806 365 2123 408 VERITATE.
2598 350 2711 409 537

309 518 431 569 ιιιιιι
443 515 532 568 est
549 507 1008 586 intelligendum,
1034 507 1097 566 Si
1114 507 1388 586 possibile
1407 515 1560 566 esset
1571 515 1631 566 et
1644 506 1862 582 liceret,
1884 507 1934 565 si
1949 507 2074 565 Deo
2086 507 2169 564 ita
2185 506 2407 583 liberet,
2422 509 2505 567 ita
2516 517 2581 568 ut
2598 529 2715 568 non

308 591 388 649 rei
403 590 586 666 ipsius
606 587 978 666 possibilitas,
1001 588 1104 647 sed
1124 589 1442 665 petentium
1464 595 1689 648 tantum
1702 587 1859 645 zelus
1881 595 1939 646 et
1959 586 2129 645 ardor
2140 586 2428 648 innuatur.
2470 589 2637 647 Idem
2652 591 2715 648 in

309 670 538 728 Christo
567 667 864 728 observari
882 676 1090 746 potest,
1122 688 1256 727 nam
1273 668 1572 726 voluntate
1601 667 1867 726 absoluta
1889 687 1955 726 ac
1985 667 2322 743 simpliciter
2342 668 2499 728 dicta
2520 669 2713 728 Chris-

309 758 403 809 tus
431 750 576 809 mori
605 749 814 841 voluit,
825 758 1023 841 ‘prout
1051 769 1112 808 se
1141 749 1481 808 moriturum
1510 747 1874 826 praedixerat,
1928 747 2138 806 Matth.
2184 748 2349 806 xviii.
2384 751 2476 824 11,
2508 757 2566 807 ει
2609 769 2712 810 xx.

313 833 406 904 18,
443 833 532 904 19,
564 830 608 888 J
612 831 704 888 oh
735 829 858 887 xiii.
891 833 986 904 21,
1036 829 1118 890 ita
1145 829 1298 888 ultro
1342 837 1401 888 et
1441 827 1823 887 libentissime
1868 847 1931 886 se
1962 827 2130 886 morti
2172 829 2456 905 exposuit,
2507 831 2715 889 Annon

309 875 549 990 (ἱιιΗᾳιιίι)
578 910 760 968 bibam
787 910 1056 984 calicem;
1099 907 1205 968 διε.
1251 910 1322 967 Ε.
1373 908 1530 986 quod
1575 915 1821 966 mortem
1864 907 2188 985 refugiebat
2233 907 2593 968 referendum
2624 917 2713 969 est

307 991 384 1050 ad
413 991 770 1050 voluntatem
800 990 1246 1048 conditionalem
1276 997 1336 1047 et
1381 989 1830 1066 hypotheticam.
1896 989 1987 1046 De
2031 1008 2146 1064 quo
2168 1008 2241 1046 ne
2290 991 2421 1066 quis
2448 989 2713 1049 dubitare

309 1080 522 1148 posset,
543 1070 770 1130 voluit
755 1090 878 1147 lpse
899 1070 1162 1128 Christus
1180 1068 1585 1144 conditionem,
1611 1088 1851 1145 eamque
1874 1068 2160 1146 geminam
2192 1088 2513 1146 apponere:
2545 1071 2712 1130 Prior

311 1158 400 1209 est
429 1151 682 1210 conditio
701 1151 1084 1226 possibilitatis
1106 1151 1206 1224 rei,
1237 1151 1410 1208 Pater
1435 1170 1484 1207 ει
1475 1149 1757 1225 possibile
1778 1158 1873 1224 est,
1898 1168 2014 1207 non
2036 1148 2233 1224 utique
2255 1170 2359 1226 per
2384 1151 2710 1209 absolutam

309 1230 423 1288 Dei
444 1231 775 1307 potentiam,
802 1231 938 1307 quia
965 1251 1080 1288 non
1099 1229 1392 1287 nesciebat
1418 1230 1612 1288 omnia
1637 1230 1763 1287 Deo
1785 1248 1913 1287 csse
1934 1228 2249 1306 possibilia,
2275 1237 2341 1287 ut
2368 1230 2523 1306 apud
2552 1231 2712 1290 Mar·

307 1329 441 1368 cum
469 1311 786 1387 profitetur,
819 1309 921 1368 sed
962 1330 1064 1386 per
1093 1310 1290 1368 aeterni
1335 1309 1526 1368 Patris
1567 1310 1879 1382 decretum,
1911 1308 2069 1385 quod
2112 1309 2221 1366 etsi
2258 1329 2377 1367 non
2406 1311 2711 1404 ignorabat

311 1389 499 1450 scindi
526 1410 642 1448 non
661 1409 850 1466 posse,
881 1398 1074 1449 tamen
1100 1390 1348 1448 libenter
1374 1409 1476 1465 per
1503 1393 1707 1482 <penest
1750 1392 1953 1482 aggvi·
1991 1397 2247 1466 optasset
2272 1390 2441 1449 aliter
2466 1391 2709 1450 institui.

312 1469 520 1528 Altera
546 1479 636 1528 est
663 1471 901 1529 conditio
927 1470 1224 1530 voluntatis
1252 1469 1452 1528 divinae
1478 1471 1572 1528 cui
1600 1490 1663 1528 se
1695 1469 1955 1529 Christus
1983 1469 2139 1528 illico
2158 1469 2461 1546 submittit,
2496 1473 2713 1531 Verun-

311 1559 498 1608 tamen
525 1571 638 1609 non
663 1551 804 1608 sicut
829 1571 928 1626 eyo
955 1553 1095 1624 vol0,
1125 1552 1227 1608 sed
1249 1549 1391 1608 sicut
1415 1558 1476 1608 tu
1513 1551 1611 1624 υιὶς,
1632 1557 1699 1608 ιιι
1726 1569 2109 1626 agnoscamus
2137 1568 2337 1609 omnes
2358 1551 2501 1610 istos
2519 1559 2712 1611 motus

310 1630 549 1688 desiisse
579 1630 854 1688 tandem
838 1651 899 1688 ιιι
925 1631 1250 1690 absolutam
1278 1630 1638 1690 voluntatem
1665 1629 1965 1690 moriendi.

393 1710 713 1770 XXVIII.
759 1711 887 1770 Etsi
916 1712 1094 1789 igitur
1141 1711 1296 1770 inter
1343 1712 1635 1788 geminam
1680 1711 1831 1770 hanc
1860 1710 2075 1769 Christi
2118 1709 2477 1770 voluntatem
2523 1711 2719 1790 aliqua

313 1790 620 1850 diversitas
648 1792 912 1868 occurrit,
945 1792 1105 1850 nulla
1126 1800 1318 1850 tamen
1337 1800 1425 1849 est
1447 1811 1645 1868 pugna
1666 1799 1723 1850 et
1740 1791 2113 1850 contrarietas
2135 1791 2361 1868 proprie
2384 1791 2554 1867 dicta,
2580 1794 2719 1870 quia

311 1891 418 1930 nec
445 1880 582 1929 sunt
609 1871 684 1930 ad
712 1871 884 1947 idem,
914 1893 1022 1932 nec
1049 1873 1254 1930 eodem
1281 1880 1563 1948 respectu.
1595 1871 1802 1930 Altera
1828 1879 1917 1930 est
1946 1871 2194 1948 simplex
2222 1879 2281 1930 et
2320 1871 2603 1948 absoluta,
2635 1873 2717 1931 al-

312 1959 434 2009 tera
461 1959 685 2011 tantum
716 1952 1136 2028 conditionalis,
1169 1951 1350 2009 altera
1393 1951 1605 2010 bonum
1656 1961 1894 2025 naturae,
1942 1953 2122 2010 altera
2169 1951 2414 2028 gloriam
2437 1961 2496 2011 et
2533 1954 2719 2011 consi·

309 2029 453 2090 lium
481 2032 660 2108 patris
689 2032 906 2108 repicit,
939 2032 1120 2090 altera
1146 2050 1209 2089 se
1236 2030 1413 2088 habet
1439 2050 1543 2106 per
1569 2031 1805 2088 modum
1846 2038 2066 2088 naturae
2112 2039 2171 2088 et
2197 2030 2509 2090 velleitatis
2536 2032 2718 2090 ineffi-

313 2111 482 2186 caciS,
515 2111 696 2168 altera
724 2131 824 2186 per
850 2111 1085 2168 modum
1108 2109 1346 2167 rationis
1376 2118 1434 2166 et
1461 2109 1779 2167 voluntatis
1806 2108 2010 2184 plenae.
2058 2108 2171 2166 Hic
2201 2127 2340 2184 ergo
2368 2109 2722 2170 attendenda

315 2199 450 2248 sunt
478 2193 590 2248 duo
617 2191 790 2248 volita
812 2189 1044 2263 Christi,
1076 2209 1177 2247 seu
1207 2188 1436 2264 objecta
1463 2187 1577 2247 duo
1609 2189 1668 2244 in
1709 2207 1838 2264 quae
1861 2187 2189 2246 ferebantur
2217 2187 2461 2246 diversae
2490 2190 2722 2249 volitio-

313 2289 418 2328 nes
449 2269 665 2328 Christi
689 2292 703 2328 :
733 2268 934 2346 primo,
955 2270 1153 2326 bonum
1177 2276 1418 2342 natur-ce,
1439 2277 1496 2327 et
1518 2268 1853 2326 immunitas
1870 2269 1943 2326 ab
1966 2267 2122 2326 omni
2144 2267 2315 2343 malo,
2345 2277 2552 2328 natura
2570 2270 2724 2328 enim

310 2369 416 2427 per
435 2349 865 2408 inclinationem
894 2349 1160 2408 omnibus
1182 2349 1457 2407 creaturis
1485 2349 1745 2425 adeoque
1774 2356 1833 2407 et
1874 2347 2095 2406 homini
2138 2348 2250 2426 ipsi
2276 2348 2536 2426 inditam,
2570 2350 2721 2428 Eph.

312 2450 372 2488 v.
402 2433 497 2504 29,
529 2450 646 2488 non
673 2438 864 2506 potest
891 2449 1008 2489 non
1034 2429 1296 2506 refugere
1325 2429 1539 2488 malum
1585 2437 1643 2488 et
1666 2429 1929 2488 inclinari
1954 2428 2018 2494 in
2046 2429 2137 2488 sui
2163 2429 2379 2488 bonum
2408 2437 2466 2488 et
2493 2450 2722 2490 conscr-

313 2511 624 2585 vationem,
657 2511 956 2588 siquidem,
989 2520 1134 2570 teste
1181 2510 1516 2582 Aristotele,
1559 2511 1761 2570 bonum
1788 2513 2041 2586 estquod
2065 2511 2253 2568 omnia
2300 2520 2585 2588 appetunt,
2622 2511 2723 2571 Se-

317 2591 524 2667 cundo,
551 2593 744 2668 yloria
770 2601 824 2652 et
847 2595 1102 2651 voluntas
1121 2592 1312 2668 patris
1340 2611 1472 2650 cum
1500 2592 1686 2650 salute
1716 2599 1913 2650 nostra
1941 2613 1955 2667 ;
2000 2599 2305 2666 utrumque
2334 2592 2625 2666 objectum
2654 2593 2729 2651 ab

317 2672 614 2731 intellectu
643 2681 1022 2732 monstratum
1052 2672 1302 2746 volebat,
1335 2671 1440 2730 sed
1465 2671 1639 2730 modo
1682 2680 1741 2730 et
1768 2680 2033 2749 respectu
2080 2671 2253 2747 longe
2284 2670 2534 2747 diverso,
2568 2672 2726 2731 Illud

315 2752 654 2828 simpliciter
680 2761 738 2812 et
781 2753 1018 2829 praecise
1063 2753 1124 2810 in
1165 2771 1227 2810 se
1271 2752 1489 2827 absque
1531 2751 1975 2810 circumstantiis
2020 2750 2441 2808 consideratum
2491 2752 2728 2810 volebat

314 2833 613 2890 voluntate
643 2833 890 2890 naturali
919 2832 1324 2904 conditionata,
1356 2839 1416 2888 et
1461 2830 1755 2888 velleitate
1799 2830 1993 2905 potius
2022 2849 2125 2888 seu
2172 2829 2471 2887 voluntate
2516 2831 2721 2905 imper-

315 2911 482 2984 fecta,
515 2911 830 2970 secundum
859 2913 1007 2970 hanc
1036 2910 1270 2986 petebat
1297 2909 1761 2967 conditionaliter
1798 2929 1917 2966 rem
1947 2928 2021 2966 ex
2060 2907 2370 2984 hypothesi
2396 2908 2721 2985 impossibi-

313 2989 447 3064 lem,
479 2998 538 3048 et
579 2991 815 3066 optabat
856 2990 1014 3066 quod
1042 2990 1130 3046 illi
1171 2987 1575 3077 denegandum
1604 2997 1744 3062 erat,
1789 2996 1854 3046 ut
1882 2988 1991 3046 hoc
2033 2997 2203 3063 pacto
2245 2995 2555 3046 testaretur
2582 2989 2723 3065 quid

316 3070 571 3144 sentiret,
603 3078 909 3146 pateretur,
943 3078 1000 3127 et
1028 3076 1322 3144 appeteret
1362 3065 1572 3124 misera
1615 3075 1674 3126 et
1702 3087 1885 3142 egena
1912 3073 2133 3142 natura,
2167 3074 2225 3126 et
2252 3087 2287 3124 a
2314 3087 2429 3143 quo
2471 3069 2723 3128 maxime

316 3149 642 3224 refugeret3
689 3157 747 3206 at
773 3168 913 3207 vero
959 3147 1128 3206 Istud
1173 3168 1304 3206 cum
1334 3147 1602 3206 omnibus
1651 3147 2113 3222 circumstantiis,
2162 3147 2368 3222 causiS,
2417 3156 2475 3206 et
2503 3147 2723 3210 effectis

316 3229 758 3302 consideratum,
789 3228 1086 3286 voluntate
1115 3227 1381 3286 absoluta
1407 3247 1508 3303 per
1549 3227 1783 3286 modum
1812 3227 2051 3286 rationis
2080 3226 2155 3284 ad
2174 3227 2347 3285 finem
2370 3229 2469 3305 qui
2498 3230 2721 3306 mediiS,

315 3311 378 3368 in
407 3329 466 3368 se
496 3309 680 3384 malis,
711 3309 1124 3368 amabilitatem
1155 3307 1300 3366 solet
1329 3305 1651 3383 conciliare,
1677 3307 1967 3384 quomodo
1996 3307 2153 3384 potio
2196 3327 2390 3366 amara
2436 3312 2727 3387 appetitur

315 3399 549 3484 propter
577 3391 897 3465 sanitatem,
929 3408 1102 3465 quam
1151 3387 1508 3446 voluntatem
1548 3355 1811 3447 Chi-istus
1854 3388 2108 3448 declarat
2149 3409 2219 3446 ea
2256 3409 2429 3483 quarn
2457 3393 2726 3468 apposuit

318 3473 512 3530 statim
538 3471 881 3529 limitatione
909 3479 968 3528 et
1012 3469 1415 3546 conjunctione
1451 3471 1597 3544 πλὲν,
1630 3471 1794 3527 ἀλλὰ.
1840 3469 1934 3527 Ita
1978 3469 2087 3527 etsi
2114 3477 2315 3528 votum
2344 3471 2591 3548 primum
2620 3493 2722 3531 vo-

317 3551 527 3610 luntati
554 3551 734 3628 patris
773 3549 1174 3628 quadantenus
1214 3549 1522 3608 adversum
1559 3549 1933 3626 concepisset,
1979 3549 2115 3626 quia
2154 3559 2347 3608 tamen
2390 3552 2499 3610 sub
2528 3553 2723 3610 condi-

315 3631 472 3690 tione
521 3630 668 3688 illud
695 3631 778 3689 ita
830 3630 1094 3708 concepit
1138 3639 1204 3689 ut
1246 3630 1524 3688 velleitati
1574 3629 1709 3689 huic
1759 3651 1878 3688 suae
1922 3629 2115 3688 statim
2154 3628 2395 3689 fraenu'm
2442 3631 2722 3708 injecerit,

316 3730 558 3787 eamque
589 3711 703 3768 Dei
749 3709 985 3770 arbitrio
1034 3711 1359 3787 subjecerit,
1390 3730 1506 3768 non
1546 3720 1742 3788 potest
1766 3710 1888 3768 ulla
1935 3709 2241 3786 culpabilis
2287 3711 2382 3769 hic
2427 3730 2725 3772 occurrere

317 3790 642 3849 diversitas.

395 3869 657 3929 XXIX.
704 3870 953 3930 Instabit
983 3878 1172 3929 tamen
1201 3870 1432 3947 aliquis,
1458 3869 1519 3928 Si
1547 3870 1826 3929 correctio
1855 3869 2050 3946 aliqua
2071 3867 2268 3928 addita
2294 3869 2404 3928 fuit
2432 3891 2466 3928 a
2496 3871 2725 3931 Christo

319 3950 380 4006 in
424 3958 715 4026 postrema
741 3952 1088 4028 precationis
1133 3959 1312 4027 parte,
1353 3951 1586 4010 omnino
1613 3951 1850 4008 modum
1900 3949 2215 4008 excesserit
2262 3959 2501 4027 oportet,
2554 3960 2728 4029 atque

318 4030 465 4088 adeo
513 4050 628 4088 ιιοιι
659 4031 800 4090 satis
838 4031 1158 4108 composita
1202 4029 1391 4088 fuerit.
1437 4029 1594 4088 Hinc
1642 4029 1919 4088 Calvinus
1966 4029 2028 4087 in
2058 4029 2481 4088 Commentario
2532 4050 2636 4090 suo
2665 4032 2727 4090 in

319 4109 554 4184 Matth„
586 4110 738 4168 dixit
769 4113 804 4143 “
828 4111 1120 4170 Christum
1163 4119 1364 4170 votum
1393 4110 1542 4168 illud
1570 4111 1762 4169 subito
1794 4109 1905 4168 sibi
1928 4109 2187 4185 elapsum
2236 4110 2522 4186 castigarc
2552 4118 2610 4169 et
2636 4131 2723 4170 re-

318 4191 566 4265 vocare,’
575 4190 776 4268 'quod
805 4191 920 4250 dici
947 4211 1064 4250 non
1093 4199 1284 4268 potest
1320 4210 1494 4266 quam
1539 4199 1808 4267 proterve
1838 4188 2226 4246 Bellarminus
2276 4191 2535 4266 exagitet
2562 4193 2729 4268 quasi

323 4270 616 4329 Christum
663 4271 886 4348 peccati
923 4271 1168 4348 alicujus
1218 4279 1276 4328 et
1305 4269 1639 4329 vitiositatis
1688 4269 2063 4342 insimularet,
2116 4269 2214 4344 qui
2263 4270 2497 4346 aliquod
2525 4279 2726 4329 votum

319 4350 533 4408 fuderit
561 4351 720 4427 quod
747 4351 1102 4410 correctione
1130 4370 1274 4426 opus
1302 4351 1524 4409 habuit.
1583 4350 1671 4408 At
1696 4357 1763 4409 ut
1790 4349 1862 4407 de
1894 4313 2137 4407 Calvino
2166 4350 2413 4426 primum
2444 4351 2720 4428 dicamus,

319 4431 364 4491 J
367 4431 554 4490 esuita
579 4452 738 4490 more
761 4451 866 4490 suo
895 4431 1036 4490 satis
1065 4430 1258 4509 prodit
1285 4429 1675 4490 calumniandi
1702 4438 1941 4488 oestrum
1970 4448 2084 4505 quo
2102 4431 2353 4504 percitus
2382 4439 2471 4490 est
2498 4431 2635 4490 dum
2658 4453 2727 4492 ea

317 4512 693 4588 integerrimo
719 4512 848 4570 viro
884 4511 1108 4589 affingit
1151 4531 1280 4587 quse
1324 4512 1397 4569 ab
1443 4512 1570 4587 ejus
1617 4521 1809 4569 mente
1852 4519 1987 4568 sunt
2014 4509 2400 4582 alienissima3
2446 4512 2603 4588 quod
2630 4514 2726 4572 vel

318 4591 472 4650 idem
503 4593 624 4668 ipse
655 4592 1098 4652 commentarius
1145 4591 1470 4650 luculenter
1498 4589 1684 4666 docet,
1714 4591 1816 4650 ubi
1843 4589 2021 4648 variis
2048 4589 2109 4648 in
2156 4591 2318 4667 locis,
2347 4593 2725 4670 pluribusque

315 4673 638 4732 rationibus
686 4673 793 4732 hos
844 4674 1060 4732 Christi
1113 4691 1377 4748 angores,
1429 4671 1711 4749 querelas,
1762 4690 1961 4750 preces
2010 4679 2067 4730 et
2094 4670 2334 4732 affectus
2389 4673 2727 4750 purissimos
