3234 5192
265 405 502 446 msrur.
531 389 734 464 xv1¹1.]
913 405 992 446 ns
1021 402 1514 446 sarlsracrioms
1543 403 1790 446 cuatsrr
1816 405 2134 446 vannus.
2564 389 2681 448 565

257 547 558 622 offensum,
590 556 648 607 et
677 567 837 606 reum
865 546 1054 624 ipsum
1083 567 1118 603 a
1138 567 1311 624 poena
1337 545 1727 624 eximendum,
1758 546 1917 624 quod
1946 549 2043 607 vel
2070 567 2146 607 ex
2174 547 2303 607 istis
2330 551 2513 626 poetas
2546 569 2671 607 ver-

257 629 350 687 bis
377 637 650 706 tanquam
679 627 1146 704 vulgatissimum
1177 625 1508 704 colligitur:

704 787 892 853 Quum
917 786 994 843 sis
1013 786 1131 862 ipse
1155 803 1373 861 nocens,
1403 784 1646 844 moritur
1671 803 1775 842 cur
1810 785 2049 844 Victima
2064 806 2183 863 pro
2213 795 2263 845 te
2279 788 2307 844 ,²

699 866 950 924 Stultitia
976 875 1058 924 eet
1081 875 1260 924 morte
1285 865 1518 924 alterius
1543 885 1781 941 sperare
1799 868 2053 926 salutem.

340 1025 463 1083 Pro
486 1034 553 1100 te,
582 1024 644 1083 id
673 1033 762 1084 est
789 1025 872 1083 tui
897 1027 1016 1082 loco
1044 1031 1103 1082 et
1129 1023 1295 1083 vice:
1335 1043 1524 1100 neque
1561 1023 1678 1082 alia
1720 1023 1951 1083 videtur
1998 1045 2172 1084 causa
2196 1024 2375 1084 fuisse
2420 1032 2477 1084 et
2506 1023 2669 1102 origo

259 1105 562 1163 horrendae
587 1105 746 1163 illius
773 1104 1158 1184 &regua-otochus
1187 1123 1318 1180 quae
1345 1104 1496 1161 inter
1543 1111 1631 1162 tot
1650 1104 1869 1163 Gentes
1898 1104 2036 1162 olim
2084 1106 2255 1163 etiam
2286 1105 2667 1164 celebratissi-

259 1203 384 1242 mas
406 1185 672 1244 obtinuit.
718 1185 908 1258 Quum
937 1185 1090 1242 enim
1119 1182 1244 1242 istae
1271 1193 1492 1242 naturae
1513 1182 1695 1242 ductu
1716 1203 1831 1242 non
1852 1185 2201 1260 ignorarent,
2234 1205 2349 1262 quo
2368 1185 2557 1261 majus
2578 1203 2667 1242 es-

261 1271 352 1322 set
373 1263 531 1338 quod
574 1263 809 1322 daretur
843 1264 981 1339 Deo,
1002 1283 1072 1321 eo
1099 1261 1326 1321 facilius
1353 1263 1582 1321 veniam
1605 1282 1775 1340 posse
1802 1263 2111 1340 impetrari,
2132 1265 2449 1340 praesertim
2468 1263 2517 1322 si
2534 1263 2667 1323 ainl-

261 1357 446 1422 avrgou
473 1361 604 1400 cum
626 1362 694 1401 eo
723 1341 880 1420 quod
898 1343 1276 1402 redimeretur
1301 1342 1495 1418 aliqua
1511 1351 1665 1401 esset
1694 1343 2008 1419 aequalitas,
2035 1345 2084 1402 si
2112 1345 2283 1402 homo
2310 1363 2414 1420 pro
2437 1345 2669 1402 homine

261 1422 454 1481 hostia
479 1421 644 1497 foret,
678 1422 820 1480 Ideo
848 1441 884 1481 a
909 1422 1194 1498 pecudum
1223 1421 1569 1481 mactatione
1617 1422 1679 1479 in
1706 1423 1949 1498 piaculis
1993 1423 2269 1482 faciendis
2313 1432 2552 1482 ventum
2582 1431 2673 1482 est

261 1501 338 1560 ad
363 1502 770 1560 mactationem
799 1502 1132 1562 hominm:
1174 1521 1408 1560 causam
1435 1501 1600 1560 affert
1646 1501 1838 1560 Caesar
1880 1502 1953 1560 de
1984 1502 2171 1561 Gallis
2198 1503 2459 1580 loquens,
2494 1505 2530 1535 “
2560 1503 2669 1560 l'ro

262 1581 388 1640 vita
429 1582 786 1659 hominum,''
817 1582 1021 1659 inquit,
1077 1585 1113 1616 ‘⁶
1135 1581 1247 1640 nisi
1284 1581 1408 1640 vita
1449 1581 1701 1639 hominis
1750 1580 2025 1642 reddatur
2070 1602 2188 1642 non
2213 1602 2383 1660 posse
2414 1583 2670 1640 Deorum

261 1661 672 1720 immortalium
700 1681 912 1721 numen
940 1661 1157 1740 placari
1177 1661 1581 1721 arbitrantur.’'
1634 1661 1767 1720 Hoc
1794 1661 2085 1721 factitasse
2112 1663 2283 1740 primi
2310 1662 2673 1740 reperiuntur

263 1741 570 1800 Phoeniees
598 1761 702 1800 seu
731 1743 1018 1818 Cananaei,
1047 1761 1194 1819 qnos
1220 1752 1420 1800 notum
1451 1761 1526 1800 ex
1557 1741 1869 1818 Scripturis
1900 1742 2235 1801 Molochum
2263 1743 2363 1820 qui
2388 1742 2672 1802 Saturnus

263 1821 374 1881 fuit
400 1821 628 1898 placare
654 1822 968 1882 liberorum
996 1841 1229 1882 suorum
1257 1821 1604 1880 mactatione
1634 1821 1856 1898 solitos,
1886 1841 2002 1898 quo
2032 1823 2250 1882 Tei-tul.
2282 1823 2458 1900 Apol.
2490 1842 2541 1880 c.
2576 1823 2668 1896 19,

263 1901 577 1979 respiciens
598 1901 740 1960 dicit
770 1905 806 1934 ‘⁶
832 1903 1143 1962 Saturnum
1185 1901 1468 1980 imprimis
1514 1901 1768 1958 humana
1813 1902 2051 1960 victima
2078 1902 2425 1961 delectatum
2473 1902 2669 1975 fuisse,

263 1981 512 2058 ideoque
539 1981 826 2040 tumulum
853 1981 1102 2040 filiorum
1130 1978 1308 2039 fuisse
1335 1979 1745 2056 appellatum.”
1816 1979 1961 2038 Inde
2008 1980 2085 2038 ad
2113 1982 2322 2057 Tyrios
2370 1990 2429 2040 et
2459 1980 2671 2039 Poenos

264 2079 392 2119 mos
419 2061 664 2134 transiit,
685 2060 843 2137 quod
859 2061 902 2119 J
905 2060 1130 2118 ustinus
1145 2066 1278 2136 post
1297 2059 1617 2116 Diodorum
1634 2057 1873 2117 tradidit
1892 2059 1992 2118 lib.
2024 2061 2207 2134 xviii„
2242 2063 2275 2092 ‘⁴
2300 2061 2585 2118 Homines
2607 2069 2673 2118 ut

265 2139 534 2198 victimas
563 2139 938 2196 immolabant
985 2147 1044 2196 et
1069 2138 1398 2215 impuberes
1435 2137 1550 2194 aris
1589 2136 1991 2211 admovebant,
2023 2157 2221 2213 pacem
2254 2137 2509 2196 Deorum
2539 2157 2667 2195 san--

267 2219 444 2294 guine
473 2237 670 2276 eorum
699 2219 1134 2294 exposcentes.’'
1218 2215 1613 2275 Usitatissima
1640 2215 1955 2292 quinetiam
1984 2216 2161 2274 fuisse
2211 2218 2345 2274 olim
2376 2237 2480 2294 per
2508 2217 2671 2275 Grue-

265 2298 434 2371 ciam,
487 2297 736 2371 Italiam,
771 2296 1027 2354 Siciliam
1074 2295 1136 2354 id
1183 2315 1368 2372 genus
1411 2295 1691 2355 sacrificia
1736 2303 1930 2354 narrat
1980 2296 2222 2372 Plinius,
2253 2316 2439 2374 neque
2470 2297 2673 2356 Romae

267 2375 548 2453 abrogata
573 2385 706 2434 ante
735 2395 948 2434 annum
978 2378 1114 2434 657.
1200 2377 1336 2434 Huc
1384 2375 1673 2453 pertinent
1715 2375 1891 2434 etiam
1939 2375 2187 2453 publieae
2232 2377 2347 2435 illae
2375 2377 2673 2436 hominum

267 2458 579 2516 devotiones
597 2455 808 2534 quibus
829 2467 1056 2515 veteres
1078 2456 1292 2534 placari
1323 2457 1481 2515 Deos
1503 2455 1831 2531 censebant,
1856 2456 2013 2533 quod
2041 2455 2113 2514 de
2142 2458 2333 2516 Deciis
2359 2465 2522 2515 notat
2551 2457 2671 2516 Cic.

265 2537 328 2595 li.
350 2536 431 2596 iii.
451 2537 524 2596 de
555 2544 671 2595 nat.
698 2536 890 2611 Deor.‚
921 2545 980 2595 et
1011 2536 1214 2595 Livius
1240 2545 1413 2596 vocat
1457 2556 1555 2595 eos
1569 2536 1805 2612 piacula
1834 2539 2010 2595 omnis
2038 2539 2295 2596 Deorum
2322 2539 2440 2612 iroe,
2472 2546 2673 2613 quate-

269 2637 380 2676 nus
407 2617 670 2676 homines
697 2617 809 2694 ipsi
835 2636 940 2694 pro
968 2617 1154 2694 patria
1182 2637 1243 2675 se
1271 2615 1628 2675 devoventes
1648 2636 1877 2694 poenam
1900 2637 2027 2694 quae
2058 2618 2281 2676 caeteris
2308 2617 2677 2694 impendebat

267 2697 332 2755 in
357 2698 650 2774 proprium
681 2707 854 2774 caput
897 2706 1256 2756 accersentes
1285 2697 1358 2754 ab
1387 2695 1516 2754 aliis
1560 2695 1917 2754 avertebant.
2001 2697 2147 2754 Haec
2192 2707 2383 2754 autem
2432 2705 2675 2772 utraque

269 2777 628 2837 consuetudo
651 2775 806 2852 apud
835 2777 1056 2834 Gentes
1083 2797 1198 2834 non
1219 2775 1576 2848 invaluisset,
1600 2775 1713 2832 nisi
1736 2783 2006 2832 constans
2024 2775 2227 2833 suisset
2248 2775 2401 2852 apud
2424 2794 2523 2832 eos
2545 2795 2675 2832 sen-

267 2856 466 2930 tentia,
481 2857 774 2914 victimam
789 2855 880 2912 vel
895 2855 1182 2932 piaculum
1195 2855 1384 2912 locum
1401 2853 1719 2929 peccatoris
1733 2853 1925 2910 subire
1936 2853 2010 2910 ad
2028 2855 2155 2929 ejus
2182 2853 2675 2930 Redemptionem.

353 2934 462 2992 VI.
511 2934 794 3006 Secund0,
828 2935 1294 3008 subrogationem
1343 2933 1494 2989 banc
1541 2938 1600 2989 et
1645 2930 2091 2990 satisfactionem
2137 2933 2297 2991 Deus
2344 2932 2675 3008 expressius

267 3011 446 3071 tradit
473 3012 534 3070 in
561 3012 856 3071 sacrificiis
889 3011 1204 3070 Leviticis:
1249 3010 1460 3084 Primo,
1491 3010 1549 3066 in
1591 3010 1825 3067 m‘ctt'moe
1850 3010 2082 3086 inteqroe
2125 3021 2179 3068 et
2196 3031 2364 3086 parce
2404 3011 2676 3070 oblatione

267 3109 400 3168 quae
427 3111 464 3149 a
489 3111 588 3150 reo
617 3091 742 3148 fieri
791 3091 1006 3161 debuit,
1059 3090 1130 3148 de
1179 3109 1284 3148 suo
1328 3089 1480 3148 enim
1519 3088 1657 3146 dare
1706 3088 1907 3147 debuit
1954 3089 2249 3148 victimam
2278 3099 2343 3149 ut
2372 3099 2678 3151 testaretur

268 3171 398 3230 loco
427 3191 534 3229 suo
561 3169 807 3247 supponi
827 3169 904 3228 ad
930 3189 1057 3228 eam
1085 3168 1380 3227 ferendam
1405 3187 1637 3246 poenam
1682 3187 1811 3244 quae
1848 3167 1961 3226 sibi
1989 3167 2339 3246 debebatur;
2388 3170 2673 3248 Secundo,

271 3251 330 3309 in
355 3250 643 3327 sanquim's
654 3250 884 3323 fusione
911 3269 1040 3326 quae
1067 3248 1269 3308 mortis
1297 3258 1356 3308 et
1384 3246 1653 3325 supplicii
1674 3247 1989 3308 commeriti
2020 3249 2329 3328 imaginem
2360 3251 2677 3328 expressis-

272 3329 474 3389 simam
497 3329 717 3404 habuit,
739 3329 854 3387 imo
877 3328 1344 3388 substitutionem
1365 3347 1480 3386 non
1505 3327 1748 3386 obscure
1770 3328 1979 3406 arguit,
2001 3328 2139 3388 dum
2158 3330 2397 3408 sanguis
2422 3351 2527 3408 pro
2555 3331 2675 3388 ani-

271 3429 368 3469 ma
395 3431 498 3470 seu
525 3411 650 3470 vita
675 3409 926 3468 hominis
973 3408 1222 3486 ponitur,
1275 3408 1420 3469 Lev.
1468 3407 1612 3466 xvii.
1647 3411 1739 3483 11,
1791 3409 1827 3440 ‘⁴
1850 3409 2123 3484 Anima,”
2161 3411 2365 3488 inquit,
2420 3415 2457 3444 “
2478 3411 2673 3487 cujus-

271 3509 384 3566 que
412 3490 604 3549 carnis
629 3489 690 3546 in
720 3487 1018 3566 sanguine,
1042 3507 1152 3565 ego
1181 3508 1319 3548 vero
1363 3487 1652 3547 destinavi
1695 3488 1865 3546 vobis
1901 3508 2033 3547 eum
2077 3491 2139 3547 in
2164 3490 2332 3549 altari
2376 3489 2451 3548 ad
2478 3490 2675 3566 expia-

270 3570 486 3628 tionem
513 3569 836 3628 faeiendam
861 3587 966 3646 pro
1015 3569 1316 3627 animabus
1363 3567 1590 3641 vestris,
1620 3587 1755 3625 nam
1791 3569 2029 3646 sanguis
2072 3578 2163 3629 est
2208 3570 2308 3647 qui
2354 3589 2456 3648 pro
2484 3570 2678 3628 anima

269 3649 660 3725 expiationem
686 3647 877 3707 facit.’'
961 3647 1058 3706 Ex
1087 3648 1298 3725 quibus
1325 3655 1552 3707 constat
1579 3647 1923 3724 sanguinem
1950 3667 1985 3705 a
2016 3649 2141 3707 Deo
2171 3649 2519 3708 destinatum
2549 3667 2675 3706 esse

268 3727 346 3785 ad
373 3728 760 3805 expiationem
789 3728 1125 3801 animarum,
1157 3727 1294 3804 quia
1323 3727 1381 3784 in
1410 3747 1478 3786 eo
1505 3735 1596 3784 est
1624 3726 1816 3784 anima
1858 3728 2063 3803 carnis,
2110 3727 2171 3786 id
2198 3737 2287 3787 est
2316 3728 2437 3786 vita
2474 3728 2673 3804 ipsius,

270 3826 388 3864 non
415 3807 572 3884 quod
599 3807 826 3884 proprie
855 3809 1094 3885 sanguis
1122 3806 1198 3866 sit
1225 3807 1323 3865 vel
1348 3806 1541 3864 anima
1581 3806 1679 3864 vel
1708 3805 1829 3864 vita
1856 3806 2136 3882 animalis,
2169 3808 2271 3866 sed
2299 3815 2532 3884 propter
2560 3808 2667 3884 spi·

270 3887 418 3944 ritus
446 3887 653 3945 vitales
681 3888 782 3964 qui
808 3889 1016 3947 animae
1043 3905 1262 3964 organa
1305 3894 1364 3944 et
1411 3885 1643 3944 virtutis
1671 3885 1797 3962 ejus
1823 3886 2093 3945 vehicula
2120 3896 2270 3962 sunt,
2310 3886 2465 3945 unde
2493 3885 2675 3945 effuso

269 3966 550 4042 sanguine
579 3966 754 4025 simul
779 3968 961 4025 vitam
991 3966 1254 4042 extingui
1285 3983 1520 4024 necesse
1549 3973 1655 4024 est.
1751 3964 1951 4042 Atque
1977 3967 2103 4024 baec
2130 3966 2279 4024 ratio
2306 3966 2417 4024 fuit
2442 3975 2677 4042 propter

269 4065 460 4122 quam,
483 4046 632 4104 Gen.
655 4047 754 4122 ix„
771 4046 870 4105 ubi
892 4046 1038 4104 liber
1050 4065 1183 4104 esus
1204 4063 1476 4122 pecorum
1494 4043 1843 4117 conceditur,
1866 4045 1975 4102 hoc
1992 4045 2367 4104 interdicatur
2382 4065 2673 4122 expresse,

268 4146 338 4184 ne
364 4145 502 4184 caro
530 4145 654 4184 cum
677 4126 950 4202 sanquine
993 4129 1333 4198 comedatur,
1379 4123 1515 4201 quia
1561 4124 1757 4182 anima
1784 4124 1861 4182 sit
1903 4127 2025 4200 q'us
2042 4124 2271 4200 sanquis
2310 4125 2405 4182 vel
2454 4125 2511 4182 in
2544 4145 2673 4183 san-

267 4203 461 4280 guine.
553 4204 645 4262 Ita
671 4225 748 4263 ex
775 4204 1170 4263 vetustissima
1196 4204 1327 4281 lege
1365 4204 1440 4261 ad
1481 4203 1727 4280 populos
1755 4222 1953 4262 omnes
1980 4211 2298 4281 propagata
2324 4205 2559 4280 sanguis
2588 4213 2681 4264 cst

267 4283 396 4343 loco
424 4283 648 4359 animae,
680 4303 796 4361 quo
825 4284 1060 4361 respicit
1085 4284 1232 4343 illud
1261 4283 1688 4361 virgilianum:

735 4444 1023 4520 Sanquine
1049 4443 1342 4521 quoerendi
1363 4443 1577 4502 reditus
1603 4441 1905 4518 animaque
1932 4442 2223 4502 litandum.

349 4600 414 4660 Si
443 4601 514 4661 E.
546 4602 786 4680 sanguis
813 4601 986 4662 datur
1011 4603 1086 4661 ad
1115 4602 1434 4680 expiandas
1481 4601 1705 4660 animas
1748 4600 1886 4678 quia
1932 4611 2023 4661 est
2064 4602 2195 4660 loco
2221 4603 2443 4678 animae,
2474 4603 2675 4681 utiquo

262 4681 456 4740 anima
483 4701 586 4742 seu
617 4682 740 4742 vita
758 4683 986 4760 pecoris
1012 4682 1182 4742 datur
1209 4691 1268 4742 et
1295 4681 1532 4741 offertur
1553 4702 1657 4760 pro
1679 4681 1873 4740 anima
1900 4701 2001 4742 seu
2021 4682 2146 4743 vita
2164 4684 2432 4758 hominis,
2465 4693 2523 4742 et
2551 4704 2677 4760 per-
