3234 5192
320 357 553 399 merur.
584 334 714 417 χι]
899 352 979 393 nn
1008 351 1501 395 sursum-iouis
1530 351 1774 393 camsi-1
1803 350 2124 393 vituium.
2621 338 2738 396 505

320 498 627 557 auferrent
666 512 773 570 per
811 493 1213 568 expiationem
1252 491 1532 567 typicam,
1574 493 1680 549 sed
1721 498 1782 550 et
1821 491 1894 549 iis
1935 491 2130 567 typice
2169 492 2611 567 imputarentur
2624 514 2738 573 per

320 575 777 634 aestimationem
795 572 1139 645 juridicam,
1170 589 1292 646 quo
1334 570 1671 645 pertinebat
1697 571 1846 628 ritus
1891 570 2289 645 impositionis
2319 590 2612 631 manuum
2640 594 2737 631 su-

317 673 424 729 per
454 660 641 728 caput
686 651 893 709 hostiae
941 658 1002 707 et
1044 648 1333 707 confessio
1379 655 1758 722 peecatorum
1805 666 1942 723 quae
1984 648 2110 705 fieri
2139 649 2404 720 solebat;
2451 650 2550 708 Ita
2597 670 2736 711 cum

322 732 598 790 Christus
620 748 755 788 vere
786 728 864 787 sit
890 728 1133 786 victima
1160 734 1365 785 nostra
1380 727 1700 801 piacularis
1728 726 1831 802 qui
1852 733 2170 801 propterea
2189 738 2489 801 peceatum
2515 729 2738 787 dieitur

316 809 520 867 factus
550 826 589 865 a
615 809 763 878 Deo,
794 808 833 863 2
862 806 995 865 Cor.
1029 824 1081 865 v.
1114 806 1208 876 21,
1239 812 1309 862 ut
1348 812 1527 861 antea
1552 804 1768 875 visum,
1797 804 2058 879 portatio
2100 804 2217 862 ista
2242 824 2364 863 non
2385 812 2582 881 potest
2607 807 2736 865 sine

320 888 377 945 vi
406 888 675 963 quadam
691 886 769 944 ad
790 885 1183 960 portationem
1218 883 1467 939 activam
1506 888 1748 939 tantum
1773 883 1872 939 vel
1897 882 2406 954 authoritativam,
2454 884 2504 941 si
2529 884 2622 942 fas
2648 885 2734 943 ita

320 966 512 1040 loqui,
544 965 625 1021 id.
656 981 883 1021 meram
910 962 1275 1021 ablationem
1302 960 1525 1031 referri,
1556 962 1660 1017 sed
1683 960 1904 1035 optime
1931 962 2010 1017 ad
2035 962 2412 1035 qestationem
2439 964 2736 1037 passivam

320 1052 381 1101 et
416 1042 871 1101 satisfactorium
898 1040 1403 1099 accommodatur.
1442 1038 1499 1095 4.
1531 1038 1810 1113 Denique
1837 1055 1912 1094 ex
1933 1038 2062 1113 ipsa
2082 1039 2580 1098 Adversariorum
2603 1059 2736 1098 sen-

321 1123 531 1193 tentia,
560 1139 701 1178 nam
729 1120 779 1177 si
806 1120 1041 1177 auferre
1088 1118 1299 1175 debuit
1349 1115 1619 1175 Christus
1663 1122 1917 1191 peecata,
1962 1116 2171 1191 utique
2197 1123 2260 1173 et
2302 1118 2456 1175 ferre
2505 1118 2732 1190 debuit,

320 1216 639 1273 nunquam
666 1197 827 1255 enim
854 1213 927 1254 ea
952 1196 1187 1253 auferre
1215 1193 1508 1269 potuisset
1532 1200 1603 1251 ut
1631 1193 1952 1265 Mediator,
1983 1195 2104 1251 nisi
2129 1213 2340 1252 eorum
2363 1213 2568 1269 poenas
2609 1214 2736 1253 sus-

321 1276 598 1333 tinuisset
626 1282 693 1332 ut
712 1292 979 1349 sponsor,
1008 1272 1306 1348 primariis
1332 1271 1704 1329 debitoribus
1731 1272 2186 1331 indemnitatem
2208 1279 2269 1329 et
2295 1273 2735 1331 immunitatem

322 1370 361 1409 a
385 1371 567 1427 poena
592 1353 952 1427 praestando.
998 1350 1099 1409 Ita
1124 1353 1253 1409 haec
1278 1358 1569 1425 tanquam
1612 1350 1916 1407 contraria
1957 1358 2018 1408 et
2043 1348 2226 1414 ἁηιὶιη
2283 1350 2404 1427 pira
2443 1370 2564 1409 non
2594 1360 2738 1409 sunt

323 1432 701 1505 opponenda,
730 1432 833 1488 sed
861 1431 1271 1505 componenda
1297 1435 1367 1485 ut
1412 1428 1820 1498 subordinate,
1865 1440 2174 1503 peccatum
2239 1448 2366 1487 erre
2393 1437 2454 1487 et
2481 1429 2732 1501 auferre,

323 1508 467 1583 quia
494 1515 565 1565 ut
586 1526 705 1566 non
734 1507 877 1568 tulit
902 1506 1015 1565 nisi
1044 1514 1114 1565 ut
1139 1506 1415 1578 auferret,
1446 1506 1531 1563 ita
1558 1523 1681 1563 non
1707 1507 1958 1564 abstulit
1985 1508 2096 1565 nisi
2122 1507 2386 1565 ferendo,

404 1585 591 1644 XVI.
635 1587 843 1661 Atque
868 1584 1009 1643 hinc
1035 1585 1371 1643 luculenter
1398 1591 1566 1659 patet
1584 1584 1734 1659 quid
1763 1586 1840 1641 ad
1869 1585 1978 1642 illa
2001 1586 2136 1643 loca
2155 1587 2638 1660 respondendum
2658 1585 2736 1643 sit

321 1663 385 1721 in
414 1664 635 1739 quibus
663 1671 698 1698 ‘⁴
719 1664 883 1721 Deus
912 1662 1133 1722 dicitur
1172 1670 1409 1738 portare
1452 1662 1870 1736 iniquitatem”
1899 1680 2024 1719 non
2073 1671 2108 1698 “
2131 1662 2600 1733 satisfaciend0‚''
2629 1664 2734 1720 sed

321 1742 539 1817 simpli.
572 1743 1082 1813 “condonand0,”
1136 1742 1331 1799 Exod.
1376 1740 1578 1797 xxxiv.
1608 1748 1671 1797 et
1697 1740 1886 1798 Num.
1917 1740 2058 1814 xiv„
2086 1742 2228 1799 nim.
2279 1742 2574 1817 disparem
2609 1759 2734 1799 esse

318 1821 501 1893 plane
528 1821 839 1891 rationem,
869 1828 929 1878 et
955 1820 1273 1879 dissimilia
1308 1818 1578 1878 conferri.
1646 1816 1810 1876 Nam
1838 1820 2012 1877 aliter
2039 1819 2206 1879 Deus
2232 1820 2452 1877 dieitur
2493 1826 2734 1895 portare

317 1908 575 1972 peccata,
605 1899 778 1957 aliter
810 1898 1095 1969 Christus,
1121 1897 1390 1957 Christus
1415 1896 1503 1953 ita
1525 1896 1644 1953 fert
1663 1903 1735 1953 ut
1758 1904 2074 1972 propterea
2094 1899 2328 1956 dicatur
2345 1905 2654 1973 peecatum
2675 1903 2736 1954 et

320 1978 619 2035 execratio
645 1977 793 2047 fieri,
822 1984 1136 2052 propterea
1180 1982 1487 2044 atteratur,
1536 1975 1903 2043 vulneretur,
1933 1976 2254 2045 occidatur,
2305 1977 2471 2051 quod
2497 1977 2574 2033 de
2603 1974 2734 2031 Deo

324 2055 603 2129 nuspiam
644 2055 1013 2129 perhibetur,
1062 2054 1209 2128 quid
1256 2052 1477 2108 mirum
1502 2068 1648 2123 ergo
1697 2051 1746 2107 si
1777 2050 2050 2109 Christus
2088 2053 2244 2110 ferat
2267 2060 2506 2125 peccata
2531 2070 2736 2127 poenas

322 2133 568 2201 luendo,
600 2131 765 2188 Deus
790 2138 1000 2187 contra
1046 2136 1277 2187 reatum
1330 2128 1746 2197 condonandO,
1795 2134 1856 2185 et
1901 2147 2138 2202 poenam
2183 2131 2546 2187 removendo
2569 2131 2595 2187 3
2637 2128 2737 2186 Ita

323 2227 434 2283 pro
481 2208 712 2267 ratione
760 2208 1166 2281 subjectorum
1207 2204 1439 2281 phrasis
1486 2204 1886 2263 diversimode
1928 2205 2215 2279 explicari
2257 2206 2584 2263 necessario
2632 2207 2732 2262 de-

324 2286 445 2355 bet,
474 2304 550 2343 ne
594 2303 835 2343 sensum
860 2284 1079 2343 fundat
1118 2284 1449 2343 absurdum
1475 2290 1537 2340 et
1562 2282 1850 2340 alienum.
1913 2284 2080 2342 Deus
2115 2283 2274 2341 enim
2304 2302 2440 2341 cum
2489 2284 2566 2341 sit
2591 2285 2734 2342 ἀπιέ-

325 2372 459 2429 οηος
486 2372 547 2422 et
572 2362 797 2421 doloris
832 2363 1024 2421 omnis
1066 2380 1279 2438 expers
1323 2379 1446 2419 non
1472 2367 1670 2437 potest
1697 2368 1933 2436 portare
1975 2368 2218 2438 peccata
2259 2380 2468 2419 eorum
2495 2380 2732 2437 poenam

326 2442 721 2517 suscipiendo,
748 2440 885 2499 ideo
912 2441 1229 2500 manifesta
1256 2440 1409 2499 ratio
1436 2440 1744 2516 compellit
1775 2458 1884 2498 nos
1927 2443 2194 2499 deserere
2241 2440 2733 2515 significat-ionem

324 2520 623 2597 propriam
651 2527 713 2579 et
738 2520 1059 2594 figuratam
1094 2538 1427 2590 assumere3
1456 2525 1521 2578 at
1544 2520 1607 2577 iu
1662 2518 1898 2577 Christo
1925 2520 2080 2577 nihil
2107 2520 2228 2579 tale
2257 2520 2547 2589 occurrit3
2591 2540 2734 2578 nam

325 2618 401 2657 ex
428 2618 549 2675 quo
576 2598 867 2675 particeps
887 2599 1081 2657 factus
1100 2606 1190 2658 est
1216 2598 1411 2657 earnis
1432 2605 1493 2656 et
1512 2597 1838 2671 sanguinis,
1867 2599 2164 2656 obnoxius
2189 2596 2382 2655 factus
2410 2605 2500 2655 est
2523 2598 2734 2655 iisdem

324 2677 769 2737 infirmitatibus
794 2684 855 2735 et
882 2685 1146 2736 tentatus
1191 2677 1255 2733 in
1298 2677 1575 2735 omnibus
1620 2676 1930 2732 nobiseum
1975 2682 2221 2750 excepto
2267 2684 2526 2750 peccato,
2571 2678 2735 2733 unde

324 2756 477 2813 nihil
504 2757 701 2813 obstat
726 2756 1051 2829 quominus
1075 2772 1213 2811 vere
1240 2755 1304 2811 in
1332 2772 1395 2811 se
1422 2771 1626 2827 poenas
1645 2759 2023 2825 peccatorum
2069 2754 2356 2827 receperit
2401 2755 2478 2809 ad
2507 2753 2736 2827 patien-

324 2834 473 2891 dum
498 2852 607 2908 pro
634 2834 793 2908 ipsis,
824 2832 1333 2905 quemadmodum
1360 2836 1593 2887 constat
1618 2846 1757 2885 eum
1786 2829 2152 2902 gravissimis
2184 2829 2496 2887 doloribus
2517 2836 2578 2886 et
2603 2847 2736 2886 cru-

325 2910 578 2968 ciatibus
604 2910 929 2967 exercitum
956 2908 1156 2965 fuisse.

406 2985 629 3043 XVII.
674 2986 951 3044 Secunda
996 2984 1267 3059 exeeptio
1313 2984 1498 3057 petita
1544 2990 1634 3040 est
1675 3000 1750 3041 ex
1797 2982 2116 3041 collatione
2163 2983 2547 3055 evangelistas
2595 3002 2734 3042 cum

328 3063 647 3137 Propheta,
676 3062 739 3119 in
767 3080 891 3137 qua
915 3063 1065 3119 mire
1095 3062 1211 3119 sibi
1237 3061 1541 3137 plaudunt
1586 3061 1758 3134 quasi
1785 3060 1982 3117 nodus
2023 3061 2202 3135 plane
2229 3060 2419 3126 ἅλω-ος
2454 3062 2532 3119 sit
2557 3068 2620 3119 et
2645 3062 2736 3117 in-

324 3140 710 3214 explicabilis,
740 3140 885 3214 quia
904 3138 1131 3197 oraculi
1158 3138 1323 3196 illius
1360 3139 1864 3213 complementum
1885 3139 2047 3212 apud
2074 3138 2294 3198 Matth.
2325 3140 2447 3197 viii.
2476 3140 2735 3198 refertur

324 3220 399 3275 ad
424 3219 769 3277 morborum
790 3217 1161 3275 sanationem
1180 3234 1331 3291 quos
1355 3216 1626 3275 Christus
1641 3234 1765 3274 non
1785 3215 1929 3274 tulit
1949 3218 2052 3273 sed
2069 3218 2331 3276 abstulit.
2362 3226 2398 3253 ‘⁶
2414 3218 2736 3290 Quid,”in-

325 3297 460 3372 quit
490 3296 843 3365 Ostorodus‚
875 3302 1003 3353 “an
1047 3294 1317 3354 Christus
1364 3294 1742 3353 infirmorum
1768 3294 2010 3353 morbos
2035 3296 2100 3353 in
2145 3314 2207 3354 se
2250 3298 2472 3372 recepit
2512 3304 2574 3355 et
2599 3299 2734 3357 loco

324 3394 535 3433 eorum
562 3374 880 3450 aegrotavit
906 3381 967 3431 et
992 3374 1076 3431 sic
1102 3374 1346 3431 eosdem
1374 3373 1652 3432 sanavit?
1691 3390 1868 3431 nemo
1898 3374 2014 3431 hoc
2038 3374 2371 3447 affirmabit,
2401 3376 2504 3433 sed
2531 3376 2734 3450 potius

324 3454 482 3511 dicet
510 3453 815 3512 Christum
841 3452 1081 3510 morbos
1107 3452 1353 3511 illorum
1394 3452 1667 3527 potentia
1709 3469 1823 3509 sua
1848 3451 2056 3510 divina
2103 3455 2418 3511 abstulisse
2464 3460 2524 3511 et
2565 3456 2732 3529 abje-

322 3532 525 3590 cisse.”
568 3532 901 3590 Difficultas
928 3532 1056 3589 haec
1082 3530 1145 3587 in
1186 3530 1439 3604 speciem
1474 3530 1674 3604 gravis
1693 3536 1754 3587 et
1800 3530 2008 3602 ardua,
2057 3534 2160 3589 sed
2208 3532 2372 3590 varie
2414 3538 2614 3589 tamen
2641 3552 2734 3590 re-

322 3610 605 3685 sponderi
630 3616 857 3684 potest:
903 3608 956 3666 1.
990 3607 1109 3666 Vel
1134 3608 1479 3666 Adversarii
1498 3606 1864 3682 pertendunt
1877 3611 2228 3683 prophetam
2249 3612 2324 3666 de
2351 3608 2572 3665 morbis
2600 3615 2734 3665 tan-

321 3695 455 3747 tum
482 3686 887 3761 corporalibus
913 3686 1081 3763 loqui
1108 3687 1205 3743 vel
1234 3704 1351 3743 non
1374 3708 1389 3745 z
1416 3686 1569 3743 illud
1600 3693 1670 3743 ut
1697 3686 1909 3761 opinor
1937 3705 2010 3743 ne
2055 3688 2316 3745 dixerint
2363 3686 2624 3760 quidem,
2655 3687 2732 3743 is-

322 3766 433 3823 tud
460 3782 603 3821 vero
630 3782 837 3821 eorum
864 3764 1241 3841 hypothesim
1270 3763 1539 3833 destruit,
1583 3782 1727 3821 nam
1753 3770 1825 3821 ut
1849 3764 2068 3822 diversi
2111 3771 2254 3822 sunt
2277 3766 2615 3837 languores,
2643 3764 2732 3821 ita

322 3842 715 3900 diversimode
742 3860 843 3899 eos
868 3842 1075 3901 tulisse
1104 3842 1341 3912 dicitur,
1370 3850 1433 3899 et
1456 3841 1541 3899 rei
1570 3848 1804 3899 naturae
1836 3848 1898 3900 et
1923 3842 2108 3900 statui
2133 3860 2242 3899 suo
2291 3840 2726 3913 convenienter,

322 3936 635 3992 corporeos
662 3918 905 3995 quidem
933 3922 1297 3979 removendo
1324 3936 1447 3976 non
1465 3919 1733 3989 ferendo,
1763 3919 2098 3995 spirituales
2124 3938 2267 3977 vero
2295 3925 2355 3975 et
2380 3918 2645 3987 ferend0,
2669 3926 2730 3977 et

321 3996 663 4068 auferendO,
693 3997 839 4073 quia
864 3997 950 4055 ita
976 3998 1061 4055 rei
1088 4005 1308 4056 natura
1331 3997 1678 4070 postulabat
1693 4018 1708 4067 ;
1751 3997 1914 4073 quod
1941 3997 1990 4054 si
2017 3999 2311 4073 quaeritur
2335 4013 2458 4071 qua
2482 3996 2728 4055 tandem

319 4074 553 4132 ratione
580 4075 899 4151 applicatio
926 4078 1055 4133 haec
1082 4075 1501 4133 convenienter
1524 4076 1687 4131 facta
1709 4073 1894 4132 fuerit
1919 4093 1958 4133 a
1982 4074 2296 4145 Matthiae,
2330 4071 2728 4132 diversimode

319 4152 461 4209 huic
488 4154 771 4227 scrupulo
800 4153 1069 4210 safisfieri
1096 4160 1309 4228 potest.
1357 4150 1579 4222 Primo,
1618 4170 1738 4209 non
1769 4153 1926 4209 male
1963 4154 2210 4227 quidam
2257 4154 2388 4208 haec
2412 4154 2728 4227 anayoqice

320 4229 607 4307 applicari
634 4247 673 4288 a
697 4230 993 4289 Matthaeo
1020 4232 1401 4305 pertendunt,
1430 4230 1575 4303 quia
1600 4229 1760 4287 enim
1800 4228 2070 4288 Christus
2095 4231 2288 4286 multa
2312 4228 2412 4285 hic
2435 4226 2728 4287 miracula

319 4310 493 4367 edere
542 4308 877 4383 incipiebat,
926 4308 1101 4367 facile
1149 4307 1493 4380 contingere
1540 4313 1775 4381 poterat
1803 4313 1872 4363 ut
1916 4308 2138 4381 vulgus
2179 4305 2544 4363 existimaret
2585 4326 2724 4365 eum

317 4394 556 4445 tantum
609 4387 999 4445 excellentem
1052 4404 1175 4444 esse
1228 4384 1527 4441 medicum
1574 4391 1684 4441 aut
1729 4384 2284 4458 praestantissimum
2337 4383 2684 4458 chirurgum
2707 4408 2722 4457 ;

316 4466 453 4523 ideo
482 4466 559 4523 ad
588 4467 705 4523 hoc
730 4466 1187 4541 praecavendum
1222 4463 1551 4520 Matthaeus
1578 4461 1894 4519 hominum
1937 4469 2164 4520 mentes
2189 4481 2295 4537 per
2321 4467 2582 4535 έναιγογὺυ
2607 4466 2725 4522 ele-

314 4563 458 4604 vare
485 4549 547 4602 et
586 4544 771 4601 altius
796 4544 871 4600 de
915 4541 1151 4601 Christo
1192 4540 1413 4615 sperari
1453 4540 1665 4611 voluit,
1693 4538 1859 4597 nimi.
1903 4540 2032 4599 haec
2057 4541 2348 4600 miracula
2381 4542 2516 4600 ideo
2563 4543 2725 4602 facta

316 4642 441 4681 esse
464 4631 534 4681 ut
560 4622 909 4697 impleretur
936 4622 1099 4697 quod
1129 4621 1205 4678 de
1230 4636 1303 4677 eo
1330 4619 1684 4695 praedictum
1722 4617 1936 4692 fuerat,
1967 4637 2087 4676 non
2125 4627 2194 4677 ut
2221 4620 2281 4677 in
2310 4621 2570 4679 externis
2599 4620 2722 4679 illis
