3234 5192
270 365 508 407 nissur.
538 352 707 425 xxv]
872 366 949 407 ns
992 364 1335 407 concessis
1380 363 1563 404 raum
1608 364 1682 403 εἰ·
1704 364 1942 418 JAcoBI,
1973 365 2100 407 me.
2565 345 2678 410 761

274 516 334 567 et
363 506 819 567 Christianorum
846 506 991 565 nihil
1038 506 1153 565 nisi
1186 524 1395 565 nomen
1445 512 1505 565 et
1550 504 1784 565 titulum
1831 504 2207 581 retinuerunt,
2253 505 2346 565 vel
2385 504 2488 583 qui
2514 524 2685 563 voca-

273 588 421 647 tioni
441 586 655 647 divinae
677 586 879 647 sedulo
900 585 1315 664 respondentes
1336 583 1472 643 fidei
1489 604 1664 662 opera
1684 584 2128 661 conjunxerunt.
2180 586 2492 664 Propterea
2513 604 2690 661 opera

273 668 371 727 hic
418 667 785 727 adducuntur
838 686 873 725 a
930 664 977 724 J
980 665 1147 725 udice
1196 685 1311 725 non
1358 673 1634 741 tanquam
1685 667 2070 758 fiandamenta
2117 667 2268 741 juris
2315 664 2473 743 quod
2537 665 2684 723 obti-

276 755 417 807 nent
442 747 505 805 in
531 746 865 806 felicitatem
892 755 952 806 et
977 746 1177 823 vitam,
1208 766 1343 805 nam
1384 744 1615 822 propria
1645 744 1834 804 Causa
1859 744 2027 804 istius
2067 743 2356 805 fruitionis
2397 742 2688 803 indicatur

278 828 341 885 in
398 827 596 887 verbis
660 826 1137 905 praecedentibus,
1198 846 1332 886 cum
1386 844 1487 884 eos
1550 824 1788 883 vocavit
1839 825 2147 885 benedictos
2200 826 2415 901 Patris,
2473 823 2686 901 quibus

270 916 549 983 paratum
587 909 719 983 jam
754 909 965 980 suerat
988 908 1059 967 ab
1102 916 1309 966 oeterno
1349 925 1601 981 requam,
1633 904 1904 982 quodque
1944 904 2078 964 ideo
2125 906 2416 966 debebant
2459 921 2687 985 »angon-

276 1012 399 1064 μω,
442 985 505 1045 id
546 995 636 1047 est
663 987 821 1046 titulo
847 987 1191 1046 hoereditatis
1238 1005 1355 1065 qua
1379 986 1487 1045 fflii
1514 984 1807 1062 obtinere;
1853 985 2001 1045 sed'
1985 1006 2046 1045 111
2073 986 2328 1046 medium
2372 984 2690 1045 afferuntur

279 1077 555 1144 tanquam
598 1077 935 1143 arqumenta
982 1075 1041 1126 et
1088 1068 1397 1127 testinwnia
1443 1065 1603 1125 clara
1629 1072 1688 1123 et
1721 1065 2050 1125 indubitata
2077 1066 2392 1145 exquibus
2438 1064 2512 1124 de
2538 1064 2690 1124 veri-

282 1154 400 1207 tate
447 1146 585 1206 fidei
632 1148 889 1224 ipsorum
934 1154 1198 1207 constare
1244 1154 1487 1225 poterat,
1539 1153 1599 1204 et
1643 1144 1818 1205 simul
1863 1146 2039 1206 etiam
2085 1147 2159 1205 de
2179 1088 2340 1206 qlatae
2388 1146 2688 1205 sententiae

282 1226 571 1304 acquitate.
645 1226 740 1287 Ita
784 1246 902 1286 non
949 1235 1347 1306 proponuntur
1380 1234 1449 1285 ut
1468 1227 1700 1289 ποιητικαὶ
1727 1226 1833 1285 sed
1875 1235 1940 1285 ut
1983 1230 2281 1303 manui,
2321 1233 2382 1285 et
2407 1225 2690 1304 particula

282 1309 387 1387 γὰρ
414 1326 532 1366 non
573 1314 664 1366 est
690 1307 950 1383 causalis,
984 1306 1088 1367 sed
1102 1305 1525 1400 ratiocinativa,
1556 1325 1688 1384 quse
1733 1326 1852 1365 non
1879 1326 2110 1365 causam
2137 1308 2227 1366 rei
2249 1308 2565 1379 efficientem
2592 1306 2692 1365 vel

284 1387 633 1447 meritoriam
660 1395 839 1463 notat,
864 1386 969 1447 sed
994 1387 1271 1446 rationem
1300 1394 1357 1446 et
1378 1394 1769 1462 armamentum
1795 1406 1911 1464 quo
1933 1406 1968 1444 a
1983 1387 2287 1462 posteriori
2313 1385 2534 1463 aliquid
2552 1405 2690 1463 cog·

285 1467 559 1537 noscitur,
590 1475 657 1527 ut
683 1466 825 1527 alibi
861 1486 1031 1546 saepe‚
1057 1467 1269 1527 Matth.
1300 1466 1423 1527 xvi.
1470 1470 1526 1541 2,
1558 1468 1613 1542 3,
1649 1464 1680 1523 1
1715 1466 1844 1525 Cor.
1891 1486 1950 1523 x.
1997 1468 2052 1543 5,
2099 1486 2330 1527 causam
2357 1486 2474 1525 non
2501 1486 2692 1524 conse-

286 1548 517 1625 quentis,
561 1546 666 1607 sed
694 1547 1107 1624 consequentia,
1138 1566 1256 1607 non
1282 1547 1371 1605 rei
1408 1545 1609 1623 ipsine,
1642 1545 1746 1605 sed
1786 1512 2182 1623 patefactiomk
2209 1554 2270 1606 et
2286 1546 2691 1623 probationis,-

287 1647 421 1687 nam
449 1635 516 1687 ut
539 1627 689 1687 bene
714 1627 973 1704 Bernar.,
996 1635 1163 1687 tract.
1193 1626 1266 1686 de
1289 1627 1438 1686 Grat
1464 1634 1523 1685 et
1548 1625 1652 1685 lib.
1683 1625 2071 1703 Arbi.,opera
2091 1628 2282 1687 “sunt
2303 1626 2425 1703 spei
2447 1626 2693 1685 semina-

288 1708 391 1784 ria,
422 1707 719 1768 charitatis
736 1708 1046 1779 incentiva,
1070 1706 1312 1768 occultae
1339 1705 1863 1785 praedestinationis
1890 1705 2121 1783 indicia,
2151 1706 2358 1767 futurae
2402 1705 2696 1767 felicitatis

288 1788 590 1869 praesagia,
620 1788 719 1848 via
738 1788 922 1865 regni,
952 1808 1071 1848 non
1098 1808 1273 1847 causa
1298 1786 1638 1865 regnandi.”

393 1868 727 1927 XXXIII.
772 1870 906 1928 Hoc
945 1870 1136 1947 ipsum
1182 1888 1322 1928 vero
1372 1868 1581 1927 clarius
1629 1866 1818 1925 adhuc
1865 1867 1918 1927 si
1963 1886 2272 1946 possumus
2319 1866 2696 1946 explicemus.

292 1948 527 2009 Certum
574 1956 664 2007 est
697 1948 1167 2025 justificationem
1216 1948 1431 2027 opponi
1470 1947 1827 2007 accusationi
1867 1968 1942 2008 ex
1971 1946 2070 2025 Ap
2073 1956 2200 2023 ost„
2233 1948 2403 2007 Rom.
2425 1949 2548 2007 viii.
2579 1952 2696 2025 325

290 2037 433 2105 quot
459 2028 649 2087 modis
676 2048 815 2105 ergo
844 2028 1103 2089 accusari
1128 2048 1435 2105 possumus
1462 2028 1618 2103 apud
1649 2028 1857 2102 Deum,
1887 2035 1976 2087 tot
2001 2028 2190 2086 modis
2218 2027 2496 2087 debemus
2524 2027 2698 2087 etiam

283 2106 611 2186 justificari.
660 2109 900 2167 Duabus
916 2128 1056 2167 vero
1082 2108 1523 2166 accusationibus
1541 2106 1906 2183 potissimum
1935 2125 2209 2183 urgemur
2235 2107 2450 2184 vulgo:
2483 2108 2695 2184 Primo,

289 2207 625 2248 accusamur
664 2188 885 2263 peccati
908 2195 967 2246 et
1013 2186 1097 2245 rei
1138 2187 1472 2263 peragimur
1514 2186 1748 2245 violatae
1789 2184 1978 2262 legis;
2027 2184 2312 2260 SecundO,
2363 2206 2700 2246 accusamur

291 2267 645 2345 hypocriseos
672 2274 731 2326 et
758 2266 960 2325 violati
986 2265 1219 2325 foederis
1250 2265 1611 2343 Evangelici.
1699 2264 1756 2323 A
1799 2265 1985 2343 prima
2025 2267 2392 2326 accusatione
2431 2270 2556 2326 sola
2576 2269 2700 2346 fide

284 2347 687 2426 justificamur,
718 2346 856 2425 quia
902 2347 1029 2407 sola
1068 2345 1301 2425 justitia
1342 2346 1557 2405 Christi
1592 2366 1696 2425 per
1737 2344 1912 2405 fidem
1939 2347 2298 2425 apprehensa
2339 2366 2446 2406 nos
2492 2348 2702 2407 liberat

292 2450 329 2487 a
376 2427 781 2489 maledictione
835 2427 1003 2505 legis.
1067 2426 1126 2485 A
1170 2426 1476 2505 posteriori
1523 2426 1912 2505 justificamur
1967 2428 2240 2505 operibus,
2287 2437 2574 2505 quatenus
2627 2428 2702 2488 iis

291 2509 437 2569 fides
466 2528 606 2567 vera
632 2517 692 2567 et
718 2508 944 2569 sincera
986 2507 1165 2567 fuisse
1194 2507 1637 2569 demonstratur.
1703 2507 1766 2567 Si
1803 2528 1942 2585 ergo
1977 2508 2156 2568 Satan
2199 2528 2306 2567 nos
2345 2516 2577 2568 accusat
2605 2528 2702 2569 co·

293 2610 417 2649 ram
462 2590 589 2648 Deo
620 2597 678 2649 et
713 2599 1046 2667 peccatores
1090 2610 1219 2649 esse
1262 2589 1456 2666 arguit
1498 2609 1567 2649 ac
1594 2598 1700 2669 'per
1743 2608 2102 2666 consequens
2145 2589 2346 2649 mortis
2382 2608 2530 2666 reos,
2561 2589 2705 2666 quid

291 2690 569 2749 reponere
590 2690 898 2749 possumus
917 2674 947 2729 Ρ
1026 2670 1187 2729 Nihil
1216 2669 1375 2730 aliud
1402 2688 1577 2745 quam
1588 2671 1768 2741 fldem
1805 2678 2073 2744 nostram,
2104 2668 2339 2728 fatendo
2366 2690 2475 2729 nos
2501 2690 2705 2729 revera

292 2760 627 2829 peccatores
681 2770 809 2811 esse
864 2759 1037 2827 atque
1092 2750 1237 2808 adeo
1293 2756 1521 2808 seternae
1588 2748 1792 2806 mortis
1846 2748 1908 2805 in
1961 2748 2130 2807 nobis
2183 2768 2330 2825 reos,
2382 2750 2486 2809 sed
2541 2770 2704 2827 spem

293 2831 464 2890 nobis
492 2830 789 2889 meliorem
818 2829 1005 2889 facere
1033 2829 1309 2887 dilectum
1361 2828 1472 2887 Dei
1499 2828 1682 2886 filium
1736 2827 2180 2905 Redemptorem
2209 2837 2469 2888 nostrum
2500 2829 2557 2887 in
2587 2849 2702 2907 quo

295 2909 602 2983 credimus,
632 2928 767 2967 eum
792 2908 947 2967 enim
973 2907 1189 2967 factum
1216 2908 1446 3001 »maican
1463 2916 1523 2967 et
1550 2914 1847 2984 peccatum
1877 2927 1988 3001 pro
2009 2906 2194 2980 nobis,
2225 2916 2292 2967 ιιι
2319 2927 2576 2967 essemus
2603 2909 2703 2967 be-

296 2989 549 3048 nedictio
577 2996 637 3047 et
669 2988 900 3066 justitia
929 2987 1084 3047 Dei
1068 3008 1129 3045 ιιι
1155 2987 1301 3065 ipso,
1346 2987 1429 3046 ita
1456 2987 1563 3046 sub
1600 2986 1846 3064 justitiae
1895 2986 2064 3046 istius
2090 2988 2267 3064 pallio
2297 2995 2355 3047 et
2383 2988 2589 3065 clypeo
2615 2988 2700 3047 la-

298 3069 573 3142 tentibus,
604 3067 752 3127 nihil
772 3066 890 3126 ab
874 3088 961 3125 ira
990 3067 1101 3126 Dei
1128 3066 1297 3126 nobis
1324 3068 1698 3126 metuendum
1728 3085 1870 3142 esse,
1901 3067 2038 3145 quia
2063 3066 2224 3127 nulla
2253 3068 2329 3126 sit
2355 3068 2704 3127 condemna-

294 3149 379 3209 tio
406 3149 479 3209 iis
507 3148 608 3226 qui
637 3156 773 3207 sunt
812 3148 875 3205 ιιι
904 3146 1133 3207 Christo
1176 3166 1279 3223 per
1322 3146 1515 3207 fidem.
1580 3145 1752 3221 Quod
1792 3146 1842 3205 si
1881 3155 2111 3223 regerat
2154 3147 2454 3224 Diabolus,
2501 3149 2594 3207 Ita
2615 3157 2708 3208 est

297 3229 550 3305 omnin0,
582 3227 633 3287 si
653 3247 789 3286 vere
812 3227 998 3286 credis
1027 3226 1361 3301 salvaberi8‚
1394 3226 1497 3287 sed
1524 3246 1642 3303 quo
1663 3234 2005 3304 argumento
2033 3227 2306 3305 probabis
2333 3236 2390 3288 te
2418 3248 2554 3288 vere
2582 3248 2704 3288 cre-

302 3308 539 3385 didisse,
570 3326 762 3367 nonne
789 3306 937 3367 falsa
962 3315 1022 3366 et
1048 3306 1408 3385 hypocritica
1434 3306 1545 3365 fuit
1570 3306 1717 3365 fides
1761 3314 1862 3366 tua
1890 3326 2020 3385 quse
2051 3307 2265 3367 Christi
2293 3328 2503 3367 nomen
2530 3309 2706 3386 profi·

300 3388 534 3449 tebatur
581 3408 695 3463 ore,
748 3387 850 3447 sed
894 3386 1063 3447 factis
1107 3387 1477 3465 abnegabat?
1560 3386 1716 3462 Quid
1758 3386 2016 3447 dicemus
2051 3395 2119 3447 ut
2159 3408 2266 3447 nos
2293 3388 2604 3449 liberemus
2631 3390 2706 3451 ab

298 3470 411 3529 hac
438 3488 592 3528 nova
620 3467 1016 3527 criminatione
1044 3476 1103 3527 et
1130 3466 1315 3545 ignito
1344 3467 1453 3526 hoc
1485 3466 1720 3525 Diaboli
1748 3468 1864 3526 telo
1882 3470 1912 3526 Ρ
1992 3467 2124 3528 Νοιι
2173 3468 2418 3529 sufficiet
2442 3468 2616 3528 fidem
2643 3470 2706 3531 in

302 3548 556 3609 medium
586 3547 804 3623 afferre,
836 3548 972 3626 quia
1000 3547 1071 3606 de
1115 3546 1232 3607 fide
1286 3548 1412 3625 ipsa
1456 3548 1700 3625 quaestio
1729 3555 1836 3623 est,
1867 3546 1971 3607 sed
2004 3548 2128 3625 jam
2158 3548 2464 3609 succedere
2494 3548 2707 3610 debent

304 3650 485 3706 opera
511 3628 723 3706 quibus
751 3627 907 3705 apud
934 3628 979 3688 J
982 3627 1207 3687 udicem
1237 3627 1546 3688 Coelestem
1584 3628 1888 3687 veritatem
1931 3626 2069 3686 fidei
2097 3636 2371 3706 tanquam
2401 3628 2620 3687 effectis
2647 3637 2708 3689 et

304 3708 661 3787 argumentis
677 3707 1021 3768 indubitatis
1037 3727 1072 3766 a
1089 3708 1391 3785 posteriori
1412 3714 1681 3767 testatam
1704 3707 1998 3767 faciamus.
2051 3708 2144 3767 Ita
2169 3710 2204 3741 “
2229 3708 2405 3767 Fides
2425 3708 2709 3786 justificat

305 3789 614 3865 hominem,
663 3788 855 3866 Opera
896 3807 1036 3848 vero
1068 3787 1391 3865 justificant
1438 3787 1672 3847 fidem.”
1747 3787 1966 3847 Paulus
2006 3788 2320 3865 respiciens
2356 3788 2432 3847 ad
2458 3788 2708 3866 priorem

304 3870 730 3929 accusationem
760 3868 885 3927 sola
908 3867 1023 3927 fide
1052 3868 1343 3926 hominem
1373 3866 1497 3927 sine
1526 3868 1796 3945 operibus
1815 3868 2123 3946 justificari
2150 3876 2304 3927 recte
2331 3867 2499 3944 dixit,
2530 3869 2574 3928 J
2575 3890 2708 3931 aco—

304 3949 421 4009 bus‘
446 3968 585 4008 vero
610 3948 925 4026 respiciens
952 3947 1029 4007 ad
1055 3948 1313 4024 alteram,
1344 3948 1615 4026 operibus
1654 3947 1962 4025 justificari
2007 3956 2066 4007 et
2093 3967 2210 4007 non
2237 3968 2313 4006 ex
2339 3946 2454 4007 fide
2485 3957 2708 4008 tantum

306 4030 512 4088 merito
529 4027 853 4088 affimavit.

388 4108 708 4167 XXXIV.
756 4106 928 4167 Unde
956 4107 1190 4169 tandem
1218 4106 1634 4184 concludimus,
1663 4107 1882 4167 nullam
1911 4126 2038 4167 esse
2064 4107 2176 4167 hac
2202 4106 2262 4165 in
2289 4114 2452 4185 parte
2479 4108 2708 4171 Jacobo

306 4207 439 4247 cum
469 4188 653 4247 Paulo
682 4186 918 4267 σῦῥριιξη,
964 4188 1069 4247 sed
1116 4206 1396 4247 summam
1437 4187 1820 4246 concordiam.
1885 4188 2036 4245 Nam
2065 4187 2193 4247 sive
2220 4186 2516 4247 distinctio
2544 4188 2710 4253 adhi-

308 4268 561 4329 beatur'
545 4288 605 4326 ιιι
633 4287 779 4327 voce
806 4268 972 4346 fidei,
1017 4269 1142 4327 sive
1169 4268 1233 4326 in
1274 4266 1454 4327 verbo
1479 4268 1850 4361 justificandi,
1881 4267 2006 4326 sive
2033 4267 2095 4325 ιιι
2122 4266 2400 4326 homine’
2383 4287 2527 4346 1ps0,
2559 4269 2703 4362 sive,

306 4347 465 4425 quod
518 4348 803 4423 malimus,
861 4348 924 4407 in
976 4347 1137 4406 hisce
1180 4346 1367 4407 tribus
1410 4347 1781 4426 conjunctim,
1811 4346 1994 4406 amice
2041 4347 2191 4407 inter
2235 4367 2296 4407 se
2325 4348 2706 4411 consentient.

308 4428 528 4488 Paulus
554 4427 811 4505 loquitur
832 4426 905 4487 de
932 4426 1165 4486 homine
1206 4435 1505 4505 peccatore
1552 4428 1613 4485 in
1643 4434 1796 4486 statu
1823 4435 2062 4503 naturae,
2086 4428 2130 4487 J
2132 4427 2347 4487 acobus
2375 4428 2448 4487 de
2475 4428 2708 4491 homine

308 4517 516 4567 vocato
545 4516 604 4567 et
630 4506 804 4567 fidem
832 4507 1091 4585 professo
1139 4506 1202 4565 in
1246 4514 1403 4566 statu
1446 4507 1683 4583 gratiae·
1729 4505 1947 4566 Paulus
1975 4506 2048 4567 de
2075 4507 2190 4567 fide
2217 4508 2357 4567 viva
2383 4516 2444 4568 et
2471 4508 2705 4587 efficaci,

305 4589 353 4649 J
356 4589 571 4647 acobus
599 4587 671 4647 de
700 4596 927 4647 mortua
954 4596 1014 4648 et
1041 4586 1263 4662 otiosa3
1298 4586 1515 4646 Paulus
1544 4586 1615 4645 dc
1656 4585 2070 4664 justificatione
2097 4587 2369 4665 primaria
2395 4597 2456 4649 et
2479 4592 2708 4668 proprie

307 4668 465 4729 dicta
492 4688 621 4747 quae
648 4667 711 4727 in
758 4667 1122 4730 absolutione
1157 4674 1215 4729 et
1242 4664 1577 4727 remissione
1604 4674 1972 4745 peccatorum
2017 4666 2296 4747 consistit,
2340 4668 2385 4730 J
2387 4670 2601 4730 acobus
2635 4670 2708 4730 de
