3234 5192
327 359 559 402 marum.
586 337 707 420 xa]
896 357 975 398 nn
1003 355 1484 398 sarrsucrxonrs
1510 356 1752 400 cnmsn
1777 354 2198 400 nausson-nn.
2624 341 2742 402 395

322 498 565 576 justitia
601 503 837 574 pugnat
872 497 951 556 de
980 495 1123 571 jure
1162 494 1415 554 dominii
1442 502 1552 554 aut
1578 495 1792 556 crediti
1831 497 2058 570 cedere,
2085 497 2232 573 quia
2269 499 2401 558 haec
2437 505 2530 558 est
2565 506 2746 558 natu·-

330 597 401 636 ra
441 576 821 653 proprietatis
860 581 935 634 nt
978 593 1055 634 ea
1096 580 1223 634 tam
1266 574 1357 634 uti
1384 593 1568 650 quam
1592 593 1718 634 non
1745 575 1838 634 uti
1856 575 2052 647 liceat,
2081 583 2147 635 at
2174 576 2370 651 judex
2395 595 2516 636 non
2545 585 2746 653 potest

331 657 626 716 abstinere
653 673 694 714 a
721 655 863 730 jure
890 652 1365 712 administrando
1402 653 1555 712 citra
1576 652 1956 746 injustitiam,
1984 654 2132 730 quia
2156 661 2428 714 versatur
2451 655 2514 714 in
2544 656 2746 716 alieno

332 733 579 809 negotio
600 751 723 810 quo
744 751 925 792 suum
950 731 1165 809 cuique
1191 729 1580 790 tribuendum
1606 737 1715 804 est,
1736 749 1860 790 uno
1889 734 2170 806 quaedam
2195 740 2440 808 peccata
2462 741 2612 808 puta
2631 735 2746 794 im-

332 811 751 888 poenitentium
790 818 853 870 et
890 809 1351 882 contumacium,
1392 809 1694 885 impunita
1730 809 2028 870 dimittere
2087 810 2384 886 injustum
2421 819 2576 872 esset
2613 813 2746 888 ipso

334 891 563 950 fatente
600 888 958 962 adversario,
1002 889 1223 965 Itaque
1260 890 1443 963 longe
1479 888 1603 946 alia
1647 888 1802 948 ratio
1831 895 1922 948 est
1947 889 2288 948 debitorum
2313 895 2374 948 et
2411 908 2746 964 poenarum,

335 969 643 1030 creditoris
668 975 850 1044 atque
882 966 1123 1042 judicis,
1152 985 1225 1026 ac
1270 967 1523 1042 proinde
1564 984 1704 1026 cum
1751 965 1918 1026 Deus
1943 985 2070 1028 non
2089 967 2381 1026 sustineat
2404 969 2587 1026 modo
2613 988 2748 1044 per-

334 1048 563 1126 sonamss
574 1047 761 1122 partis
792 1047 1033 1106 offensae
1062 1047 1167 1104 sed
1197 1045 1421 1122 judicis
1460 1043 1770 1120 imprimis,
1811 1045 1966 1106 nihil
2005 1047 2082 1104 de
2111 1047 2256 1122 jure
2295 1064 2406 1106 suo
2433 1053 2658 1108 aetcrno
2685 1054 2748 1106 et

338 1126 703 1185 immutabili
730 1127 843 1184 hac
880 1125 945 1182 in
984 1129 1157 1200 parte
1182 1125 1389 1182 cedere
1414 1129 1632 1198 potest,
1659 1129 1731 1182 ut
1754 1122 1948 1182 fusius
1972 1131 2184 1200 postea
2207 1125 2584 1199 probandum
2611 1125 2746 1186 erit.

418 1203 751 1263 XXVIII.
794 1203 893 1262 Ex
916 1203 1013 1261 his
1052 1208 1257 1261 autem
1287 1201 1421 1277 jam
1453 1201 1595 1260 satis
1632 1202 1826 1277 liquet
1854 1201 2158 1275 justitiam
2196 1202 2366 1262 illam
2404 1203 2749 1264 vindicatri-

338 1301 469 1341 cem
495 1301 617 1341 non
646 1300 773 1340 esse
800 1287 1001 1340 actum
1027 1280 1287 1340 liberum
1304 1287 1367 1340 et
1384 1280 1768 1338 arbitrarium
1787 1279 1894 1355 qui
1914 1299 1954 1340 a
1977 1281 2236 1340 solaDei
2263 1282 2576 1342 voluntate
2601 1302 2748 1359 pen-

338 1363 497 1431 deat,
540 1361 643 1418 sed
682 1359 1109 1435 proprietatem
1146 1359 1519 1418 essentialem
1544 1361 1624 1417 ad
1649 1359 1824 1434 cnjus
1849 1360 2197 1420 exercitium
2223 1360 2524 1432 voluntas,
2550 1362 2748 1437 posito

340 1445 599 1515 peccato,
626 1437 955 1496 necessario
980 1437 1327 1512 impellitur.
1412 1436 1494 1496 Et
1513 1455 1658 1496 sane
1683 1438 1736 1496 si
1761 1435 1878 1496 Dei
1903 1445 2184 1498 naturam
2209 1439 2378 1496 decet
2405 1445 2476 1496 ut
2501 1457 2622 1498 non
2645 1458 2751 1516 pa-

340 1517 531 1576 tiatur
583 1517 777 1592 perire
830 1533 1009 1592 quem
1052 1515 1281 1590 peccati
1325 1513 1591 1591 minitat,
1620 1516 1764 1590 quia
1814 1516 2010 1575 bonus
2061 1523 2152 1576 est
2193 1523 2256 1576 et
2307 1517 2582 1590 clemens,
2623 1536 2746 1576 non

338 1595 541 1654 minus
584 1594 767 1654 etiam
808 1593 1041 1652 decebit
1064 1600 1136 1653 ut
1176 1599 1487 1670 peccatum
1514 1593 1782 1654 inultum
1807 1595 1972 1654 abire
1997 1613 2124 1654 non
2150 1595 2310 1654 sinat
2333 1596 2478 1671 quia
2507 1596 2748 1671 justus3

340 1672 405 1732 N
408 1692 508 1732 am
534 1680 607 1731 ut
623 1673 791 1749 prius
815 1671 1005 1732 oritur
1030 1691 1107 1730 ex
1132 1672 1397 1732 naturali
1423 1673 1686 1749 quadam
1713 1676 1840 1754 §ou-§1⁸
1857 1681 1920 1732 et
1943 1673 2337 1750 propensione
2363 1673 2650 1736 bonitatis
2689 1681 2752 1738 et

341 1751 759 1812 misericor-dim
806 1769 1014 1812 versus
1047 1751 1481 1826 poenitcntiam,
1506 1750 1595 1810 ita
1619 1757 1682 1810 et
1715 1751 2012 1829 posterius
2029 1753 2166 1812 fluit
2189 1771 2266 1812 ex
2293 1753 2560 1811 naturali
2599 1773 2750 1830 quo—

341 1832 485 1888 dam
511 1831 735 1907 peccati
763 1830 903 1888 odio
930 1835 991 1888 et
1010 1830 1441 1901 detestatione;
1486 1829 1626 1888 Imo
1661 1831 1712 1890 si
1739 1837 2009 1890 accurate
2048 1849 2174 1890 rem
2213 1838 2514 1907 putamus,
2555 1839 2754 1907 poste-

342 1909 467 1966 rius
493 1910 649 1968 illud
676 1909 991 1984 aliquanto
1016 1909 1209 1983 magis
1234 1907 1551 1966 convenire
1576 1908 1833 1969 videtur.
1913 1908 1980 1966 N
1981 1928 2080 1968 am
2108 1928 2246 1968 cum
2273 1917 2584 1985 peccatum
2611 1929 2753 1968 con-

343 1988 531 2046 donat
556 1985 788 2044 id·facit
814 2003 890 2044 ex
916 1986 1291 2044 abundantia
1316 1987 1581 2060 quadam
1608 1987 1912 2060 bonitatis,
1931 1990 2034 2046 sed
2051 1988 2225 2046 nullo
2243 1989 2404 2064 jure,
2426 1989 2600 2046 nulla
2617 1989 2752 2063 lege

342 2073 583 2124 tenetur
608 2066 687 2123 ad
714 2065 830 2122 hoc
855 2064 1300 2138 praestandum3
1341 2064 1479 2122 ideo
1506 2063 1764 2124 Naturae
1792 2085 1918 2124 suae
1945 2066 2010 2124 in
2049 2083 2122 2124 eo
2162 2068 2414 2124 ductum
2437 2068 2620 2123 modo
2663 2085 2756 2124 se-

345 2145 569 2221 quitur,
611 2148 901 2200 creaturae
942 2158 1085 2198 vero
1125 2143 1367 2198 nullum
1406 2142 1687 2200 meritum
1719 2165 1734 2202 ε
1777 2145 1868 2202 At
1905 2144 1968 2202 in
2000 2144 2241 2220 justitia
2279 2143 2756 2202 administranda

345 2228 561 2297 praeter
620 2219 877 2278 Naturae
931 2222 1076 2299 ῥιπὰν
1121 2218 1293 2277 illam
1353 2237 1477 2295 qua
1528 2222 1862 2295 propendet
1922 2223 1985 2279 in
2041 2222 2248 2280 odium
2287 2221 2530 2298 peccati,
2571 2223 2756 2281 habet

344 2299 527 2358 etiam
565 2297 859 2356 rationem
902 2297 1125 2356 ordinis
1164 2297 1339 2372 cujus
1376 2305 1577 2356 custos
1616 2305 1707 2358 est
1744 2306 1928 2376 atque
1965 2301 2205 2372 vindex,
2250 2308 2312 2358 et
2357 2299 2532 2374 cnjus
2557 2301 2753 2375 legem

348 2376 534 2437 semel
552 2377 739 2435 latam
766 2377 1055 2452 abrogare
1076 2377 1553 2453 haudquaquam
1568 2385 1783 2452 potest.
1870 2380 2090 2448 Quoad
2117 2378 2300 2454 prius,
2329 2379 2564 2437 nullam
2590 2381 2759 2438 videt

344 2456 410 2514 in
438 2455 705 2530 subjecto
733 2456 1089 2533 qualitatem
1115 2472 1239 2530 qua
1264 2455 1491 2514 moveri
1504 2456 1694 2533 possit
1719 2463 1789 2516 ut
1803 2457 1896 2516 illi
1911 2457 2260 2530 benefaciat,
2289 2460 2386 2516 vel
2413 2457 2464 2516 si
2491 2457 2760 2535 aliquam

346 2534 528 2606 videt,
572 2535 929 2594 contrariam
968 2534 1135 2594 videt
1173 2533 1475 2594 sanctitati
1504 2554 1652 2608 suae,
1681 2542 1742 2596 et
1783 2536 2082 2612 ejusmodi
2108 2543 2349 2612 propter
2376 2554 2558 2613 quam
2589 2537 2756 2612 juste

347 2619 545 2688 posset
570 2613 647 2672 ab
674 2613 839 2672 omni
865 2613 1150 2672 beneficio
1176 2615 1559 2689 supersedere
1580 2636 1597 2686 ;
1642 2613 1732 2672 At
1751 2622 2023 2690 respectu
2049 2614 2392 2690 posterioris
2417 2615 2758 2690 subjectum

347 2691 515 2752 videt
540 2710 613 2751 ea
639 2693 923 2750 vestitum
952 2693 1245 2770 qualitate
1272 2710 1405 2770 quae
1437 2691 1738 2768 justitiam
1757 2693 1838 2750 ad
1865 2693 2214 2751 exercitium
2241 2692 2448 2750 incitet
2473 2699 2534 2750 et
2559 2712 2760 2752 neces—

350 2769 526 2829 sitate
580 2773 843 2847 quadam
894 2769 1227 2829 inevitabili
1278 2770 1615 2846 propellat3
1671 2770 1836 2827 undo
1897 2781 2055 2829 actus
2133 2770 2532 2828 misericordioe
2582 2771 2762 2845 plane

349 2850 695 2908 arbitrarius
737 2854 827 2906 est
874 2848 923 2906 si
967 2866 1107 2905 eum
1153 2848 1515 2922 praescindas
1562 2865 1601 2904 a
1627 2847 1882 2919 decret0,
1904 2849 2052 2923 quia
2077 2848 2318 2906 nullum
2343 2848 2526 2906 habet
2543 2847 2763 2906 fundar·

352 2936 625 2986 mentum
671 2927 735 2983 in
764 2925 1031 3000 subjecto
1072 2925 1231 2982 circa
1254 2925 1421 2998 quod
1457 2923 1740 2993 exeritur,
1771 2934 1929 2982 actus
1955 2943 2097 2982 vero
2123 2925 2373 2984 Justitioe
2397 2927 2762 2997 necessarius,

353 3007 499 3082 quia
522 3023 645 3062 non
673 3003 893 3080 pendet
919 3009 1158 3060 tantum
1178 3019 1217 3058 a
1240 3001 1573 3073 voluntate,
1602 3001 1710 3057 sed
1735 3001 1814 3058 ab
1840 3002 1972 3078 ipsa
1987 3002 2104 3060 Dei
2123 3003 2426 3079 punientis
2451 3011 2514 3062 et
2538 3003 2626 3062 rei
2650 3023 2765 3080 pu-

354 3083 589 3140 niendae
618 3087 853 3139 natura.

438 3159 688 3218 XXIX.
734 3157 920 3217 Porro
966 3157 1107 3216 huic
1152 3153 1453 3214 essentiali
1498 3162 1561 3214 et
1583 3153 1992 3218 indeclinabili
2027 3158 2278 3234 justitiae
2305 3159 2525 3219 divinae
2554 3161 2768 3220 suffra-

356 3247 537 3318 gatur
562 3237 863 3298 communis
889 3236 1207 3294 hominum
1232 3253 1422 3294 sensus
1449 3242 1511 3293 et
1536 3251 1890 3309 consensus;
1934 3237 2117 3298 Unde
2143 3238 2306 3296 enim
2332 3237 2616 3315 impressa
2657 3240 2768 3298 illa

356 3319 729 3380 conscientiae
758 3315 847 3374 vis
868 3335 1003 3392 quae
1030 3315 1343 3371 horrorem
1368 3320 1718 3386 metumque
1745 3313 1962 3375 incutit
1986 3317 2412 3392 peccatoribus,
2445 3317 2626 3376 Unde
2654 3338 2767 3378 coe-

356 3417 429 3458 ca
444 3399 553 3457 illa
563 3399 811 3456 verbera
818 3393 1039 3470 quibus
1061 3398 1417 3468 torquentur
1436 3397 1573 3467 post
1592 3393 1786 3451 scelus
1801 3396 2128 3454 admissum
2147 3396 2264 3454 nisi
2283 3415 2360 3454 ex
2371 3397 2624 3472 justitiae
2636 3398 2767 3456 vin-

360 3477 657 3538 dicatricis
678 3471 1059 3550 persuasione
1080 3469 1451 3532 firmissima?
1473 3471 1828 3532 Conscientia
1847 3474 2072 3532 scilicet
2089 3476 2639 3551 repraesentativum
2656 3496 2770 3535 nu-

358 3550 1151 3690 ἳέἒήὲἓὲᾱῗὲιῗῖξῗὲὲἒέ
1152 3567 1345 3688 2¹:331?
1346 3549 2771 3707 zzfflffiffiffiffi,d„0,³m³{.³.2‘{2¹.2512¹3

352 3709 609 3784 Justitiae
657 3707 879 3766 divinae
923 3718 984 3767 et
1030 3707 1281 3768 coelestis
1326 3708 1606 3768 vindictae
1630 3708 1993 3769 testimonia.
2077 3711 2260 3770 Unde
2285 3711 2447 3770 dicta
2471 3709 2580 3769 illa
2604 3711 2770 3786 apud

364 3794 593 3848 veteres
612 3792 823 3866 poetas
852 3795 1155 3864 usurpata.

769 3949 897 4016 Quo
908 3947 1073 4023 fuyis
1098 3947 1427 4008 Encelado!
1454 3967 1812 4028 quaecunque
1837 3951 2134 4010 accesseris
2154 3969 2292 4010 oras

842 4029 957 4088 Sub
982 4029 1129 4088 Jove
1153 4048 1374 4104 semper
1390 4029 1501 4090 eric
1530 4029 1623 4103 ὅτ.
2025 4034 2090 4088 et

770 4108 1013 4168 Conscia
1038 4127 1191 4168 mem
1218 4118 1281 4169 ut
1306 4109 1502 4186 cuique
1520 4129 1630 4168 sua
1655 4118 1752 4185 est,
1777 4110 1861 4168 ita
1890 4108 2130 4186 concipit
2155 4109 2310 4168 intra

844 4189 1089 4248 Pectora
1107 4192 1403 4266 profacto
1427 4208 1692 4266 spemque
1711 4199 2023 4267 metamque
2041 4209 2162 4248 suo.

604 4269 687 4328 Et
838 4269 1043 4327 Prima
1070 4280 1153 4330 eet
1174 4271 1291 4329 hoec
1326 4269 1463 4328 ultio
1490 4271 1648 4344 quod
1669 4289 1728 4328 se

840 4350 1051 4409 Judice
1076 4369 1237 4412 nemo
1257 4367 1457 4408 nocens
1482 4349 1790 4414 absolvitur
1815 4348 1927 4422 «ᾖα,

360 4428 507 4488 Huc
531 4428 855 4506 respiciunt
895 4435 958 4486 et
982 4429 1101 4487 ista
1783 4428 1945 4486 hosce

846 4509 1112 4566 Evacisse
1125 4516 1291 4584 putes
1310 4527 1451 4582 quos
1477 4507 1599 4565 diri
1623 4507 1847 4566 conscia
1859 4507 2017 4582 facti

846 4591 1015 4648 Mem
1041 4589 1203 4648 habet
1226 4587 1492 4646 attonitos
1520 4596 1575 4646 et
1590 4589 1769 4646 surdo
1797 4589 2025 4648 verbere
2051 4587 2216 4646 coedit

852 4670 1141 4728 Occultum
1169 4667 1449 4745 quatiente
1468 4669 1659 4728 animo
1688 4677 1900 4729 tortore
1903 4670 2218 4746 flagellum.
