3234 5192
294 316 529 358 meru-r.
572 298 775 380 xxm]
1128 318 1207 359 nn
1249 318 1507 360 cineum
1546 320 1900 363 PONTst'tclo.
2584 304 2700 363 725

290 457 815 536 deprehenduntur,
846 457 983 517 inde
1010 466 1167 518 certo
1196 459 1525 538 colligimus
1573 460 1851 538 Spiritum
1893 460 1952 519 in
1993 462 2162 521 nobis
2187 482 2352 539 esse;
2397 462 2450 522 si
2477 482 2703 540 quaeras

286 538 531 599 ulterius
558 540 713 599 unde
742 540 990 597 sciamus
1016 539 1163 599 tales
1191 539 1431 601 effectus
1458 541 1519 599 in
1546 542 1716 601 nobis
1753 562 1898 617 esse,
1937 561 2056 601 non
2083 544 2208 620 jam
2244 542 2362 601 itur
2398 543 2474 602 ad
2506 543 2698 619 Scrip-

288 628 477 678 turam
506 624 635 697 quae
663 620 951 679 neminem
979 620 1257 696 nominat,
1303 621 1407 681 sed
1446 622 1782 681 haerendum
1809 622 1872 681 in
1897 622 2124 681 interna
2153 622 2375 681 visione
2403 622 2611 698 cordis,
2643 632 2702 685 et

286 700 349 758 in
377 700 707 777 operatione
740 700 1005 776 Spiritus,
1038 701 1205 778 cujus
1231 702 1539 778 praesentia
1564 722 1682 761 non
1711 710 1902 781 potest
1928 701 2096 761 aliter
2123 701 2502 762 demonstrari
2523 721 2700 779 quam

288 799 324 838 a
358 779 678 857 posteriori,
726 788 793 839 ut
831 779 1011 839 vitam
1052 801 1217 840 suam
1255 782 1427 842 homo
1466 802 1542 842 ex
1580 802 1756 843 sensu
1782 790 1841 842 et
1867 792 2030 843 motu
2057 782 2394 861 caeterisque
2423 782 2700 843 vitalibus

289 860 720 937 operationibus
764 860 911 920 bene
955 861 1351 939 deprehendit.
1440 864 1505 923 Si
1540 884 1680 923 vero
1729 884 1806 923 ex
1852 864 2035 922 altera
2081 871 2244 941 parte
2288 863 2500 940 quaeris
2543 860 2700 921 unde

290 941 469 999 sciam
506 938 863 1018 Scripturam
904 961 1033 1001 esse
1072 940 1385 1019 αὐτέων-ην,
1434 944 1559 1003 sive
1601 964 1718 1021 quo
1766 953 2108 1023 argumento
2146 953 2205 1003 et
2239 950 2474 1021 propter
2510 940 2652 1019 quid
2671 944 2701 1003 ?

288 1019 609 1098 respondeo
638 1021 775 1098 quia
803 1020 1102 1099 Scriptura
1133 1034 1223 1083 est
1249 1024 1512 1083 Verbum
1551 1024 1682 1086 Dei.
1733 1025 1798 1084 Si
1843 1024 2044 1100 instas,
2094 1023 2249 1083 unde
2293 1024 2472 1083 sciam
2505 1022 2697 1099 Scrip-

288 1108 479 1161 turam
516 1120 642 1160 esse
674 1101 933 1160 Verbum
964 1103 1125 1162 Dei?
1170 1124 1289 1163 non
1330 1103 1518 1163 dicam
1547 1105 1674 1182 jam
1722 1103 1783 1163 id
1829 1104 2106 1182 cognosci
2153 1124 2229 1164 ex
2273 1103 2510 1181 Spiritu,
2559 1102 2702 1179 quia

294 1181 543 1258 Spiritus
570 1190 661 1241 est
688 1201 863 1241 causa
889 1182 1143 1243 efficiens
1167 1190 1411 1261 tantum,
1442 1204 1561 1243 non
1589 1184 1898 1263 objectiva.
1945 1184 2050 1243 sed
2075 1204 2152 1245 ex
2185 1183 2430 1243 criteriis
2457 1191 2516 1241 et
2543 1182 2696 1241 notis

288 1261 622 1321 coelestibus
649 1262 861 1339 quibus
888 1262 1217 1341 insignitur.
1262 1265 1385 1324 Nec
1412 1265 1565 1325 ultra
1592 1264 1882 1324 tendimus
1905 1288 1921 1342 ;
1964 1284 2100 1323 nam
2128 1264 2178 1323 si
2205 1264 2336 1341 quis
2363 1270 2568 1340 urgeat
2596 1262 2696 1323 de-

286 1362 405 1400 nuo
432 1340 585 1401 unde
614 1342 807 1401 radios
834 1342 968 1403 illos
988 1352 1049 1403 et
1066 1355 1235 1404 notas
1260 1346 1693 1423 perspiciamus,
1723 1344 1785 1404 id
1811 1353 1917 1421 est,
1948 1366 2063 1423 quo
2082 1351 2439 1422 argumentO,
2460 1362 2695 1421 respon-

288 1421 415 1497 de0,
457 1442 591 1481 eum
618 1421 867 1483 absurde
894 1422 1099 1500 facere,
1142 1425 1291 1485 nihil
1316 1424 1471 1485 enim
1499 1434 1589 1485 est
1614 1426 1678 1483 in
1704 1425 1816 1484 hoe
1843 1424 2044 1484 ordine
2071 1431 2540 1501 argumentorum
2570 1423 2697 1481 sive

285 1502 575 1561 rationum
618 1503 681 1561 in
722 1504 953 1581 objecto
994 1506 1274 1582 superius,
1314 1514 1375 1565 et
1409 1504 1663 1565 rationes
1693 1506 1980 1565 rationum
2007 1513 2284 1583 perpetuo
2312 1523 2568 1581 quaerere
2597 1502 2698 1563 de·

286 1584 499 1642 mentis
526 1591 632 1660 est,
676 1602 795 1642 non
832 1603 1000 1644 secus
1026 1605 1095 1645 ac
1122 1604 1329 1665 rogare
1355 1607 1473 1663 qua
1496 1586 1628 1645 luce
1656 1585 1958 1645 videamus
1984 1585 2174 1645 lucem
2198 1608 2213 1647 z
2255 1584 2338 1643 ita
2363 1583 2697 1643 immediate

286 1670 346 1722 et
373 1672 607 1741 propter
648 1684 709 1723 se
751 1664 813 1723 in
854 1684 1066 1743 genere
1107 1686 1297 1726 causae
1324 1666 1632 1744 objectivae
1659 1666 1912 1726 creditur
1934 1665 2149 1742 Verb0,
2179 1664 2447 1743 quamvis
2483 1664 2558 1722 ad
2585 1664 2698 1723 hoo

286 1743 639 1803 credendum
688 1746 939 1805 maxime
980 1746 1307 1807 necessaria
1351 1748 1430 1807 sit
1473 1747 1703 1807 interna
1749 1748 1852 1805 illa
1899 1746 2155 1824 operatio
2195 1744 2445 1823 Spiritus
2477 1743 2696 1821 Sancti,

284 1824 387 1901 qui
414 1824 773 1884 intellectum
801 1826 1108 1886 efficaciter
1134 1836 1332 1887 movet
1370 1829 1433 1886 in
1459 1847 1672 1905 genere
1700 1847 1890 1887 causae
1917 1826 2216 1903 effectivae,
2248 1825 2325 1885 ad
2351 1824 2699 1885 credendam

292 1904 605 1980 Scripturas
633 1905 1077 1966 authoritatem:
1112 1908 1598 1984 quemadmodum
1627 1908 1976 1967 assentimur
2003 1908 2370 1966 scientiarum
2401 1904 2700 1983 principiis

284 1992 521 2059 propter
558 2003 636 2059 se,
680 1984 819 2043 licet
846 1984 922 2043 ad
948 1986 1113 2044 illum
1156 2006 1455 2047 assensum
1495 1986 1931 2065 producendum
1973 1986 2332 2045 necessarius
2361 1986 2437 2043 sit
2462 1984 2698 2043 habitus

285 2062 385 2120 ille
412 2062 625 2121 mentis
654 2063 756 2141 qui
781 2064 1015 2123 habitus
1042 2065 1453 2143 principiorum
1482 2074 1542 2124 et
1568 2065 1898 2125 intellectus
1926 2064 2154 2124 dicitur.
2199 2064 2341 2138 Qnae
2368 2064 2497 2121 luce
2525 2064 2696 2120 meri-

285 2141 461 2200 diana
487 2142 698 2201 clarius
726 2142 1018 2219 evincunt,
1048 2145 1199 2203 male
1226 2145 1395 2204 nobis
1424 2143 1702 2203 circulum
1729 2144 1992 2221 impingi,
2033 2144 2170 2222 quia
2204 2143 2516 2221 probamus
2545 2141 2695 2199 divi-

286 2222 529 2281 nitatem
561 2222 872 2299 Scripturoe
900 2243 1015 2300 per
1040 2224 1317 2299 Spiritum
1360 2244 1477 2282 non
1506 2232 1753 2301 propter
1789 2244 1930 2299 eum,
1979 2224 2082 2283 sed
2109 2224 2414 2283 veritatem
2446 2221 2698 2299 Spiritus

284 2302 597 2381 probamus
624 2322 699 2361 ex
724 2302 1030 2379 Scriptura
1056 2305 1325 2379 objectiva,
1356 2323 1473 2362 non
1491 2324 1603 2380 per
1631 2324 1757 2363 eam
1784 2304 2094 2377 efficienter.

368 2382 631 2441 XXIII.
676 2382 871 2459 Dices,
916 2384 1021 2443 sed
1060 2384 1229 2444 multi
1269 2394 1463 2445 tamen
1505 2405 1581 2443 ex
1610 2384 1968 2446 Orthodoxis
1995 2384 2268 2444 videntur
2302 2382 2386 2444 ita
2411 2381 2700 2443 Testimo-

284 2463 443 2522 nium
479 2464 728 2540 Spiritus
770 2464 1327 2543 contradistinguere
1354 2465 1712 2525 Testimonio
1743 2465 2038 2542 Ecclesiae,
2084 2473 2148 2524 ut
2186 2464 2451 2542 ejusdem
2481 2462 2700 2525 ordinis

285 2552 345 2602 et
372 2544 584 2623 speciei
612 2544 1007 2605 testimonium
1035 2546 1382 2623 intelligant,
1423 2546 1533 2605 hoc
1562 2554 1652 2605 est
1679 2546 1740 2603 in
1768 2566 1980 2624 genere
2008 2565 2196 2605 causae
2227 2544 2551 2623 objectivae,
2582 2563 2701 2603 non

284 2624 587 2685 efficientis
615 2634 839 2685 tantum
862 2648 877 2701 3
922 2626 1078 2685 Vide
1100 2626 1365 2686 Withak.
1396 2634 1657 2685 controv.
1687 2626 1726 2684 i.
1755 2645 1853 2703 qu.
1884 2629 1940 2686 3.
1971 2646 2022 2685 c.
2050 2628 2142 2699 11,
2175 2625 2461 2684 Chamier.
2490 2624 2593 2685 lib.
2619 2622 2696 2685 vi.

284 2724 411 2783 cap.
438 2705 490 2783 1,
514 2726 623 2764 nec
650 2706 808 2765 aliud
838 2705 951 2765 sibi
978 2707 1109 2765 vult
1137 2705 1435 2764 Confessio
1466 2706 1786 2779 Gallicana,
1817 2712 1924 2763 art.
1946 2710 2004 2779 4,
2053 2707 2089 2737 “
2119 2704 2251 2763 Hos
2277 2704 2459 2763 libros
2485 2722 2694 2780 agnos·

285 2786 529 2859 cimus,”
559 2784 765 2861 inquit,
812 2788 848 2819 “
870 2804 998 2843 esse
1028 2784 1365 2860 canonicos,
1389 2784 1501 2843 hoc
1528 2792 1635 2859 est,
1665 2791 1730 2843 ut
1755 2784 1894 2843 fidei
1919 2791 2131 2843 nostrae
2158 2803 2420 2843 normam
2447 2793 2507 2841 et
2525 2802 2697 2858 regu·

282 2864 401 2922 lam
421 2863 717 2938 habemus,
743 2862 917 2939 idque
940 2883 1057 2922 non
1086 2872 1309 2923 tantum
1338 2884 1413 2923 ex
1442 2863 1733 2922 communi
1751 2864 2030 2922 Ecclesiae
2057 2882 2360 2937 consensu,
2393 2861 2497 2922 sed
2524 2861 2700 2921 etiam

283 2942 467 3002 multo
496 2942 683 3019 magis
710 2964 787 3002 ex
813 2944 1145 3002 testimonio
1174 2951 1233 3001 et
1258 2942 1571 3001 intrinseca
1602 2942 1850 3019 Spiritus
1881 2943 1942 3003 S.
1971 2942 2360 3020 persuasione,
2401 2961 2517 3019 quo
2559 2960 2697 3017 sug·

284 3030 522 3101 gerente
551 3021 825 3082 docemur
864 3022 999 3082 illos
1026 3024 1101 3082 ab
1129 3022 1259 3081 aliis
1297 3022 1462 3081 libris
1502 3021 1950 3083 Ecclesiasticiis
1977 3022 2322 3097 discemere‚
2361 3021 2463 3099 qui
2491 3028 2555 3080 ut
2583 3021 2700 3086 sint

282 3102 457 3161 utiles
484 3122 602 3160 non
630 3110 766 3162 sunt
792 3110 987 3161 tamen
1014 3102 1303 3181 ejusmodi
1330 3110 1397 3161 ut
1422 3122 1499 3163 ex
1523 3102 1598 3161 iis
1627 3102 1900 3163 constitui
1941 3102 2127 3180 possit
2166 3100 2380 3178 aliquis
2421 3100 2700 3165 articulus

284 3182 479 3242 fidei.'’
540 3182 906 3260 Respondeo,
942 3185 994 3242 l.
1029 3182 1093 3243 Si
1122 3183 1239 3242 sint
1266 3182 1367 3260 qui
1388 3202 1678 3260 opponere
1704 3182 1996 3241 voluerint
2027 3181 2277 3261 Spiritus
2306 3182 2700 3243 testimonium

284 3262 573 3322 internum
602 3282 705 3322 seu
734 3264 853 3321 vim
880 3262 1042 3323 illam
1070 3263 1480 3323 vorticordiam
1540 3283 1617 3322 ua
1637 3262 1945 3323 efficaciter
1964 3264 2026 3321 in
2045 3262 2216 3323 nobis
2235 3262 2506 3342 producit
2525 3261 2700 3321 fldem

283 3343 616 3404 testimonio
645 3343 925 3403 Ecclesiae
954 3344 1121 3421 quasi
1148 3344 1412 3422 ejusdem
1439 3283 1660 3403 ordinis
1687 3351 1746 3403 et
1773 3343 2003 3422 speciei,
2047 3344 2240 3403 minus
2273 3350 2562 3424 accurate,
2578 3363 2698 3401 om-

282 3423 422 3483 nino
450 3423 631 3483 locuti
658 3432 809 3483 sunt.
860 3424 1159 3503 Siquidem
1202 3444 1320 3484 non
1361 3424 1639 3503 quaritur
1676 3425 1774 3483 hic
1815 3424 1966 3484 inter
1991 3443 2098 3483 nos
2125 3432 2186 3483 et
2213 3423 2569 3498 Pontificios‚
2601 3421 2702 3481 An

284 3504 679 3565 testimonium
711 3504 961 3583 Spiritus
988 3503 1115 3565 sive
1140 3505 1234 3564 vis
1260 3506 1391 3583 ejus
1416 3516 1477 3567 et
1504 3504 1760 3565 efficacia
1785 3504 2109 3583 requiratur
2135 3503 2212 3563 ad
2237 3502 2700 3581 cognoscendam

284 3592 345 3643 et
372 3584 728 3661 probandam
756 3584 1067 3663 Scripturas
1094 3585 1478 3663 divinitatem,
1508 3586 1622 3645 hoc
1649 3586 1802 3645 enim
1830 3585 1982 3645 ultro
2003 3584 2332 3661 largiuntur
2359 3581 2526 3642 nobis
2546 3581 2698 3642 Pon-

282 3663 465 3741 tifieii,
516 3685 624 3724 nec
668 3685 881 3743 negare
922 3666 1229 3745 quisquam
1271 3674 1463 3743 potest
1502 3666 1617 3725 nisi
1657 3666 1718 3723 in
1760 3673 1949 3724 castra
1977 3663 2204 3739 Pelagii
2230 3672 2427 3740 aperte
2455 3660 2700 3724 transire

282 3744 553 3822 voluerit,
600 3744 719 3805 Sed
746 3754 970 3806 tantum
999 3746 1103 3805 An
1150 3747 1431 3805 Ecclesiae
1468 3745 1862 3805 testimonium
1904 3744 1980 3803 sit
2019 3742 2275 3803 medinm
2317 3750 2376 3801 et
2413 3740 2700 3803 motivum

283 3823 434 3883 illud
460 3825 815 3903 praecipuum
856 3834 914 3886 et
954 3826 1259 3885 infallibile
1298 3834 1534 3905 propter
1573 3824 1732 3903 quod
1760 3823 2074 3902 Scripturas
2109 3822 2416 3897 credimus,
2457 3840 2531 3879 an
2557 3839 2700 3881 vero

283 3904 444 3965 aliud
471 3906 785 3984 quodpiam
816 3907 1006 3985 magis
1046 3908 1362 3985 principale
1402 3906 1729 3985 requiratur
1745 3908 1775 3965 ἓ
1831 3906 2038 3982 Itaque
2079 3904 2182 3982 qui
2221 3902 2468 3962 multum
2509 3920 2700 3979 operae

284 3984 571 4045 collocant
612 3986 675 4044 in
716 3986 1093 4067 corrogandis
1141 3987 1451 4064 Scripturas
1497 3986 1644 4045 locis
1691 3994 1750 4046 et
1793 3985 2151 4063 argumentis
2197 3984 2410 4060 quibus
2453 3980 2700 4060 probent

290 4064 569 4143 Spiritum
598 4067 693 4125 hic
712 4068 1037 4127 necessario
1065 4066 1419 4127 intercedere
1441 4066 1669 4143 debere,
1693 4086 1812 4125 non
1832 4064 2104 4124 videntur
2129 4061 2482 4143 praecipuum
2510 4081 2698 4139 qums-

284 4144 463 4205 tionis
490 4146 785 4206 cardinem
812 4147 1095 4225 attigisse,
1142 4147 1243 4226 qui
1286 4166 1405 4206 non
1444 4146 1507 4205 in
1550 4166 1620 4206 eo
1665 4146 1889 4224 positus
1933 4152 2072 4221 erat,
2113 4144 2214 4203 An
2245 4142 2497 4220 Spiritus
2525 4162 2701 4219 opera

284 4225 610 4285 necessaria
658 4235 813 4287 esset
839 4226 915 4287 ad
952 4226 1319 4303 credendum,
1368 4226 1485 4285 Sed
1526 4247 1603 4285 an
1648 4226 1897 4304 Spiritus
1933 4224 2010 4283 ad
2049 4221 2507 4302 persuadendam
2547 4222 2702 4285 hane

283 4305 694 4366 authoritatem
720 4315 979 4367 uteretur
1004 4308 1103 4367 vel
1128 4306 1460 4367 testimonio
1489 4306 1788 4381 Ecclesiae,
1817 4312 2044 4365 tantum
2071 4304 2169 4363 vel
2209 4301 2496 4381 primario,
2539 4300 2701 4379 quod

283 4386 643 4447 contendunt
670 4387 978 4461 Pontificii‚
1028 4407 1105 4446 an
1144 4388 1339 4465 potius
1378 4386 1700 4446 rationibus
1739 4406 1816 4444 ex
1845 4384 2043 4443 Verbo
2085 4383 2280 4461 petitis
2306 4382 2466 4460 quod
2492 4382 2700 4443 volunt

286 4464 633 4527 Orthodoxi.
717 4472 774 4526 2.
809 4468 1201 4527 Testimonium
1240 4467 1487 4544 Spu-itus
1528 4467 1628 4527 vel
1667 4470 1782 4525 late
1827 4464 2074 4525 sumitur
2113 4463 2211 4525 vel
2247 4463 2466 4523 stricte:
2510 4464 2702 4527 stu-icta

285 4556 459 4625 prout
504 4556 667 4607 notat
708 4556 935 4607 tantum
978 4548 1097 4606 vim
1142 4548 1303 4608 illam
1347 4546 1605 4607 divinam
1648 4566 1779 4625 quae
1809 4544 2123 4607 efficaciter
2147 4542 2414 4623 producit
2441 4542 2500 4601 in
2527 4542 2700 4604 nobis

285 4626 496 4705 fidem3
532 4631 645 4691 late
667 4638 958 4707 quatenus
986 4648 1117 4689 cum
1144 4628 1361 4690 virtute
1388 4628 1491 4687 illa
1508 4626 1728 4689 efficaci
1755 4627 2129 4707 conjungitur
2155 4624 2302 4687 ratio
2329 4632 2389 4685 et
2417 4623 2698 4689 motivum
