3234 5192
520 329 637 387 482
1129 340 1208 381 ns
1238 337 1719 381 sAr1s1³Acr10ms
1748 337 1984 379 cums-rr
2012 338 2332 381 vsnrrars.
2517 320 2780 402 [msru‘r.
2811 342 2938 382 xiv.

527 486 929 544 damnatorum
971 500 1190 560 poenas,
1236 499 1355 539 non
1380 488 1575 539 tamen
1613 477 1820 537 eodem
1863 477 2040 537 modo
2074 498 2192 557 quo
2219 478 2530 539 damnati?
2615 479 2946 540 Cardinalis

529 565 811 637 cusanus,
840 562 902 625 li.
937 562 1029 620 10.
1054 558 1327 635 Exercit.,
1352 558 1611 619 “Passio
1634 558 1867 635 Christi,
1891 578 2008 636 qua
2022 560 2210 637 major
2230 559 2356 619 dari
2383 558 2605 636 nequit,
2629 558 2742 619 fuit
2760 560 2947 619 instar

622 662 715 701 nae
742 642 1142 700 damnatorum
1162 640 1265 718 qui
1290 639 1478 717 magis
1505 636 1767 697 damnari
1793 646 2090 716 nequeunt
2125 638 2250 698 scil.
2277 658 2464 717 usque
2499 638 2577 698 ad
2603 658 2832 717 poenam
2853 639 2942 697 in·

552 722 846 797 ernalem3
892 721 967 779 In
1018 720 1073 797 ej
1080 738 1149 779 us
1198 719 1431 779 nomine
1482 718 1628 779 dicit
1669 718 1971 796 propheta,
2005 718 2254 779 Dolores
2299 718 2508 778 inferni
2549 719 2942 779 circumdede-

534 808 673 861 runt
708 820 820 877 me,
870 799 1127 859 eduxisti
1169 806 1365 858 tamen
1410 797 1487 857 ab
1527 798 1752 857 inferno
1797 798 2048 857 animam
2075 799 2324 857 meam.”
2405 799 2594 858 Ferus
2619 798 2682 857 in
2726 799 2944 859 Matth.

662 880 699 895 ..
1448 881 1484 913 u
1757 878 1835 905 .‚,
2039 880 2076 912 u
2239 878 2390 905 .„.
2518 879 2532 892 .
2621 881 2658 913 u
2798 879 2812 893 .

530 876 2300 1045 {3¹¹1}offioffigxinfxissfflassZanUQYhoffiintigffitt'
2310 888 2579 1037 sessffi’
2609 879 2947 1036 μῖὲῗὲῖᾞῗ

530 1041 825 1101 hominem
852 1046 1067 1117 ageret,
1099 1038 1185 1097 sic
1210 1044 1271 1097 et
1299 1038 1461 1097 Deus
1491 1038 1667 1097 Pater
1697 1056 1852 1097 nunc
1887 1054 2005 1097 non
2047 1046 2288 1115 patrem,
2319 1038 2424 1097 sed
2460 1046 2773 1115 tyrannum
2801 1038 2944 1116 agit,

534 1120 803 1199 quamvis
827 1119 1058 1179 interim
1086 1117 1435 1177 amicissimo
1463 1117 1540 1176 sit
1578 1118 1640 1175 in
1689 1116 1984 1176 Christum
2026 1117 2218 1176 animo
2236 1118 2294 1193 ;”
2325 1118 2476 1177 Item
2529 1120 2567 1151 ‘⁴
2587 1118 2856 1177 Christus
2879 1126 2948 1177 ut

534 1207 868 1271 peccatores
894 1197 1166 1258 liberaret
1192 1197 1493 1257 constituit
1520 1197 1775 1275 seipsum
1801 1196 1864 1255 in
1889 1198 2082 1256 locum
2127 1197 2386 1256 omnium
2413 1207 2800 1275 peccatorum,
2829 1215 2946 1257 non

535 1278 771 1359 quidem
787 1278 1001 1355 furans,
1033 1277 1381 1352 adulterans,
1432 1276 1720 1353 occidens,
1772 1276 1877 1335 sed
1904 1276 2271 1354 stipendium,
2299 1295 2532 1354 poenam
2579 1285 2639 1336 et
2679 1278 2948 1337 meritum

536 1368 906 1437 peccatorum
936 1358 1094 1438 (quae
1122 1364 1259 1417 sunt
1284 1357 1486 1434 frigus,
1518 1356 1692 1431 calor,
1735 1357 1970 1433 esuries,
2022 1356 2166 1433 sitis,
2215 1364 2447 1433 tremor,
2477 1357 2681 1417 horror
2725 1356 2944 1432 mortis,

538 1440 745 1499 horror
772 1438 999 1514 inferni,
1031 1437 1373 1515 desperatiO,
1402 1456 1559 1495 mors
1586 1436 1846 1495 infernus
1871 1435 2024 1515 ipse)
2053 1436 2116 1493 in
2156 1454 2220 1495 se
2247 1436 2615 1513 transferens,
2645 1443 2712 1496 ut
2739 1436 2950 1495 samem

537 1519 709 1594 fame,
740 1519 1035 1579 horrorem
1062 1518 1315 1591 horrore,
1346 1515 1806 1594 desperationem
1834 1515 2250 1592 desperatione,
2273 1524 2517 1575 mortem
2543 1524 2747 1592 morte,
2771 1514 2946 1574 infer-

540 1618 683 1658 num
710 1598 951 1673 inferno,
990 1597 1263 1656 Satanam
1295 1596 1511 1655 Satana
1541 1596 1856 1654 vinceret.”
1902 1595 2046 1669 Quis
2071 1596 2184 1655 hoc
2219 1596 2282 1653 in
2310 1595 2552 1655 Calvino
2578 1595 2753 1655 ferret
2772 1599 2802 1653 '⁸²
2843 1595 2948 1671 Ut,

538 1678 793 1754 inquam,
822 1677 949 1735 haec
976 1684 1035 1735 ct
1081 1676 1197 1734 alia
1220 1676 1283 1735 id
1321 1694 1506 1753 genus
1552 1674 1801 1752 plurima
1843 1692 2000 1734 nunc
2041 1674 2276 1753 quidem
2315 1694 2432 1734 non
2477 1673 2791 1734 afferantur
2815 1694 2952 1751 qum

538 1764 733 1815 tamen
760 1772 829 1815 os
854 1755 1158 1815 calumniae
1184 1754 1415 1833 penitus
1436 1754 1740 1813 occludere
1765 1763 2027 1832 possunt,
2065 1754 2162 1813 hic
2187 1773 2341 1814 unus
2384 1755 2548 1814 locus
2575 1754 2746 1813 Pauli
2771 1773 2952 1831 quem

536 1854 659 1915 prae
676 1834 944 1894 manibus
969 1835 1251 1894 habemus
1278 1832 1489 1895 sufficit
1515 1833 1592 1894 ad
1628 1834 1944 1893 vanitatem
1991 1834 2378 1894 accusationis
2403 1832 2909 1895 demonstrandam
2934 1855 2951 1893 ε

540 1916 691 1975 Nam
720 1914 772 1974 si
798 1914 1011 1974 dicitur
1036 1914 1225 1973 factus
1250 1914 1583 1989 maledicub,
1614 1932 1720 1973 cur
1745 1932 1862 1974 non
1888 1914 2102 1991 pariter
2141 1933 2212 1974 eo
2238 1922 2506 1993 respectu
2521 1914 2618 1974 vel
2646 1916 2950 1973 damnatum

537 1995 637 2055 vel
664 1994 1083 2055 condemnatus
1110 1992 1227 2053 dici
1252 2002 1443 2072 queat,
1474 2012 1654 2072 quum
1681 2012 1802 2053 vox
1841 1993 2266 2053 maledictionis
2307 1995 2546 2072 gravius
2593 1993 2816 2072 aliquid
2840 1994 2946 2052 im-

536 2082 766 2154 portare
790 2074 1077 2151 videatur,
1104 2073 1281 2133 modo
1308 2094 1450 2134 sano
1478 2092 1654 2133 sensu
1683 2072 1902 2133 locutio
1927 2074 2052 2133 haec
2095 2073 2486 2151 intelligatur3
2531 2074 2681 2133 Nam
2710 2076 2948 2132 damna·

539 2165 627 2215 tus
652 2154 919 2215 bifariam
947 2154 1193 2215 dicitur:
1226 2157 1280 2215 1.
1309 2156 1555 2215 absolute
1581 2154 1684 2231 qui
1709 2152 1900 2231 poenis
1945 2153 2214 2215 addictus
2259 2162 2350 2213 est
2395 2172 2500 2231 pro
2543 2154 2798 2231 peccatis
2827 2153 2950 2213 suis

538 2250 686 2312 quas
724 2243 919 2295 tamen
938 2252 1234 2311 nunquam
1273 2234 1567 2312 superavit
1614 2240 1674 2294 et
1701 2253 1777 2292 ex
1823 2232 2036 2310 quibus
2077 2252 2374 2311 nunquam
2417 2252 2712 2311 emergere
2737 2232 2944 2311 potnit,

538 2315 651 2373 hoc
678 2314 853 2373 modo
896 2314 1129 2391 reprobi
1176 2325 1235 2373 et
1275 2314 1493 2373 diaboli
1536 2312 1808 2371 dicuntur
1855 2310 2112 2372 damnati
2147 2314 2211 2371 in
2254 2313 2470 2389 inferis,
2514 2314 2602 2373 At
2639 2314 2752 2373 hoc
2777 2321 2948 2391 pacto

541 2392 807 2453 Christus
836 2394 1123 2451 Dominus
1150 2400 1348 2451 noster
1382 2412 1491 2453 nec
1518 2391 1827 2450 damnatus
1869 2399 1960 2451 est
1999 2412 2255 2469 unquam
2305 2412 2492 2470 neque
2519 2412 2660 2453 vero
2687 2392 2950 2451 damnari

537 2472 767 2549 potuit:
810 2476 867 2531 2.
912 2470 1218 2530 damnatus
1254 2471 1466 2531 dicitur
1486 2472 1662 2531 etiam
1697 2470 1814 2545 ille,
1853 2471 1956 2530 sed
1977 2473 2317 2548 hypothetice
2343 2480 2584 2549 tantum,
2615 2472 2718 2551 qui
2743 2490 2946 2551 poenas

535 2550 790 2629 peccatis
830 2550 1034 2609 alienis
1074 2546 1301 2611 debitas
1319 2550 1496 2628 idque
1522 2570 1600 2609 ex
1628 2549 1830 2608 ordine
1866 2549 2079 2609 divinae
2109 2552 2356 2629 Justitiss
2377 2553 2640 2627 sustinet,
2687 2572 2832 2629 quas
2858 2560 2944 2611 ta·

536 2649 671 2690 men
697 2630 882 2691 vincit
908 2637 968 2690 et
994 2630 1295 2707 eluctatur,
1325 2631 1437 2690 hoc
1462 2637 1633 2708 pacto
1653 2629 1802 2687 nihil
1827 2629 2096 2708 prohibet
2141 2631 2452 2708 quominus
2495 2632 2760 2692 Christus
2787 2632 2944 2691 dica-

536 2720 632 2771 tur
652 2712 959 2771 damnatus
978 2710 1264 2789 siquidem
1289 2711 1544 2789 portavit
1578 2728 1784 2787 poenas
1937 2710 2084 2769 catis
2109 2711 2322 2769 nostris
2366 2711 2596 2771 debitas
2629 2732 2840 2789 easque
2867 2730 2946 2770 ex

536 2790 739 2851 ordine
785 2790 1031 2871 justitiae
1082 2790 1315 2867 divinoe,
1359 2794 1520 2851 Deus
1560 2790 1716 2849 enim
1763 2790 1800 2823 ‘⁴
1863 2790 2004 2849 lium
2049 2810 2218 2850 suum
2259 2790 2322 2849 in
2365 2800 2608 2853 mortem
2651 2792 2947 2867 tradidit,’'

538 2872 708 2931 Rom.
726 2872 850 2931 viii.
882 2874 979 2947 32,
1009 2890 1157 2949 quas
1186 2880 1379 2931 tamen
1406 2870 1632 2929 infinita
1651 2868 1844 2929 meriti
1871 2870 1962 2929 sui
1982 2869 2197 2931 virtute
2225 2878 2286 2930 et
2311 2870 2565 2931 efficacia
2579 2880 2647 2930 ut
2667 2872 2948 2950 patientia

535 2952 865 3011 admirabili
894 2951 1183 3027 sustinuit,
1216 2953 1298 3011 ita
1324 2952 1543 3011 invicta
1568 2949 1906 3010 fortitudine
1951 2951 2266 3029 superavit.
2351 2952 2446 3010 Ita
2481 2951 2946 3011 condemnationi

534 3032 635 3091 vel
652 3032 1046 3093 maledictioni
1066 3032 1355 3092 obnoxius
1374 3041 1529 3093 recte
1550 3030 1764 3092 dicitur
1782 3033 2168 3091 antecedenter
2186 3050 2304 3090 non
2324 3041 2732 3108 consequenter,
2753 3030 2946 3110 quoad

536 3131 783 3186 causam,
803 3130 921 3169 non
937 3111 1129 3188 quoad
1158 3114 1486 3189 ter-mimm;
1529 3112 1588 3171 in
1606 3112 1778 3186 nobis,
1803 3130 2042 3189 quorum
2073 3120 2312 3190 peccata
2325 3112 2478 3187 tulit,
2507 3131 2625 3170 non
2662 3113 2722 3171 in
2761 3132 2819 3171 sc
2845 3110 2947 3189 qui

534 3190 935 3249 sanctissimus
952 3208 1178 3267 semper
1204 3191 1330 3251 fuit.
1365 3192 1537 3251 Unde
1555 3190 1725 3251 facile
1754 3190 1954 3268 colligi
1969 3199 2163 3269 potest
2181 3191 2324 3268 qnid
2345 3191 2458 3249 sibi
2477 3191 2729 3251 voluerit
2757 3191 2942 3250 Calvi.

532 3267 597 3324 in
638 3266 917 3343 praedicto
942 3268 1073 3327 loco
1094 3290 1109 3344 3
1132 3288 1249 3327 non
1270 3270 1429 3347 quod
1457 3269 1724 3330 Christus
1747 3270 1846 3328 vel
1872 3290 2076 3347 poenas
2095 3270 2495 3331 damnatorum
2523 3271 2788 3331 absolute
2817 3290 2942 3330 sus·

533 3345 775 3404 tinuerit
814 3346 913 3405 vel
960 3346 1031 3439 in·
1049 3345 1508 3426 desperationem
1548 3349 1832 3424 inciderit,
1851 3427 1864 3441 ·
1879 3350 2039 3441 quod
2073 3358 2384 3429 utrumque
2427 3358 2760 3444 removetur
2799 3350 2940 3410 ibid.

532 3424 2244 3584 3332}3„321“12‘3;r12⁰}:35531¹¹q2¹:3322t3{¹2253133:
2264 3438 2944 3588 ffiffi‘ussiiffissffissss

529 3592 729 3647 nostro
756 3586 887 3644 loco
914 3604 1187 3662 expresse
1213 3586 1408 3647 tradit.

614 3664 867 3724 XXIV.
912 3665 1198 3725 Caeterum
1224 3666 1515 3744 quomodo
1542 3665 1732 3725 factus
1759 3664 1836 3725 sit
1863 3666 2155 3725 execratio
2177 3667 2349 3727 docet
2377 3666 2587 3746 Apost.
2609 3669 2672 3729 in
2699 3688 2940 3747 sequen-

533 3745 707 3821 tibus,
758 3745 821 3804 in
867 3742 1079 3822 quibus
1124 3746 1471 3824 supplicium
1516 3744 1891 3805 maledictum
1920 3753 1980 3805 et
2027 3746 2352 3806 execrabile
2401 3748 2580 3808 luisse
2623 3749 2832 3827 probat
2865 3768 2942 3809 ex

536 3826 711 3885 Deut.
732 3824 857 3885 xxi.
878 3826 974 3901 23,
997 3823 1100 3883 ubi
1121 3826 1425 3903 suspensio
1451 3826 1525 3887 de
1550 3826 1716 3903 ligno
1735 3824 2046 3885 maledicta
2062 3826 2492 3903 pronunciatur,
2517 3832 2553 3863 ‘⁶
2570 3829 2940 3907 &maleam

530 3910 635 3971 n&
678 3908 703 3963 ο·
748 3904 1047 3986 nze-palpum
1086 3906 1169 3965 ka
1214 3905 1369 3979 ξῦλου
1410 3905 1756 3967 maledictus
1803 3912 1894 3963 est
1932 3905 2034 3981 qui
2077 3905 2290 3983 pendet
2332 3907 2393 3963 in
2419 3907 2640 3985 ligno.”
2689 3909 2946 3969 Hebraea

531 4004 675 4045 vero
699 3987 874 4063 paulo
902 3985 1071 4044 aliter
1096 3986 1207 4043 usn
1247 3986 1407 4043 sansa-
1434 3985 1568 4057 ηδ’»
1597 4002 1650 4042 '⁴2
1676 4003 1807 4061 quae
1837 3982 2058 4061 Aquila
2084 3993 2142 4045 et
2179 3984 2503 4047 Theodotio
2523 3998 2680 4049 recte
2707 3996 2944 4049 vertunt

530 4066 669 4142 quia
693 4064 1008 4125 maledictio
1052 4064 1171 4123 Da·
1207 4070 1299 4122 est
1341 4082 1638 4139 suspensus
1657 4088 1681 4137 ,·
1723 4062 1828 4124 sed
1867 4064 2086 4124 Paulus
2119 4085 2226 4142 pro
2261 4086 2334 4125 ea
2372 4086 2488 4145 qua
2515 4069 2772 4146 pollebat
2807 4072 2938 4147 παῤ-

531 4147 677 4225 pnea'qu
700 4146 857 4223 quod
884 4153 945 4204 et
970 4144 1109 4204 alibi
1137 4142 1313 4203 etiam
1337 4161 1456 4201 non
1472 4162 1603 4201 raro
1624 4143 1778 4220 fecit,
1801 4162 2034 4203 sensum
2055 4164 2174 4203 non
2189 4146 2370 4205 verba
2389 4148 2630 4223 praecise
2650 4148 2855 4223 reddit,
2881 4156 2942 4208 et

528 4244 661 4319 que
690 4224 1025 4287 obscuriora
1050 4223 1399 4315 videbantur
1416 4221 1766 4318 illustravit3
1811 4224 1961 4319 Nam
1981 4244 2086 4302 pro
2113 4227 2499 4287 maledictione
2519 4248 2650 4305 quse
2675 4236 2940 4304 metony-

524 4304 1113 4445 mmmm
1122 4304 2074 4461 552230'51552323113232055323.
2091 4308 2690 4463 {a‘issgbi'tz‘rfznsfft
2705 4325 2944 4446 32:²02}

526 4460 679 4552 liquo
700 4482 977 4539 expressa
996 4464 1187 4542 ellipsi
1206 4463 1315 4524 eim
1337 4470 1493 4523 κοινοῦ
1509 4484 1585 4523 ex
1600 4465 2079 4541 praecedentibus,
2103 4474 2164 4526 et
2179 4466 2536 4527 indefinitam
2551 4465 2942 4526 universalem

566 4540 809 4599 art1cula
835 4544 1014 4602 omnis
1028 4544 1235 4603 eadem
1250 4544 1473 4603 ratione
1489 4544 1770 4605 definivit.
1817 4546 2010 4621 Qua-‚ri
2025 4564 2166 4605 vero
2181 4546 2278 4605 hic
2292 4554 2501 4623 potest,
2527 4546 2740 4624 Primo,
2765 4565 2940 4625 quam

522 4558 673 4679 gene
703 4618 921 4679 Paulus
947 4623 1291 4682 sententiam
1318 4623 1469 4681 hanc
1496 4622 1678 4700 Legis
1703 4623 1918 4683 divinae
1966 4645 2100 4702 quse
2142 4625 2218 4685 de
2257 4626 2508 4704 simplici
2555 4626 2938 4706 suspensione
