3234 5192
55 0 147 18 Ι,
602 0 729 15 *Ὗ
1645 0 2310 17 ——r-v-—rr———r
2343 0 2958 13 ν--ι--ι--ῂ-ω-ψι

54 0 1640 54 mm
2537 17 2548 25 q
2707 21 2735 32 ἐ
2928 0 3179 232 -Ἷ

471 416 548 470 22
1235 429 1313 468 m:
1357 429 1719 470 necessarus
1762 427 2104 469 ssesssmss
2540 400 2801 484 [msrur.
2846 425 2887 464 1.

472 569 774 646 tradimus,
830 589 948 628 non
975 589 1102 629 esse
1149 568 1625 647 fundamentales,
1674 578 1741 630 ut
1786 568 2135 648 Sacrificium
2182 565 2549 640 Misaaacum,
2612 566 2894 623 Tramub·

479 650 905 725 stantiationem,
997 650 1264 708 Liberum
1344 651 1675 724 Arbitrium,
1738 649 2155 709 Invocationem
2236 646 2593 720 Sanctorum,
2668 645 2896 704 Cultum

475 731 814 807 Imayinum‚
865 732 1046 806 Papoe
1093 731 1428 806 Primatum,
1480 730 1588 789 Suc.
1632 730 1704 788 R.
1752 729 1869 787 Sed
1894 749 2010 787 non
2038 726 2269 786 difficile
2310 734 2399 784 est
2426 723 2789 801 respondere.
2842 727 2893 782 1.

476 809 703 870 Petitur
727 810 1073 888 principium
1102 819 1162 870 et
1201 812 1543 888 supponitur
1571 808 1731 886 quod
1784 817 1873 867 est
1912 809 1974 866 in
2013 806 2349 885 quaestione.
2424 805 2647 863 Damus
2688 803 2893 863 distin-

479 889 712 968 guenda
753 909 882 948 esse
928 889 1382 950 fundamentalia
1427 909 1462 947 a
1497 908 1615 947 non
1658 887 2201 961 fundamentalibus,
2230 893 2297 945 ut
2326 885 2544 944 Paulus
2590 885 2741 942 inter
2766 883 2893 943 fun-

479 971 812 1028 damentum
841 968 1018 1026 distin
1103 969 1163 1042 't,
1193 977 1254 1027 et
1299 989 1369 1027 ea
1415 987 1545 1045 quoe
1593 967 1681 1025 illi
1706 967 2141 1041 inaedificantur,
2176 969 2205 1023 l
2240 966 2371 1024 Cor.
2400 965 2481 1022 iii.
2514 967 2608 1038 11,
2643 965 2735 1022 12.
2822 964 2895 1022 Iu

479 1051 608 1108 istis
649 1048 969 1107 tolerantiae
1067 1048 1184 1106 icui
1223 1055 1284 1106 et
1329 1047 1596 1107 charitati
1641 1048 1833 1107 locum
1874 1067 2000 1107 esse
2040 1065 2211 1125 posse
2251 1065 2371 1104 non
2408 1043 2746 1118 inficiamur,
2792 1043 2897 1102 sed

367 1179 372 1182 .
481 1127 674 1218 quoad
717 1127 818 1184 illa
845 1146 1142 1203 negamus,
1171 1127 1308 1204 quia
1349 1127 1578 1187 sublato
1626 1137 1687 1187 et
1728 1148 1930 1187 everso
1972 1126 2364 1199 fundamento,
2405 1143 2667 1182 corruere
2708 1131 2895 1182 tot-um

483 1206 788 1265 aedificium
817 1225 1051 1266 necesse
1079 1214 1185 1266 est.
1233 1208 1350 1268 Sed
1377 1208 1683 1268 falsissime
1724 1207 2065 1286 supponitur
2091 1223 2312 1264 errores
2342 1205 2597 1281 Papatus
2622 1221 2741 1262 non
2768 1219 2895 1262 esse

481 1285 957 1362 fundamentales,
1000 1287 1168 1364 quasi
1192 1306 1333 1347 vero
1379 1290 1770 1348 staditionum
1816 1288 2123 1360 necessitas,
2153 1285 2490 1364 Justg‘ficatio
2518 1304 2592 1342 ex
2618 1283 2891 1359 operibus,

482 1367 900 1441 Satisfactt'ones
940 1379 994 1428 et
1038 1369 1240 1428 merita
1285 1371 1583 1445 hominum,
1635 1369 1984 1447 Sam-ficium
2030 1366 2398 1440 Missaticum,
2448 1365 2630 1440 Papoe
2658 1365 2888 1443 ὗπςοκὸ,

481 1449 970 1524 Ιηᾱαῑρεηέὶαηιτη
997 1451 1304 1526 Papalium
1329 1451 1679 1524 nundinatiO,
1708 1457 1769 1508 et
1808 1447 2036 1522 similia,
2066 1446 2140 1504 de
2168 1445 2381 1523 quibus
2406 1451 2593 1517 antea,
2622 1462 2753 1519 quse
2772 1451 2893 1502 tam

483 1537 678 1604 aperte
722 1528 782 1585 in
811 1529 1073 1590 Verbum
1103 1530 1231 1606 Dei,
1265 1529 1479 1588 Christi
1517 1548 1823 1606 personam
1872 1535 1931 1585 et
1977 1525 2179 1601 officia,
2212 1525 2431 1584 Gratiae
2478 1522 2789 1583 efficaciam
2834 1531 2893 1582 et

478 1607 760 1667 beneficia
775 1607 1090 1685 incurrunt,
1113 1609 1192 1668 ad
1217 1607 1653 1667 fundamentum
1680 1627 1797 1666 non
1825 1614 2101 1684 spectent,
2126 1625 2231 1664 nec
2253 1605 2313 1662 in
2331 1605 2521 1683 ipsum
2536 1602 2893 1680 impingant!

492 1687 671 1760 Quasi
697 1685 870 1744 aliam
899 1707 1158 1745 normam
1185 1686 1322 1746 fidei
1363 1707 1681 1765 proponere
1722 1705 1899 1764 quam
1952 1686 2321 1763 scripturam,
2352 1684 2497 1742 alios
2540 1681 2896 1740 Mediatores

487 1783 802 1840 agnoscere
832 1785 1005 1842 quam
1035 1767 1344 1842 Christum,
1367 1766 1528 1827 aliud
1569 1767 1913 1826 sacrificium
1940 1785 2113 1843 quam
2142 1771 2444 1824 cruentum
2473 1763 2691 1838 Crucis,
2720 1761 2895 1820 aliam

481 1863 714 1902 causam
732 1845 1166 1921 justificationis
1191 1857 1250 1906 et
1277 1847 1747 1907 sanctificationis
1773 1865 1949 1924 quam
1976 1845 2159 1904 solam
2200 1843 2462 1922 gratiam,
2490 1863 2609 1901 non
2650 1841 2727 1900 sit
2766 1841 2895 1900 fun-

485 1923 818 1983 damentum
866 1925 1026 1985 aliud
1071 1945 1284 2004 ponere
1331 1937 1542 2004 praeter
1586 1927 1649 1986 id
1692 1926 1851 2004 quod
1875 1925 2128 2004 positum
2168 1926 2296 1984 est!
2380 1927 2437 1982 2.
2468 1922 2599 1980 Etsi
2624 1921 2895 1980 daremus

484 2003 767 2080 quosdam
795 2023 872 2062 ex
899 2006 1187 2065 erroribus
1213 2007 1342 2066 istis
1359 2007 1598 2066 seorsim
1617 2007 2026 2081 consideratos,
2050 2024 2167 2063 non
2195 2023 2321 2063 esse
2340 2002 2567 2080 proprie
2596 2008 2655 2060 et
2682 2001 2896 2060 directe

485 2081 960 2159 fundamentales,
993 2093 1231 2144 eatenus
1270 2094 1337 2145 ut
1363 2087 1759 2164 unusquisque
1786 2105 1986 2144 eorum
2014 2083 2265 2161 potuerit
2307 2083 2709 2161 quadantenus
2750 2080 2895 2140 tole-

487 2163 618 2238 rari,
651 2163 703 2220 si
733 2163 997 2223 Ecclesia
1022 2165 1084 2222 in
1111 2167 1336 2224 caeteris
1362 2166 1631 2225 omnibus
1646 2186 1791 2244 pura
1816 2165 2021 2225 fuisset
2043 2172 2101 2223 et
2144 2183 2300 2238 sana,
2325 2171 2545 2220 certum
2566 2169 2655 2220 est
2698 2169 2893 2220 tamen

486 2261 586 2300 eos
615 2242 788 2302 simul
807 2253 1084 2321 sumptos,
1115 2255 1176 2304 et
1201 2245 1262 2302 in
1289 2247 1759 2304 concatenatione
1788 2253 1848 2304 et
1874 2244 2275 2322 dependentia,
2299 2261 2473 2318 quam
2493 2241 2711 2299 habent
2730 2240 2806 2298 ad
2834 2259 2896 2298 se

485 2321 753 2398 invicem,
797 2323 1062 2382 morbum
1103 2324 1291 2383 facere
1334 2345 1461 2383 com
1501 2325 1740 2384 licatum
1780 2331 1839 2384 et
1880 2323 2201 2400 capitalem,
2232 2321 2333 2399 qui
2376 2339 2513 2380 vere
2540 2319 2773 2378 lethalis
2800 2319 2893 2377 sit.

487 2404 542 2459 3.
590 2402 854 2480 Denique
883 2403 1043 2460 aliud
1070 2411 1159 2462 est
1184 2403 1398 2480 dogma
1485 2404 1663 2480 iquod
1688 2423 1806 2462 non
1847 2423 1975 2463 esse
2004 2401 2431 2462 fimdamentale
2458 2421 2521 2459 re
2562 2400 2705 2477 ipsa,
2736 2397 2897 2458 aliud

485 2500 590 2556 pro
618 2479 1035 2540 fundamentali
1077 2483 1328 2542 obtrudi.
1395 2485 1670 2542 Fatemur
1716 2484 1951 2560 quidem
1978 2483 2162 2542 multa.
2208 2482 2271 2539 in
2319 2480 2585 2539 Ecclesia
2632 2479 2897 2538 Romana

480 2560 740 2636 proponi,
771 2579 900 2636 quae
927 2560 1000 2619 de
1028 2562 1248 2622 ratione
1265 2562 1623 2622 fundamenti
1641 2582 2005 2640 nequaquam
2026 2559 2249 2621 censeri
2273 2568 2517 2638 possunt
2544 2567 2643 2619 aut
2670 2558 2901 2633 debent,

485 2638 588 2697 sed
616 2639 752 2715 quia
779 2640 1180 2700 necessitatem
1209 2641 1335 2720 ipsa
1375 2643 1618 2720 imponit
1646 2643 2013 2702 conscientiis
2054 2642 2162 2702 sub
2204 2639 2563 2718 gravissimis
2602 2638 2789 2716 poenis
2830 2657 2901 2696 ea

485 2717 828 2778 admittendi
881 2727 940 2780 et
978 2720 1116 2780 fidei
1163 2722 1420 2782 articulis
1483 2721 1917 2796 annumerandi,
1976 2722 2088 2780 hoc
2136 2728 2399 2798 respectu
2446 2717 2900 2779 fundamentalia

484 2798 786 2937 iplslibfiunt.
861 2799 958 2858 Sic
985 2820 1056 2859 ne
1100 2800 1332 2878 quidem
1361 2821 1437 2860 ex
1463 2802 1590 2878 ejus
1632 2801 1945 2879 hypothesi
1968 2801 2179 2860 leviter
2204 2807 2397 2878 potest
2440 2819 2646 2875 errare,
2690 2797 2795 2875 qui
2838 2797 2899 2854 in

483 2885 544 2938 ta
570 2879 584 2892 '
629 2898 698 2938 us
727 2878 804 2936 im
846 2878 904 2937 in
951 2879 1012 2940 ἐ.

567 2959 740 3018 XLI.
784 2899 848 3019 ri).
901 2900 1378 3040 {xmp—Aliud
1423 2981 1552 3021 esse
1611 2962 1648 2994 ‘⁴
1676 2960 1889 3020 addere
1934 2958 2368 3035 fundamento,”
2426 2957 2587 3016 aliud
2635 2960 2671 2990 ‘⁴
2690 2956 2895 3016 funda·

485 3048 744 3098 mentum
770 3049 1028 3102 evertere
1044 3043 1100 3118 ;''
1129 3043 1385 3120 potuisse
1409 3042 1643 3120 quidem
1666 3040 1989 3100 Ecclesiam
2018 3040 2339 3099 Romanam
2360 3036 2573 3097 addere
2600 3035 2895 3110 nonnulla,

486 3119 590 3176 sed
615 3138 732 3178 non
779 3130 1082 3197 propterea
1109 3130 1300 3181 tamen
1349 3123 1424 3182 ab
1467 3123 1594 3198 ipsa
1626 3141 1893 3181 eversum
1920 3139 2047 3180 esse
2076 3118 2547 3190 fundamentum3
2591 3116 2899 3175 retinuisse

486 3215 711 3270 semper
737 3205 797 3254 et
823 3199 1068 3258 retinere
1097 3201 1286 3259 adhuc
1309 3202 1587 3275 Verbum,
1617 3209 1683 3260 ut
1710 3219 1971 3259 normam
2010 3198 2165 3272 fidei,
2192 3197 2484 3256 Christum
2511 3202 2577 3252 ut
2602 3201 2897 3252 auctorem

487 3272 707 3345 salutis,
741 3274 1003 3332 Gratiam
1045 3285 1109 3334 ut
1135 3277 1479 3352 principium
1521 3279 1991 3351 regenerationis.
2046 3277 2117 3334 R.
2152 3279 2205 3333 1.
2246 3274 2408 3333 Adai
2440 3279 2635 3347 potest
2672 3271 2897 3344 aliquid

485 3349 858 3410 fundamento
905 3353 1186 3426 bifariam,
1231 3355 1330 3412 vel
1357 3362 1423 3412 ut
1453 3374 1603 3428 pars
1644 3355 1875 3488 aedffl,
1918 3373 2049 3427 quas
2095 3353 2184 3408 illi
2224 3347 2653 3426 superstruitur,
2694 3347 2789 3405 vel
2828 3359 2897 3409 ut

476 3449 626 3504 pars
637 3431 1017 3504 fiandamenti,
1047 3451 1178 3506 quae
1207 3451 1337 3491 cum
1365 3432 1466 3490 illo
1495 3451 1598 3507 pro
1628 3430 1730 3489 fun
1866 3440 2001 3489 ento
2028 3436 2307 3488 teneatur.
2362 3426 2549 3486 Priori
2576 3445 2751 3486 sensu
2778 3449 2895 3487 non

487 3508 681 3566 statim
709 3509 986 3586 quicquid
1033 3508 1266 3569 additur
1311 3509 1687 3569 fundamento
1716 3509 1863 3570 illud
1888 3509 2115 3585 evertit,
2158 3517 2225 3568 ut
2251 3507 2351 3584 qui
2379 3509 2609 3583 foenum
2632 3515 2693 3567 et
2718 3509 2889 3584 supu-

486 3590 602 3644 lam
629 3587 790 3647 addit
817 3588 1208 3664 fundamento,
1238 3590 1300 3649 id
1339 3598 1445 3665 est,
1477 3589 1814 3666 doctrinam,
1844 3607 1961 3648 non
2000 3588 2236 3666 quidem
2262 3585 2591 3647 haereticam
2618 3595 2677 3647 et
2703 3589 2891 3665 perni—

485 3665 717 3743 ciosam,
749 3668 853 3727 sed
881 3668 1071 3728 minus
1099 3669 1380 3730 sinceram
1422 3679 1480 3730 et
1527 3669 1790 3746 solidam,
1822 3670 2104 3729 curiosam
2146 3668 2335 3746 magis
2362 3687 2535 3746 quam
2556 3667 2775 3743 utilem,
2806 3687 2892 3726 re-

484 3746 631 3806 tinet
673 3745 906 3886 guidem
944 3747 1395 3826 fundamentum,
1428 3758 1486 3808 et
1512 3757 1816 3828 propterea
1842 3749 2163 3809 servandus
2202 3757 2309 3824 est,
2342 3747 2445 3807 sed
2471 3747 2655 3806 veluti
2670 3767 2786 3824 per
2812 3746 2892 3822 ἰρ-

484 3847 626 3901 nem,
657 3827 678 3885 i
747 3836 852 3902 est,
883 3847 1054 3906 segre,
1086 3848 1276 3906 opera,
1309 3837 1368 3888 et
1407 3829 1672 3890 mercede
1712 3838 1954 3908 sperata,
1984 3830 2121 3889 licet
2154 3849 2271 3888 non
2310 3828 2448 3903 vita,
2478 3827 2807 3902 mulctatus,
2860 3828 2889 3884 1

485 3906 614 3965 Cor.
667 3908 747 3966 iii.
810 3911 900 3985 11,
964 3911 1056 3966 15.
1154 3909 1270 3968 Sed
1325 3910 1627 3987 posteriori
1668 3930 1858 3986 sensu,
1903 3909 2040 3987 quia
2080 3908 2243 3968 addit
2292 3907 2663 3967 fundamento
2714 3912 2778 3964 ut
2820 3905 2897 3964 sit

483 4005 616 4062 pars
645 3987 1019 4062 fundamenti,
1067 3987 1333 4048 addendo
1378 3989 1641 4065 destruit,
1685 3991 1825 4067 quia
1868 3989 2029 4049 aliud
2068 3988 2505 4048 fundamentum
2545 3993 2755 4064 praeter
2792 4003 2894 4062 po-

483 4067 658 4125 situm
705 4067 830 4126 dari
893 4087 1010 4126 non
1053 4077 1260 4144 potest.
1344 4069 1510 4128 Talia
1577 4079 1715 4130 sunt
1756 4078 1948 4129 autem
2004 4068 2283 4128 Ecclesiae
2352 4067 2629 4125 Romanae
2672 4062 2894 4122 addita·

482 4155 692 4222 menta,
737 4167 866 4224 quse
913 4167 1031 4206 non
1067 4143 1290 4209 tantum
1327 4149 1701 4208 fundamento
1728 4156 2216 4227 superstruuntur,
2260 4145 2366 4205 sed
2392 4153 2451 4205 et
2477 4164 2607 4222 quae
2634 4163 2738 4220 pro
2767 4142 2893 4201 fun·

482 4225 752 4286 damento
807 4227 1210 4287 obtruduntur.
1294 4233 1350 4288 2.
1383 4229 1496 4304 Qui
1547 4228 1713 4288 addit
1766 4227 2140 4286 fundamento
2192 4245 2325 4303 quae
2378 4234 2515 4284 sunt
2568 4223 2656 4280 ini
2694 4222 2893 4281 homo-

481 4321 666 4376 genea
706 4313 766 4364 et
801 4307 1130 4382 conformia,
1161 4329 1278 4367 non
1315 4309 1526 4367 evertit
1568 4306 2026 4380 fundamentum,
2073 4304 2176 4364 sed
2204 4305 2305 4382 qui
2332 4304 2496 4365 addit
2524 4303 2817 4362 cone-arm
2844 4311 2899 4360 et

481 4379 766 4472 &chyam-n,
796 4389 1056 4446 addendo
1083 4390 1278 4448 evertit
1295 4413 1318 4460 ,·
1358 4389 1534 4465 hujus
1561 4387 1816 4445 criminis
1844 4394 2037 4444 autem
2065 4403 2195 4446 reos
2223 4404 2351 4444 esse
2378 4381 2741 4442 adversarios
2766 4381 2901 4458 quis

480 4458 708 4519 dubitet
733 4463 762 4518 P
844 4463 1091 4538 Spiritus
1143 4469 1388 4527 Sanctus
1433 4466 1602 4525 docet
1650 4465 2001 4543 Scripturam
2050 4465 2224 4524 talem
2268 4483 2395 4522 esse
2443 4481 2703 4521 normam
2744 4461 2897 4534 fidei,

481 4538 576 4596 cui
619 4538 764 4596 nihil
811 4541 1137 4602 addendum
1165 4567 1271 4606 nee
1300 4545 1718 4605 detrahendum
1766 4545 1858 4620 sit,
1888 4553 1947 4603 et
1988 4552 2196 4622 praeter
2221 4561 2395 4619 quam
2444 4541 2589 4600 nihil
2630 4540 2738 4599 sub
2767 4559 2896 4616 gra-

479 4616 703 4677 vissimi
733 4620 1114 4681 anathematis
1143 4645 1315 4699 poena
1343 4625 1419 4684 sit
1447 4621 1885 4700 admittendum,
1918 4623 2111 4684 Galat.
2136 4624 2172 4681 i.
2218 4624 2272 4681 8.
2317 4621 2543 4681 Volunt
2568 4630 2764 4680 tamen
2792 4620 2891 4678 isti

477 4697 815 4758 traditiones
856 4700 1116 4780 ἁγςέφους
1161 4705 1282 4778 pari
1311 4703 1519 4763 affectu
1547 4713 1606 4763 et
1635 4704 1957 4764 reverentia
1985 4703 2216 4778 suscipi.
2306 4702 2489 4761 Docet
2514 4699 2668 4760 idem
2698 4699 2889 4757 Chris-
