3234 5192
307 325 515 370 msrur.
544 309 685 391 x11.]
850 327 929 368 nn·
960 287 1444 370 summes-roms
1472 323 1716 366 onmem
1746 323 2170 368 nucussm‘rr..
2577 311 2698 370 415

300 469 415 546 teri,
440 470 580 530 adeo
600 469 674 530 de
702 469 1051 530 authoritate
1072 468 1225 548 juris
1252 474 1450 527 nostra
1475 465 1691 550 pendet
1717 465 2058 526 authoritas.
2145 465 2210 525 Si
2238 483 2406 528 secus
2433 466 2690 546 fecerint,

300 549 471 610 minus
495 559 651 610 recte
677 551 942 629 partibus
970 549 1085 609 sibi
1113 546 1475 608 demandatis
1517 545 1931 622 defunguntur,
1961 566 2070 605 nec
2097 546 2314 607 factum
2332 547 2458 622 juri
2483 548 2692 608 adver-

299 647 413 687 sum
438 638 627 708 potest
654 639 756 690 aut
783 631 958 690 debet
983 630 1045 688 in
1072 647 1239 688 exem
1282 628 1405 686 lum
1430 625 1601 684 trahi.
1687 629 1744 684 5.
1775 626 2052 686 Fatemur
2079 626 2141 685 in
2169 646 2238 686 eo
2260 626 2490 686 differre
2517 647 2694 706 quam

296 710 530 769 maxime
550 709 739 787 princi
778 729 843 770 es
872 730 907 768 a
936 709 1081 785 Deo,
1112 727 1229 785 quo
1297 707 1387 765 illi
1412 706 1531 766 sint
1569 713 1793 764 tutores
1839 706 2035 782 potius
2082 714 2144 765 et
2185 706 2512 766 administri
2553 707 2696 768 boni

296 789 499 864 publici
526 809 701 868 quam
770 788 967 866 omini,
998 788 1103 848 sed
1129 807 1248 846 non
1275 794 1469 864 potest
1494 793 1690 844 tamen
1733 804 1810 843 ex
1859 804 1927 844 eo
1977 785 2177 844 inferri
2203 786 2362 863 quod
2402 786 2696 864 pertendit

290 867 603 946 haereticus,
636 871 829 930 Deum
858 869 1042 930 multo
1089 866 1280 945 magis
1325 865 1470 944 ipsis
1516 864 1876 942 principibus
1914 864 1988 924 de
2007 867 2142 944 jure
2168 885 2274 926 suo
2301 867 2412 926 hac
2439 867 2502 924 in
2527 875 2692 944 parte

292 948 569 1009 remittere
596 969 785 1027 posse,
816 951 933 1009 imo
977 956 1179 1008 contra
1227 966 1303 1005 ex
1351 965 1421 1005 eo
1465 945 1762 1022 colligitur
1808 963 1983 1037 quam
2025 947 2426 1084 magum
2471 946 2531 1004 id
2580 947 2693 1006 sibi

292 1046 548 1106 arrogare
595 1030 823 1108 possint
868 1028 1159 1107 principes
1207 1024 1365 1103 quod
1411 1024 1507 1083 hic
1536 1024 1654 1082 illis
1681 1024 1990 1101 tribuitur;
2035 1044 2170 1084 nam
2315 1026 2509 1085 Deum
2535 1025 2695 1103 quod

292 1116 503 1184 spectat
530 1129 663 1169 cum
690 1110 907 1170 bonum
935 1108 1234 1186 publicum
1256 1104 1716 1182 inseparabiliter
1737 1104 1814 1162 sit
1834 1123 2163 1163 connexum
2183 1125 2315 1166 cum
2334 1106 2388 1183 ej
2395 1124 2464 1165 us
2484 1105 2690 1183 gloria,

289 1185 427 1245 nihil
452 1195 647 1266 potest
672 1188 761 1247 illi
788 1188 988 1248 deberi
1015 1183 1363 1260 exjustitia,
1392 1183 1551 1260 quod
1576 1183 1692 1242 ista
1715 1183 1932 1260 pariter
1957 1203 2077 1242 non
2104 1185 2306 1262 exigat
2323 1186 2688 1263 ,necessari0,

289 1266 433 1326 unde
461 1287 578 1326 non
606 1267 779 1327 modo
807 1269 1006 1345 legum
1042 1267 1291 1326 latarum
1328 1263 1658 1340 auctoritas,
1711 1262 1816 1322 sed
1863 1270 1923 1322 et
1961 1263 2208 1340 justitiae
2255 1284 2324 1324 ac
2367 1265 2692 1326 sanctitatis

288 1345 468 1422 gloria
493 1366 725 1424 poenam
751 1347 903 1406 hanc
930 1346 1165 1406 omnino
1194 1344 1531 1422 deposcunt.

362 1425 507 1484 XV.
552 1423 654 1486 Ad
682 1435 969 1504 quartum,
1000 1427 1133 1486 Non
1162 1443 1443 1502 negamus
1461 1430 1704 1500 peccata
1746 1421 1808 1481 in
1857 1422 2168 1501 Scripturis
2196 1424 2393 1484 vocari
2419 1424 2604 1484 debita
2631 1432 2692 1486 et

287 1505 547 1564 nonnihil
576 1505 975 1567 similitudinis
1000 1505 1153 1566 inter
1192 1506 1318 1563 haec
1346 1503 1462 1563 duo
1490 1521 1809 1578 occurrere,
1855 1503 1993 1581 quia
2018 1511 2086 1563 ut
2115 1503 2276 1564 Deus
2294 1504 2398 1579 jus
2425 1505 2602 1564 habet
2629 1504 2692 1562 in

284 1603 387 1644 nos
411 1605 517 1663 per
544 1587 901 1646 sanctionem
937 1586 1243 1664 poenalem,
1285 1584 1371 1644 ita
1412 1583 1740 1660 obligamur
1765 1602 1843 1641 ex
1867 1583 1999 1660 lege
2028 1583 2144 1642 Dei
2171 1584 2246 1643 ad
2293 1603 2542 1662 poenam,
2586 1584 2692 1643 sed

282 1683 393 1722 non
423 1665 685 1742 sequitur
709 1686 815 1745 per
841 1666 1034 1726 omnia
1062 1665 1345 1745 quadrare
1372 1664 1523 1722 hanc
1551 1661 2005 1738 similitudinem,
2047 1662 2164 1722 imo
2190 1664 2392 1724 tritum
2419 1671 2510 1724 est
2535 1664 2692 1742 apud

280 1744 669 1824 philosophos,
728 1749 904 1808 Omne
956 1747 1137 1806 simile
1182 1744 1447 1804 dissimile
1495 1763 1609 1802 esse
1631 1765 1651 1799 .·
1707 1742 2075 1802 Conveniunt
2121 1743 2356 1821 quidem
2383 1744 2445 1802 in
2472 1763 2541 1803 eo
2567 1766 2581 1804 ε
2636 1747 2690 1803 1.

285 1822 453 1897 Quod
479 1825 630 1885 sicut
658 1827 909 1886 creditor
928 1827 1030 1904 jus
1057 1827 1235 1887 habet
1260 1825 1323 1882 in
1342 1844 1423 1899 re,
1445 1822 1531 1882 ita
1550 1829 1740 1882 rector
1765 1821 1828 1879 in
1854 1841 2044 1900 poena,
2075 1826 2132 1882 2.
2165 1824 2239 1883 In
2259 1823 2568 1884 donatione
2587 1823 2692 1897 jus

280 1903 593 1983 creditoris,
625 1913 685 1965 et
704 1907 767 1964 in
793 1905 1157 1984 impunitatis
1185 1903 1557 1964 concessione
1575 1903 1679 1979 jus
1700 1902 1940 1962 rectoris
1966 1903 2045 1962 ad
2069 1903 2427 1980 puniendum
2446 1903 2689 1979 tollitur,

280 1981 333 2041 3.
378 1984 459 2043 Et
486 1984 723 2044 donatio
752 1985 935 2046 debiti
962 1993 1021 2045 et
1048 1983 1411 2063 impunitatis
1453 1981 1750 2040 concessio
1791 1982 2048 2042 nascitur
2075 2001 2152 2041 ex
2179 1984 2383 2044 eodem
2423 1983 2689 2061 benigni-

281 2062 419 2123 tatis
446 2064 605 2123 fonte
634 2071 695 2123 et
721 2065 891 2124 alteri
916 2065 1173 2142 prodest.
1219 2062 1337 2125 Sed
1364 2059 1776 2121 dissimilitudo
1805 2069 1896 2120 est
1918 2062 2096 2138 longe
2123 2063 2394 2139 maxima,
2419 2062 2576 2140 quod
2589 2064 2691 2141 jus

277 2141 549 2202 donantis
576 2151 635 2202 et
662 2143 1043 2202 condonantis
1083 2161 1200 2201 non
1248 2141 1326 2200 sit
1369 2159 1533 2218 oeque
1575 2139 1841 2216 liberum,
1893 2140 2024 2216 quis
2073 2140 2226 2198 enim
2275 2161 2432 2201 sanae
2477 2143 2690 2201 mentis

278 2222 573 2281 existimet
598 2241 717 2280 non
744 2223 1021 2300 majorem
1049 2221 1113 2280 in
1140 2220 1341 2280 ordine
1370 2220 1446 2279 ad
1473 2237 1703 2297 aequum
1752 2226 1811 2277 et
1857 2225 2078 2278 rectum
2114 2221 2517 2280 necessitatem
2560 2240 2692 2280 esse

278 2300 751 2378 exequendamm
777 2300 977 2380 legum
1004 2309 1064 2360 et
1084 2303 1110 2380 j
1119 2301 1237 2362 uris
1264 2300 1423 2379 quod
1450 2300 1603 2359 circa
1629 2298 1872 2358 crimina
1898 2307 2226 2377 occupatur,
2257 2319 2429 2378 quam
2451 2300 2603 2379 juris
2631 2309 2692 2361 et

275 2379 475 2458 legum
502 2380 575 2440 de
605 2380 816 2441 debitis
842 2382 1190 2460 pecuniariis
1232 2401 1363 2461 quae
1404 2381 1557 2441 circa
1603 2380 1780 2458 hujus
1806 2379 1946 2440 vitae
1973 2380 2278 2440 facultates
2305 2389 2364 2441 et
2391 2400 2530 2459 opes
2558 2401 2690 2440 ver-

277 2465 522 2522 santur?
564 2481 697 2521 cum
736 2462 969 2540 justitia
1013 2463 1235 2523 scilicet
1282 2481 1648 2540 nequaquam
1689 2469 1912 2539 pugnat
1939 2459 2012 2520 de
2033 2461 2166 2539 jure
2209 2461 2413 2522 crediti
2441 2461 2550 2520 sub
2577 2461 2690 2522 hac

274 2540 497 2601 ratione
518 2541 739 2618 cedere,
772 2562 942 2603 suum
970 2542 1201 2620 donare,
1234 2543 1516 2603 creditum
1538 2541 1830 2601 remittere
1847 2561 2144 2619 nunquam
2164 2541 2274 2603 fuit
2289 2543 2688 2603 inhonestum:

274 2628 338 2679 at
362 2641 593 2698 poenam
619 2623 912 2683 remittere
942 2623 1067 2684 sine
1095 2623 1486 2684 satisfactione
1514 2621 1807 2682 interdum
1832 2640 1950 2680 non
1978 2621 2088 2680 fuit
2119 2622 2428 2682 honestum
2455 2640 2530 2679 ne
2559 2621 2688 2680 Deo

275 2699 527 2777 quidem,
558 2709 623 2762 ut
650 2703 916 2780 agnoscit
943 2703 1311 2763 adversarius
1337 2711 1604 2779 respectu
1633 2700 2058 2760 contumacium
2087 2708 2146 2759 et
2172 2700 2250 2758 im
2293 2699 2688 2778 oenitentium;

274 2780 423 2839 ratio
452 2781 802 2841 discriminis
829 2790 919 2842 est
946 2783 1105 2860 quod
1121 2784 1224 2860 jus
1251 2780 1495 2840 dominii
1522 2788 1581 2839 et
1609 2779 1816 2838 crediti
1843 2785 1932 2837 est
1958 2787 2184 2838 tantum
2272 2780 2452 2839 omini
2494 2797 2685 2856 causa,

274 2866 335 2917 et
362 2869 757 2937 comparatum
784 2861 943 2920 illius
972 2861 1177 2939 gratia,
1222 2860 1325 2938 qui
1364 2858 1512 2918 illud
1537 2858 1752 2933 habet3
1798 2865 1858 2914 at
1896 2857 2000 2930 jus
2045 2857 2326 2934 puniendi
2373 2865 2463 2916 est
2509 2858 2690 2918 totius

276 2938 673 2998 universitatis
700 2948 759 2999 et
786 2939 923 2998 boni
950 2940 1170 3018 publici
1212 2938 1434 3014 gratia3
1472 2937 1624 3014 juris
1669 2934 1942 2993 dominici
1985 2943 2044 2994 et
2091 2935 2311 3011 crediti,
2358 2934 2688 3013 proximum

275 3015 713 3077 fundamentum
744 3025 834 3077 est
880 3019 1107 3077 Relatio
1134 3020 1393 3094 quaedam
1422 3017 1512 3073 rei
1534 3018 1619 3073 ad
1633 3033 1959 3090 personam,
2009 3033 2197 3091 poense
2238 3023 2432 3074 autem
2459 3015 2688 3076 Relatio

276 3096 368 3154 rei
384 3099 469 3154 ad
490 3117 628 3172 rem,
659 3097 763 3155 illa
788 3105 980 3174 potest
1006 3097 1135 3156 tolli
1176 3116 1280 3174 pro
1329 3093 1565 3152 arbitrio
1612 3111 1875 3170 personas
1919 3113 2049 3169 quoe
2087 3094 2192 3169 jus
2234 3093 2412 3154 habet
2457 3094 2519 3152 in
2565 3115 2688 3154 rem

276 3175 457 3251 illam,
488 3184 550 3235 at
575 3177 701 3235 haec
728 3195 1113 3254 nequaquam,
1144 3175 1283 3253 quia
1308 3173 1553 3232 refertur
1579 3173 1657 3232 ad
1682 3190 1805 3230 rem
1833 3172 2034 3249 ipsam.
2119 3178 2176 3232 2.
2225 3172 2288 3232 Si
2315 3193 2390 3233 ex
2420 3194 2488 3234 eo
2531 3177 2690 3254 quod

273 3264 575 3332 peccatum
606 3256 869 3316 debitum
896 3256 1125 3333 dicitur,
1156 3273 1328 3349 posse
1356 3252 1504 3312 illud
1531 3251 1748 3312 remitti
1790 3251 1914 3312 sine
1956 3251 2344 3314 satisfactione
2373 3254 2684 3335 colligitur,

278 3337 440 3412 Ergo
468 3344 529 3395 et
556 3355 633 3396 ex
660 3356 731 3396 eo
758 3335 919 3415 quod
944 3354 1097 3395 mors
1124 3334 1337 3395 dicitur
1362 3335 1491 3393 e'us
1516 3333 1852 3410 stipendium
1891 3341 1952 3393 et
1973 3337 2150 3408 foetus
2175 3335 2491 3395 necessitas
2519 3337 2686 3397 satis-

274 3415 545 3476 factionis
572 3417 875 3493 elicietur3
918 3435 1056 3474 nam
1083 3414 1207 3475 dux
1234 3434 1311 3474 ex
1339 3434 1373 3473 o
1434 3413 1525 3473 cio
1554 3422 1612 3472 et
1645 3413 1892 3492 justitias
1927 3415 2261 3493 praescripto
2309 3423 2539 3476 tenetur
2585 3418 2687 3477 sti-

274 3493 553 3571 pendium
578 3495 863 3556 militibus
890 3495 1013 3555 suis
1039 3496 1386 3572 persolvere,
1433 3502 1493 3553 et
1534 3492 1710 3554 foetus
1759 3492 2018 3570 gravidae
2057 3496 2382 3554 necessario
2409 3497 2470 3554 in
2497 3497 2690 3556 lucem

275 3575 483 3651 editur,
516 3577 555 3609 ‘⁶
576 3583 878 3653 peccatum
906 3583 1363 3635 consummatum
1392 3573 1586 3652 gignit
1610 3577 1908 3650 mortem,'’
1935 3573 2067 3634 Jac.
2097 3575 2136 3634 i.
2171 3578 2262 3634 15.
2347 3579 2402 3635 3.
2451 3575 2514 3634 Si
2541 3577 2688 3636 ratio

275 3653 379 3711 illa
405 3654 583 3731 valet,
634 3661 972 3732 sequeretur
1020 3663 1079 3714 et
1121 3655 1483 3714 obedientiam
1526 3673 1657 3732 quse
1704 3653 1920 3731 pariter
1945 3662 2188 3714 vocatur
2227 3655 2483 3728 debitum,
2517 3655 2686 3717 Rom.

275 3732 399 3790 viii.
436 3737 528 3810 12,
574 3753 691 3792 non
720 3734 841 3794 fore
860 3734 1013 3813 juris
1039 3735 1351 3795 necessarii
1398 3740 1458 3794 et
1504 3733 1900 3809 Mmutabilis,
1947 3753 2055 3793 nec
2097 3734 2386 3812 justitiam
2428 3733 2686 3794 divinam

276 3811 513 3888 exigere
540 3819 607 3873 ut
635 3814 763 3874 Lex
790 3815 913 3874 ulla
950 3815 1357 3894 praescribatur
1382 3814 1732 3890 hominibus,
1762 3813 1862 3872 vel
1887 3820 1954 3872 ut
1981 3814 2245 3872 homines
2275 3813 2534 3872 Creatori
2581 3833 2687 3874 suo

274 3890 521 3968 subsint,
554 3894 714 3970 quod
760 3893 1135 3956 falsissimum
1183 3903 1289 3955 est.
1374 3897 1430 3952 4.
1476 3894 1745 3972 Denique
1773 3893 1824 3952 si
1850 3912 1955 3970 per
1981 3893 2176 3951 omnia
2203 3891 2486 3970 quadrare
2515 3891 2688 3953 debet

272 3971 611 4050 similitudo,
645 3973 815 4034 facile
844 3976 1146 4036 evincetur
1189 3976 1379 4034 Deum
1402 3975 1577 4032 etiam
1606 3975 1732 4034 sine
1757 3972 1880 4032 ullo
1908 3973 2006 4030 vel
2032 3973 2171 4032 fidei
2195 3973 2292 4031 vel
2332 3970 2688 4048 poenitentiae

270 4059 539 4129 respectu
566 4063 870 4132 peccatum
898 4056 1224 4116 condonare
1244 4074 1433 4133 posse,
1458 4055 1616 4132 quod
1633 4063 1828 4114 tamen
1856 4059 2186 4112 constanter
2212 4059 2390 4128 negat
2416 4051 2686 4112 adversa-

270 4130 411 4207 rius,
462 4135 951 4210 quemadmodum
999 4155 1178 4214 penes
1226 4134 1569 4212 creditorem
1614 4142 1706 4194 est
1750 4142 1938 4193 totum
1983 4131 2243 4190 debitum
2291 4130 2540 4189 debitori
2583 4152 2690 4194 suo

269 4211 490 4288 absque
513 4213 635 4272 ulla
662 4213 996 4276 conditione
1016 4217 1326 4275 remittere.
1829 4215 1838 4220 ’

370 4291 553 4352 XVI.
603 4294 700 4353 Sic
749 4315 855 4374 pro
904 4295 1290 4374 possibilitate
1336 4291 1695 4352 remissionis
1744 4289 1867 4350 sine
1917 4288 2309 4350 satisfactione
2357 4289 2692 4366 disputabat

266 4370 595 4434 haereticus.
661 4375 817 4451 Quia
854 4383 1051 4434 tamen
1090 4394 1209 4432 non
1237 4374 1449 4433 desunt
1476 4373 1648 4431 etiam
1679 4391 1712 4429 e
1738 4370 1953 4430 nostris
1980 4368 2080 4446 qui
2113 4369 2252 4428 licet
2286 4370 2690 4431 necessitatem

267 4451 707 4528 hypotheticam
768 4453 1181 4514 satisfactionis
1223 4451 1517 4512 mordicus
1563 4458 1850 4525 tueantur,
1907 4450 2309 4510 necessitatem
2363 4449 2694 4512 absolutam

266 4532 484 4608 pariter
514 4533 807 4614 cumssipso
834 4535 1197 4612 impugnant,
1252 4533 1555 4608 Deumque
1594 4549 1767 4608 posse
1809 4529 2042 4589 omnino
2086 4528 2138 4590 si
2179 4529 2415 4590 libuerit
2453 4541 2695 4610 peccata

268 4610 490 4688 absque
520 4613 641 4673 ulla
684 4613 1087 4674 satisfactione
1131 4612 1421 4674 remittere
1464 4609 1838 4688 contendunt,
1878 4619 2052 4689 atque
2099 4610 2249 4672 inter
2294 4611 2440 4672 alios
2480 4612 2692 4673 doctis-
