3234 5192
719 1143 1348 1222 DISPUTATIO
1415 1143 2106 1240 THEOLOGIGA‚

269 1431 400 1522 DE
509 1429 1362 1528 SATISFACTIONIS
1474 1431 1909 1528 CHRISTI
2018 1433 2573 1554 VERITATE,

1035 1745 1255 1814 PARS
1344 1744 1731 1812 SEPTIMA.

1204 1974 1572 1982 ———-—.—-

569 2147 961 2224 Rapondence
993 2145 1038 2205 J
1040 2164 1141 2206 on.
1172 2145 1453 2206 Gnonmo
1483 2145 1798 2222 Murram,
1829 2147 2242 2206 Lamannensi.

290 2306 338 2364 Ι.
387 2303 660 2364 Diximus
680 2311 852 2362 antea
872 2310 1119 2382 quatuor
1134 2302 1497 2382 potissimum
1519 2302 1701 2382 quaeri
1726 2303 1878 2364 inter
1896 2323 2003 2364 nos
2024 2311 2084 2365 et
2108 2305 2448 2367 Socinianos
2469 2307 2622 2368 circa

207 2385 575 2449 collationem
596 2383 1004 2444 satisfactionis
1024 2383 1238 2444 Christi
1255 2403 1386 2445 cum
1405 2383 1701 2445 sacrificiis
1721 2384 1858 2444 Vct.
1877 2385 2035 2446 Test.
2082 2385 2135 2445 1.
2155 2385 2256 2445 An
2278 2387 2541 2448 Christus
2558 2388 2617 2446 in

205 2467 376 2529 terris
402 2465 576 2526 fuerit
596 2464 720 2558 jam
759 2463 1028 2525 sacerdos
1075 2473 1135 2525 et
1181 2466 1410 2544 proprie
1439 2465 1659 2526 dictum
1704 2465 2046 2525 sacrificium
2095 2465 2385 2544 obtulerit,
2416 2489 2491 2528 au
2519 2468 2617 2528 de-

204 2568 366 2609 mum
393 2546 454 2605 in
481 2546 644 2606 coelis
663 2553 796 2624 post
817 2545 1181 2605 acensionem
1200 2547 1231 2605 ?
1270 2551 1328 2606 2.
1371 2545 1473 2604 An
1495 2547 1688 2606 omnia
1710 2545 1990 2606 sacrificia
2016 2548 2265 2606 ἱλιπιιαὶ
2293 2549 2429 2609 Vet.
2456 2550 2618 2610 Test.

205 2629 334 2708 typi
361 2627 576 2688 fuerint
603 2625 867 2686 sacrificii
891 2626 1122 2703 Christi,
1156 2645 1230 2684 an
1259 2627 1524 2705 quaedam
1551 2634 1779 2686 tantum
1794 2630 1825 2686 Ρ
1866 2630 1920 2686 3.
1966 2625 2066 2685 An
2115 2629 2396 2689 sacrificia
2421 2637 2621 2690 vetera

203 2730 308 2788 pro
335 2707 565 2769 levibus
593 2706 845 2784 peccatis
867 2706 1151 2766 duntaxat
1172 2704 1367 2766 oblata
1395 2708 1528 2782 sint,
1560 2726 1753 2766 annon
1770 2705 1943 2766 etiam
1958 2726 2065 2783 pro
2093 2709 2459 2784 gravioribus
2479 2713 2507 2768 ‘r‘
2562 2713 2618 2768 4.

205 2791 309 2848 An
325 2789 504 2848 ullam
522 2788 641 2845 vim
664 2805 860 2844 veram
877 2785 1184 2845 habuerint
1195 2785 1468 2864 expiandi
1481 2789 1757 2862 peccata?
1784 2786 1875 2844 De
1892 2784 2117 2845 duabus
2136 2787 2421 2864 prioribus
2432 2808 2619 2866 quaes-

202 2867 458 2927 tionibus
470 2875 659 2926 actum
674 2864 784 2924 fuit
798 2864 1128 2939 novissime,
1144 2873 1406 2941 superest
1415 2873 1481 2924 ut
1498 2865 1569 2922 de
1581 2864 1806 2923 duabus
1816 2864 2229 2940 posterioribus
2240 2867 2617 2944 disputemus.

287 2946 375 3005 ΙΙ.
419 2945 505 3005 Ut
533 2964 671 3003 vero
699 2965 734 3002 a
759 2943 947 3022 prima
974 2944 1252 3002 ducamus
1280 2943 1525 3019 initium,
1556 2943 1835 3020 quaeritur
1860 2942 2012 3002 inter
2029 2963 2138 3004 nos
2165 2954 2226 3005 et
2256 2947 2613 3028 Socinianos,

205 3046 283 3084 an
310 3024 591 3084 sacrificia
617 3023 753 3082 Vct.
783 3023 941 3081 Test.
971 3042 1075 3100 pro
1101 3021 1419 3082 levioribus
1445 3031 1671 3082 tantum
1698 3023 1952 3100 peccatis
1980 3023 2175 3083 oblata
2214 3025 2443 3102 fuerint,
2474 3037 2617 3106 puta

203 3103 549 3184 ignorantiis
577 3109 636 3162 ct
661 3101 1109 3178 infirmitatibus,
1139 3121 1258 3161 non
1283 3121 1424 3162 vero
1452 3101 1627 3161 etiam
1654 3121 1759 3180 pro
1787 3101 2153 3180 gravioribus
2201 3113 2259 3165 ct
2285 3105 2566 3170 ultroneis
2586 3115 2616 3172 Ρ

203 3183 548 3245 Adversarii
576 3183 747 3259 enim,
777 3190 844 3242 ut
869 3181 1097 3242 facilius
1125 3181 1356 3241 elevent
1382 3180 1505 3240 vim
1533 3183 1861 3260 argumenti
1887 3183 2071 3243 nostri
2090 3203 2195 3263 pro
2222 3187 2611 3252 satisfactione

204 3265 421 3326 Christi
447 3284 483 3323 a
511 3262 808 3323 sacrificiis
833 3261 1126 3322 veteribus
1154 3260 1330 3338 ducti,
1361 3270 1625 3322 statuunt
1648 3282 1765 3321 non
1784 3282 1890 3340 pro
1912 3264 2195 3343 omnibus,
2226 3267 2330 3328 sed
2374 3271 2612 3348 quibus-

199 3345 336 3407 dam
365 3353 588 3406 tantum
615 3342 870 3424 peccatis
897 3342 1092 3403 oblata
1119 3361 1263 3419 esse,
1294 3341 1540 3420 ideoque
1567 3361 1685 3401 non
1710 3343 1968 3422 potuisse
1988 3345 2099 3405 hoc
2124 3346 2251 3425 ipso
2270 3348 2611 3412 satisfactio-

199 3447 337 3487 nem
366 3425 596 3502 Christi,
621 3444 750 3502 quae
777 3443 882 3501 pro
911 3422 1178 3483 omnibus
1259 3424 1471 3483 eccatis
1491 3423 1644 3482 facta
1681 3423 2038 3503 supponitur,
2079 3425 2437 3490 adumbrare.
2513 3433 2611 3495 Sic

202 3527 344 3584 ergo
400 3507 657 3567 sentiunt
700 3503 980 3564 sacrificia
1024 3503 1159 3564 Vet.
1204 3525 1206 3528 ’
1241 3511 1346 3563 est.
1375 3523 1496 3563 non
1548 3524 1653 3583 pro
1709 3504 2075 3582 gravioribus
2116 3510 2370 3584 peccatis
2414 3511 2611 3575 oblata

201 3587 400 3663 fuisse,
445 3585 550 3646 sed
576 3606 681 3663 pro
726 3583 1044 3644 levioribus
1087 3591 1331 3660 tantum,
1382 3603 1512 3663 quse
1553 3583 1777 3644 scilicet
1812 3585 1909 3645 vel
1952 3606 2056 3665 per
2100 3586 2486 3665 ignorantiam
2514 3596 2612 3655 vel

199 3687 307 3746 per
335 3685 584 3725 errorem
611 3664 1068 3740 admitterentur,
1098 3684 1203 3743 pro
1232 3663 1364 3723 aliis
1393 3673 1586 3724 autem
1613 3665 1838 3724 nullum
1868 3666 2211 3726 sacrificium
2238 3669 2417 3730 fuisse
2444 3671 2608 3734 insti-

199 3755 410 3822 tutum,
443 3745 526 3804 sic
560 3745 753 3805 Socin.
798 3743 870 3803 de
911 3745 1078 3805 Serv.
1107 3764 1163 3823 p.
1214 3749 1270 3803 2.
1301 3765 1351 3804 c.
1381 3745 1483 3820 xi„
1535 3745 1574 3778 “
1589 3745 2003 3824 Veruntamen,
2064 3747 2161 3806 uia
2202 3750 2482 3810 sacrificia
2506 3752 2611 3814 illa

199 3829 391 3886 levem
437 3824 728 3901 quandam
775 3823 888 3884 Dei
921 3824 1307 3886 obedientiam
1356 3823 1746 3900 continebant,
1777 3831 1845 3885 ut
1889 3846 1993 3903 pro
2065 3826 2270 3887 evibus
2325 3829 2611 3894 duntaxat

199 3904 548 3986 quibusdam
591 3905 844 3984 pcccatis
872 3904 1211 3964 offerrentur
1253 3925 1288 3964 a
1317 3905 1443 3964 Deo
1469 3904 1738 3964 instituta
1776 3904 2023 3982 filerunt,
2067 3925 2197 3984 quae
2240 3910 2463 3970 scilicet
2506 3933 2611 3990 per

198 3985 657 4063 incogitantiam,
701 3994 761 4045 et
801 4003 1049 4045 errorem
1093 3984 1574 4060 admitterentur;
1619 3984 1791 4060 Quod
1816 3985 1869 4044 si
1894 4005 1999 4064 pro
2046 3987 2392 4064 quibusdam
2434 3993 2610 4054 etiam

196 4065 560 4140 voluntariis,
593 4065 717 4124 sive
760 4073 827 4125 ut
874 4074 1086 4125 vocant
1111 4063 1409 4141 ultroneis,
1457 4065 1713 4144 peccatis
1741 4065 2022 4126 sacrificia
2066 4067 2332 4128 instituta
2358 4069 2606 4152 fuerunt,

199 4147 327 4206 sola
355 4144 636 4205 sacrificia
680 4165 797 4205 non
845 4146 1174 4224 expiabant,
1207 4145 1311 4205 sed
1357 4145 1432 4204 ad
1476 4144 1865 4223 expiationem
1907 4148 2314 4283 peragendam,
2342 4153 2609 4228 proximo

198 4226 375 4286 ctiam
405 4225 505 4304 qui
532 4225 591 4285 in
621 4225 693 4284 iis
721 4227 972 4303 pcccatis
999 4225 1174 4285 laesus
1220 4224 1409 4285 fuerat
1435 4225 1725 4285 cumulate
1767 4226 1908 4286 satis
1930 4226 2234 4287 sciendum
2262 4239 2401 4307 erat,
2424 4241 2491 4292 ut
2518 4235 2607 4293 vi-

196 4307 337 4368 dere
392 4313 484 4365 est
531 4305 593 4364 in
638 4305 771 4383 lege
809 4304 1076 4365 sacrificii
1121 4325 1224 4385 pro
1253 4313 1490 4384 peccato
1537 4305 1820 4380 ultroneo,
1853 4306 1995 4366 Lev.
2040 4307 2139 4384 vi„
2190 4307 2303 4367 Pro
2356 4316 2611 4388 peccatis

197 4395 395 4448 autem
421 4385 788 4464 gravioribus
835 4387 1059 4445 nullum
1106 4386 1447 4446 sacrificium
1491 4405 1527 4444 a
1555 4386 1683 4445 Deo
1726 4386 2053 4447 institutum
2082 4387 2327 4449 fuerat.'’
2369 4390 2606 4455 Volkel.

193 4468 300 4528 lib.
349 4467 432 4526 iii.
463 4487 588 4544 cap.
617 4469 714 4543 38,
744 4484 861 4526 non
889 4467 1074 4543 aliter,
1107 4469 1144 4500 ‘⁴
1163 4466 1443 4526 sacrificia
1469 4465 1572 4524 illa
1596 4484 1715 4525 non
1742 4467 2056 4545 expiabant
2072 4467 2293 4546 flagitia
2320 4489 2449 4548 quae
2470 4494 2608 4536 vere

195 4569 266 4608 ac
293 4547 522 4627 proprie
548 4553 787 4627 peccata
815 4555 952 4607 sunt
993 4546 1354 4625 appellanda,
1386 4546 1491 4606 sed
1536 4554 1807 4608 externas
1854 4547 2133 4626 quasdam
2162 4552 2416 4628 corporis
2444 4553 2609 4616 labes

193 4637 256 4690 et
281 4627 481 4709 lapsus
509 4648 584 4690 cx
613 4627 941 4707 ignorantia
966 4625 1474 4705 imbecillitateque
1493 4625 1802 4708 profectos.
1844 4627 1947 4688 Ad
1968 4649 2037 4690 ea
2064 4628 2218 4766 enigi
2245 4650 2375 4707 quae
2402 4637 2609 4712 gravia

2245 4730 2283 4769 Ρ
