3234 5192
293 349 531 390 Disru‘r.
564 328 657 411 v.]
1040 348 1267 388 uosrns
1296 350 1373 387 AB
1404 350 1684 390 secu-:sm
1715 350 1983 391 aonam.
2613 342 2720 398 101

288 490 413 550 duo
441 510 561 549 non
588 496 836 567 possunt
864 487 989 547 dari
1018 490 1343 549 monarchae
1381 490 1479 549 vel
1506 491 1838 549 coordinate
1868 498 1926 550 et
1947 490 2288 567 inordinate,
2321 492 2464 552 citra
2491 496 2727 555 eviden-

288 580 411 630 tem
456 569 995 644 contradictionem,
1040 570 1089 627 si
1132 589 1307 628 unum
1342 590 1561 647 corpus
1602 572 1718 629 duo
1761 571 1952 647 capita
1979 570 2190 629 habere
2232 574 2447 649 nequit,
2493 576 2608 633 nisi
2648 578 2724 637 sit

286 659 705 723 monstrosum,
738 649 870 725 quis
898 649 1113 707 dixerit
1140 650 1200 707 in
1228 670 1409 727 regno
1438 650 1718 709 Ecclesiae
1747 650 1894 711 duos
1923 670 2051 709 esse
2080 670 2265 727 reges,
2291 662 2350 711 et
2377 653 2493 711 duo
2515 654 2576 711 in
2599 674 2724 713 cor-

286 750 435 809 pore
457 730 571 789 hoc
596 729 847 806 mystico
876 729 1067 806 capita
1082 732 1110 787 Ρ

746 872 835 904 oux
862 855 1047 918 σιγαθον
1068 863 1411 928 πολυκοιςυιη
1448 846 1509 913 εἷς
1536 872 1751 929 zosgaeus
1779 872 1918 923 unu,
1949 845 2011 913 εἷς
2036 858 2294 917 namatus.

286 966 418 1025 Nec
447 966 585 1025 huic
632 966 999 1025 incommodo
1044 966 1360 1025 remedium
1416 966 1607 1025 afferri
1652 976 1846 1045 potest
1884 988 1987 1045 per
2015 980 2159 1039 α-οφω
2201 982 2467 1048 φαςμαοι
2521 967 2722 1045 capitia

270 1046 563 1121 primarii
587 1053 647 1104 et
671 1047 998 1105 secundarii
1009 1070 1033 1119 ;
1066 1046 1391 1124 “injuriam
1421 1046 1541 1107 sore
1565 1048 1812 1123 Christo,
1847 1049 1897 1107 si
1921 1048 2080 1125 Papa
2107 1048 2394 1107 diceretur
2415 1058 2588 1126 caput
2605 1050 2719 1127 pri·

280 1126 555 1199 marium,
586 1135 646 1185 et
692 1125 885 1202 quoad
914 1125 1197 1185 internam
1226 1135 1587 1203 potestatem,
1620 1128 1726 1185 sed
1741 1148 1910 1205 posse
1932 1128 2048 1185 dici
2076 1128 2292 1207 optime
2321 1140 2493 1206 caput
2515 1149 2717 1189 secun·

282 1204 519 1263 darium
548 1226 679 1265 cum
709 1206 941 1265 Christo
970 1216 1029 1265 et
1059 1207 1167 1265 sub
1197 1207 1443 1280 Christo,
1475 1206 1960 1284 quemadmodum
1989 1228 2104 1265 non
2147 1207 2214 1266 fit
2241 1209 2452 1284 injuria
2478 1210 2620 1285 regi,
2667 1209 2719 1268 si

284 1284 521 1345 dicatur
546 1305 757 1362 prorex
788 1305 913 1343 esse
936 1296 1109 1363 caput
1138 1288 1302 1363 regni
1331 1286 1439 1345 sub
1466 1306 1622 1362 rege,
1654 1288 1792 1363 quin
1820 1287 2014 1362 potius
2055 1287 2184 1363 ejus
2224 1296 2472 1363 augetur
2512 1288 2716 1365 gloria,

283 1365 430 1441 quia
458 1385 685 1442 semper
700 1386 807 1423 rex
828 1366 1195 1442 praesumitur
1222 1386 1348 1425 esse
1385 1365 1655 1425 nobiliori
1697 1365 1869 1423 modo
1898 1367 2128 1440 eaput.''
2173 1366 2320 1425 Nam
2351 1366 2554 1442 prim0,
2599 1367 2717 1425 dis-

284 1445 497 1504 tinctio
527 1455 615 1504 est
642 1470 940 1519 arvorum,
980 1445 1265 1522 siquidem
1294 1446 1395 1523 qui
1423 1453 1597 1523 caput
1638 1445 1781 1505 dicit
1821 1454 1880 1503 et
1920 1444 2154 1522 quidem
2183 1464 2532 1521 supremum,
2574 1446 2718 1507 dicit

288 1543 363 1583 eo
390 1525 519 1601 ipso
547 1527 815 1603 primum,
846 1526 1001 1603 quod
1030 1546 1205 1604 supra
1232 1546 1293 1584 se
1329 1526 1593 1603 superius
1635 1545 1752 1583 non
1794 1525 2075 1602 agnoseit,
2107 1545 2214 1585 nec
2241 1545 2496 1601 unquam
2525 1525 2716 1585 visum

284 1624 401 1662 nec
446 1606 725 1679 auditum,
779 1625 987 1682 corpus
1034 1626 1213 1663 unum
1256 1605 1403 1665 bene
1452 1606 1830 1665 constitutum
1881 1604 1996 1663 duo
2043 1606 2256 1663 habere
2297 1606 2504 1682 capita,
2535 1625 2713 1665 unum

282 1684 647 1761 primarium,
674 1685 921 1745 alterum
950 1685 1369 1744 secundarium.
1452 1690 1507 1743 2.
1554 1685 1730 1743 Falso
1759 1685 1932 1745 etiam
1962 1686 2319 1763 supponitur,
2352 1686 2570 1763 Papam
2599 1686 2717 1745 dici

290 1773 471 1840 caput
500 1766 692 1841 quoad
738 1775 1037 1825 externam
1067 1764 1457 1839 directionem,
1503 1785 1634 1824 cum
1677 1765 1960 1824 internam
1991 1766 2164 1824 etiam
2212 1775 2556 1843 potestatem
2602 1766 2715 1827 sibi

284 1844 579 1919 vendicet,
610 1844 772 1921 leges
804 1845 1023 1903 ferendi
1066 1845 1433 1903 conscientiae
1462 1844 1832 1921 obligativas,
1865 1854 1928 1903 ut
1955 1854 2158 1922 postea
2185 1846 2428 1905 dicetur.
2487 1849 2542 1905 3.
2589 1846 2710 1903 Ex-

284 1923 547 2000 emplum
575 1924 731 2001 quod
760 1924 995 1983 affertur
1022 1924 1095 1983 de
1133 1944 1269 2001 rege
1300 1932 1357 1983 et
1384 1945 1628 2001 prorege
1665 1925 1741 1983 ad
1769 1945 1889 1983 rem
1919 1945 2034 1983 non
2065 1925 2218 1999 facit,
2251 1926 2388 2001 quia
2415 1925 2552 1983 licet
2579 1944 2711 2002 pos·

286 2003 365 2061 sit
394 2024 430 2061 a
450 2024 587 2081 rege
616 2024 826 2081 prorex
856 2005 949 2063 vel
978 2004 1281 2081 praefectus
1309 2005 1599 2079 constitui,
1631 2005 1731 2081 qui
1761 2006 1914 2081 regis
1941 2006 2172 2063 nomine
2200 2006 2502 2081 gubernet,
2543 2024 2712 2063 nemo

286 2092 485 2141 tamen
508 2084 719 2143 dixerit
738 2104 867 2143 eum
891 2104 1087 2159 regem
1110 2105 1278 2161 posse
1308 2085 1519 2157 vocari,
1545 2093 1602 2142 et
1626 2084 1674 2141 si
1697 2084 1826 2160 quis
1854 2105 1930 2142 ex
1959 2084 2206 2143 subditis
2234 2105 2430 2159 regem
2459 2084 2711 2161 appellet

287 2172 347 2221 et
378 2163 608 2237 salutet,
646 2165 737 2222 vel
781 2164 829 2223 si
862 2164 1017 2241 regis
1045 2185 1255 2223 nomen
1286 2173 1343 2223 et
1378 2164 1778 2223 auctoritatem
1828 2164 1950 2241 ipse
2000 2164 2110 2222 sibi
2159 2163 2444 2237 vendicet,
2485 2172 2707 2222 tantum

288 2242 457 2301 abest
484 2251 550 2301 ut
576 2244 869 2319 toleretur,
900 2245 1041 2321 quin
1069 2244 1261 2321 potius
1291 2254 1355 2302 ut
1381 2264 1514 2302 reus
1542 2244 1864 2320 majestatis
1891 2243 2274 2301 damnabitur.
2347 2243 2440 2301 Ita
2467 2252 2712 2319 possunt

286 2322 349 2379 in
382 2322 649 2381 Ecclesia
676 2334 929 2383 rectores
967 2333 1026 2383 et
1054 2324 1301 2383 ministri
1342 2344 1377 2381 a
1405 2324 1636 2382 Christo
1664 2324 1956 2397 constitui,
1986 2326 2086 2401 qui
2129 2324 2238 2381 sub
2279 2344 2348 2381 eo
2385 2323 2708 2381 Ecclesiam

287 2402 633 2479 gubernent,
680 2403 783 2462 sed
824 2404 1089 2462 immanis
1130 2404 1293 2463 fieret
1322 2403 1550 2463 Christo
1579 2403 1806 2479 injuria,
1840 2404 1888 2462 si
1918 2405 2192 2462 honorem
2220 2404 2376 2481 regis
2404 2411 2462 2462 et
2504 2404 2710 2480 capitis

286 2482 400 2541 soli
444 2482 673 2541 Christo
701 2483 960 2542 debitum
989 2483 1347 2542 invaderent.
1397 2484 1531 2543 Uno
1560 2483 1758 2559 verb0,
1789 2504 1920 2541 cum
1965 2484 2231 2543 Christus
2273 2484 2348 2543 sit
2375 2484 2704 2560 monarcha,

286 2571 464 2638 caput
512 2571 571 2620 et
616 2582 862 2640 sponsus
902 2563 1195 2638 Ecclesiae,
1228 2564 1329 2639 qui
1366 2563 1666 2641 profitetur
1715 2584 1775 2622 se
1825 2563 1911 2622 illi
1959 2562 2268 2622 affuturum
2315 2584 2557 2640 semper,
2601 2585 2708 2623 nec

288 2642 571 2699 vicarium
600 2662 706 2701 nec
736 2644 955 2701 socium
982 2644 1129 2701 ferre
1171 2652 1377 2721 potest,
1420 2643 1505 2703 sic
1546 2643 1699 2702 enim
1741 2643 2054 2703 monarcha
2093 2662 2209 2701 non
2252 2652 2406 2701 esset
2443 2664 2604 2718 μους,
2649 2652 2710 2702 et

288 2740 497 2798 corpus
526 2731 681 2781 esset
708 2722 921 2800 bicePS,
943 2732 1001 2781 et
1022 2743 1267 2800 sponsus
1285 2721 1615 2783 admitteret
1635 2724 1788 2782 thori
1810 2724 2046 2797 socium,
2078 2723 2235 2799 quod
2262 2742 2377 2779 non
2407 2733 2496 2781 est
2522 2724 2710 2781 feren·

286 2800 445 2859 dum.
534 2801 705 2861 Unde
750 2801 1069 2879 Gregorius
1099 2803 1149 2861 I.
1179 2804 1412 2862 titulum
1444 2802 1743 2861 Pontificis
1773 2801 2156 2874 OEcumenici,
2201 2821 2308 2859 ceu
2357 2802 2706 2859 antichristi-

288 2901 463 2939 anum
509 2890 569 2939 et
597 2882 829 2940 omnino
866 2883 1249 2959 tyrannicum,
1296 2882 1706 2955 detestabatur,
1740 2882 1906 2957 epist.
1937 2882 2032 2955 38,
2079 2880 2154 2937 ad
2181 2879 2512 2938 Johannem
2557 2880 2704 2937 Con·

288 2962 883 3037 stantinopolitanum,
935 2963 1033 3021 lib.
1082 2964 1137 3021 6.
1188 2964 1375 3039 epist„
1438 2964 1473 2994 “
1505 2962 1635 3037 Ego
1676 2958 1922 3017 fidenter
1969 2960 2118 3033 dice,
2151 2957 2288 3034 quia
2335 2957 2598 3033 quisquis
2643 2977 2706 3017 se

287 3041 675 3100 universalem
704 3042 1053 3119 episcopum,
1083 3041 1181 3100 vel
1210 3040 1565 3100 sacerdotem
1594 3048 1782 3113 vocat,
1815 3039 1908 3097 vel
1939 3037 2136 3095 vocari
2175 3036 2482 3113 desiderat,
2513 3038 2574 3095 in
2603 3057 2710 3097 sua

285 3120 535 3179 elatione
564 3121 993 3182 Antichristum
1023 3121 1378 3199 praeeurrit.''

368 3199 489 3259 IX.
536 3202 679 3259 Cum
708 3222 847 3260 vero
891 3202 1209 3260 maximum
1251 3200 1326 3260 sit
1368 3200 1648 3277 primatus
1688 3198 1858 3257 istius
1883 3206 2255 3274 momentum,
2287 3207 2485 3277 utpote
2513 3220 2549 3258 a
2590 3220 2707 3276 quo

284 3288 409 3339 tota
434 3280 641 3357 religio
671 3282 935 3340 Romana
961 3282 1191 3359 pendet,
1222 3288 1397 3339 tantae
1420 3278 1778 3339 auctoritatis
1799 3277 2001 3355 procul
2028 3277 2204 3338 dubio
2231 3280 2362 3339 leve
2389 3300 2505 3340 non
2534 3280 2712 3339 debet

286 3378 414 3419 esse
466 3360 917 3420 fundamentum.
993 3362 1110 3421 Sed
1156 3362 1293 3419 licet
1333 3380 1545 3437 magno
1594 3358 1888 3417 molimine
1931 3358 2146 3435 passim
2195 3369 2486 3437 urgeatur,
2538 3360 2706 3420 facile

286 3449 482 3498 tamen
532 3441 839 3500 observare
889 3450 993 3515 est,
1024 3462 1233 3518 aquam
1262 3441 1403 3518 ipsis
1440 3442 1549 3498 hac
1588 3440 1648 3496 in
1677 3447 1838 3515 parte
1865 3438 2099 3513 haerere,
2129 3458 2237 3498 nec
2273 3440 2532 3498 invenire
2562 3461 2706 3517 quo-

287 3520 462 3578 modo
491 3521 703 3579 nostris
732 3520 1103 3595 satisfaciant,
1135 3542 1312 3597 quum
1340 3520 1488 3579 tanti
1514 3519 1886 3597 principatuS,
1911 3538 2082 3594 quem
2115 3518 2274 3595 Papa
2303 3519 2413 3576 sibi
2441 3521 2703 3595 sumpsit,

290 3610 497 3675 petunt
532 3620 607 3658 ex
636 3602 815 3659 verbo
848 3601 959 3659 Dei
987 3600 1441 3660 fundamentum.
1490 3601 1615 3657 Imo
1645 3618 1761 3656 non
1789 3598 2033 3655 obscure
2062 3596 2258 3673 colligi
2279 3606 2472 3673 potest
2497 3598 2704 3656 moles-

286 3679 567 3737 tissimam
601 3680 920 3739 Pontificiis
949 3700 1175 3757 semper
1201 3682 1383 3739 visam
1414 3679 1591 3738 fuisse
1620 3676 2014 3755 quaestionem,
2047 3696 2220 3753 quam
2254 3676 2542 3735 declinare
2571 3677 2705 3736 sub-

287 3758 425 3818 inde
454 3761 645 3819 conati
675 3769 825 3835 sunt,
858 3761 996 3837 quia
1018 3762 1158 3819 satis
1180 3760 1581 3837 intelligebant
1600 3758 1996 3817 auctoritatem
2027 3757 2197 3815 istam
2221 3756 2381 3814 nulla
2398 3756 2598 3813 divina
2618 3756 2704 3813 in-

288 3840 589 3899 stitutione
608 3841 933 3913 subnixam,
946 3841 1107 3900 nullo
1116 3839 1378 3917 legitimo
1390 3840 1592 3899 fultam
1612 3858 1738 3897 esse
1753 3846 2109 3914 argumento·
2133 3834 2304 3895 Unde
2326 3834 2542 3893 Paulus
2562 3834 2702 3911 111.,

288 3928 491 3979 coacto
519 3921 763 3979 concilio
792 3920 1147 3994 Tridentino,
1178 3920 1405 3996 legatos
1428 3939 1563 3978 suos
1586 3918 1871 3996 praecipue
1894 3918 1966 3976 de
1983 3917 2094 3975 hoc
2116 3915 2358 3973 articulo
2387 3924 2702 3991 monuerat,

288 4020 361 4057 ne
390 4019 645 4075 unquam
674 4020 1016 4077 quacunque
1046 4000 1117 4058 de
1146 4020 1319 4059 causa
1346 4000 1419 4057 ad
1442 3998 1888 4075 disputationem
1921 3997 2092 4073 Papae
2121 3996 2430 4066 veniretur,
2457 4002 2520 4052 ut
2548 4004 2708 4071 patet

290 4099 367 4138 ex
396 4079 531 4137 hist.
579 4080 753 4137 Couc.
799 4080 977 4154 Trid.,
1024 4080 1125 4137 lib.
1166 4084 1223 4137 2.
1258 4080 1334 4137 Et
1379 4079 1519 4137 Pius
1552 4080 1644 4153 V.,
1693 4078 2012 4137 instaurato
2057 4078 2168 4134 hoc
2216 4074 2479 4147 concili0,
2511 4075 2705 4133 subito

286 4168 448 4217 metu
477 4160 775 4235 perculsus
803 4160 927 4233 suit,
962 4179 1033 4217 ne
1062 4160 1375 4218 auctoritas
1404 4158 1700 4236 pontificia
1739 4158 1800 4215 in
1829 4157 2140 4214 discrimen
2169 4154 2408 4227 veniret,
2442 4153 2491 4211 si
2519 4153 2592 4212 de
2635 4173 2703 4212 eo

287 4238 739 4315 disceptaretur3
785 4239 931 4297 adeo
960 4249 1024 4298 ut
1052 4239 1124 4297 de
1154 4239 1397 4298 concilio
1428 4237 1742 4295 inhibendo
1773 4256 1888 4293 non
1919 4235 2096 4293 semel
2125 4232 2484 4310 cogitaverit,
2528 4234 2640 4293 nisi
2669 4256 2705 4294 a

286 4326 407 4377 tam
438 4318 715 4377 damnoso
766 4320 1009 4377 concilio
1052 4319 1336 4376 dimoveri
1365 4339 1427 4377 se
1477 4336 1682 4394 passus
1710 4314 1930 4388 fuisset,
1957 4322 2022 4373 ut
2050 4312 2224 4371 refert
2255 4312 2374 4371 ΙΙΙ.
2405 4313 2700 4391 Thuanus,

287 4398 455 4457 Tom.
488 4402 543 4475 2,
574 4399 675 4457 lib.
706 4402 801 4475 32,
832 4398 905 4457 ad
937 4418 1067 4457 ann.
1103 4400 1275 4457 1562.

284 4518 537 4565 mmm„
635 4518 779 4573 Papae
901 4480 985 4537 X.
1022 4478 1153 4537 Seio
1176 4476 1419 4535 subinde
1438 4474 1630 4533 afferri
1649 4474 1724 4531 ad
1740 4471 1906 4530 malae
1929 4490 2116 4529 causae
2133 4472 2465 4548 praesidium
2494 4474 2701 4534 decan-

346 4590 445 4619 non
465 4577 699 4633 probatur
718 4589 779 4621 ex
820 4560 1107 4619 tatissima
1136 4555 1349 4617 Christi
1372 4555 1447 4614 ad
1471 4555 1704 4612 Petrum
1728 4552 1922 4625 verba,
1957 4551 2166 4611 Matth.
2198 4553 2318 4611 xvi.
2347 4556 2438 4629 18,
2467 4555 2612 4613 “Tu
2640 4576 2704 4616 68

350 4634 531 4679 ²¹³⁹&-
563 4634 657 4677 xvi.
680 4640 751 4677 1⁸·
824 4640 1047 4714 Petrus,
1076 4647 1133 4696 et
1158 4656 1329 4713 supra
1349 4635 1498 4693 hanc
1526 4642 1744 4711 petram
1771 4632 2068 4691 aedificabo
2101 4634 2419 4691 Ecclesiam
2454 4638 2701 4709 meam,''
