3234 5192
1245 48 1289 73 θ’

630 288 745 347 6th
1169 302 1248 343 ns
1279 298 1758 342 sa‘nsrac‘rioms
1787 298 2028 339 camsi-1
2055 296 2481 339 rsnrsc'rxoua.
2578 276 2864 359 [meru-r.
2899 298 3088 339 xxm.
3178 270 3179 275 ¹

636 462 771 503 suas
799 442 875 501 ad
902 442 1253 521 expiandum
1282 450 1503 502 reatum
1532 441 1925 519 temporalem,
1957 461 2089 500 cum
2129 441 2240 499 sibi
2289 439 2572 518 ejusmodi
2621 439 3084 501 satisfactiones

639 522 1017 583 abundarent.
1062 524 1251 598 Quare
1272 523 1543 601 patiendo
1573 521 1928 601 adimplebat
1957 541 2024 580 ea
2046 541 2174 598 quae
2193 521 2432 580 deerant
2458 520 2800 599 passionum
2827 521 3082 596 Christi,

640 602 703 661 id
729 612 835 678 est,
867 624 997 682 quae
1026 604 1289 663 Christus
1310 604 1370 661 in
1400 603 1613 662 sanctis
1645 602 1766 661 suis
1793 601 1982 660 adhuc
2025 621 2301 678 passurus
2329 609 2468 676 erat,
2497 620 2601 679 pro
2640 620 2902 678 corpore
2951 602 3085 679 ipso

644 684 941 758 Ecclesiae,
990 684 1114 743 sive
1162 683 1500 743 instruendo
1548 682 2072 760 praedicationibus,
2125 682 2249 739 sive
2299 679 2691 739 confirmando
2751 682 3080 759 exemplis,

644 766 769 823 sive
798 765 1087 842 expiando
1111 763 1592 839 satisfactionibus.
1607 764 1640 791 ”

726 844 849 903 ΙΙΙ.
896 844 1013 903 Sed
1040 864 1211 921 quam
1240 864 1442 921 parum
1469 841 1664 901 faveat
1699 841 1876 901 errori
1903 842 2012 899 iste
2045 840 2210 899 locus
2237 840 2492 918 proclive
2540 846 2630 897 est
2658 840 3010 918 ostendere,
3037 842 3082 899 si

646 923 723 983 ad
744 925 1044 1001 sequentia
1061 924 1429 982 attendimus.
1478 923 1688 996 Prim0,
1709 930 1774 980 ut
1792 922 2040 979 sciamus
2062 920 2202 998 quid
2229 920 2442 980 Christi
2463 919 2694 978 nomine
2725 920 2930 979 intelli
2935 942 3080 999 gen·
3178 972 3179 980 ,

647 1004 786 1063 dum
812 1004 1042 1078 veniat3
1092 1004 1375 1076 Secundo,
1400 1002 1541 1079 quid
1562 1022 1664 1080 per
1685 1002 1953 1079 reliquias
1970 1001 2300 1076 passionum
2327 1000 2455 1077 ejus
2483 1000 2796 1076 innuatur;
2849 1002 3078 1076 Ter-tic,

552 1148 561 1155 ,
648 1104 765 1161 quo
794 1103 967 1143 sensu
1006 1085 1141 1160 pati
1180 1103 1242 1142 se
1288 1084 1443 1141 dieat
1473 1082 1690 1141 Paulus
1734 1102 1852 1158 pro
1868 1082 2144 1140 Ecclesia.
2205 1081 2286 1139 Et
2327 1080 2404 1138 ad
2445 1080 2606 1157 prius
2633 1080 2888 1156 quidem
2919 1084 3080 1159 quod

648 1165 855 1223 attinet
879 1186 892 1238 ;
940 1164 1171 1223 Certum
1202 1171 1290 1222 est
1322 1162 1537 1223 Christi
1558 1162 1790 1221 nomine
1819 1182 1935 1220 non
1965 1180 2189 1238 semper
2210 1178 2512 1238 personam
2535 1160 2722 1237 ipsam
2744 1160 3080 1239 designari,

650 1264 753 1303 seu
799 1244 1083 1303 Christum
1136 1246 1472 1318 naturalem,
1521 1242 1626 1301 sed
1673 1262 1824 1319 saepe
1869 1242 2039 1301 etiam
2086 1242 2212 1317 ejus
2258 1241 2580 1299 Ecclesiam
2635 1260 2744 1298 seu
2777 1242 3082 1301 Christum

650 1324 955 1400 mysticum,
990 1324 1212 1401 Corpus
1230 1323 1450 1383 scilicet
1468 1342 1597 1381 cum
1616 1322 1908 1397 membris,
1946 1325 1972 1379 1
2001 1322 2129 1379 Cor.
2151 1321 2254 1381 xii.
2279 1324 2370 1397 12,
2405 1324 2440 1353 “
2459 1320 2608 1379 sicut
2638 1340 2864 1399 corpus
2895 1344 3080 1382 unum

652 1414 743 1463 est
786 1414 845 1463 et
888 1405 1145 1462 membra
1210 1402 1387 1462 habet
1434 1402 1632 1477 multa,
1683 1403 1766 1461 ita
1813 1400 2130 1476 Christus,'’
2178 1400 2298 1461 Ubi
2356 1400 2572 1459 clarum
2623 1409 2714 1459 est
2769 1402 3080 1462 Christum

653 1484 747 1541 hic
776 1504 890 1542 nou
923 1484 1109 1562 Caput
1152 1492 1374 1542 tantum
1421 1483 1674 1555 innuere,
1709 1482 1808 1541 sed
1839 1490 1897 1540 et
1925 1482 2146 1559 Corpus
2181 1501 2284 1540 seu
2333 1481 2654 1541 Ecclesiam
2703 1482 2854 1540 huic
2887 1484 3084 1563 Capiti

653 1563 895 1621 unitam.
942 1564 1035 1621 Ita
1063 1583 1192 1622 cum
1225 1562 1488 1621 Christus
1516 1561 1746 1620 coelitus
1773 1562 2000 1633 clamat,
2028 1562 2162 1619 Act.
2193 1561 2272 1619 ix.
2319 1564 2377 1636 4,
2409 1564 2445 1594 “
2463 1560 2618 1635 Saul,
2645 1561 2812 1637 Saul,
2849 1584 2966 1621 cur
2995 1586 3080 1623 me
3178 1554 3179 1563 ἵ

654 1644 1015 1719 persequeris
1030 1644 1096 1700 ‘P'’
1126 1643 1353 1719 proprie
1382 1661 1684 1719 personam
1715 1661 1877 1698 suam
1905 1661 2022 1699 non
2064 1641 2422 1718 respiciebat,
2453 1660 2583 1717 quae
2631 1642 2692 1697 in
2717 1642 2950 1701 coelum
2999 1666 3080 1702 re·

655 1730 821 1799 cepta
864 1731 1029 1780 extra
1076 1722 1323 1780 telorum
1372 1721 1626 1779 omnium
1666 1722 1888 1797 jactum
1927 1728 2050 1779 erat
2103 1722 2432 1795 constituta,
2461 1740 2570 1779 nec
2617 1720 2758 1779 ullis
2818 1725 3082 1803 amplius

656 1802 927 1859 aerumnis
980 1810 1079 1859 aut
1122 1800 1618 1878 persecutionibus
1675 1809 1796 1859 erat
1839 1800 2126 1877 obnoxia3
2177 1801 2280 1861 sed
2326 1800 2648 1859 Ecclesiam
2691 1801 2916 1880 ipsam,
2951 1826 3080 1883 quse
3178 1824 3179 1831 ³

654 1881 791 1959 quia
818 1901 996 1940 unum
1027 1901 1219 1940 secum
1252 1900 1457 1958 corpus
1486 1880 1800 1955 constituit,
1833 1879 1962 1939 ideo
1990 1889 2144 1940 recte
2172 1883 2402 1941 nomine
2432 1880 2646 1940 Christi
2693 1880 2898 1959 ipsius
2925 1906 3078 1962 apo-
3178 1891 3179 1899 ’

652 1961 786 2022 tiori
840 1962 993 2021 facta
1046 1960 1511 2020 denominatione
1554 1960 1882 2038 insignitur.
1931 1961 2086 2018 Hinc
2119 1963 2413 2036 passiones
2464 1960 2677 2021 Christi
2713 1962 2814 2020 vel
2867 1975 3080 2025 notant
3178 2020 3179 2031 ,

653 2043 952 2122 passiones
983 2042 1198 2102 Christi
1222 2042 1519 2117 naturalis,
1552 2060 1697 2119 quas
1725 2040 1847 2119 ipse
1893 2041 1952 2098 in
1981 2059 2215 2117 corpore
2265 2061 2369 2100 suo
2399 2041 2576 2100 semel
2603 2040 2663 2098 in
2692 2060 2873 2102 cruce
2905 2046 3081 2117 tulit3

656 2124 755 2182 vel
772 2124 1066 2201 passiones
1097 2122 1311 2183 Christi
1334 2123 1544 2199 mystici
1572 2142 1673 2181 seu
1703 2121 1999 2197 Ecclesiae,
2033 2140 2160 2197 quse
2189 2121 2300 2197 ipsi
2317 2121 2564 2181 ferendae
2592 2140 2627 2179 a
2657 2120 2785 2179 Deo
2817 2125 3080 2184 subinde

657 2205 1046 2282 imponuntur.
1118 2204 1213 2263 Ita
1254 2223 1399 2280 quas
1445 2203 1541 2260 hic
1570 2202 1780 2280 Apost.
1811 2210 1982 2260 vocat
2018 2209 2232 2281 Χριστοῦ
2270 2201 2493 2277 θλίψεις,
2539 2200 2677 2260 alibi
2713 2214 2950 2283 Ignes-0⁶¹3
2981 2233 3080 2265 ra·

658 2287 854 2359 θέματα
882 2284 1151 2362 appellat,
1200 2288 1235 2341 2
1268 2284 1397 2341 Cor.
1448 2282 1485 2340 i.
1518 2284 1572 2355 5,
1606 2282 1812 2341 “sicut
1859 2281 2155 2342 abundant
2193 2284 2488 2360 passiones
2527 2282 2740 2341 Christi
2765 2284 2854 2341 in
2883 2274 3078 2355 liobis,

655 2364 740 2422 ita
783 2373 841 2423 et
894 2384 999 2441 per
1054 2363 1345 2420 Christum
1394 2360 1652 2419 abundat
1698 2370 1895 2419 nostra
1943 2362 2317 2422 consolati0.’'
2379 2364 2511 2421 Hoc
2541 2381 2715 2421 sensu
2763 2366 3080 2427 calamitas

658 2442 1053 2501 Israelitarum
1080 2442 1142 2497 in
1169 2440 1453 2517 AEgyptO,
1485 2448 1543 2498 et
1570 2440 1962 2515 abjectissima
1989 2460 2184 2500 eorum
2231 2462 2370 2519 sors,
2403 2462 2574 2519 quam
2605 2442 2805 2502 Moses
2835 2444 3080 2525 AEgyp-

658 2522 823 2581 tiacae
868 2521 1013 2580 aulae
1044 2520 1336 2597 splendori
1366 2527 1539 2595 atque
1570 2520 1877 2597 opulentias
1905 2522 2176 2598 praetulit,
2208 2522 2416 2600 Apost.
2447 2530 2616 2581 vocat
2631 2531 2852 2603 Χριστοῦ
2879 2526 3076 2585 ἐκδιφ-

656 2606 765 2679 μὶν,
798 2600 952 2659 Heb.
982 2600 1063 2659 xi.
1094 2602 1190 2675 26,
1227 2602 1261 2631 “
1283 2600 1591 2677 majores,'’
1636 2600 1840 2677 inquit,
1875 2602 1910 2633 “
1933 2600 2170 2661 divitias
2212 2603 2490 2662 estimans
2518 2602 2802 2663 thesauris
2833 2604 3076 2687 AEgyp-

654 2685 867 2743 tiorum
895 2680 1265 2761 opprobrium
1296 2678 1569 2740 Christi.'’

737 2762 848 2822 IV.
897 2762 961 2823 Si
986 2782 1156 2840 porro
1186 2770 1477 2840 quaeratur
1502 2780 1680 2839 quare
1709 2760 2006 2838 passiones
2042 2763 2169 2823 istae
2196 2771 2479 2821 vocantur
2503 2761 2800 2839 passiones
2833 2764 3080 2843 Christi,

656 2844 1019 2923 quadruplex
1037 2842 1227 2901 afferri
1245 2850 1436 2920 potest
1456 2842 1633 2902 ratio:
1667 2844 1718 2900 1.
1752 2840 1998 2901 Ratione
2017 2864 2217 2917 causae,
2241 2843 2380 2919 quia
2401 2842 2664 2902 Christus
2679 2850 2745 2901 ut
2763 2862 3082 2921 supremus

657 2924 711 2983 A
720 2925 1035 3003 gonotheta
1088 2922 1256 2981 nobis
1305 2942 1403 2982 eas
1431 2921 1692 3000 imponit,
1739 2942 1854 2999 quo
1907 2924 2199 2999 pertinent
2250 2922 2352 2981 illa
2382 2923 2596 2982 Christi
2649 2922 2723 2981 ad
2751 2922 3082 3005 Ananiam,

660 3004 797 3063 Act.
848 3005 928 3062 ix.
985 3007 1076 3079 16,
1111 3005 1147 3037 “
1172 3004 1301 3080 Ego
1357 3002 1775 3062 ostendam‘illi
1816 3012 2032 3079 quanta
2084 3003 2196 3081 ipsi
2219 3002 2510 3080 .patienda
2559 3003 2675 3061 sint
2700 3023 2804 3080 pro
2835 3008 3084 3069 nomine

658 3084 849 3143 me0.'’
896 3083 1067 3143 Unde
1099 3082 1307 3141 Petrus
1354 3083 1495 3141 dicit
1535 3082 1739 3141 fideles
1771 3082 1900 3139 “ad
1927 3082 1989 3141 id
2016 3092 2254 3141 vocatos
2296 3084 2482 3158 esse‚'’
2517 3086 2601 3158 1⁸,
2632 3102 2756 3159 cap.
2785 3082 2846 3141 ii.
2878 3085 2982 3159 21,
3019 3098 3084 3149 et

664 3162 897 3237 Paulus,
933 3163 1081 3219 Phil.
1115 3164 1152 3221 i.
1183 3165 1279 3236 29,
1315 3163 1350 3195 ‘⁸
1376 3160 1559 3220 Vobis
1589 3162 1788 3221 datum
1827 3170 1916 3221 est
1941 3182 2057 3221 non
2085 3162 2258 3221 modo
2287 3163 2518 3222 credere
2545 3164 2608 3221 in
2634 3163 2841 3240 ipsum,
2875 3166 2989 3224 sed
3019 3179 3086 3229 et

660 3241 780 3318 pati
809 3260 911 3318 pro
940 3242 1122 3315 ipsol’
1179 3246 1235 3298 2.
1284 3242 1529 3299 Ratione
1548 3243 1870 3314 occasionis,
1898 3244 2035 3320 quia
2062 3243 2188 3321 ejus
2230 3244 2462 3302 nomine
2491 3252 2550 3301 et
2575 3262 2678 3320 pro
2707 3244 2836 3319 ejus
2867 3244 3082 3307 Evan-

662 3318 816 3397 gelio
845 3340 880 3376 a
906 3319 1175 3377 fidelibus
1203 3320 1581 3395 perferuntur,
1612 3322 1725 3379 nisi
1748 3322 1900 3379 enim
1943 3322 2214 3401 discipuli
2243 3324 2468 3383 Christi
2484 3330 2696 3397 essent,
2721 3320 2883 3382 hisce
2912 3328 3082 3389 cala-

660 3399 958 3457 mitatibus
987 3417 1349 3475 nequaquam
1378 3408 1835 3475 exponerentur:
1877 3402 2013 3461 hinc
2041 3403 2378 3463 afflictiones
2407 3424 2542 3463 suas
2582 3402 2814 3479 Paulus,
2847 3407 2884 3461 2
2913 3404 3083 3470 Tim.

662 3478 700 3538 i.
730 3482 786 3553 8,
817 3486 989 3537 vocat
1016 3478 1352 3538 afflictiones
1380 3480 1696 3555 Evanyelii,
1727 3481 1806 3539 id.
1838 3502 1966 3559 quae
1990 3484 2298 3561 Evangelii
2321 3504 2497 3543 causa
2523 3492 2582 3543 et
2607 3491 2841 3561 propter
2869 3483 3083 3547 Evan-

660 3560 878 3638 gelium
908 3560 1295 3637 imponuntur,
1325 3568 1392 3619 ut
1426 3578 1547 3617 ver.
1584 3562 1674 3635 12,
1707 3560 1849 3620 dicit
1897 3583 1957 3622 se
2002 3572 2236 3641 propter
2264 3564 2674 3642 Apostolatum
2721 3564 2846 3623 haec
2875 3569 3086 3629 omnia

662 3641 800 3719 pati.
846 3644 901 3700 3.
934 3640 1181 3699 Ratione
1210 3641 1444 3716 uniones,
1475 3640 1611 3718 quia
1659 3642 1760 3720 qui
1808 3662 1906 3702 eas
1953 3646 2351 3723 perpetiuntur
2397 3644 2616 3720 fideles,
2649 3644 2864 3705 Christi
2901 3648 3086 3725 cujus

664 3730 799 3781 sunt
824 3721 1084 3779 membra
1111 3729 1452 3797 censentur;
1497 3720 1643 3780 adeo
1671 3731 1737 3781 ut
1763 3742 1893 3801 quae
1921 3723 2032 3801 ipsi
2060 3724 2120 3782 in
2140 3726 2249 3783 hac
2271 3745 2446 3785 causa
2473 3726 2679 3800 ferunt,
2710 3724 2808 3783 ille
2835 3744 3082 3805 quoque

660 3800 807 3861 ferre
836 3809 895 3860 et
922 3802 1141 3879 perpeti
1170 3800 1395 3861 dicatur
1420 3811 1654 3880 propter
1673 3804 1978 3879 mysticam
2000 3805 2204 3882 capitis
2225 3814 2283 3864 et
2303 3805 2689 3865 membrorum
2711 3808 3080 3867 communio-

657 3900 829 3957 nem3
872 3890 939 3940 ut
964 3882 1240 3942 usitatum
1270 3890 1451 3941 estut
1485 3884 1882 3961 unusquisque
1912 3884 2024 3942 sibi
2069 3886 2286 3945 tribuat
2333 3906 2431 3945 eas
2474 3886 2773 3963 passiones
2819 3904 2952 3961 quse
2984 3888 3078 3947 in-

659 3962 922 4020 feruntur
969 3962 1206 4022 cuilibet
1246 3962 1394 4039 parti
1442 3964 1696 4038 corporis
1726 3964 1852 4038 sui3
1895 3972 1962 4023 ut
2009 3984 2214 4024 manus
2260 3966 2357 4025 vel
2404 3966 2570 4043 pedis
2623 3966 2867 4025 vulnera
2911 3977 3082 4029 recte

662 4041 935 4101 dicuntur
960 4042 1201 4102 vulnera
1227 4042 1409 4119 ipsius
1452 4042 1736 4119 hominis3
1783 4042 1877 4101 Ita
1924 4045 2061 4122 quia
2089 4045 2190 4123 qui
2225 4046 2522 4123 patiuntur
2563 4046 2824 4105 membra
2851 4043 3078 4107 Christi

660 4131 811 4197 sunt,
844 4130 997 4183 recte
1027 4122 1289 4181 Christus
1316 4122 1439 4198 ipse
1462 4120 1675 4180 dicitur
1705 4122 1823 4200 pati
1845 4122 1905 4181 in
1933 4125 2223 4184 membris.
2286 4129 2342 4185 4.
2375 4126 2622 4185 Ratione
2651 4125 3074 4203 compassionis,

662 4211 899 4280 propter
924 4202 1236 4266 maximam
1264 4202 1573 4278 νυμπιίθιιυ
1600 4221 1773 4279 quam
1819 4203 1993 4263 habet
2021 4206 2082 4263 in
2127 4205 2530 4266 afflictionibus
2573 4226 2807 4267 suorum
2835 4224 2966 4283 quae
2995 4227 3076 4267 ex

661 4281 938 4357 praedicta
964 4282 1175 4343 unione
1225 4284 1422 4343 oritur.
1508 4281 1731 4361 Quippe
1779 4290 1846 4343 ut
1893 4283 2102 4344 damna
2150 4293 2208 4345 et
2255 4285 2497 4346 vulnera
2524 4307 2722 4347 eorum
2771 4285 2867 4364 qui
2897 4285 3072 4347 nobis

663 4369 798 4418 sunt
826 4362 1282 4439 conjunctissimi
1298 4370 1496 4422 nostra
1518 4362 1890 4440 appellamuS,
1922 4365 2058 4441 quia
2079 4386 2240 4443 seque
2263 4366 2491 4427 illorum
2513 4368 2761 4428 miseriis
2789 4364 3074 4426 afficimur

660 4456 729 4496 ac
756 4441 968 4499 nostris
1000 4465 1014 4500 ι
1059 4442 1151 4501 Ita
1182 4442 1443 4502 Christus
1472 4445 1771 4520 passiones
1808 4442 2048 4502 fratrum
2076 4465 2308 4505 suorum
2337 4448 2438 4525 qui
2465 4458 2600 4508 sunt
2627 4468 2744 4508 una
2771 4466 2902 4507 caro
2929 4464 3065 4506 cum

658 4516 786 4594 ipso
816 4536 949 4578 suas
976 4529 1243 4598 reputat3
1272 4524 1410 4599 quia
1436 4541 1554 4581 non
1581 4522 1772 4583 minus
1793 4523 1912 4582 illis
1932 4525 2206 4603 tangitur,
2237 4546 2410 4604 quam
2431 4529 2696 4607 propriis.
2741 4528 2869 4587 Has
2893 4544 3069 4603 porro

650 4594 942 4675 passiones
973 4600 1189 4659 Christi
1212 4600 1293 4659 ita
1321 4602 1567 4678 intelligi
1604 4622 1775 4680 posse
1802 4603 1905 4663 diu
1948 4612 2037 4665 est
2065 4625 2140 4665 ex
2188 4626 2303 4684 quo
2332 4607 2587 4685 August.
2627 4606 2970 4669 observavit
2997 4607 3059 4667 in
