3234 5192
840 1026 1471 1105 DISPUTATIO
1554 1026 2024 1121 SEPTIMA,

274 1262 561 1355 SIVE
678 1266 1482 1359 ANTICHRISTI
1595 1267 2580 1366 DEMONSTRATIO.

1246 1552 1638 1563 -υ--ῲ

646 1737 1037 1813 Respondente
1086 1737 1311 1797 Murco
1354 1739 1806 1799 Wnnnunnno
1838 1700 2125 1815 Tijqurino.

303 1892 352 1951 I.
398 1891 562 1953 Licet
591 1893 915 1955 Ecclesiam
942 1897 1003 1957 in
1030 1896 1201 1955 terris
1227 1897 1572 1956 militantem
1599 1896 1748 1956 varii
1775 1915 2002 1974 semper
2029 1895 2392 1959 exercuerint
2419 1897 2634 1973 hostes,

216 1991 255 2029 a
307 1973 518 2049 quibus
564 1973 865 2035 innumera
918 1997 1091 2053 passa
1130 1985 1220 2037 est
1260 1976 1445 2053 mala3
1490 1976 1588 2035 alii
1631 1976 1815 2054 aperti
1856 1985 1914 2035 et
1955 1976 2183 2052 detecti,
2228 1996 2331 2053 pro
2373 1978 2638 2040 hostibus

216 2051 529 2111 Christiani
555 2055 805 2114 nominis
846 2057 1037 2133 palam
1080 2077 1143 2116 se
1184 2066 1468 2135 gerentes,
1513 2056 1613 2115 alii
1654 2056 1794 2115 tecti
1835 2064 1894 2114 et
1935 2056 2300 2131 dissimulati,
2344 2057 2636 2117 Christum

216 2132 327 2190 sub
353 2132 537 2210 ipsius
565 2135 796 2194 nomine
839 2146 1273 2215 oppugnantes;
1318 2136 1541 2195 nullum
1570 2145 1764 2195 tamen
1797 2136 1992 2212 Satan,
2039 2132 2278 2201 ,ιο-πονδος
2307 2137 2404 2194 ille
2434 2122 2637 2197 sal'utis

216 2222 429 2271 nostrae
457 2214 839 2290 adversarius,
863 2217 1315 2294 pestilentiorem
1344 2224 1405 2275 et
1430 2216 1700 2275 diriorem
1729 2236 1982 2293 unquam
2011 2216 2140 2293 ipso
2161 2218 2502 2275 Antichristo
2531 2237 2635 2277 ex·-

214 2291 435 2369 citavit,
468 2294 584 2371 qui,
618 2304 954 2355 caeterorum
997 2306 1149 2356 artes
1177 2306 1236 2357 et
1264 2296 1496 2355 fraudes
1525 2296 1948 2372 conjungend0‚
1984 2295 2197 2355 Christi
2228 2296 2544 2355 doctrinam
2577 2306 2636 2357 et

212 2390 461 2449 regnum
489 2394 841 2452 oppugnare,
887 2385 947 2436 et
985 2376 1184 2435 infami
1215 2376 1505 2454 apostasia
1532 2376 1604 2434 ab
1634 2377 1760 2453 ipso
1791 2375 2036 2434 deficere
2055 2376 2274 2435 debuit.
2361 2376 2518 2435 Hinc
2546 2376 2629 2454 fit,

210 2459 281 2509 ut
308 2472 381 2511 ex
411 2455 695 2530 omnibus,
740 2475 870 2533 quae
898 2457 1049 2515 inter
1074 2477 1182 2516 nos
1210 2466 1269 2515 et
1298 2455 1635 2515 Pontificios
1674 2455 1971 2531 agitantur
2011 2456 2441 2531 controversiis,
2473 2456 2635 2515 nulla

208 2532 449 2609 majoris
474 2536 753 2594 momenti
780 2536 855 2595 ad
883 2537 1224 2597 secessionis
1264 2544 1475 2595 nostrae
1510 2535 1797 2613 justitiam
1837 2544 1896 2595 et
1935 2536 2336 2595 necessitatem
2367 2556 2632 2613 compen-

208 2611 541 2672 diosissima
562 2614 659 2673 via
679 2615 1145 2693 confirmandam,
1178 2625 1457 2691 occurrat,
1488 2634 1573 2691 ea,
1604 2630 1736 2691 quae
1763 2614 1834 2673 de
1865 2614 2232 2674 Antichristo
2261 2616 2400 2692 agit.
2488 2618 2633 2675 Cum

206 2692 365 2751 enim
395 2701 551 2753 certo
580 2696 792 2754 certius
821 2696 913 2771 sit,
947 2696 1178 2755 Christo
1207 2717 1238 2755 e
1266 2696 1545 2755 diametro
1574 2695 1764 2771 ipsum
1795 2695 2023 2771 opponi,
2067 2714 2174 2753 nec
2201 2694 2379 2753 ullam
2403 2715 2532 2753 cum
2564 2716 2633 2754 eo

206 2774 673 2833 communionem
702 2775 829 2834 dari
868 2796 1071 2853 posse;
1118 2777 1167 2835 si
1196 2777 1375 2835 semel
1416 2774 1755 2847 constiterit,
1803 2773 2160 2849 Pontificem,
2206 2775 2304 2851 qui
2335 2775 2632 2833 catholicae

206 2850 540 2912 obtruditur
596 2855 893 2931 Ecclesiae,
943 2864 1009 2915 ut
1062 2856 1316 2916 omnium
1387 2855 1909 2914 controversiarum
1979 2852 2184 2929 judex,
2257 2854 2632 2912 conciliorum

202 2952 443 3011 praeses,
489 2954 797 3012 regnorum
839 2936 1219 3013 dispensator,
1266 2934 1545 2994 Ecclesiae
1574 2952 1838 3011 sponsus,
1871 2942 1930 2991 et
1958 2932 2173 2991 Christi
2201 2932 2470 3005 vicariae,
2503 2951 2632 2991 esse

204 3012 641 3073 Antichristum
668 3015 831 3074 illum
859 3034 1151 3093 magnum,
1183 3035 1355 3093 quem
1384 3014 1638 3075 delineat
1671 3012 1982 3089 Scriptura,
2014 3020 2338 3089 promptum
2371 3014 2480 3071 erit
2507 3012 2626 3071 cui-

200 3091 363 3150 libet
390 3092 679 3170 colligere,
708 3096 1033 3156 necessario
1063 3097 1137 3155 ab
1166 3116 1235 3155 eo
1264 3096 1503 3173 ejusque
1524 3093 1797 3153 societate
1821 3090 2206 3151 secedendum
2235 3092 2404 3151 nobis
2431 3093 2626 3170 fuisse,

200 3171 553 3249 nullumque
581 3173 851 3253 deinceps
880 3176 1005 3235 dari
1032 3196 1202 3253 posse
1232 3195 1362 3234 cum
1390 3194 1461 3233 eo
1490 3172 1952 3251 syncretismum.

293 3252 380 3311 II.
428 3252 560 3312 Hoc
586 3263 677 3314 est
702 3266 912 3332 autem,
944 3256 1100 3333 quod
1128 3256 1371 3333 probare
1410 3274 1565 3313 nunc
1608 3252 1970 3330 suscipimus,
2015 3260 2076 3311 et
2115 3252 2272 3330 quod
2313 3253 2529 3329 quintae
2570 3262 2630 3313 et

198 3332 431 3393 ultimae
459 3334 965 3395 demonstrationis
992 3337 1183 3395 locum
1213 3334 1513 3410 obtinebit,
1533 3333 1595 3391 in
1625 3352 1712 3409 e0,
1736 3332 1893 3410 quod
1921 3352 2236 3408 versamus,
2267 3342 2626 3409 argumento,

196 3414 289 3473 Et
317 3433 387 3472 eo
415 3413 757 3493 diligentius
781 3416 894 3475 hoc
921 3416 1089 3475 nobis
1132 3424 1221 3475 est
1262 3413 1684 3492 exequendum,
1717 3432 1832 3490 quo
1876 3414 2082 3490 majori
2112 3413 2304 3473 studio
2331 3422 2390 3473 et
2417 3423 2630 3474 conatu

194 3492 525 3553 adversarii
566 3495 836 3554 tenebras
879 3496 975 3555 hic
1014 3496 1183 3557 nobis
1213 3494 1525 3570 offundere,
1556 3502 1615 3553 et
1645 3492 2074 3553 Antichristum
2101 3494 2306 3553 alienis
2335 3493 2626 3553 coloribus

192 3572 519 3651 depingere
562 3583 853 3652 satagunt,
895 3584 962 3635 ut
1000 3575 1338 3653 longissime
1385 3575 1596 3633 abeant
1637 3593 1674 3631 a
1715 3574 1890 3650 Papae
1919 3574 2010 3633 sui
2037 3574 2222 3633 vultu.
2309 3574 2467 3632 Hinc
2495 3574 2628 3633 falsi

193 3654 569 3713 characteres
596 3663 733 3715 sunt
760 3654 935 3715 afficti
965 3654 1345 3731 AntichristO,
1388 3654 1600 3732 quibus
1631 3653 1944 3712 Christiani
1971 3653 2030 3711 in
2060 3672 2310 3711 errorem
2347 3653 2624 3711 inducan-

192 3742 319 3808 tur,
364 3743 432 3792 ut
472 3734 708 3793 Messiae
748 3734 925 3794 falsas
966 3743 1136 3794 notas
1176 3734 1375 3796 Judaei
1412 3741 1726 3811 apponunt,
1757 3742 1823 3791 ut
1851 3753 1886 3791 a
1915 3733 2151 3791 salutari
2183 3732 2398 3791 Christi
2425 3732 2623 3808 cogni-

194 3813 365 3872 tione
394 3832 501 3872 nos
528 3814 837 3873 abducant.
922 3815 1143 3874 Verum
1174 3815 1225 3873 si
1251 3814 1481 3891 penitus
1522 3832 1644 3871 rem
1687 3812 2056 3887 attendimus,
2088 3812 2233 3869 nihil
2263 3811 2488 3869 facilius
2517 3820 2622 3886 est,

188 3912 381 3972 quam
411 3894 737 3971 caliginem,
768 3914 897 3971 quae
938 3894 1035 3953 hic
1076 3894 1399 3967 obducitur,
1443 3900 1734 3968 excutere,
1765 3901 1824 3951 et
1851 3912 1928 3950 ex
1954 3891 2120 3950 verbi
2147 3891 2332 3949 divini
2359 3891 2488 3948 luce
2515 3890 2626 3949 hoc

186 3972 531 4049 iniquitatis
559 3975 893 4050 mysterium
924 3975 1243 4052 propalare.
1328 3973 1497 4047 Quod
1523 3980 1589 4032 ut
1617 3972 1975 4031 commodius
1997 3972 2113 4046 fiat,
2144 3970 2260 4028 duo
2287 3969 2456 4028 nobis
2485 3990 2628 4046 prae-

186 4051 415 4113 standa
443 4072 570 4111 esse
599 4066 899 4121 censemus
922 4076 937 4131 ς
967 4065 1034 4114 ut
1059 4056 1246 4132 primo
1273 4053 1335 4111 in
1362 4053 1530 4127 thesi,
1560 4052 1763 4119 Qualis
1791 4051 2056 4110 debuerit
2075 4070 2200 4109 esse
2230 4049 2628 4108 Antichristus

184 4152 381 4212 quem
423 4133 749 4209 quaerimus,
793 4134 1139 4212 probemus;
1185 4133 1455 4209 secundo,
1492 4134 1636 4201 Quis
1676 4132 1774 4191 ille
1817 4132 1893 4190 sit
1939 4130 2001 4187 in
2047 4128 2373 4207 hypothesi,
2405 4128 2626 4187 intento

184 4214 371 4273 velut
398 4211 585 4289 digito
615 4212 1090 4275 demonstremus.
1197 4214 1367 4273 Prius
1402 4214 1764 4273 characteres
1805 4220 1863 4269 et
1911 4216 2078 4268 notas
2122 4209 2404 4285 genuinas
2453 4206 2627 4267 Anti-

186 4292 411 4355 christi
438 4292 623 4353 oculis
652 4294 937 4372 subjiciet.
1022 4294 1320 4355 Posterius
1348 4312 1543 4353 earum
1585 4290 2028 4370 applicationem
2059 4288 2306 4363 docebit,
2337 4295 2396 4346 et
2423 4288 2485 4345 in
2512 4308 2627 4365 quo

190 4374 476 4451 subjecto
526 4374 1051 4451 deprehendantur.
1158 4374 1317 4433 Illud
1364 4394 1439 4433 ex
1492 4372 1791 4450 Scriptura
1816 4368 2132 4447 petendum
2160 4368 2305 4445 erit3
2350 4369 2462 4427 hoc
2490 4388 2628 4429 vero

184 4475 271 4513 ex
301 4462 525 4513 eventu
552 4463 611 4514 et
638 4455 1014 4531 experientia.

184 4558 584 4614 quotupliciter
606 4570 687 4605 m.
815 4535 938 4593 III.
982 4534 1317 4611 Antequam
1347 4551 1487 4592 vero
1515 4531 1589 4590 ad
1616 4550 1738 4589 rem
1767 4530 1950 4606 ipsam
1987 4528 2348 4605 accedamus,
2393 4529 2510 4589 duo
2553 4532 2630 4589 de

250 4622 433 4662 matur
464 4630 556 4689 yox
585 4620 687 4665 An·
728 4614 962 4675 nomine
990 4613 1394 4692 praemittenda
1421 4619 1574 4673 sunt.
1677 4609 1891 4684 Prim0,
1921 4609 2252 4667 Antichristi
2275 4630 2478 4669 vocem
2507 4629 2628 4668 mo-

248 4674 495 4722 tiens-istu.
731 4694 808 4753 do
856 4696 1223 4753 communiter
1264 4693 1431 4770 sumi,
1476 4712 1579 4771 pro
1623 4690 1832 4768 quovis
1883 4688 2096 4748 Christi
2137 4689 2487 4765 adversar-ic,
2529 4688 2630 4766 qui
