3234 5192
293 363 532 415 ntsru’r.
559 348 727 432 vnn]
1050 364 1282 411 nosras
1310 363 1389 409 Aa
1417 366 1704 411 secessu
1733 365 2002 413 nonam.
2595 352 2708 413 201

297 524 511 589 tamen,
544 511 595 571 si
619 530 737 571 non
755 510 989 571 omnino
1008 510 1149 570 satis
1174 518 1329 571 recte
1350 519 1601 571 mentem
1623 518 1824 571 mutuo
1842 512 2218 589 percepimus,
2243 512 2436 571 hocin
2463 534 2718 591 praesens

300 595 585 673 optimum
613 592 708 666 sit,
730 601 798 652 nt
824 591 1075 651 invicem
1104 590 1276 649 amici
1325 590 1522 665 sitnm,
1577 599 1636 649 et
1685 591 1904 668 optima
1951 612 2196 669 quaeque
2217 602 2418 651 mutuo
2447 593 2520 651 de
2547 592 2719 655 nobis

300 668 553 733 invicem
581 670 973 749 polliceamur,
1026 670 1209 729 donec
1250 668 1450 747 gluma
1498 677 1555 729 et
1602 690 1755 746 aqua
1795 670 2085 730 faculenta
2131 672 2364 730 tandem
2393 673 2714 735 subsidat.”

304 753 403 813 Sic
431 754 493 810 in
522 751 767 810 Polonia
795 750 1120 827 evangelici
1162 769 1507 808 consensum
1541 749 1920 809 Sendomiriae
1949 750 2219 826 inierunt,
2250 772 2343 809 an.
2378 754 2551 811 1570.
2637 756 2717 814 Et

302 832 601 891 Bohemiae
630 830 895 906 Ordines,
924 849 1075 889 anno
1101 832 1209 887 157
1219 832 1273 905 5,
1304 828 1572 906 exemplo
1602 829 1972 905 Polonorum,
1999 830 2099 908 qui
2121 831 2495 908 Hassiticam,
2529 834 2722 894 Bohe-

300 911 511 970 micam
539 920 599 970 et
627 908 1035 987 Augustanam
1065 908 1496 968 Confessionem
1517 910 1920 985 sequebantur,
1944 912 2244 969 unanimes
2272 911 2332 968 in
2361 930 2722 973 communem

302 991 441 1050 fidei
466 990 771 1051 formulam
815 997 1241 1064 convenerunt;
1285 1007 1457 1065 quam
1504 988 1826 1065 Imperator
1875 990 2312 1049 Maximilianus
2357 1000 2496 1050 tunc
2539 1002 2723 1051 ratam

304 1070 511 1130 habuit
538 1078 597 1129 et
625 1070 932 1129 securitate
961 1068 1219 1127 donavit.
1272 1068 1361 1127 Ne
1383 1068 1510 1144 jam
1537 1067 1842 1145 loquamur
1867 1068 1940 1127 de
1969 1069 2128 1127 civili
2157 1071 2368 1127 unione
2397 1071 2721 1150 principum

304 1158 365 1209 et
412 1150 679 1209 ordinum
724 1149 1187 1227 evangelicorum
1236 1147 1297 1205 in
1342 1147 1599 1223 imperi0,
1644 1168 1746 1225 per
1793 1167 1968 1225 quam
2017 1148 2128 1225 ipsi
2178 1148 2495 1209 Reformati
2537 1153 2722 1228 agniti

308 1239 444 1289 sunt
468 1230 624 1289 Socii
651 1228 1021 1304 Cmqfessiomls
1046 1228 1407 1305 Auyastanae,
1436 1235 1504 1285 ut
1550 1226 1611 1283 in
1659 1227 2042 1286 conventibus
2083 1228 2639 1292 Monasteriensibus
2667 1240 2727 1291 et

313 1308 860 1386 Osnabmgensibus
886 1308 996 1367 suit
1023 1307 1395 1367 declaratum.
1440 1306 1581 1381 Quae
1610 1308 1820 1381 omnia,
1851 1326 1970 1365 non
1997 1307 2429 1384 impossibilem,
2453 1310 2558 1367 sed
2583 1310 2721 1370 faci·

310 1384 427 1446 lem
455 1387 577 1447 fore
605 1388 1065 1465 syncretismum,
1095 1387 1147 1446 si
1193 1387 1461 1463 utrinque
1510 1386 1716 1463 spiritu
1759 1386 2056 1445 charitatis
2103 1395 2164 1445 et
2209 1388 2369 1464 pacis
2415 1399 2726 1465 agerentur

312 1466 529 1543 fideles,
560 1466 891 1529 ostendunt.
956 1467 1041 1527 Ut
1068 1466 1327 1543 theologi
1376 1466 1828 1543 Marpurgenses
1855 1474 1914 1525 et
1943 1466 2310 1525 Rintelenses
2337 1486 2454 1525 non
2481 1468 2563 1527 ita
2602 1469 2718 1545 pri·

316 1546 465 1623 dem,
495 1548 557 1605 in
604 1547 895 1624 Colloqm‘o
946 1546 1273 1607 Cassellano
1320 1545 1662 1605 auctoritate
1714 1545 2076 1605 Serenissimi
2106 1544 2393 1624 Principis
2421 1546 2726 1608 wilhelmi

317 1620 548 1687 Hassiae
577 1626 936 1703 Landgravii
979 1626 1141 1701 inito,
1192 1635 1573 1703 agnoverunt.
1659 1624 1840 1703 Cujus
1867 1624 2294 1684 conclusionem
2323 1625 2419 1685 hic
2441 1628 2726 1705 subjicere

312 1726 431 1764 non
456 1707 637 1785 piget.
724 1709 760 1740 ‘⁴
780 1708 874 1763 Ex
903 1706 994 1765 his
1020 1708 1103 1765 ita
1139 1706 1293 1765 ultro
1340 1705 1600 1783 citroque
1643 1704 1806 1777 actis,
1849 1705 2097 1781 cognitis
2125 1712 2184 1763 et
2209 1706 2523 1783 perpensis,-
2555 1717 2729 1785 atque

316 1784 679 1862 declaratis,”
708 1786 993 1862 inquiunt,
1021 1787 1055 1818 “
1074 1805 1205 1845 cum
1235 1793 1476 1861 constet,
1508 1785 1662 1843 circa
1688 1803 1758 1843 ea
1777 1804 1906 1861 quse
1927 1784 2361 1843 fundamentum
2391 1785 2526 1845 fidei
2555 1796 2612 1845 et
2639 1806 2728 1847 sa·

314 1862 453 1925 lutis
482 1866 857 1939 constituunt,
886 1865 1119 1942 plenum
1158 1884 1285 1923 esse
1322 1883 1684 1937 consensum,
1735 1864 2083 1940 quaestiones
2111 1872 2302 1923 autem
2333 1874 2733 1927 controversas

314 1944 753 2004 fundamentum
780 1945 937 2003 istud
964 1944 1197 2003 minime
1247 1943 1549 2021 attingere,
1598 1943 1902 2019 minusque
1929 1943 2110 2002 multo
2137 1943 2340 2002 tollere
2369 1952 2428 2003 et
2455 1954 2731 2022 evertere,

318 2026 591 2085 convenit
616 2025 903 2101 utrinque,
934 2043 1007 2082 ne
1036 2024 1218 2083 altera
1242 2043 1377 2101 pars
1424 2024 1682 2097 alteram,
1731 2031 1966 2099 propter
2000 2023 2324 2082 dissensum
2351 2024 2414 2081 in
2440 2025 2734 2102 praedictis

318 2104 735 2181 quaestionibus
777 2103 1025 2163 residuis
1068 2102 1349 2177 traducat,
1397 2102 1668 2161 convitiis
1714 2102 2061 2179 proscindat,
2109 2110 2210 2161 aut
2257 2102 2506 2179 damnet,
2538 2104 2644 2163 sed
2669 2124 2732 2165 se

318 2193 519 2243 mutuo
548 2184 773 2243 sincera
791 2192 851 2243 et
898 2183 1149 2243 fraterna
1194 2182 1534 2241 charitatate
1582 2182 2052 2258 complectantur,
2081 2182 2310 2258 utrique
2337 2183 2486 2259 parti
2515 2183 2732 2243 addicti

320 2263 493 2323 etiam
522 2264 597 2321 ad
622 2264 735 2323 hoc
762 2263 1154 2341 disponantur,
1186 2282 1301 2339 quo
1322 2281 1385 2321 se
1414 2261 1663 2319 invicem
1689 2280 1794 2338 pro
1823 2260 2082 2320 e’usdem
2104 2279 2256 2319 verse
2285 2261 2498 2323 Christi
2527 2262 2730 2323 Eccle-

322 2344 423 2401 siae
452 2343 751 2403 catholicae
791 2342 1081 2418 membris,
1126 2360 1395 2418 veraeque
1434 2340 1709 2401 salvificae
1750 2340 1812 2399 in
1879 2340 2126 2399 hristum
2167 2339 2304 2399 fidei
2347 2342 2729 2421 consortibus,

322 2431 495 2499 atque
536 2424 674 2481 vitae
695 2431 925 2481 aeternae
950 2420 1367 2495 cohaeredibus,
1398 2420 1775 2498 agnoscant.”

402 2502 536 2561 XX
546 2502 691 2561 XV.
736 2502 1014 2577 Quamvis
1061 2520 1202 2560 vero
1244 2500 1688 2577 syncretismum
1716 2519 1846 2559 cum
1889 2498 2162 2559 fratribus
2205 2499 2554 2561 Lutheranis
2597 2502 2733 2562 iniri

362 2600 491 2641 osse
534 2601 890 2657 censeamus,
936 2600 1053 2639 non
1102 2581 1363 2657 sequitur
1390 2580 1638 2639 eundem
1678 2600 1848 2658 posse
1905 2580 2038 2638 iniri
2063 2600 2194 2639 cum
2226 2580 2564 2657 Pontificiis‚
2596 2584 2734 2659 quia

349 2681 563 2738 ongum
591 2662 886 2739 latumque
928 2660 1239 2719 discrimen
1265 2660 1569 2719 intercedit
1596 2660 1746 2719 inter
1783 2668 2078 2737 utrosque.
2166 2659 2276 2717 Isti
2317 2660 2647 2738 impingunt
2671 2663 2735 2721 in

328 2740 767 2801 fundamentum
812 2739 1227 2817 multipliciter,
1291 2740 1394 2798 sed
1443 2739 1529 2798 illi
1570 2740 1872 2799 nobiscum
1913 2737 1977 2797 in
2017 2758 2086 2797 eo
2127 2740 2496 2797 conveniunt.
2581 2742 2732 2800 Con-

328 2821 585 2880 sentiunt
628 2821 691 2880 in
754 2820 1233 2881 Protestantismo
1268 2813 1503 2877 ¹formali
1546 2828 1748 2878 contra
1788 2817 2170 2895 tyrannidem,
2229 2818 2631 2894 idololatriam,
2677 2830 2736 2879 et

328 2900 581 2959 haereses
626 2900 975 2977 multiplices
1032 2898 1313 2957 Ecclesiae
1370 2898 1666 2957 Romanas.
1751 2898 2070 2957 Nobiscum
2117 2904 2458 2955 aversantur
2513 2899 2732 2957 cultum

332 2977 669 3054 imaginum,
709 2988 768 3037 et
809 2979 1235 3039 invocationem
1258 2986 1605 3052 sanctorum,
1627 2976 2040 3054 purgatorium,
2086 2975 2506 3035 satisfactiones
2527 2978 2731 3037 huma·

332 3076 458 3130 nas,
488 3056 693 3115 merita
722 3077 977 3134 operum,
1016 3057 1708 3131 transubstantiationem,
1749 3056 2090 3115 sacrificium
2127 3054 2499 3130 missaticum,
2531 3056 2732 3117 adora·

333 3136 552 3195 tionem
579 3136 801 3211 hostias,
824 3138 1129 3213 primatum
1150 3138 1343 3215 Papae,
1375 3145 1435 3196 et
1460 3136 1928 3195 infallibilitatem
1959 3134 2256 3193 Ecclesiae.
2316 3134 2537 3195 Eadem
2564 3137 2735 3198 nobis

332 3224 425 3275 est
450 3215 657 3293 regula
681 3215 817 3275 fidei
845 3226 905 3275 et
929 3236 1167 3293 morum,
1214 3218 1339 3275 sola
1380 3216 1664 3294 scriptura
1703 3216 1995 3274 canonica.
2081 3214 2247 3273 Idem
2273 3215 2478 3275 unicus
2509 3217 2732 3277 Media·-

332 3305 427 3356 tor
472 3296 629 3373 apud
674 3296 882 3372 Deum,
916 3296 1177 3355 Christus
1214 3300 1543 3377 θιωοςυπος.
1627 3294 1848 3355 Eadem
1885 3293 2226 3372 justificatio
2274 3315 2378 3373 per
2429 3296 2604 3355 fidem
2651 3318 2730 3358 ex

332 3376 527 3436 meriti
552 3385 612 3435 et
638 3375 1047 3435 satisfactionis
1070 3376 1285 3436 Christi
1313 3375 1566 3453 gratuita
1591 3375 1987 3454 imputatione,
2018 3382 2076 3434 et
2102 3375 2218 3435 alia
2258 3375 2574 3454 innumera,
2605 3378 2732 3455 qui—

332 3456 445 3515 bus
472 3475 509 3514 a
538 3456 859 3516 Pontificiis
886 3456 1250 3532 dissidemus,
1295 3467 1355 3515 et
1401 3476 1533 3533 quse
1578 3455 1772 3515 locum
1822 3455 2132 3515 secessioni
2174 3464 2387 3515 nostrae
2433 3457 2732 3518 dederunt.

332 3536 505 3609 Quod
533 3536 583 3595 si
611 3537 726 3595 alia
750 3536 1015 3615 quaedam
1044 3535 1319 3595 doctrinae
1360 3535 1551 3613 capita
1575 3536 1842 3609 retinent,
1887 3555 2018 3612 quoe
2045 3554 2151 3593 nos
2191 3535 2424 3595 veritati
2450 3556 2566 3594 non
2596 3538 2738 3597 satis

332 3624 719 3675 consentanea
765 3615 1069 3691 credimus,
1130 3625 1189 3674 et
1234 3634 1421 3692 pauca
1466 3624 1602 3674 sunt
1644 3636 1764 3692 pras
1809 3616 1926 3673 illis
1979 3615 2040 3673 in
2088 3614 2299 3692 quibus
2345 3616 2736 3675 consentimus

334 3703 554 3771 mutuo,
580 3695 629 3755 si
671 3694 992 3773 symbolica
1019 3694 1249 3772 scripta,
1292 3704 1353 3753 et
1394 3694 1784 3754 confessiones
1824 3694 2103 3772 publicas,
2133 3714 2210 3752 ex
2251 3693 2462 3770 quibus
2503 3694 2576 3753 de
2617 3695 2733 3753 Ec-

333 3776 527 3833 clesiae
572 3775 687 3835 fide
730 3775 899 3835 nobis
946 3784 1038 3835 est
1074 3773 1471 3851 judicandum,
1502 3775 1881 3851 respicimus:
1941 3772 2099 3853 (nam
2126 3798 2300 3853 κοξκς
2325 3768 2470 3844 δοξακ
2511 3779 2571 3831 et
2617 3774 2733 3831 sin-

336 3854 567 3931 gulares
595 3854 894 3915 doctorum
921 3854 1277 3932 privatorum
1305 3854 1604 3931 opiniones
1645 3851 2024 3913 attendendas
2050 3871 2167 3910 non
2195 3850 2508 3931 credimus)
2531 3861 2590 3910 et
2616 3872 2735 3910 non

338 3936 467 4010 ejus
520 3935 814 4011 momenti,
885 3954 1016 4011 quae
1084 3933 1497 3992 conscientiam
1549 3933 1776 4011 possint
1827 3932 2076 4006 inficere,
2133 3939 2194 3990 et
2249 3931 2492 3990 salutem
2546 3930 2732 4007 ipsam

337 4020 614 4072 evertere.
698 4012 867 4089 Quod
896 4013 945 4071 si
964 4032 1057 4071 res
1087 4012 1365 4073 Ecclesiae
1393 4013 1673 4071 Romanae
1709 4012 1771 4070 in
1813 4031 1882 4070 eo
1923 4020 2117 4071 essent
2159 4018 2329 4082 statu,
2361 4010 2410 4068 si
2437 4011 2590 4069 bona
2615 4010 2730 4070 fide

338 4091 429 4149 ini
456 4090 769 4167 crederent,
798 4092 958 4169 quod
986 4092 1301 4151 Lutherani
1329 4092 1586 4168 credunt,
1618 4100 1678 4151 et
1719 4092 2023 4169 rejicerent
2048 4090 2208 4167 quod
2251 4088 2537 4163 rejiciunt,
2569 4089 2736 4149 facile

337 4170 645 4231 tolerantia
672 4172 999 4231 Christiana
1024 4171 1141 4229 illis
1184 4190 1221 4229 a
1266 4171 1435 4232 nobis
1462 4191 1579 4231 non
1608 4190 1777 4231 secus
1816 4191 1884 4229 ac
1910 4170 2040 4229 istis
2078 4168 2392 4227 offerretur.
2459 4167 2574 4225 Sed
2603 4188 2736 4227 cum

338 4270 510 4309 nemo
537 4269 653 4310 non
680 4251 877 4310 videat
906 4250 1357 4310 diversissimam
1384 4271 1511 4311 esse
1550 4260 1925 4327 utrorumque
1951 4247 2062 4308 hac
2082 4248 2142 4306 in
2169 4255 2330 4325 parte
2359 4248 2736 4325 sententiam3

339 4349 509 4389 nemo
538 4330 713 4388 etiam
753 4330 1073 4405 mirabitur,
1104 4331 1174 4406 si,
1225 4330 1364 4390 dum
1406 4331 1538 4391 istis
1581 4330 1786 4390 offerre
1813 4328 2066 4388 solemus
2108 4326 2569 4404 syncretismum,
2614 4328 2734 4387 illis

330 4420 524 4471 tamen
548 4410 917 4487 denegamus.

421 4489 743 4550 XXXVI.
827 4490 1049 4549 Verum
1077 4488 1355 4568 quicquid
1383 4490 1475 4564 sit,
1506 4487 1749 4564 inquies,
1781 4494 1972 4545 errant
1991 4484 2304 4545 Lutherani
2327 4488 2583 4563 graviter
2609 4508 2744 4549 cum

342 4568 679 4645 Pontificiis,
710 4568 809 4628 vel
834 4569 897 4627 in
937 4568 1049 4629 hoc
1077 4588 1193 4628 uno
1221 4569 1464 4628 articulo
1492 4567 1565 4626 de
1584 4567 1896 4643 prementia
1935 4567 2086 4625 reali
2121 4568 2376 4643 corporis
2420 4568 2634 4627 Christi
2677 4570 2738 4627 in

337 4666 520 4707 coena.
594 4647 657 4707 Si
694 4667 833 4725 ergo
875 4648 950 4706 ab
994 4648 1122 4707 istis
1163 4656 1464 4727 propterea
1511 4646 1894 4706 secedendum
1937 4666 2062 4706 esse
2103 4646 2273 4706 nobis
2311 4654 2596 4726 putamus,
2641 4666 2745 4707 cur
