3234 5192
278 384 512 428 msrur.
543 372 695 446 xxm]
877 385 957 425 nn
988 382 1477 425 sA‘l’lsrac'noms
1505 382 1752 425 cinusrr
1780 382 2098 427 vaura-rs.
2569 368 2686 427 649

282 532 420 587 κατὰ
446 533 689 600 γωκικῧι
714 527 1174 605 καλλωπιζομένους
1188 525 1291 586 ubi
1318 546 1417 585 eas
1446 526 1520 584 ab
1546 526 1750 585 insano
1781 525 1984 587 faciem
2015 526 2247 586 fucandi
2269 524 2461 586 studio
2483 524 2690 585 dehor-

283 617 455 686 tatur,
486 609 692 670 faciem
718 610 974 669 nativam
1003 627 1040 666 a
1064 608 1229 665 larva
1254 606 1505 665 ascititia
1531 614 1589 665 et
1618 607 2028 684 superinducta
2055 606 2502 685 distinguendo:

778 765 915 832 Md)-
938 770 1059 826 θεοῦ
1080 769 1281 847 pugo&
1308 767 1595 834 ἔπαλιίφιπ
1620 766 2132 861 χςῦμιπν,αέσ·χςοῒς

926 846 1053 905 oiim
1079 852 1364 927 aegoenm‘a'ae
1389 849 1539 921 κούχ)
1567 849 1816 927 argio-oxa
1843 860 2006 926 φεςω.

292 1006 451 1066 Hinc
478 1008 734 1087 vebo-uxor
764 1015 1070 1083 usurpatur
1093 1025 1200 1083 pro
1229 1014 1385 1066 statu
1422 1005 1674 1065 hominis
1714 1015 1973 1081 externo,
2019 1006 2258 1084 seu'pro
2285 1006 2561 1082 qualitate
2589 1006 2694 1064 ali-

290 1106 407 1165 qua
432 1106 692 1164 personae
720 1096 819 1146 aut
846 1086 946 1162 rei,
970 1106 1101 1164 quas
1128 1095 1218 1145 est
1244 1095 1411 1145 extra
1438 1106 1670 1147 causam
1692 1086 1764 1145 de
1787 1106 1902 1164 qua
1921 1088 2116 1163 agitur
2135 1094 2193 1146 et
2213 1106 2342 1164 quae
2363 1086 2696 1145 nullatenus

291 1167 367 1225 ad
394 1168 523 1245 ejus
546 1174 901 1226 momentum
936 1166 1203 1244 pertinet,
1231 1185 1290 1225 v.
1312 1186 1391 1243 g.,
1436 1186 1568 1225 cum
1609 1174 1844 1244 propter
1881 1167 2244 1226 nobilitatem
2283 1173 2342 1225 et
2380 1166 2698 1243 potentiam

292 1265 444 1306 unus
472 1246 795 1304 absolvitur
819 1246 957 1305 licet
982 1266 1133 1318 reus,
1164 1246 1311 1305 alter
1336 1264 1477 1304 vero
1503 1254 1738 1323 propter
1765 1246 2016 1323 inopiam
2045 1254 2104 1306 et
2129 1246 2418 1305 miseriam
2460 1245 2696 1304 damna·

294 1334 404 1402 tur,
435 1326 573 1384 lieet
598 1326 948 1403 caeteroquin
976 1326 1165 1403 potior
1192 1333 1343 1385 esset
1370 1334 1430 1384 et
1448 1326 1664 1403 justior
1689 1327 1815 1404 ejus
1841 1346 2053 1401 causa3
2096 1327 2221 1384 haec
2263 1334 2352 1385 est
2387 1345 2528 1384 vera
2566 1344 2695 1403 pro—

294 1406 621 1483 sopolepsia
646 1426 777 1483 quas
802 1408 862 1463 in
890 1406 1035 1465 vitio
1064 1424 1290 1483 semper
1313 1406 1549 1483 ponitur
1580 1412 1640 1464 et
1680 1425 1717 1463 a
1755 1406 1882 1465 Deo
1921 1406 2138 1483 passim
2180 1425 2377 1464 severe
2406 1404 2700 1463 interdici-

294 1494 405 1561 tur,
439 1485 581 1544 Lev.
610 1486 735 1545 xix.
771 1488 863 1559 15,
911 1490 948 1519 ‘⁴
970 1487 1102 1544 Non
1132 1484 1410 1563 suscipies
1436 1486 1642 1545 faciem
1669 1486 1956 1564 pauperis,
2001 1505 2106 1544 nec
2140 1485 2453 1544 honorabis
2493 1484 2700 1543 faciem

294 1566 492 1642 magni
533 1567 596 1623 in
628 1566 869 1643 judicie,
913 1566 975 1623 in
1009 1566 1239 1643 justitia
1270 1566 1563 1643 judicabis
1600 1567 1929 1643 proximum
1956 1574 2120 1625 tuum
2139 1566 2196 1642 ;’'
2245 1565 2342 1625 Sic
2371 1565 2544 1623 Deut.
2575 1565 2698 1623 xvi.

305 1647 399 1721 19,
424 1654 483 1705 et
500 1646 642 1705 alibi
660 1665 831 1725 saepe.
873 1645 957 1704 At
978 1663 1118 1704 vero
1143 1664 1405 1722 personae
1425 1645 1681 1722 dignitas
1705 1645 1782 1705 de
1810 1666 1926 1723 qua
1951 1645 2258 1722 loquimur,
2287 1665 2404 1703 non
2434 1652 2522 1704 est
2551 1644 2703 1727 πςῦσ-

300 1750 427 1783 umv
469 1744 571 1783 seu
612 1726 863 1802 qualitas
904 1725 1099 1803 aliqua
1139 1734 1379 1785 externa
1420 1746 1549 1803 quae
1584 1746 1702 1785 non
1741 1726 1916 1785 faciat
1959 1724 2034 1783 ad
2075 1746 2215 1785 rem.
2295 1725 2424 1783 Imo
2451 1726 2547 1783 hic
2575 1744 2703 1802 per-

300 1824 443 1865 sona
469 1806 635 1878 Λέγω
664 1806 765 1864 dat
790 1814 1145 1864 momentum
1171 1806 1346 1884 longe
1374 1806 1690 1865 maximum
1719 1806 1901 1884 ipsius
1927 1805 2308 1883 passionibus,
2345 1804 2705 1884 quandoqui-

300 1886 435 1945 dem
473 1886 701 1963 pondus
738 1884 903 1944 addit
928 1893 988 1944 et
1013 1885 1270 1943 valorem
1299 1884 1512 1966 &virg-123
1556 1905 1689 1945 cum
1717 1888 1869 1944 enim
1898 1887 2153 1945 actiones
2181 1894 2240 1945 et
2267 1886 2564 1962 passiones
2593 1884 2708 1941 sint

300 1967 745 2043 suppositorum,
777 1965 851 2023 ab
879 1965 952 2023 iis
979 1965 1153 2023 etiam
1182 1986 1344 2023 suam
1372 1966 1609 2025 trahunt
1637 1966 2091 2025 aestimationem.
2133 1964 2316 2023 Aliud
2345 1965 2414 2023 E.
2439 1973 2527 2022 est
2554 1964 2706 2044 ''3⁶¹⁰'‘

302 2070 445 2118 een-ov,
477 2045 556 2103 id.
586 2046 817 2120 faciem,
848 2063 965 2102 non
990 2044 1268 2121 accipere,
1313 2045 1470 2120 quod
1496 2045 1772 2104 vitiosum
1801 2053 1890 2103 est
1918 2054 1976 2103 et
1991 2044 2064 2103 de
2095 2045 2222 2103 Deo
2255 2044 2403 2102 bene
2443 2058 2705 2120 negatur,

304 2123 466 2183 aliud
494 2124 764 2203 bringam
804 2143 905 2182 seu
936 2142 1246 2199 personam
1282 2124 1583 2200 respicere,
1615 2123 1774 2201 quod
1794 2125 2017 2201 justum
2045 2132 2150 2197 est,
2183 2131 2241 2181 et
2265 2131 2422 2182 recte
2451 2122 2578 2180 Deo
2607 2123 2706 2181 tri-

306 2203 519 2262 buitur.
1504 2202 1513 2211 ‘

386 2281 533 2341 XV.
563 2286 620 2342 2.
646 2283 821 2359 Resp.
850 2282 1112 2359 Supponi
1138 2282 1234 2341 hic
1261 2280 1465 2341 falsam
1502 2283 1870 2360 hypothesim
1893 2283 1966 2341 ab
1990 2282 2364 2357 AdversariO,
2388 2282 2555 2359 quasi
2581 2302 2708 2359 per-

308 2382 465 2423 sonas
494 2361 749 2440 dignitas
775 2362 921 2420 nihil
948 2360 1122 2422 faciat
1146 2363 1245 2421 vel
1272 2362 1347 2420 ad
1372 2361 1748 2423 minuendum
1777 2372 2092 2441 peccatum,
2133 2363 2230 2421 vel
2271 2362 2345 2421 ad
2388 2363 2710 2440 augendam

305 2462 553 2521 poenam.
638 2442 782 2517 Quis
810 2443 963 2502 enim
990 2442 1257 2520 ignorare
1284 2451 1476 2520 potest
1502 2462 1758 2503 crescere
1785 2444 2008 2521 peccati
2044 2452 2266 2503 reatum
2301 2462 2406 2520 pro
2435 2443 2714 2501 tenuitate

231 2561 241 2575 ·
309 2522 669 2598 offendentis,
700 2531 760 2583 et
785 2524 1087 2601 majestate
1116 2521 1337 2599 offensi,
1368 2543 1469 2582 seu
1491 2524 1617 2602 ejus
1636 2525 1698 2583 in
1719 2544 1890 2602 quem
1911 2533 2198 2603 peccatur,
2231 2531 2290 2583 et
2309 2542 2507 2583 rursus
2527 2542 2714 2600 poenae

308 2603 567 2664 valorem
590 2624 665 2663 ex
686 2603 969 2682 dignitate
990 2604 1292 2681 patientis;
1324 2624 1379 2662 v.
1404 2624 1481 2682 g.‚
1513 2604 1562 2662 si
1586 2605 1858 2664 Plebeius
1886 2605 2096 2682 aliquis
2117 2612 2218 2663 aut
2243 2604 2378 2662 vilis
2406 2603 2714 2661 homuncio

311 2682 535 2762 Regem
562 2684 740 2759 laedit,
772 2684 944 2761 longe
974 2684 1210 2761 gravius
1238 2694 1504 2744 censetur
1529 2694 1847 2761 peccatum,
1872 2704 2045 2761 quam
2075 2684 2123 2742 si
2153 2684 2283 2741 Rex
2310 2683 2410 2741 vel
2441 2682 2716 2759 Princeps

274 2770 279 2775 “
312 2766 545 2824 subdito
572 2764 842 2841 injuriam
870 2764 1110 2838 faceret3
1144 2764 1237 2823 Ita
1258 2764 1310 2821 si
1328 2764 1460 2821 Rex
1480 2763 1690 2840 aliquis
1710 2764 1942 2839 patitur,
1967 2764 2094 2839 ejus
2113 2762 2307 2839 passio
2334 2762 2508 2837 longe
2535 2761 2718 2839 pluris

312 2845 645 2917 aestimatur,
678 2862 851 2920 quam
879 2843 927 2900 si
956 2843 1227 2901 minimus
1256 2842 1465 2918 aliquis
1486 2861 1561 2899 ex
1581 2842 1768 2919 plebe.
1817 2843 1944 2917 Quo
1966 2842 2152 2917 major
2173 2848 2261 2899 est
2282 2841 2406 2917 ejus
2428 2841 2528 2916 qui
2547 2840 2715 2916 puni-

310 2930 408 2980 tur
450 2922 705 2998 dignitas
740 2940 810 2981 eo
851 2921 1034 2999 pluris
1078 2922 1395 2981 aestimatur
1436 2940 1608 2999 poena
1651 2941 1825 2998 quam
1867 2921 2200 2999 perpetitur,
2247 2938 2316 2977 eo
2345 2919 2498 2977 enim
2525 2918 2716 2977 minus

312 3001 505 3078 puniri
532 3000 795 3074 debebat,
832 3000 1081 3077 plusque
1124 3000 1269 3059 adeo
1312 3008 1403 3059 est
1443 3000 1505 3057 in
1550 3019 1722 3076 poena
1764 2999 2145 3077 indignitatis,
2201 2998 2244 3057 J
2247 3018 2340 3056 am
2368 3008 2560 3057 autem
2587 3018 2716 3075 per-

316 3100 473 3139 sonae
500 3079 699 3138 divina
726 3079 976 3138 essentia
1016 3078 1270 3156 praeditae
1311 3079 1565 3155 dignitas
1593 3089 1683 3139 est
1711 3079 1950 3154 infinita,
1980 3098 2110 3156 quae
2138 3078 2290 3137 enim
2317 3086 2509 3155 potest
2535 3078 2719 3137 forma

315 3160 547 3237 dignior
581 3178 709 3218 esse
746 3159 929 3217 forma
959 3159 1120 3219 Dei?
1173 3158 1261 3217 At
1288 3159 1552 3218 Christus
1594 3168 1716 3218 erat
1757 3160 1818 3217 in
1854 3160 2038 3218 forma
2067 3159 2196 3235 Dei,
2230 3158 2380 3217 Phil.
2411 3158 2490 3233 ii„
2531 3156 2620 3215 ἴσα
2646 3164 2722 3237 τᾷ

314 3242 418 3317 Su?
444 3240 805 3317 oeqmliwtes,
845 3238 907 3296 id
948 3246 1053 3311 est,
1092 3256 1325 3316 prorsus
1364 3238 1605 3316 aequalis
1635 3240 1780 3298 De0.
1839 3240 1901 3299 Is
1929 3248 2120 3298 autem
2151 3258 2278 3297 sese
2302 3259 2486 3316 usque
2515 3258 2584 3297 eo
2613 3260 2716 3298 ex-

315 3320 579 3395 inanivit,
624 3327 690 3379 ut
723 3319 1043 3397 oppositam
1080 3318 1321 3377 formam
1367 3320 1691 3397 sumpserit,
1723 3320 1944 3379 scilieet
1985 3320 2156 3393 servi,
2199 3339 2308 3379 nec
2351 3338 2420 3379 eo
2457 3319 2718 3377 exinani-

316 3400 493 3460 tionis
520 3398 705 3478 gradu
732 3407 1053 3473 contentus,
1085 3398 1233 3457 infra
1270 3420 1403 3459 eum
1440 3418 1567 3459 sese
1606 3400 1680 3458 ad
1708 3419 1833 3459 eam
1863 3398 2248 3460 obedientiam
2287 3399 2519 3458 demisit
2547 3418 2720 3477 quam

316 3500 487 3540 nemo
516 3480 702 3557 exigit
728 3500 763 3537 a
791 3498 997 3556 serv03
1040 3478 1263 3556 luitque
1289 3480 1443 3539 ultro
1470 3481 1891 3540 atrocissimum
1921 3489 1979 3539 et
2008 3480 2167 3557 Lege
2198 3479 2308 3538 Dei
2349 3478 2721 3539 maledictum

320 3560 664 3639 supplicium
701 3559 888 3618 crucis
922 3568 990 3618 ut
1020 3558 1179 3618 Patri
1206 3560 1482 3635 obediret,
1514 3569 1573 3620 et
1598 3580 1706 3619 nos
1733 3581 1770 3620 a
1795 3560 2196 3619 maledictione
2227 3559 2405 3636 Legis
2431 3559 2720 3618 liberaret.

320 3640 414 3700 Ita
439 3640 587 3698 nihil
613 3638 689 3697 ad
714 3638 997 3699 infinitam
1026 3659 1211 3717 poenae
1232 3640 1670 3699 aestimationem
1698 3639 2012 3699 desiderari
2033 3640 2165 3717 jure
2191 3640 2396 3717 potuit.
2457 3640 2513 3697 3.
2539 3638 2723 3695 Poena

319 3719 418 3778 vel
460 3718 741 3795 infligitur
781 3720 1070 3796 peccatori
1112 3719 1226 3798 ipsi
1268 3720 1329 3778 in
1366 3721 1613 3797 propria
1646 3720 2043 3797 personasvel
2082 3719 2343 3796 sponsori
2379 3718 2440 3776 in
2469 3737 2720 3794 persona

320 3798 526 3859 aliena.
586 3798 859 3876 Dignitas
898 3819 1157 3877 personae
1198 3819 1315 3858 non
1351 3800 1511 3859 valet
1551 3801 1784 3878 quidem
1826 3802 1888 3859 in
1928 3820 2027 3859 reo
2053 3800 2324 3876 patiente,
2355 3798 2490 3868 quia
2518 3797 2720 3856 eadem

322 3898 450 3956 quae
494 3887 585 3937 est
627 3879 687 3936 in
732 3879 1013 3951 solvente,
1058 3880 1167 3938 fuit
1197 3880 1258 3937 in
1290 3888 1581 3957 peccante,
1628 3889 1686 3939 et
1714 3900 1843 3958 quae
1871 3879 2219 3939 considerari
2245 3886 2438 3955 potest
2463 3875 2523 3934 in
2551 3896 2722 3954 poena

320 3958 397 4017 ad
424 3959 553 4037 ejus
580 3958 1054 4034 imminutionem,
1102 3956 1395 4037 spectatur
1434 3959 1495 4017 in
1539 3968 1776 4037 peccato
1814 3958 1888 4018 ad
1930 3960 2058 4037 ejus
2084 3958 2482 4032 intensionem,
2531 3956 2722 4015 sedin

322 4058 597 4117 sponsore
625 4039 799 4115 valet,
831 4040 969 4116 quia
994 4058 1111 4097 non
1140 4039 1215 4098 ob
1246 4058 1365 4115 sua,
1398 4039 1500 4098 sed
1531 4039 1605 4097 ob
1634 4040 1824 4098 aliena
1851 4039 2060 4099 delicta
2089 4036 2383 4097 satisfacit.
2437 4036 2642 4114 Itaque
2672 4038 2723 4095 si

323 4118 456 4178 Rex
495 4118 733 4196 punitur
768 4138 872 4195 pro
900 4118 1165 4195 subditis,
1212 4138 1383 4197 poena
1411 4139 1541 4197 quae
1568 4119 1630 4176 in
1659 4119 1906 4179 subditis
1942 4118 2143 4177 mortis
2172 4116 2447 4175 debuerat
2473 4136 2616 4191 esse,
2661 4117 2722 4174 in

322 4198 489 4275 Rege
522 4208 757 4276 propter
793 4198 1135 4276 dignitatem
1162 4218 1422 4276 personae
1450 4200 1894 4259 commutabitur
1920 4198 1980 4256 in
2009 4197 2264 4271 exilium,
2295 4196 2392 4255 vel
2419 4215 2725 4256 carcerem.

324 4277 539 4353 Quidni
582 4297 723 4355 ergo
766 4278 862 4337 hic
906 4279 1161 4357 dignitas
1204 4298 1321 4337 non
1364 4279 1543 4354 finita,
1588 4279 1691 4338 sed
1719 4278 1943 4336 infinita
1968 4296 2227 4354 personae
2257 4276 2470 4335 Christi
2496 4275 2724 4353 pondus

322 4358 534 4417 addere
560 4357 814 4435 potuerit
839 4359 1203 4435 passionibus
1231 4360 1373 4437 ejus,
1422 4359 1503 4418 ita
1544 4366 1611 4417 ut
1653 4357 1809 4436 quod
1837 4357 2136 4416 duratione
2165 4363 2437 4415 aeternutn
2470 4376 2596 4415 esse
2625 4356 2724 4415 de-

322 4438 541 4512 buerat,
573 4438 739 4497 brevi
759 4439 1033 4516 temporis
1056 4438 1241 4516 spatio
1262 4438 1676 4497 absolveretur.
1730 4438 1880 4496 Sane
1907 4436 2202 4513 Scriptura
2221 4455 2336 4494 non
2359 4437 2482 4495 sine
2503 4436 2724 4495 ratione

324 4518 497 4577 toties
524 4516 599 4575 ad
626 4518 778 4577 hane
807 4538 1067 4595 pei-sonte
1094 4517 1609 4577 considerationem
1637 4537 1746 4577 nos
1771 4526 2022 4593 revocat,
2067 4525 2134 4576 ut
2176 4516 2402 4595 pondus
2440 4517 2726 4576 infinitum

325 4597 517 4659 meriti
560 4606 621 4657 et
663 4596 1071 4658 satisfactionis
1100 4598 1313 4658 Christi
1346 4617 1746 4675 agnoscamus,
1792 4606 1860 4657 ut
1901 4618 2032 4657 cum
2077 4598 2159 4657 ait
2202 4600 2238 4630 “
2262 4597 2452 4657 Deum
2479 4617 2582 4675 acq
2591 4597 2725 4656 uisi·

325 4678 482 4738 visse
539 4677 863 4738 Ecclesiam
908 4678 1187 4755 sanguine
1234 4683 1391 4756 su0‚”
1432 4677 1566 4737 Act.
1617 4698 1720 4739 xx.
1771 4679 1848 4738 28
1872 4700 1888 4755 ;
1943 4680 1978 4712 “
2001 4678 2314 4737 Dominum
2360 4678 2558 4754 gloriae
2603 4696 2729 4735 esse
