<?xml version="1.0" encoding="UTF-8"?>
<!DOCTYPE html PUBLIC "-//W3C//DTD XHTML 1.0 Transitional//EN"
    "http://www.w3.org/TR/xhtml1/DTD/xhtml1-transitional.dtd">
<html xmlns="http://www.w3.org/1999/xhtml" xml:lang="en" lang="en">
 <head>
  <title>
</title>
<meta http-equiv="Content-Type" content="text/html;charset=utf-8" />
  <meta name='ocr-system' content='tesseract 3.04.00' />
  <meta name='ocr-capabilities' content='ocr_page ocr_carea ocr_par ocr_line ocrx_word'/>
</head>
<body>
  <div class='ocr_page' id='page_1' title='image "./denecessariasec00turrgoog_0396.png"; bbox 0 0 3234 5192; ppageno 0'>
   <div class='ocr_carea' id='block_1_1' title="bbox 541 343 2948 426">
    <p class='ocr_par' dir='ltr' id='par_1_1' title="bbox 541 343 2948 426">
     <span class='ocr_line' id='line_1_1' title="bbox 541 343 2948 426; baseline 0.002 -25"><span class='ocrx_word' id='word_1_1' title='bbox 541 346 655 401; x_wconf 72' lang='lat'><strong>348</strong></span> <span class='ocrx_word' id='word_1_2' title='bbox 1568 363 1646 402; x_wconf 81' lang='lat' dir='ltr'><strong>m:</strong></span> <span class='ocrx_word' id='word_1_3' title='bbox 1677 363 1904 402; x_wconf 59' lang='lat' dir='ltr'><strong>stanna.</strong></span> <span class='ocrx_word' id='word_1_4' title='bbox 2522 343 2784 426; x_wconf 74' lang='lat' dir='ltr'><strong>[msPU&#39;r.</strong></span> <span class='ocrx_word' id='word_1_5' title='bbox 2819 364 2948 406; x_wconf 78' lang='lat' dir='ltr'><strong>vm.</strong></span> 
     </span>
    </p>
   </div>
   <div class='ocr_carea' id='block_1_2' title="bbox 506 503 2948 4746">
    <p class='ocr_par' dir='ltr' id='par_1_2' title="bbox 532 503 2948 1040">
     <span class='ocr_line' id='line_1_2' title="bbox 540 503 2946 581; baseline 0.002 -22"><span class='ocrx_word' id='word_1_6' title='bbox 540 521 644 560; x_wconf 91' lang='lat' dir='ltr'><strong>suo</strong></span> <span class='ocrx_word' id='word_1_7' title='bbox 672 503 838 561; x_wconf 88' lang='lat' dir='ltr'><strong>esse&#39;&#39;</strong></span> <span class='ocrx_word' id='word_1_8' title='bbox 870 503 1075 563; x_wconf 89' lang='lat' dir='ltr'><strong>asserit</strong></span> <span class='ocrx_word' id='word_1_9' title='bbox 1102 505 1269 564; x_wconf 88' lang='lat' dir='ltr'><strong>Cant.</strong></span> <span class='ocrx_word' id='word_1_10' title='bbox 1298 503 1358 562; x_wconf 90' lang='lat' dir='ltr'><strong>ii.</strong></span> <span class='ocrx_word' id='word_1_11' title='bbox 1390 507 1444 562; x_wconf 88' lang='lat'><strong>3.</strong></span> <span class='ocrx_word' id='word_1_12' title='bbox 1539 503 1616 563; x_wconf 88' lang='lat' dir='ltr'><strong>Et</strong></span> <span class='ocrx_word' id='word_1_13' title='bbox 1657 513 1722 564; x_wconf 90' lang='lat' dir='ltr'><strong>ut</strong></span> <span class='ocrx_word' id='word_1_14' title='bbox 1749 522 1962 562; x_wconf 88' lang='lat' dir='ltr'><strong>manna</strong></span> <span class='ocrx_word' id='word_1_15' title='bbox 2003 503 2113 563; x_wconf 83' lang='lat' dir='ltr'><strong>fuit</strong></span> <span class='ocrx_word' id='word_1_16' title='bbox 2159 505 2668 581; x_wconf 82' lang='lat' dir='ltr'><strong>praestantissiinus</strong></span> <span class='ocrx_word' id='word_1_17' title='bbox 2717 515 2776 564; x_wconf 91' lang='lat' dir='ltr'><strong>et</strong></span> <span class='ocrx_word' id='word_1_18' title='bbox 2805 515 2946 564; x_wconf 88' lang='lat' dir='ltr'><strong>tem-</strong></span> 
     </span>
     <span class='ocr_line' id='line_1_3' title="bbox 538 583 2948 662; baseline 0.002 -22"><span class='ocrx_word' id='word_1_19' title='bbox 538 583 935 658; x_wconf 88' lang='lat' dir='ltr'><strong>peratissimus</strong></span> <span class='ocrx_word' id='word_1_20' title='bbox 962 585 1217 661; x_wconf 91' lang='lat' dir='ltr'><strong>corporis</strong></span> <span class='ocrx_word' id='word_1_21' title='bbox 1244 584 1427 658; x_wconf 89' lang='lat' dir='ltr'><strong>cibus,</strong></span> <span class='ocrx_word' id='word_1_22' title='bbox 1452 603 1567 662; x_wconf 90' lang='lat' dir='ltr'><strong>quo</strong></span> <span class='ocrx_word' id='word_1_23' title='bbox 1616 591 1974 642; x_wconf 85' lang='lat' dir='ltr'><strong>sustentatus</strong></span> <span class='ocrx_word' id='word_1_24' title='bbox 2017 593 2108 642; x_wconf 90' lang='lat' dir='ltr'><strong>est</strong></span> <span class='ocrx_word' id='word_1_25' title='bbox 2150 585 2398 662; x_wconf 89' lang='lat' dir='ltr'><strong>populus</strong></span> <span class='ocrx_word' id='word_1_26' title='bbox 2442 586 2500 642; x_wconf 89' lang='lat' dir='ltr'><strong>in</strong></span> <span class='ocrx_word' id='word_1_27' title='bbox 2547 585 2807 660; x_wconf 88' lang='lat' dir='ltr'><strong>deserto;</strong></span> <span class='ocrx_word' id='word_1_28' title='bbox 2855 587 2948 644; x_wconf 89' lang='lat' dir='ltr'><strong>Ita</strong></span> 
     </span>
     <span class='ocr_line' id='line_1_4' title="bbox 540 662 2948 742; baseline 0.002 -22"><span class='ocrx_word' id='word_1_29' title='bbox 540 662 805 722; x_wconf 86' lang='lat' dir='ltr'><strong>Christus</strong></span> <span class='ocrx_word' id='word_1_30' title='bbox 833 664 1067 723; x_wconf 89' lang='lat' dir='ltr'><strong>divinus</strong></span> <span class='ocrx_word' id='word_1_31' title='bbox 1088 675 1177 724; x_wconf 88' lang='lat' dir='ltr'><strong>est</strong></span> <span class='ocrx_word' id='word_1_32' title='bbox 1205 666 1409 723; x_wconf 84' lang='lat' dir='ltr'><strong>animoe</strong></span> <span class='ocrx_word' id='word_1_33' title='bbox 1438 665 1619 738; x_wconf 89' lang='lat' dir='ltr'><strong>cibus,</strong></span> <span class='ocrx_word' id='word_1_34' title='bbox 1653 683 1826 723; x_wconf 87' lang='lat' dir='ltr'><strong>verus</strong></span> <span class='ocrx_word' id='word_1_35' title='bbox 1853 664 2018 741; x_wconf 87' lang='lat' dir='ltr'><strong>panis</strong></span> <span class='ocrx_word' id='word_1_36' title='bbox 2049 665 2178 739; x_wconf 92' lang='lat' dir='ltr'><strong>Dei,</strong></span> <span class='ocrx_word' id='word_1_37' title='bbox 2209 666 2374 742; x_wconf 88' lang='lat' dir='ltr'><strong>panis</strong></span> <span class='ocrx_word' id='word_1_38' title='bbox 2403 665 2687 740; x_wconf 83' lang='lat' dir='ltr'><strong>vivificus,</strong></span> <span class='ocrx_word' id='word_1_39' title='bbox 2719 667 2820 742; x_wconf 92' lang='lat' dir='ltr'><strong>qui</strong></span> <span class='ocrx_word' id='word_1_40' title='bbox 2847 666 2948 725; x_wconf 84' lang='lat' dir='ltr'><strong>dat</strong></span> 
     </span>
     <span class='ocr_line' id='line_1_5' title="bbox 537 742 2948 823; baseline 0.002 -23"><span class='ocrx_word' id='word_1_41' title='bbox 537 743 717 801; x_wconf 85' lang='lat' dir='ltr'><strong>vitam</strong></span> <span class='ocrx_word' id='word_1_42' title='bbox 748 743 989 818; x_wconf 90' lang='lat' dir='ltr'><strong>Mund0,</strong></span> <span class='ocrx_word' id='word_1_43' title='bbox 1021 764 1137 821; x_wconf 90' lang='lat' dir='ltr'><strong>quo</strong></span> <span class='ocrx_word' id='word_1_44' title='bbox 1164 744 1453 822; x_wconf 89' lang='lat' dir='ltr'><strong>pascimur</strong></span> <span class='ocrx_word' id='word_1_45' title='bbox 1478 743 1539 800; x_wconf 89' lang='lat' dir='ltr'><strong>in</strong></span> <span class='ocrx_word' id='word_1_46' title='bbox 1566 742 1796 802; x_wconf 87' lang='lat' dir='ltr'><strong>deserto</strong></span> <span class='ocrx_word' id='word_1_47' title='bbox 1825 744 2042 819; x_wconf 90' lang='lat' dir='ltr'><strong>mundi,</strong></span> <span class='ocrx_word' id='word_1_48' title='bbox 2084 744 2200 821; x_wconf 89' lang='lat' dir='ltr'><strong>qui,</strong></span> <span class='ocrx_word' id='word_1_49' title='bbox 2233 745 2388 821; x_wconf 92' lang='lat' dir='ltr'><strong>quod</strong></span> <span class='ocrx_word' id='word_1_50' title='bbox 2425 745 2607 823; x_wconf 88' lang='lat' dir='ltr'><strong>gratis</strong></span> <span class='ocrx_word' id='word_1_51' title='bbox 2635 745 2707 804; x_wconf 91' lang='lat' dir='ltr'><strong>de</strong></span> <span class='ocrx_word' id='word_1_52' title='bbox 2735 765 2948 804; x_wconf 87' lang='lat' dir='ltr'><strong>manua</strong></span> 
     </span>
     <span class='ocr_line' id='line_1_6' title="bbox 534 822 2944 902; baseline 0.002 -22"><span class='ocrx_word' id='word_1_53' title='bbox 534 822 883 899; x_wconf 84' lang='lat' dir='ltr'>perhibetur,</span> <span class='ocrx_word' id='word_1_54' title='bbox 917 823 1165 900; x_wconf 83' lang='lat' dir='ltr'><strong>perfecte</strong></span> <span class='ocrx_word' id='word_1_55' title='bbox 1192 825 1255 882; x_wconf 91' lang='lat' dir='ltr'><strong>in</strong></span> <span class='ocrx_word' id='word_1_56' title='bbox 1282 844 1345 882; x_wconf 86' lang='lat' dir='ltr'><strong>se</strong></span> <span class='ocrx_word' id='word_1_57' title='bbox 1373 823 1627 898; x_wconf 87' lang='lat' dir='ltr'><strong>exhibet,</strong></span> <span class='ocrx_word' id='word_1_58' title='bbox 1657 831 1724 881; x_wconf 91' lang='lat' dir='ltr'><strong>ut</strong></span> <span class='ocrx_word' id='word_1_59' title='bbox 1745 843 1974 882; x_wconf 90' lang='lat' dir='ltr'><strong>omnem</strong></span> <span class='ocrx_word' id='word_1_60' title='bbox 1995 843 2256 902; x_wconf 88' lang='lat' dir='ltr'><strong>saporem</strong></span> <span class='ocrx_word' id='word_1_61' title='bbox 2284 825 2512 898; x_wconf 88' lang='lat' dir='ltr'><strong>habeat,</strong></span> <span class='ocrx_word' id='word_1_62' title='bbox 2544 825 2681 902; x_wconf 91' lang='lat' dir='ltr'><strong>quia</strong></span> <span class='ocrx_word' id='word_1_63' title='bbox 2707 845 2742 884; x_wconf 90' lang='lat' dir='ltr'><strong>a</strong></span> <span class='ocrx_word' id='word_1_64' title='bbox 2772 825 2944 885; x_wconf 83' lang='lat' dir='ltr'><strong>Patre</strong></span> 
     </span>
     <span class='ocr_line' id='line_1_7' title="bbox 532 902 2942 981; baseline 0.003 -23"><span class='ocrx_word' id='word_1_65' title='bbox 532 902 702 960; x_wconf 89' lang='lat' dir='ltr'><strong>nobis</strong></span> <span class='ocrx_word' id='word_1_66' title='bbox 750 902 936 962; x_wconf 86' lang='lat' dir='ltr'><strong>faetus</strong></span> <span class='ocrx_word' id='word_1_67' title='bbox 976 911 1067 961; x_wconf 88' lang='lat' dir='ltr'><strong>est</strong></span> <span class='ocrx_word' id='word_1_68' title='bbox 1113 904 1322 980; x_wconf 86' lang='lat' dir='ltr'><strong>omnia,</strong></span> <span class='ocrx_word' id='word_1_69' title='bbox 1369 904 1491 978; x_wconf 86' lang='lat' dir='ltr'><strong>lux,</strong></span> <span class='ocrx_word' id='word_1_70' title='bbox 1540 903 1722 979; x_wconf 89' lang='lat' dir='ltr'><strong>cibus,</strong></span> <span class='ocrx_word' id='word_1_71' title='bbox 1773 904 1972 979; x_wconf 73' lang='lat' dir='ltr'><strong>Vestia,</strong></span> <span class='ocrx_word' id='word_1_72' title='bbox 2023 904 2522 981; x_wconf 76' lang='lat' dir='ltr'><strong>medicamentum,</strong></span> <span class='ocrx_word' id='word_1_73' title='bbox 2575 905 2786 980; x_wconf 89' lang='lat' dir='ltr'><strong>omnia,</strong></span> <span class='ocrx_word' id='word_1_74' title='bbox 2818 906 2942 966; x_wconf 90' lang='lat' dir='ltr'><strong>Col.</strong></span> 
     </span>
     <span class='ocr_line' id='line_1_8' title="bbox 532 981 743 1040; baseline 0.009 -2"><span class='ocrx_word' id='word_1_75' title='bbox 532 981 615 1039; x_wconf 84' lang='lat' dir='ltr'><strong>iii.</strong></span> <span class='ocrx_word' id='word_1_76' title='bbox 655 985 743 1040; x_wconf 92' lang='lat' dir='ltr'><strong>ll.</strong></span> 
     </span>
    </p>

    <p class='ocr_par' dir='ltr' id='par_1_3' title="bbox 523 1061 2947 2341">
     <span class='ocr_line' id='line_1_9' title="bbox 618 1061 2944 1144; baseline 0.003 -26"><span class='ocrx_word' id='word_1_77' title='bbox 618 1061 807 1119; x_wconf 90' lang='lat' dir='ltr'>XIX.</span> <span class='ocrx_word' id='word_1_78' title='bbox 852 1061 1065 1137; x_wconf 87' lang='lat' dir='ltr'><strong>Tertio,</strong></span> <span class='ocrx_word' id='word_1_79' title='bbox 1097 1062 1291 1140; x_wconf 89' lang='lat' dir='ltr'><strong>quoad</strong></span> <span class='ocrx_word' id='word_1_80' title='bbox 1316 1083 1478 1122; x_wconf 80' lang='lat' dir='ltr'><strong>usum</strong></span> <span class='ocrx_word' id='word_1_81' title='bbox 1504 1073 1559 1122; x_wconf 79' lang='lat' dir='ltr'><strong>et</strong></span> <span class='ocrx_word' id='word_1_82' title='bbox 1584 1065 1796 1140; x_wconf 62' lang='lat' dir='ltr'><strong>effecta,</strong></span> <span class='ocrx_word' id='word_1_83' title='bbox 1830 1065 1972 1122; x_wconf 87' lang='lat' dir='ltr'><strong>Man</strong></span> <span class='ocrx_word' id='word_1_84' title='bbox 2001 1065 2200 1142; x_wconf 82' lang='lat' dir='ltr'><strong>colligi</strong></span> <span class='ocrx_word' id='word_1_85' title='bbox 2248 1064 2450 1124; x_wconf 81' lang='lat' dir='ltr'><strong>debuit</strong></span> <span class='ocrx_word' id='word_1_86' title='bbox 2477 1085 2512 1122; x_wconf 82' lang='lat' dir='ltr'><strong>a</strong></span> <span class='ocrx_word' id='word_1_87' title='bbox 2537 1068 2754 1144; x_wconf 92' lang='lat' dir='ltr'><strong>populo</strong></span> <span class='ocrx_word' id='word_1_88' title='bbox 2781 1075 2848 1126; x_wconf 90' lang='lat' dir='ltr'><strong>ut</strong></span> <span class='ocrx_word' id='word_1_89' title='bbox 2876 1087 2944 1126; x_wconf 87' lang='lat' dir='ltr'><strong>eo</strong></span> 
     </span>
     <span class='ocr_line' id='line_1_10' title="bbox 536 1139 2944 1222; baseline 0.003 -25"><span class='ocrx_word' id='word_1_90' title='bbox 536 1139 857 1201; x_wconf 82' lang='lat' dir='ltr'><strong>cibaretur:</strong></span> <span class='ocrx_word' id='word_1_91' title='bbox 903 1141 1167 1202; x_wconf 89' lang='lat' dir='ltr'><strong>Christus</strong></span> <span class='ocrx_word' id='word_1_92' title='bbox 1195 1163 1229 1201; x_wconf 91' lang='lat' dir='ltr'><strong>a</strong></span> <span class='ocrx_word' id='word_1_93' title='bbox 1254 1143 1527 1202; x_wconf 90' lang='lat' dir='ltr'><strong>fidelibus</strong></span> <span class='ocrx_word' id='word_1_94' title='bbox 1554 1164 1658 1221; x_wconf 91' lang='lat' dir='ltr'><strong>per</strong></span> <span class='ocrx_word' id='word_1_95' title='bbox 1683 1144 1858 1204; x_wconf 86' lang='lat' dir='ltr'><strong>fidem</strong></span> <span class='ocrx_word' id='word_1_96' title='bbox 1885 1144 2063 1222; x_wconf 86' lang='lat' dir='ltr'><strong>recipi</strong></span> <span class='ocrx_word' id='word_1_97' title='bbox 2085 1144 2275 1218; x_wconf 89' lang='lat' dir='ltr'><strong>debet,</strong></span> <span class='ocrx_word' id='word_1_98' title='bbox 2307 1153 2370 1203; x_wconf 93' lang='lat' dir='ltr'><strong>ut</strong></span> <span class='ocrx_word' id='word_1_99' title='bbox 2397 1165 2506 1204; x_wconf 89' lang='lat' dir='ltr'><strong>nos</strong></span> <span class='ocrx_word' id='word_1_100' title='bbox 2533 1146 2767 1208; x_wconf 88' lang='lat' dir='ltr'><strong>nutriat.</strong></span> <span class='ocrx_word' id='word_1_101' title='bbox 2813 1148 2944 1206; x_wconf 89' lang='lat' dir='ltr'><strong>Col·</strong></span> 
     </span>
     <span class='ocr_line' id='line_1_11' title="bbox 532 1220 2946 1304; baseline 0.003 -26"><span class='ocrx_word' id='word_1_102' title='bbox 532 1220 747 1280; x_wconf 87' lang='lat' dir='ltr'><strong>lectum</strong></span> <span class='ocrx_word' id='word_1_103' title='bbox 777 1222 1074 1300; x_wconf 73' lang='lat' dir='ltr'><strong>aequaliter</strong></span> <span class='ocrx_word' id='word_1_104' title='bbox 1102 1223 1557 1283; x_wconf 81' lang='lat' dir='ltr'><strong>distribuebatur</strong></span> <span class='ocrx_word' id='word_1_105' title='bbox 1582 1223 1849 1302; x_wconf 85' lang='lat' dir='ltr'><strong>singulis,</strong></span> <span class='ocrx_word' id='word_1_106' title='bbox 1881 1225 2147 1284; x_wconf 90' lang='lat' dir='ltr'><strong>Christus</strong></span> <span class='ocrx_word' id='word_1_107' title='bbox 2184 1225 2350 1285; x_wconf 86' lang='lat' dir='ltr'><strong>cibus</strong></span> <span class='ocrx_word' id='word_1_108' title='bbox 2377 1225 2514 1284; x_wconf 75' lang='lat' dir='ltr'><strong>vitae</strong></span> <span class='ocrx_word' id='word_1_109' title='bbox 2542 1247 2647 1304; x_wconf 91' lang='lat' dir='ltr'><strong>pro</strong></span> <span class='ocrx_word' id='word_1_110' title='bbox 2675 1247 2946 1286; x_wconf 88' lang='lat' dir='ltr'><strong>mensura</strong></span> 
     </span>
     <span class='ocr_line' id='line_1_12' title="bbox 532 1301 2947 1384; baseline 0.003 -26"><span class='ocrx_word' id='word_1_111' title='bbox 532 1301 668 1361; x_wconf 89' lang='lat' dir='ltr'><strong>fidei</strong></span> <span class='ocrx_word' id='word_1_112' title='bbox 696 1303 1078 1379; x_wconf 84' lang='lat' dir='ltr'><strong>distribuitur,</strong></span> <span class='ocrx_word' id='word_1_113' title='bbox 1112 1305 1262 1382; x_wconf 88' lang='lat' dir='ltr'><strong>Eph.</strong></span> <span class='ocrx_word' id='word_1_114' title='bbox 1293 1305 1372 1363; x_wconf 91' lang='lat' dir='ltr'><strong>iv.</strong></span> <span class='ocrx_word' id='word_1_115' title='bbox 1397 1309 1431 1362; x_wconf 88' lang='grc'><strong>7</strong></span> <span class='ocrx_word' id='word_1_116' title='bbox 1438 1350 1453 1380; x_wconf 87' lang='grc'><strong>,</strong></span> <span class='ocrx_word' id='word_1_117' title='bbox 1483 1305 1567 1362; x_wconf 87' lang='lat' dir='ltr'><strong>ita</strong></span> <span class='ocrx_word' id='word_1_118' title='bbox 1592 1315 1661 1364; x_wconf 88' lang='lat' dir='ltr'><strong>ut</strong></span> <span class='ocrx_word' id='word_1_119' title='bbox 1687 1313 1846 1364; x_wconf 86' lang='lat' dir='ltr'><strong>totus</strong></span> <span class='ocrx_word' id='word_1_120' title='bbox 1875 1325 1950 1362; x_wconf 84' lang='lat' dir='ltr'><strong>ex</strong></span> <span class='ocrx_word' id='word_1_121' title='bbox 1979 1325 2146 1384; x_wconf 82' lang='lat' dir='ltr'><strong>aequo</strong></span> <span class='ocrx_word' id='word_1_122' title='bbox 2173 1305 2250 1364; x_wconf 86' lang='lat' dir='ltr'><strong>ad</strong></span> <span class='ocrx_word' id='word_1_123' title='bbox 2278 1325 2477 1364; x_wconf 89' lang='lat' dir='ltr'><strong>omnes</strong></span> <span class='ocrx_word' id='word_1_124' title='bbox 2506 1307 2808 1384; x_wconf 80' lang='lat' dir='ltr'><strong>pertineat,</strong></span> <span class='ocrx_word' id='word_1_125' title='bbox 2829 1317 2947 1368; x_wconf 82' lang='lat' dir='ltr'><strong>tam</strong></span> 
     </span>
     <span class='ocr_line' id='line_1_13' title="bbox 528 1381 2940 1464; baseline 0.003 -25"><span class='ocrx_word' id='word_1_126' title='bbox 528 1381 605 1440; x_wconf 89' lang='lat' dir='ltr'><strong>ad</strong></span> <span class='ocrx_word' id='word_1_127' title='bbox 634 1402 913 1460; x_wconf 81' lang='lat' dir='ltr'><strong>pauperes</strong></span> <span class='ocrx_word' id='word_1_128' title='bbox 941 1403 1116 1460; x_wconf 90' lang='lat' dir='ltr'><strong>quam</strong></span> <span class='ocrx_word' id='word_1_129' title='bbox 1142 1385 1219 1442; x_wconf 88' lang='lat' dir='ltr'><strong>ad</strong></span> <span class='ocrx_word' id='word_1_130' title='bbox 1246 1385 1475 1460; x_wconf 87' lang='lat' dir='ltr'><strong>divites,</strong></span> <span class='ocrx_word' id='word_1_131' title='bbox 1506 1405 1720 1463; x_wconf 87' lang='lat' dir='ltr'><strong>parvos</strong></span> <span class='ocrx_word' id='word_1_132' title='bbox 1747 1393 1806 1444; x_wconf 86' lang='lat' dir='ltr'><strong>et</strong></span> <span class='ocrx_word' id='word_1_133' title='bbox 1833 1405 2094 1462; x_wconf 83' lang='lat' dir='ltr'><strong>magnos,</strong></span> <span class='ocrx_word' id='word_1_134' title='bbox 2125 1405 2312 1445; x_wconf 87' lang='lat' dir='ltr'><strong>mares</strong></span> <span class='ocrx_word' id='word_1_135' title='bbox 2339 1395 2399 1446; x_wconf 92' lang='lat' dir='ltr'><strong>et</strong></span> <span class='ocrx_word' id='word_1_136' title='bbox 2427 1385 2708 1464; x_wconf 86' lang='lat' dir='ltr'><strong>foeminas,</strong></span> <span class='ocrx_word' id='word_1_137' title='bbox 2741 1407 2940 1448; x_wconf 87' lang='lat' dir='ltr'><strong>servos</strong></span> 
     </span>
     <span class='ocr_line' id='line_1_14' title="bbox 528 1463 2940 1542; baseline 0.002 -22"><span class='ocrx_word' id='word_1_138' title='bbox 528 1470 588 1520; x_wconf 92' lang='lat' dir='ltr'><strong>et</strong></span> <span class='ocrx_word' id='word_1_139' title='bbox 613 1463 861 1540; x_wconf 79' lang='lat' dir='ltr'><strong>liber0s3</strong></span> <span class='ocrx_word' id='word_1_140' title='bbox 910 1467 945 1498; x_wconf 93' lang='lat'><strong>“</strong></span> <span class='ocrx_word' id='word_1_141' title='bbox 968 1465 1117 1523; x_wconf 89' lang='lat' dir='ltr'><strong>Nam</strong></span> <span class='ocrx_word' id='word_1_142' title='bbox 1146 1465 1206 1523; x_wconf 91' lang='lat' dir='ltr'><strong>in</strong></span> <span class='ocrx_word' id='word_1_143' title='bbox 1236 1465 1465 1524; x_wconf 87' lang='lat' dir='ltr'><strong>Christo</strong></span> <span class='ocrx_word' id='word_1_144' title='bbox 1492 1485 1599 1524; x_wconf 90' lang='lat' dir='ltr'><strong>nec</strong></span> <span class='ocrx_word' id='word_1_145' title='bbox 1649 1465 1692 1524; x_wconf 89' lang='lat' dir='ltr'><strong>J</strong></span> <span class='ocrx_word' id='word_1_146' title='bbox 1696 1465 1913 1540; x_wconf 79' lang='lat' dir='ltr'><strong>udaeus,</strong></span> <span class='ocrx_word' id='word_1_147' title='bbox 1965 1485 2074 1525; x_wconf 89' lang='lat' dir='ltr'><strong>nee</strong></span> <span class='ocrx_word' id='word_1_148' title='bbox 2123 1467 2380 1540; x_wconf 75' lang='lat' dir='ltr'><strong>Graccus,</strong></span> <span class='ocrx_word' id='word_1_149' title='bbox 2433 1485 2540 1525; x_wconf 87' lang='lat' dir='ltr'><strong>nec</strong></span> <span class='ocrx_word' id='word_1_150' title='bbox 2583 1487 2802 1542; x_wconf 89' lang='lat' dir='ltr'><strong>servus,</strong></span> <span class='ocrx_word' id='word_1_151' title='bbox 2833 1488 2940 1526; x_wconf 88' lang='lat' dir='ltr'><strong>nec</strong></span> 
     </span>
     <span class='ocr_line' id='line_1_15' title="bbox 525 1542 2936 1620; baseline 0.002 -20"><span class='ocrx_word' id='word_1_152' title='bbox 525 1542 689 1618; x_wconf 92' lang='lat' dir='ltr'><strong>liber,</strong></span> <span class='ocrx_word' id='word_1_153' title='bbox 720 1563 829 1603; x_wconf 90' lang='lat' dir='ltr'><strong>nee</strong></span> <span class='ocrx_word' id='word_1_154' title='bbox 854 1563 995 1620; x_wconf 86' lang='lat' dir='ltr'><strong>mas,</strong></span> <span class='ocrx_word' id='word_1_155' title='bbox 1026 1565 1135 1604; x_wconf 92' lang='lat' dir='ltr'><strong>nec</strong></span> <span class='ocrx_word' id='word_1_156' title='bbox 1167 1544 1417 1620; x_wconf 85' lang='lat' dir='ltr'><strong>foemina,</strong></span> <span class='ocrx_word' id='word_1_157' title='bbox 1450 1545 1553 1603; x_wconf 90' lang='lat' dir='ltr'><strong>sed</strong></span> <span class='ocrx_word' id='word_1_158' title='bbox 1582 1545 1847 1604; x_wconf 87' lang='lat' dir='ltr'><strong>Christus</strong></span> <span class='ocrx_word' id='word_1_159' title='bbox 1875 1546 2069 1604; x_wconf 89' lang='lat' dir='ltr'><strong>omnia</strong></span> <span class='ocrx_word' id='word_1_160' title='bbox 2096 1546 2156 1604; x_wconf 88' lang='lat' dir='ltr'><strong>in</strong></span> <span class='ocrx_word' id='word_1_161' title='bbox 2185 1545 2490 1620; x_wconf 88' lang='lat' dir='ltr'><strong>omnibus,&#39;</strong></span> <span class='ocrx_word' id='word_1_162' title='bbox 2513 1548 2526 1574; x_wconf 88' lang='lat'><em>&#39;</em></span> <span class='ocrx_word' id='word_1_163' title='bbox 2575 1547 2698 1604; x_wconf 94' lang='lat' dir='ltr'><strong>Col.</strong></span> <span class='ocrx_word' id='word_1_164' title='bbox 2727 1547 2809 1620; x_wconf 76' lang='lat' dir='ltr'><strong>iij.</strong></span> <span class='ocrx_word' id='word_1_165' title='bbox 2845 1550 2936 1605; x_wconf 92' lang='grc'><strong>11.</strong></span> 
     </span>
     <span class='ocr_line' id='line_1_16' title="bbox 528 1623 2937 1702; baseline 0.002 -22"><span class='ocrx_word' id='word_1_166' title='bbox 528 1623 747 1681; x_wconf 87' lang='lat' dir='ltr'><strong>Manna</strong></span> <span class='ocrx_word' id='word_1_167' title='bbox 774 1623 834 1681; x_wconf 93' lang='lat' dir='ltr'><strong>in</strong></span> <span class='ocrx_word' id='word_1_168' title='bbox 864 1625 1055 1682; x_wconf 89' lang='lat' dir='ltr'><strong>cibum</strong></span> <span class='ocrx_word' id='word_1_169' title='bbox 1078 1625 1505 1702; x_wconf 75' lang='lat' dir='ltr'><strong>praeparabatur</strong></span> <span class='ocrx_word' id='word_1_170' title='bbox 1530 1625 1758 1684; x_wconf 86' lang='lat' dir='ltr'><strong>tusione</strong></span> <span class='ocrx_word' id='word_1_171' title='bbox 1785 1625 1970 1699; x_wconf 81' lang='lat' dir='ltr'><strong>molae,</strong></span> <span class='ocrx_word' id='word_1_172' title='bbox 2001 1633 2062 1683; x_wconf 91' lang='lat' dir='ltr'><strong>et</strong></span> <span class='ocrx_word' id='word_1_173' title='bbox 2083 1625 2343 1684; x_wconf 83' lang='lat' dir='ltr'><strong>coctione</strong></span> <span class='ocrx_word' id='word_1_174' title='bbox 2371 1624 2448 1683; x_wconf 90' lang='lat' dir='ltr'><strong>ad</strong></span> <span class='ocrx_word' id='word_1_175' title='bbox 2467 1624 2655 1684; x_wconf 88' lang='lat' dir='ltr'><strong>focum</strong></span> <span class='ocrx_word' id='word_1_176' title='bbox 2681 1648 2696 1701; x_wconf 79' lang='lat'>3</span> <span class='ocrx_word' id='word_1_177' title='bbox 2745 1626 2937 1684; x_wconf 89' lang='lat' dir='ltr'><strong>Chris·</strong></span> 
     </span>
     <span class='ocr_line' id='line_1_17' title="bbox 524 1702 2934 1779; baseline 0.002 -19"><span class='ocrx_word' id='word_1_178' title='bbox 524 1710 621 1760; x_wconf 88' lang='lat' dir='ltr'><strong>tus</strong></span> <span class='ocrx_word' id='word_1_179' title='bbox 648 1722 753 1779; x_wconf 89' lang='lat' dir='ltr'><strong>per</strong></span> <span class='ocrx_word' id='word_1_180' title='bbox 779 1702 1115 1762; x_wconf 87' lang='lat' dir='ltr'><strong>afflictiones</strong></span> <span class='ocrx_word' id='word_1_181' title='bbox 1142 1711 1509 1762; x_wconf 86' lang='lat' dir='ltr'><strong>consecratus</strong></span> <span class='ocrx_word' id='word_1_182' title='bbox 1536 1713 1641 1776; x_wconf 87' lang='lat' dir='ltr'><strong>est,</strong></span> <span class='ocrx_word' id='word_1_183' title='bbox 1675 1705 1828 1762; x_wconf 90' lang='lat' dir='ltr'><strong>Heb.</strong></span> <span class='ocrx_word' id='word_1_184' title='bbox 1859 1704 1918 1762; x_wconf 91' lang='lat' dir='ltr'><strong>ii.</strong></span> <span class='ocrx_word' id='word_1_185' title='bbox 1953 1706 2044 1776; x_wconf 89' lang='lat'><strong>10,</strong></span> <span class='ocrx_word' id='word_1_186' title='bbox 2093 1723 2262 1762; x_wconf 90' lang='lat' dir='ltr'><strong>cruce</strong></span> <span class='ocrx_word' id='word_1_187' title='bbox 2289 1713 2350 1762; x_wconf 88' lang='lat' dir='ltr'><strong>et</strong></span> <span class='ocrx_word' id='word_1_188' title='bbox 2375 1703 2744 1764; x_wconf 85' lang='lat' dir='ltr'><strong>tribulatione</strong></span> <span class='ocrx_word' id='word_1_189' title='bbox 2774 1706 2934 1764; x_wconf 89' lang='lat' dir='ltr'><strong>attri-</strong></span> 
     </span>
     <span class='ocr_line' id='line_1_18' title="bbox 524 1783 2938 1859; baseline 0.002 -19"><span class='ocrx_word' id='word_1_190' title='bbox 524 1790 619 1840; x_wconf 88' lang='lat' dir='ltr'><strong>tus</strong></span> <span class='ocrx_word' id='word_1_191' title='bbox 666 1790 900 1859; x_wconf 87' lang='lat' dir='ltr'><strong>propter</strong></span> <span class='ocrx_word' id='word_1_192' title='bbox 942 1793 1169 1842; x_wconf 88' lang='lat' dir='ltr'><strong>nostras</strong></span> <span class='ocrx_word' id='word_1_193' title='bbox 1196 1783 1547 1859; x_wconf 83' lang='lat' dir='ltr'><strong>iniquitates,</strong></span> <span class='ocrx_word' id='word_1_194' title='bbox 1588 1783 1778 1841; x_wconf 76' lang='lat' dir='ltr'><strong>Esaiae</strong></span> <span class='ocrx_word' id='word_1_195' title='bbox 1804 1783 1908 1841; x_wconf 89' lang='lat' dir='ltr'><strong>liii.</strong></span> <span class='ocrx_word' id='word_1_196' title='bbox 1939 1785 1995 1857; x_wconf 87' lang='lat'><strong>8,</strong></span> <span class='ocrx_word' id='word_1_197' title='bbox 2031 1786 2122 1858; x_wconf 91' lang='grc'><strong>12,</strong></span> <span class='ocrx_word' id='word_1_198' title='bbox 2162 1791 2228 1842; x_wconf 91' lang='grc' dir='ltr'><strong>ιιι</strong></span> <span class='ocrx_word' id='word_1_199' title='bbox 2266 1783 2431 1842; x_wconf 90' lang='lat' dir='ltr'><strong>fieret</strong></span> <span class='ocrx_word' id='word_1_200' title='bbox 2475 1783 2640 1843; x_wconf 88' lang='lat' dir='ltr'><strong>eibus</strong></span> <span class='ocrx_word' id='word_1_201' title='bbox 2669 1785 2938 1844; x_wconf 86' lang='lat' dir='ltr'><strong>salutaris</strong></span> 
     </span>
     <span class='ocr_line' id='line_1_19' title="bbox 526 1861 2938 1936; baseline 0.002 -17"><span class='ocrx_word' id='word_1_202' title='bbox 526 1861 750 1920; x_wconf 77' lang='lat' dir='ltr'><strong>animae.</strong></span> <span class='ocrx_word' id='word_1_203' title='bbox 796 1862 1017 1920; x_wconf 88' lang='lat' dir='ltr'><strong>Manna</strong></span> <span class='ocrx_word' id='word_1_204' title='bbox 1042 1861 1413 1922; x_wconf 83' lang='lat' dir='ltr'><strong>fastidiebant</strong></span> <span class='ocrx_word' id='word_1_205' title='bbox 1462 1861 1760 1936; x_wconf 75' lang='lat' dir='ltr'><strong>Isra&#39;elitae,</strong></span> <span class='ocrx_word' id='word_1_206' title='bbox 1809 1861 1948 1922; x_wconf 88' lang='lat' dir='ltr'><strong>licet</strong></span> <span class='ocrx_word' id='word_1_207' title='bbox 1975 1862 2142 1921; x_wconf 89' lang='lat' dir='ltr'><strong>cibus</strong></span> <span class='ocrx_word' id='word_1_208' title='bbox 2189 1871 2344 1922; x_wconf 89' lang='lat' dir='ltr'><strong>esset</strong></span> <span class='ocrx_word' id='word_1_209' title='bbox 2391 1861 2798 1926; x_wconf 85' lang='lat' dir='ltr'><strong>dulcissimus:</strong></span> <span class='ocrx_word' id='word_1_210' title='bbox 2845 1865 2938 1924; x_wconf 90' lang='lat' dir='ltr'><strong>Ita</strong></span> 
     </span>
     <span class='ocr_line' id='line_1_20' title="bbox 528 1941 2934 2022; baseline 0.002 -23"><span class='ocrx_word' id='word_1_211' title='bbox 528 1941 819 2000; x_wconf 84' lang='lat' dir='ltr'><strong>Christum</strong></span> <span class='ocrx_word' id='word_1_212' title='bbox 847 1941 1149 2001; x_wconf 88' lang='lat' dir='ltr'><strong>fastidiunt</strong></span> <span class='ocrx_word' id='word_1_213' title='bbox 1176 1951 1235 2001; x_wconf 91' lang='lat' dir='ltr'><strong>et</strong></span> <span class='ocrx_word' id='word_1_214' title='bbox 1260 1943 1532 2020; x_wconf 88' lang='lat' dir='ltr'><strong>rejiciunt</strong></span> <span class='ocrx_word' id='word_1_215' title='bbox 1563 1941 1828 2000; x_wconf 90' lang='lat' dir='ltr'><strong>homines</strong></span> <span class='ocrx_word' id='word_1_216' title='bbox 1855 1943 2113 2002; x_wconf 83' lang='lat' dir='ltr'><strong>carnales</strong></span> <span class='ocrx_word' id='word_1_217' title='bbox 2155 1951 2215 2002; x_wconf 89' lang='lat' dir='ltr'><strong>et</strong></span> <span class='ocrx_word' id='word_1_218' title='bbox 2241 1942 2483 2020; x_wconf 84' lang='lat' dir='ltr'><strong>profani,</strong></span> <span class='ocrx_word' id='word_1_219' title='bbox 2531 1946 2744 2022; x_wconf 89' lang='lat' dir='ltr'><strong>quibus</strong></span> <span class='ocrx_word' id='word_1_220' title='bbox 2771 1945 2934 2005; x_wconf 86' lang='lat' dir='ltr'><strong>vide-</strong></span> 
     </span>
     <span class='ocr_line' id='line_1_21' title="bbox 525 2021 2935 2098; baseline 0.002 -18"><span class='ocrx_word' id='word_1_221' title='bbox 525 2029 621 2081; x_wconf 87' lang='lat' dir='ltr'><strong>tur</strong></span> <span class='ocrx_word' id='word_1_222' title='bbox 642 2021 977 2080; x_wconf 87' lang='lat' dir='ltr'><strong>scandalum</strong></span> <span class='ocrx_word' id='word_1_223' title='bbox 1004 2031 1063 2081; x_wconf 88' lang='lat' dir='ltr'><strong>et</strong></span> <span class='ocrx_word' id='word_1_224' title='bbox 1092 2022 1353 2098; x_wconf 87' lang='lat' dir='ltr'><strong>stultitia,</strong></span> <span class='ocrx_word' id='word_1_225' title='bbox 1389 2025 1419 2082; x_wconf 91' lang='lat'>1</span> <span class='ocrx_word' id='word_1_226' title='bbox 1452 2021 1582 2081; x_wconf 90' lang='lat' dir='ltr'><strong>Cor.</strong></span> <span class='ocrx_word' id='word_1_227' title='bbox 1613 2022 1651 2079; x_wconf 87' lang='lat' dir='ltr'><strong>i.</strong></span> <span class='ocrx_word' id='word_1_228' title='bbox 1683 2025 1778 2082; x_wconf 84' lang='lat'><strong>23.</strong></span> <span class='ocrx_word' id='word_1_229' title='bbox 1865 2023 2082 2081; x_wconf 86' lang='lat' dir='ltr'><strong>Manna</strong></span> <span class='ocrx_word' id='word_1_230' title='bbox 2123 2022 2325 2082; x_wconf 87' lang='lat' dir='ltr'><strong>debuit</strong></span> <span class='ocrx_word' id='word_1_231' title='bbox 2367 2025 2653 2083; x_wconf 86' lang='lat' dir='ltr'><strong>asservari</strong></span> <span class='ocrx_word' id='word_1_232' title='bbox 2699 2025 2762 2083; x_wconf 87' lang='lat' dir='ltr'><strong>in</strong></span> <span class='ocrx_word' id='word_1_233' title='bbox 2791 2045 2935 2085; x_wconf 85' lang='lat' dir='ltr'><strong>urna</strong></span> 
     </span>
     <span class='ocr_line' id='line_1_22' title="bbox 524 2102 2934 2181; baseline 0.002 -21"><span class='ocrx_word' id='word_1_234' title='bbox 524 2121 699 2160; x_wconf 84' lang='lat' dir='ltr'><strong>aurea</strong></span> <span class='ocrx_word' id='word_1_235' title='bbox 726 2123 919 2161; x_wconf 86' lang='lat' dir='ltr'><strong>coram</strong></span> <span class='ocrx_word' id='word_1_236' title='bbox 948 2103 1107 2161; x_wconf 90' lang='lat' dir='ltr'><strong>Arca</strong></span> <span class='ocrx_word' id='word_1_237' title='bbox 1132 2103 1192 2160; x_wconf 90' lang='lat' dir='ltr'><strong>in</strong></span> <span class='ocrx_word' id='word_1_238' title='bbox 1220 2102 1382 2162; x_wconf 91' lang='lat' dir='ltr'><strong>aditu</strong></span> <span class='ocrx_word' id='word_1_239' title='bbox 1430 2103 1758 2178; x_wconf 83' lang='lat' dir='ltr'><strong>sanctuarii,</strong></span> <span class='ocrx_word' id='word_1_240' title='bbox 1809 2103 1886 2162; x_wconf 90' lang='lat' dir='ltr'><strong>ad</strong></span> <span class='ocrx_word' id='word_1_241' title='bbox 1905 2111 2246 2181; x_wconf 87' lang='lat' dir='ltr'><strong>perpetuam</strong></span> <span class='ocrx_word' id='word_1_242' title='bbox 2291 2104 2375 2162; x_wconf 90' lang='lat' dir='ltr'><strong>rei</strong></span> <span class='ocrx_word' id='word_1_243' title='bbox 2417 2105 2753 2164; x_wconf 84' lang='lat' dir='ltr'><strong>memoriam</strong></span> <span class='ocrx_word' id='word_1_244' title='bbox 2780 2129 2794 2165; x_wconf 90' lang='lat'><strong>:</strong></span> <span class='ocrx_word' id='word_1_245' title='bbox 2837 2107 2934 2164; x_wconf 87' lang='lat' dir='ltr'><strong>Ita</strong></span> 
     </span>
     <span class='ocr_line' id='line_1_23' title="bbox 526 2182 2930 2262; baseline 0.002 -22"><span class='ocrx_word' id='word_1_246' title='bbox 526 2183 790 2242; x_wconf 86' lang='lat' dir='ltr'><strong>Christus</strong></span> <span class='ocrx_word' id='word_1_247' title='bbox 818 2184 878 2242; x_wconf 92' lang='lat' dir='ltr'><strong>in</strong></span> <span class='ocrx_word' id='word_1_248' title='bbox 904 2203 1049 2242; x_wconf 88' lang='lat' dir='ltr'><strong>urna</strong></span> <span class='ocrx_word' id='word_1_249' title='bbox 1076 2203 1249 2242; x_wconf 89' lang='lat' dir='ltr'><strong>aurea</strong></span> <span class='ocrx_word' id='word_1_250' title='bbox 1276 2182 1467 2242; x_wconf 91' lang='lat' dir='ltr'><strong>cordis</strong></span> <span class='ocrx_word' id='word_1_251' title='bbox 1494 2182 1683 2242; x_wconf 82' lang='lat' dir='ltr'><strong>fidelis</strong></span> <span class='ocrx_word' id='word_1_252' title='bbox 1711 2184 1906 2260; x_wconf 86' lang='lat' dir='ltr'><strong>reponi</strong></span> <span class='ocrx_word' id='word_1_253' title='bbox 1939 2183 2111 2243; x_wconf 88' lang='lat' dir='ltr'><strong>debet</strong></span> <span class='ocrx_word' id='word_1_254' title='bbox 2137 2183 2295 2262; x_wconf 90' lang='lat' dir='ltr'><strong>quod</strong></span> <span class='ocrx_word' id='word_1_255' title='bbox 2323 2192 2412 2243; x_wconf 90' lang='lat' dir='ltr'><strong>est</strong></span> <span class='ocrx_word' id='word_1_256' title='bbox 2444 2185 2770 2244; x_wconf 86' lang='lat' dir='ltr'><strong>Sacrarium</strong></span> <span class='ocrx_word' id='word_1_257' title='bbox 2803 2186 2930 2261; x_wconf 89' lang='lat' dir='ltr'><strong>Dei,</strong></span> 
     </span>
     <span class='ocr_line' id='line_1_24' title="bbox 523 2263 2500 2341; baseline 0.001 -20"><span class='ocrx_word' id='word_1_258' title='bbox 523 2263 599 2321; x_wconf 89' lang='lat' dir='ltr'><strong>ad</strong></span> <span class='ocrx_word' id='word_1_259' title='bbox 626 2263 771 2324; x_wconf 84' lang='lat' dir='ltr'><strong>tanti</strong></span> <span class='ocrx_word' id='word_1_260' title='bbox 799 2263 1062 2323; x_wconf 85' lang='lat' dir='ltr'><strong>beneficii</strong></span> <span class='ocrx_word' id='word_1_261' title='bbox 1084 2263 1415 2322; x_wconf 86' lang='lat' dir='ltr'><strong>memoriam</strong></span> <span class='ocrx_word' id='word_1_262' title='bbox 1444 2272 1722 2341; x_wconf 86' lang='lat' dir='ltr'><strong>perpetua</strong></span> <span class='ocrx_word' id='word_1_263' title='bbox 1747 2264 2098 2340; x_wconf 84' lang='lat' dir='ltr'><strong>gratitudine</strong></span> <span class='ocrx_word' id='word_1_264' title='bbox 2119 2263 2500 2324; x_wconf 87' lang='lat' dir='ltr'><strong>recolendam.</strong></span> 
     </span>
    </p>

    <p class='ocr_par' dir='ltr' id='par_1_4' title="bbox 506 2343 2932 4746">
     <span class='ocr_line' id='line_1_25' title="bbox 604 2343 2928 2423; baseline 0.002 -23"><span class='ocrx_word' id='word_1_265' title='bbox 604 2343 759 2402; x_wconf 91' lang='lat' dir='ltr'><strong>XX.</strong></span> <span class='ocrx_word' id='word_1_266' title='bbox 846 2344 933 2402; x_wconf 91' lang='lat' dir='ltr'><strong>Eo</strong></span> <span class='ocrx_word' id='word_1_267' title='bbox 962 2344 1211 2420; x_wconf 88' lang='lat' dir='ltr'><strong>pertinet</strong></span> <span class='ocrx_word' id='word_1_268' title='bbox 1259 2343 1431 2421; x_wconf 88' lang='lat' dir='ltr'><strong>quod,</strong></span> <span class='ocrx_word' id='word_1_269' title='bbox 1486 2343 1671 2421; x_wconf 87' lang='lat' dir='ltr'><strong>Apoc.</strong></span> <span class='ocrx_word' id='word_1_270' title='bbox 1721 2343 1780 2402; x_wconf 90' lang='lat' dir='ltr'><strong>ii.</strong></span> <span class='ocrx_word' id='word_1_271' title='bbox 1815 2347 1908 2418; x_wconf 89' lang='grc'><strong>17,</strong></span> <span class='ocrx_word' id='word_1_272' title='bbox 1960 2344 2170 2403; x_wconf 89' lang='lat' dir='ltr'><strong>dicitur</strong></span> <span class='ocrx_word' id='word_1_273' title='bbox 2217 2347 2288 2402; x_wconf 78' lang='lat' dir='ltr'><strong>de</strong></span> <span class='ocrx_word' id='word_1_274' title='bbox 2334 2365 2547 2404; x_wconf 83' lang='lat' dir='ltr'><strong>manna</strong></span> <span class='ocrx_word' id='word_1_275' title='bbox 2590 2345 2928 2423; x_wconf 76' lang='lat' dir='ltr'><strong>abscondito,</strong></span> 
     </span>
     <span class='ocr_line' id='line_1_26' title="bbox 522 2422 2928 2502; baseline 0.001 -20"><span class='ocrx_word' id='word_1_276' title='bbox 522 2423 679 2501; x_wconf 90' lang='lat' dir='ltr'><strong>quod</strong></span> <span class='ocrx_word' id='word_1_277' title='bbox 708 2423 971 2484; x_wconf 88' lang='lat' dir='ltr'><strong>Christus</strong></span> <span class='ocrx_word' id='word_1_278' title='bbox 998 2424 1205 2483; x_wconf 86' lang='lat' dir='ltr'><strong>victori</strong></span> <span class='ocrx_word' id='word_1_279' title='bbox 1232 2443 1294 2482; x_wconf 90' lang='lat' dir='ltr'><strong>se</strong></span> <span class='ocrx_word' id='word_1_280' title='bbox 1324 2422 1589 2482; x_wconf 88' lang='lat' dir='ltr'><strong>daturum</strong></span> <span class='ocrx_word' id='word_1_281' title='bbox 1618 2423 1939 2501; x_wconf 87' lang='lat' dir='ltr'><strong>pollicetur,</strong></span> <span class='ocrx_word' id='word_1_282' title='bbox 1970 2432 2038 2482; x_wconf 90' lang='grc' dir='ltr'><strong>ιιι</strong></span> <span class='ocrx_word' id='word_1_283' title='bbox 2063 2423 2208 2482; x_wconf 89' lang='lat' dir='ltr'><strong>illud</strong></span> <span class='ocrx_word' id='word_1_284' title='bbox 2231 2434 2482 2502; x_wconf 86' lang='lat' dir='ltr'><strong>opponat</strong></span> <span class='ocrx_word' id='word_1_285' title='bbox 2509 2426 2696 2502; x_wconf 88' lang='lat' dir='ltr'><strong>epulis</strong></span> <span class='ocrx_word' id='word_1_286' title='bbox 2720 2426 2928 2484; x_wconf 89' lang='lat' dir='ltr'><strong>Balaa-</strong></span> 
     </span>
     <span class='ocr_line' id='line_1_27' title="bbox 522 2503 2932 2580; baseline 0 -18"><span class='ocrx_word' id='word_1_287' title='bbox 522 2505 791 2563; x_wconf 85' lang='lat' dir='ltr'><strong>mitarum</strong></span> <span class='ocrx_word' id='word_1_288' title='bbox 818 2513 878 2563; x_wconf 90' lang='lat' dir='ltr'><strong>et</strong></span> <span class='ocrx_word' id='word_1_289' title='bbox 906 2504 1341 2578; x_wconf 80' lang='lat' dir='ltr'><strong>Nicolai‘tarum,</strong></span> <span class='ocrx_word' id='word_1_290' title='bbox 1392 2503 1601 2580; x_wconf 89' lang='lat' dir='ltr'><strong>quibus</strong></span> <span class='ocrx_word' id='word_1_291' title='bbox 1650 2503 1725 2562; x_wconf 86' lang='lat' dir='ltr'><strong>ad</strong></span> <span class='ocrx_word' id='word_1_292' title='bbox 1756 2503 2210 2580; x_wconf 86' lang='lat' dir='ltr'><strong>idolothytorum</strong></span> <span class='ocrx_word' id='word_1_293' title='bbox 2259 2523 2420 2563; x_wconf 89' lang='lat' dir='ltr'><strong>esum</strong></span> <span class='ocrx_word' id='word_1_294' title='bbox 2461 2505 2818 2564; x_wconf 85' lang='lat' dir='ltr'><strong>Christianos</strong></span> <span class='ocrx_word' id='word_1_295' title='bbox 2847 2506 2932 2564; x_wconf 87' lang='lat' dir='ltr'><strong>al-</strong></span> 
     </span>
     <span class='ocr_line' id='line_1_28' title="bbox 522 2583 2929 2662; baseline 0 -19"><span class='ocrx_word' id='word_1_296' title='bbox 522 2584 814 2660; x_wconf 88' lang='lat' dir='ltr'><strong>liciebant,</strong></span> <span class='ocrx_word' id='word_1_297' title='bbox 843 2593 903 2643; x_wconf 92' lang='lat' dir='ltr'><strong>et</strong></span> <span class='ocrx_word' id='word_1_298' title='bbox 930 2585 1135 2643; x_wconf 85' lang='lat' dir='ltr'><strong>doceat</strong></span> <span class='ocrx_word' id='word_1_299' title='bbox 1163 2585 1320 2662; x_wconf 88' lang='lat' dir='ltr'><strong>ipsos</strong></span> <span class='ocrx_word' id='word_1_300' title='bbox 1348 2603 1501 2661; x_wconf 85' lang='lat' dir='ltr'><strong>aegre</strong></span> <span class='ocrx_word' id='word_1_301' title='bbox 1522 2583 1670 2642; x_wconf 89' lang='lat' dir='ltr'><strong>ferre</strong></span> <span class='ocrx_word' id='word_1_302' title='bbox 1697 2603 1814 2643; x_wconf 92' lang='lat' dir='ltr'><strong>non</strong></span> <span class='ocrx_word' id='word_1_303' title='bbox 1837 2583 2064 2658; x_wconf 91' lang='lat' dir='ltr'><strong>debere,</strong></span> <span class='ocrx_word' id='word_1_304' title='bbox 2096 2583 2252 2660; x_wconf 90' lang='lat' dir='ltr'><strong>quod</strong></span> <span class='ocrx_word' id='word_1_305' title='bbox 2279 2584 2420 2642; x_wconf 88' lang='lat' dir='ltr'><strong>talia</strong></span> <span class='ocrx_word' id='word_1_306' title='bbox 2447 2585 2718 2642; x_wconf 88' lang='lat' dir='ltr'><strong>convivia</strong></span> <span class='ocrx_word' id='word_1_307' title='bbox 2745 2585 2929 2644; x_wconf 90' lang='lat' dir='ltr'><strong>idolo-</strong></span> 
     </span>
     <span class='ocr_line' id='line_1_29' title="bbox 521 2662 2930 2742; baseline 0.001 -20"><span class='ocrx_word' id='word_1_308' title='bbox 521 2664 725 2724; x_wconf 89' lang='lat' dir='ltr'><strong>latriea</strong></span> <span class='ocrx_word' id='word_1_309' title='bbox 750 2665 893 2742; x_wconf 87' lang='lat' dir='ltr'><strong>ipsis</strong></span> <span class='ocrx_word' id='word_1_310' title='bbox 921 2665 1262 2740; x_wconf 81' lang='lat' dir='ltr'><strong>interdicat3</strong></span> <span class='ocrx_word' id='word_1_311' title='bbox 1308 2683 1439 2724; x_wconf 89' lang='lat' dir='ltr'><strong>eum</strong></span> <span class='ocrx_word' id='word_1_312' title='bbox 1468 2664 1642 2742; x_wconf 88' lang='lat' dir='ltr'><strong>longe</strong></span> <span class='ocrx_word' id='word_1_313' title='bbox 1668 2664 1884 2723; x_wconf 88' lang='lat' dir='ltr'><strong>lautius</strong></span> <span class='ocrx_word' id='word_1_314' title='bbox 1910 2673 1970 2723; x_wconf 89' lang='lat' dir='ltr'><strong>et</strong></span> <span class='ocrx_word' id='word_1_315' title='bbox 1999 2662 2286 2722; x_wconf 88' lang='lat' dir='ltr'><strong>salubrius</strong></span> <span class='ocrx_word' id='word_1_316' title='bbox 2313 2663 2631 2722; x_wconf 88' lang='lat' dir='ltr'><strong>victoribus</strong></span> <span class='ocrx_word' id='word_1_317' title='bbox 2659 2663 2738 2724; x_wconf 90' lang='lat' dir='ltr'><strong>sit</strong></span> <span class='ocrx_word' id='word_1_318' title='bbox 2763 2665 2930 2724; x_wconf 87' lang='lat' dir='ltr'><strong>datu-</strong></span> 
     </span>
     <span class='ocr_line' id='line_1_30' title="bbox 520 2743 2926 2824; baseline -0.001 -20"><span class='ocrx_word' id='word_1_319' title='bbox 520 2765 637 2821; x_wconf 90' lang='lat' dir='ltr'><strong>rus,</strong></span> <span class='ocrx_word' id='word_1_320' title='bbox 697 2745 991 2824; x_wconf 83' lang='lat' dir='ltr'><strong>spirituale</strong></span> <span class='ocrx_word' id='word_1_321' title='bbox 1047 2745 1267 2805; x_wconf 88' lang='lat' dir='ltr'><strong>scilicet</strong></span> <span class='ocrx_word' id='word_1_322' title='bbox 1328 2744 1563 2822; x_wconf 89' lang='lat' dir='ltr'><strong>epulum</strong></span> <span class='ocrx_word' id='word_1_323' title='bbox 1619 2745 1820 2822; x_wconf 79' lang='lat' dir='ltr'><strong>gratiae</strong></span> <span class='ocrx_word' id='word_1_324' title='bbox 1875 2752 1935 2803; x_wconf 89' lang='lat' dir='ltr'><strong>et</strong></span> <span class='ocrx_word' id='word_1_325' title='bbox 1989 2744 2205 2820; x_wconf 75' lang='lat' dir='ltr'><strong>gloriae,</strong></span> <span class='ocrx_word' id='word_1_326' title='bbox 2277 2751 2338 2802; x_wconf 91' lang='lat' dir='ltr'><strong>et</strong></span> <span class='ocrx_word' id='word_1_327' title='bbox 2390 2743 2629 2803; x_wconf 83' lang='lat' dir='ltr'><strong>delicias</strong></span> <span class='ocrx_word' id='word_1_328' title='bbox 2691 2746 2926 2802; x_wconf 87' lang='lat' dir='ltr'><strong>immor-</strong></span> 
     </span>
     <span class='ocr_line' id='line_1_31' title="bbox 522 2823 2928 2902; baseline -0 -17"><span class='ocrx_word' id='word_1_329' title='bbox 522 2827 669 2886; x_wconf 86' lang='lat' dir='ltr'><strong>tales</strong></span> <span class='ocrx_word' id='word_1_330' title='bbox 726 2825 987 2885; x_wconf 90' lang='lat' dir='ltr'><strong>Paradisi</strong></span> <span class='ocrx_word' id='word_1_331' title='bbox 1056 2826 1117 2884; x_wconf 90' lang='lat' dir='ltr'><strong>in</strong></span> <span class='ocrx_word' id='word_1_332' title='bbox 1173 2825 1264 2884; x_wconf 88' lang='lat' dir='ltr'><strong>sui</strong></span> <span class='ocrx_word' id='word_1_333' title='bbox 1328 2825 1746 2900; x_wconf 85' lang='lat' dir='ltr'><strong>communione,</strong></span> <span class='ocrx_word' id='word_1_334' title='bbox 1814 2844 1944 2902; x_wconf 82' lang='lat' dir='ltr'><strong>quae</strong></span> <span class='ocrx_word' id='word_1_335' title='bbox 2008 2823 2218 2901; x_wconf 89' lang='lat' dir='ltr'><strong>quovis</strong></span> <span class='ocrx_word' id='word_1_336' title='bbox 2275 2824 2545 2882; x_wconf 86' lang='lat' dir='ltr'><strong>convivio</strong></span> <span class='ocrx_word' id='word_1_337' title='bbox 2603 2824 2928 2884; x_wconf 89' lang='lat' dir='ltr'><strong>lautissimo</strong></span> 
     </span>
     <span class='ocr_line' id='line_1_32' title="bbox 520 2903 2926 2984; baseline 0 -20"><span class='ocrx_word' id='word_1_338' title='bbox 520 2907 695 2984; x_wconf 89' lang='lat' dir='ltr'><strong>longe</strong></span> <span class='ocrx_word' id='word_1_339' title='bbox 749 2913 1041 2984; x_wconf 74' lang='lat' dir='ltr'><strong>praestant.</strong></span> <span class='ocrx_word' id='word_1_340' title='bbox 1126 2905 1359 2965; x_wconf 88' lang='lat' dir='ltr'><strong>Alludit</strong></span> <span class='ocrx_word' id='word_1_341' title='bbox 1412 2915 1605 2964; x_wconf 89' lang='lat' dir='ltr'><strong>autem</strong></span> <span class='ocrx_word' id='word_1_342' title='bbox 1661 2905 1735 2963; x_wconf 92' lang='lat' dir='ltr'><strong>ad</strong></span> <span class='ocrx_word' id='word_1_343' title='bbox 1761 2924 1832 2964; x_wconf 89' lang='lat' dir='ltr'><strong>ea</strong></span> <span class='ocrx_word' id='word_1_344' title='bbox 1874 2923 2004 2981; x_wconf 81' lang='lat' dir='ltr'><strong>quse</strong></span> <span class='ocrx_word' id='word_1_345' title='bbox 2049 2903 2366 2962; x_wconf 88' lang='lat' dir='ltr'><strong>victoribus</strong></span> <span class='ocrx_word' id='word_1_346' title='bbox 2403 2903 2706 2963; x_wconf 87' lang='lat' dir='ltr'><strong>dabantur.</strong></span> <span class='ocrx_word' id='word_1_347' title='bbox 2792 2905 2926 2964; x_wconf 87' lang='lat' dir='ltr'><strong>Cer-</strong></span> 
     </span>
     <span class='ocr_line' id='line_1_33' title="bbox 521 2983 2928 3061; baseline -0 -15"><span class='ocrx_word' id='word_1_348' title='bbox 521 2995 645 3046; x_wconf 86' lang='lat' dir='ltr'><strong>tum</strong></span> <span class='ocrx_word' id='word_1_349' title='bbox 700 2988 855 3046; x_wconf 90' lang='lat' dir='ltr'><strong>enim</strong></span> <span class='ocrx_word' id='word_1_350' title='bbox 912 2986 1255 3046; x_wconf 73' lang='lat' dir='ltr'><strong>Hieronicae</strong></span> <span class='ocrx_word' id='word_1_351' title='bbox 1304 3006 1407 3045; x_wconf 84' lang='lat' dir='ltr'><strong>seu</strong></span> <span class='ocrx_word' id='word_1_352' title='bbox 1462 2985 1732 3044; x_wconf 88' lang='lat' dir='ltr'><strong>Victores</strong></span> <span class='ocrx_word' id='word_1_353' title='bbox 1785 2985 1846 3042; x_wconf 88' lang='lat' dir='ltr'><strong>in</strong></span> <span class='ocrx_word' id='word_1_354' title='bbox 1887 2984 2140 3061; x_wconf 89' lang='lat' dir='ltr'><strong>quinque</strong></span> <span class='ocrx_word' id='word_1_355' title='bbox 2203 2983 2444 3043; x_wconf 81' lang='lat' dir='ltr'><strong>Graeciae</strong></span> <span class='ocrx_word' id='word_1_356' title='bbox 2517 2985 2928 3045; x_wconf 84' lang='lat' dir='ltr'><strong>certaminibus</strong></span> 
     </span>
     <span class='ocr_line' id='line_1_34' title="bbox 522 3063 2924 3148; baseline 0 -23"><span class='ocrx_word' id='word_1_357' title='bbox 522 3067 871 3142; x_wconf 76' lang='lat' dir='ltr'><strong>solennibuS,</strong></span> <span class='ocrx_word' id='word_1_358' title='bbox 930 3067 1109 3126; x_wconf 82' lang='lat' dir='ltr'><strong>variis</strong></span> <span class='ocrx_word' id='word_1_359' title='bbox 1162 3065 1397 3126; x_wconf 85' lang='lat' dir='ltr'><strong>affectos</strong></span> <span class='ocrx_word' id='word_1_360' title='bbox 1426 3065 1601 3124; x_wconf 85' lang='lat' dir='ltr'><strong>fuisse</strong></span> <span class='ocrx_word' id='word_1_361' title='bbox 1631 3065 1898 3143; x_wconf 75' lang='lat' dir='ltr'><strong>praemiis.</strong></span> <span class='ocrx_word' id='word_1_362' title='bbox 2011 3065 2174 3123; x_wconf 89' lang='lat' dir='ltr'><strong>Inter</strong></span> <span class='ocrx_word' id='word_1_363' title='bbox 2220 3063 2336 3122; x_wconf 89' lang='lat' dir='ltr'><strong>alia</strong></span> <span class='ocrx_word' id='word_1_364' title='bbox 2362 3063 2606 3124; x_wconf 90' lang='lat' dir='ltr'><strong>dabatur</strong></span> <span class='ocrx_word' id='word_1_365' title='bbox 2631 3065 2750 3124; x_wconf 86' lang='lat' dir='ltr'><strong>illis</strong></span> <span class='ocrx_word' id='word_1_366' title='bbox 2787 3065 2924 3148; x_wconf 66' lang='lat' dir='ltr'><strong>argoi-</strong></span> 
     </span>
     <span class='ocr_line' id='line_1_35' title="bbox 522 3143 2925 3228; baseline 0 -22"><span class='ocrx_word' id='word_1_367' title='bbox 522 3145 635 3228; x_wconf 71' lang='grc' dir='ltr'><strong>δςίιι</strong></span> <span class='ocrx_word' id='word_1_368' title='bbox 688 3149 749 3205; x_wconf 88' lang='lat' dir='ltr'><strong>in</strong></span> <span class='ocrx_word' id='word_1_369' title='bbox 806 3147 1108 3222; x_wconf 82' lang='lat' dir='ltr'><strong>agonibus,</strong></span> <span class='ocrx_word' id='word_1_370' title='bbox 1176 3155 1235 3205; x_wconf 89' lang='lat' dir='ltr'><strong>et</strong></span> <span class='ocrx_word' id='word_1_371' title='bbox 1276 3146 1520 3221; x_wconf 81' lang='lat' dir='ltr'><strong>voeatiO,</strong></span> <span class='ocrx_word' id='word_1_372' title='bbox 1574 3153 1636 3203; x_wconf 90' lang='lat' dir='ltr'><strong>et</strong></span> <span class='ocrx_word' id='word_1_373' title='bbox 1685 3145 1876 3204; x_wconf 87' lang='lat' dir='ltr'><strong>victus</strong></span> <span class='ocrx_word' id='word_1_374' title='bbox 1917 3164 1948 3203; x_wconf 94' lang='lat' dir='ltr'><strong>e</strong></span> <span class='ocrx_word' id='word_1_375' title='bbox 1989 3143 2242 3221; x_wconf 81' lang='lat' dir='ltr'><strong>publice,</strong></span> <span class='ocrx_word' id='word_1_376' title='bbox 2285 3153 2352 3202; x_wconf 89' lang='lat' dir='ltr'><strong>ut</strong></span> <span class='ocrx_word' id='word_1_377' title='bbox 2379 3143 2631 3204; x_wconf 83' lang='lat' dir='ltr'><strong>Athenis</strong></span> <span class='ocrx_word' id='word_1_378' title='bbox 2681 3144 2756 3204; x_wconf 90' lang='lat' dir='ltr'><strong>de</strong></span> <span class='ocrx_word' id='word_1_379' title='bbox 2805 3167 2925 3224; x_wconf 90' lang='lat' dir='ltr'><strong>rep.</strong></span> 
     </span>
     <span class='ocr_line' id='line_1_36' title="bbox 522 3223 2922 3304; baseline -0.001 -17"><span class='ocrx_word' id='word_1_380' title='bbox 522 3228 667 3287; x_wconf 93' lang='lat' dir='ltr'><strong>bene</strong></span> <span class='ocrx_word' id='word_1_381' title='bbox 724 3226 944 3285; x_wconf 89' lang='lat' dir='ltr'><strong>meritis</strong></span> <span class='ocrx_word' id='word_1_382' title='bbox 998 3227 1059 3284; x_wconf 90' lang='lat' dir='ltr'><strong>in</strong></span> <span class='ocrx_word' id='word_1_383' title='bbox 1115 3227 1420 3304; x_wconf 82' lang='lat' dir='ltr'><strong>Prytane0,</strong></span> <span class='ocrx_word' id='word_1_384' title='bbox 1479 3224 1638 3302; x_wconf 94' lang='lat' dir='ltr'><strong>quod</strong></span> <span class='ocrx_word' id='word_1_385' title='bbox 1691 3223 1824 3283; x_wconf 89' lang='lat' dir='ltr'><strong>inde</strong></span> <span class='ocrx_word' id='word_1_386' title='bbox 1887 3243 2096 3282; x_wconf 88' lang='lat' dir='ltr'><strong>nomen</strong></span> <span class='ocrx_word' id='word_1_387' title='bbox 2160 3224 2427 3300; x_wconf 87' lang='lat' dir='ltr'><strong>habebat,</strong></span> <span class='ocrx_word' id='word_1_388' title='bbox 2487 3223 2622 3302; x_wconf 91' lang='lat' dir='ltr'><strong>quia</strong></span> <span class='ocrx_word' id='word_1_389' title='bbox 2685 3225 2766 3284; x_wconf 91' lang='lat' dir='ltr'><strong>ibi</strong></span> <span class='ocrx_word' id='word_1_390' title='bbox 2823 3247 2922 3284; x_wconf 88' lang='lat' dir='ltr'><strong>an-</strong></span> 
     </span>
     <span class='ocr_line' id='line_1_37' title="bbox 518 3303 2922 3386; baseline 0 -23"><span class='ocrx_word' id='word_1_391' title='bbox 518 3325 673 3366; x_wconf 88' lang='lat' dir='ltr'><strong>nona</strong></span> <span class='ocrx_word' id='word_1_392' title='bbox 726 3305 957 3383; x_wconf 88' lang='lat' dir='ltr'><strong>publiea</strong></span> <span class='ocrx_word' id='word_1_393' title='bbox 1010 3306 1414 3364; x_wconf 85' lang='lat' dir='ltr'><strong>asservabatur</strong></span> <span class='ocrx_word' id='word_1_394' title='bbox 1476 3305 1535 3364; x_wconf 90' lang='lat' dir='ltr'><strong>in</strong></span> <span class='ocrx_word' id='word_1_395' title='bbox 1601 3304 1886 3382; x_wconf 88' lang='lat' dir='ltr'><strong>granariis</strong></span> <span class='ocrx_word' id='word_1_396' title='bbox 1923 3303 2282 3381; x_wconf 86' lang='lat' dir='ltr'><strong>abscondita,</strong></span> <span class='ocrx_word' id='word_1_397' title='bbox 2311 3325 2367 3382; x_wconf 90' lang='lat' dir='ltr'><strong>q.</strong></span> <span class='ocrx_word' id='word_1_398' title='bbox 2409 3305 2466 3364; x_wconf 92' lang='lat' dir='ltr'><strong>d.</strong></span> <span class='ocrx_word' id='word_1_399' title='bbox 2523 3311 2684 3386; x_wconf 64' lang='grc' dir='ltr'><strong>πυςοῧ</strong></span> <span class='ocrx_word' id='word_1_400' title='bbox 2745 3313 2922 3382; x_wconf 64' lang='grc' dir='ltr'><strong>ταμεῖ-</strong></span> 
     </span>
     <span class='ocr_line' id='line_1_38' title="bbox 516 3383 2924 3462; baseline 0 -18"><span class='ocrx_word' id='word_1_401' title='bbox 516 3413 581 3446; x_wconf 77' lang='grc' dir='ltr'><strong>οι.</strong></span> <span class='ocrx_word' id='word_1_402' title='bbox 668 3386 746 3445; x_wconf 88' lang='grc' dir='ltr'><strong>Ει</strong></span> <span class='ocrx_word' id='word_1_403' title='bbox 776 3385 1173 3445; x_wconf 77' lang='lat' dir='ltr'><strong>Hellanodicae</strong></span> <span class='ocrx_word' id='word_1_404' title='bbox 1217 3385 1462 3445; x_wconf 89' lang='lat' dir='ltr'><strong>candido</strong></span> <span class='ocrx_word' id='word_1_405' title='bbox 1511 3385 1734 3444; x_wconf 84' lang='lat' dir='ltr'><strong>calculo</strong></span> <span class='ocrx_word' id='word_1_406' title='bbox 1761 3383 2240 3462; x_wconf 84' lang='lat' dir='ltr'><strong>suffragabantur,</strong></span> <span class='ocrx_word' id='word_1_407' title='bbox 2270 3395 2330 3444; x_wconf 91' lang='lat' dir='ltr'><strong>et</strong></span> <span class='ocrx_word' id='word_1_408' title='bbox 2376 3384 2627 3443; x_wconf 90' lang='lat' dir='ltr'><strong>victores</strong></span> <span class='ocrx_word' id='word_1_409' title='bbox 2673 3404 2924 3461; x_wconf 90' lang='lat' dir='ltr'><strong>pronun-</strong></span> 
     </span>
     <span class='ocr_line' id='line_1_39' title="bbox 520 3464 2921 3543; baseline 0 -17"><span class='ocrx_word' id='word_1_410' title='bbox 520 3467 767 3527; x_wconf 87' lang='lat' dir='ltr'><strong>ciabant.</strong></span> <span class='ocrx_word' id='word_1_411' title='bbox 853 3466 1146 3542; x_wconf 68' lang='lat' dir='ltr'><strong>Bromittit</strong></span> <span class='ocrx_word' id='word_1_412' title='bbox 1172 3485 1311 3543; x_wconf 90' lang='lat' dir='ltr'><strong>ergo</strong></span> <span class='ocrx_word' id='word_1_413' title='bbox 1357 3465 1734 3543; x_wconf 88' lang='lat' dir='ltr'><strong>Agonotheta</strong></span> <span class='ocrx_word' id='word_1_414' title='bbox 1781 3465 2032 3524; x_wconf 85' lang='lat' dir='ltr'><strong>eoelestis</strong></span> <span class='ocrx_word' id='word_1_415' title='bbox 2081 3465 2448 3524; x_wconf 89' lang='lat' dir='ltr'><strong>vincentibus</strong></span> <span class='ocrx_word' id='word_1_416' title='bbox 2503 3464 2921 3526; x_wconf 77' lang='lat' dir='ltr'><strong>Nicolaitarum</strong></span> 
     </span>
     <span class='ocr_line' id='line_1_40' title="bbox 520 3544 2924 3624; baseline 0 -18"><span class='ocrx_word' id='word_1_417' title='bbox 520 3547 838 3622; x_wconf 85' lang='lat' dir='ltr'><strong>illecebras,</strong></span> <span class='ocrx_word' id='word_1_418' title='bbox 869 3566 972 3624; x_wconf 90' lang='lat' dir='ltr'><strong>pro</strong></span> <span class='ocrx_word' id='word_1_419' title='bbox 1001 3567 1069 3606; x_wconf 88' lang='lat' dir='ltr'><strong>eo</strong></span> <span class='ocrx_word' id='word_1_420' title='bbox 1097 3546 1255 3624; x_wconf 89' lang='lat' dir='ltr'><strong>quod</strong></span> <span class='ocrx_word' id='word_1_421' title='bbox 1282 3545 1605 3623; x_wconf 84' lang='lat' dir='ltr'><strong>idolothyta</strong></span> <span class='ocrx_word' id='word_1_422' title='bbox 1635 3545 1972 3624; x_wconf 81' lang='lat' dir='ltr'><strong>spreverint,</strong></span> <span class='ocrx_word' id='word_1_423' title='bbox 2003 3565 2120 3604; x_wconf 91' lang='lat' dir='ltr'><strong>non</strong></span> <span class='ocrx_word' id='word_1_424' title='bbox 2147 3565 2364 3604; x_wconf 82' lang='lat' dir='ltr'><strong>mazam</strong></span> <span class='ocrx_word' id='word_1_425' title='bbox 2395 3545 2456 3602; x_wconf 90' lang='lat' dir='ltr'><strong>in</strong></span> <span class='ocrx_word' id='word_1_426' title='bbox 2485 3544 2793 3622; x_wconf 89' lang='lat' dir='ltr'><strong>Prytane0,</strong></span> <span class='ocrx_word' id='word_1_427' title='bbox 2821 3549 2924 3607; x_wconf 87' lang='lat' dir='ltr'><strong>sed</strong></span> 
     </span>
     <span class='ocr_line' id='line_1_41' title="bbox 518 3624 2922 3704; baseline -0.001 -16"><span class='ocrx_word' id='word_1_428' title='bbox 518 3649 731 3688; x_wconf 81' lang='lat' dir='ltr'><strong>manna</strong></span> <span class='ocrx_word' id='word_1_429' title='bbox 758 3631 981 3702; x_wconf 74' lang='lat' dir='ltr'><strong>coeleste,</strong></span> <span class='ocrx_word' id='word_1_430' title='bbox 1032 3647 1148 3686; x_wconf 89' lang='lat' dir='ltr'><strong>non</strong></span> <span class='ocrx_word' id='word_1_431' title='bbox 1174 3627 1489 3704; x_wconf 88' lang='lat' dir='ltr'><strong>repositum</strong></span> <span class='ocrx_word' id='word_1_432' title='bbox 1530 3627 1593 3684; x_wconf 88' lang='lat' dir='ltr'><strong>in</strong></span> <span class='ocrx_word' id='word_1_433' title='bbox 1643 3626 1804 3684; x_wconf 88' lang='lat' dir='ltr'><strong>Arca</strong></span> <span class='ocrx_word' id='word_1_434' title='bbox 1851 3624 2099 3699; x_wconf 81' lang='lat' dir='ltr'><strong>foederis,</strong></span> <span class='ocrx_word' id='word_1_435' title='bbox 2149 3624 2253 3683; x_wconf 89' lang='lat' dir='ltr'><strong>sed</strong></span> <span class='ocrx_word' id='word_1_436' title='bbox 2306 3624 2706 3685; x_wconf 86' lang='lat' dir='ltr'><strong>absconditum</strong></span> <span class='ocrx_word' id='word_1_437' title='bbox 2743 3645 2922 3704; x_wconf 83' lang='lat' dir='ltr'><strong>penes</strong></span> 
     </span>
     <span class='ocr_line' id='line_1_42' title="bbox 520 3703 2922 3784; baseline -0.001 -15"><span class='ocrx_word' id='word_1_438' title='bbox 520 3711 728 3784; x_wconf 90' lang='lat' dir='ltr'><strong>Deum,</strong></span> <span class='ocrx_word' id='word_1_439' title='bbox 760 3709 861 3767; x_wconf 89' lang='lat' dir='ltr'><strong>ubi</strong></span> <span class='ocrx_word' id='word_1_440' title='bbox 888 3707 1175 3784; x_wconf 90' lang='lat' dir='ltr'><strong>eorrumpi</strong></span> <span class='ocrx_word' id='word_1_441' title='bbox 1212 3707 1429 3784; x_wconf 89' lang='lat' dir='ltr'><strong>nequit.</strong></span> <span class='ocrx_word' id='word_1_442' title='bbox 1517 3707 1593 3766; x_wconf 89' lang='lat' dir='ltr'><strong>Se</strong></span> <span class='ocrx_word' id='word_1_443' title='bbox 1620 3725 1760 3783; x_wconf 89' lang='lat' dir='ltr'><strong>ergo</strong></span> <span class='ocrx_word' id='word_1_444' title='bbox 1806 3725 1936 3764; x_wconf 92' lang='lat' dir='ltr'><strong>eum</strong></span> <span class='ocrx_word' id='word_1_445' title='bbox 1965 3703 2261 3764; x_wconf 88' lang='lat' dir='ltr'><strong>beneficiis</strong></span> <span class='ocrx_word' id='word_1_446' title='bbox 2325 3704 2446 3763; x_wconf 88' lang='lat' dir='ltr'><strong>suis</strong></span> <span class='ocrx_word' id='word_1_447' title='bbox 2493 3713 2665 3764; x_wconf 87' lang='lat' dir='ltr'><strong>vocat</strong></span> <span class='ocrx_word' id='word_1_448' title='bbox 2707 3726 2922 3767; x_wconf 83' lang='lat' dir='ltr'><strong>manna</strong></span> 
     </span>
     <span class='ocr_line' id='line_1_43' title="bbox 518 3784 2920 3864; baseline -0.001 -15"><span class='ocrx_word' id='word_1_449' title='bbox 518 3790 913 3863; x_wconf 78' lang='lat' dir='ltr'><strong>absconditum,</strong></span> <span class='ocrx_word' id='word_1_450' title='bbox 944 3786 1303 3864; x_wconf 86' lang='lat' dir='ltr'><strong>respiciendo</strong></span> <span class='ocrx_word' id='word_1_451' title='bbox 1332 3787 1405 3844; x_wconf 90' lang='lat' dir='ltr'><strong>ad</strong></span> <span class='ocrx_word' id='word_1_452' title='bbox 1434 3806 1659 3860; x_wconf 84' lang='lat' dir='ltr'><strong>manna,</strong></span> <span class='ocrx_word' id='word_1_453' title='bbox 1690 3786 1849 3863; x_wconf 92' lang='lat' dir='ltr'><strong>quod</strong></span> <span class='ocrx_word' id='word_1_454' title='bbox 1891 3785 1953 3843; x_wconf 90' lang='lat' dir='ltr'><strong>in</strong></span> <span class='ocrx_word' id='word_1_455' title='bbox 1978 3805 2126 3844; x_wconf 88' lang='lat' dir='ltr'><strong>urna</strong></span> <span class='ocrx_word' id='word_1_456' title='bbox 2161 3805 2336 3844; x_wconf 88' lang='lat' dir='ltr'><strong>aurea</strong></span> <span class='ocrx_word' id='word_1_457' title='bbox 2377 3786 2578 3862; x_wconf 90' lang='lat' dir='ltr'><strong>reponi</strong></span> <span class='ocrx_word' id='word_1_458' title='bbox 2607 3784 2823 3862; x_wconf 88' lang='lat' dir='ltr'><strong>debuit,</strong></span> <span class='ocrx_word' id='word_1_459' title='bbox 2855 3797 2920 3847; x_wconf 89' lang='lat' dir='ltr'><strong>ut</strong></span> 
     </span>
     <span class='ocr_line' id='line_1_44' title="bbox 519 3864 2918 3944; baseline -0.002 -13"><span class='ocrx_word' id='word_1_460' title='bbox 519 3877 913 3930; x_wconf 85' lang='lat' dir='ltr'><strong>asservaretur</strong></span> <span class='ocrx_word' id='word_1_461' title='bbox 954 3867 1015 3924; x_wconf 89' lang='lat' dir='ltr'><strong>in</strong></span> <span class='ocrx_word' id='word_1_462' title='bbox 1066 3867 1313 3926; x_wconf 86' lang='lat' dir='ltr'><strong>sacrario</strong></span> <span class='ocrx_word' id='word_1_463' title='bbox 1336 3886 1525 3925; x_wconf 85' lang='lat' dir='ltr'><strong>coram</strong></span> <span class='ocrx_word' id='word_1_464' title='bbox 1563 3866 1606 3925; x_wconf 88' lang='lat' dir='ltr'><strong>J</strong></span> <span class='ocrx_word' id='word_1_465' title='bbox 1610 3867 1814 3940; x_wconf 90' lang='lat' dir='ltr'><strong>ehova,</strong></span> <span class='ocrx_word' id='word_1_466' title='bbox 1865 3864 2039 3943; x_wconf 90' lang='lat' dir='ltr'><strong>idque</strong></span> <span class='ocrx_word' id='word_1_467' title='bbox 2083 3865 2509 3942; x_wconf 87' lang='lat' dir='ltr'><strong>quadrifariam,</strong></span> <span class='ocrx_word' id='word_1_468' title='bbox 2540 3869 2592 3925; x_wconf 88' lang='lat'><strong>1.</strong></span> <span class='ocrx_word' id='word_1_469' title='bbox 2623 3866 2682 3924; x_wconf 72' lang='lat' dir='ltr'><strong>in</strong></span> <span class='ocrx_word' id='word_1_470' title='bbox 2721 3868 2918 3944; x_wconf 78' lang='lat' dir='ltr'><strong>VerbO,</strong></span> 
     </span>
     <span class='ocr_line' id='line_1_45' title="bbox 518 3945 2919 4029; baseline -0.002 -19"><span class='ocrx_word' id='word_1_471' title='bbox 518 3951 657 4029; x_wconf 90' lang='lat' dir='ltr'><strong>quia</strong></span> <span class='ocrx_word' id='word_1_472' title='bbox 687 3948 1005 4008; x_wconf 86' lang='lat' dir='ltr'><strong>“Christus</strong></span> <span class='ocrx_word' id='word_1_473' title='bbox 1033 3947 1407 4006; x_wconf 90' lang='lat' dir='ltr'><strong>absconditus</strong></span> <span class='ocrx_word' id='word_1_474' title='bbox 1434 3955 1522 4004; x_wconf 88' lang='lat' dir='ltr'><strong>est</strong></span> <span class='ocrx_word' id='word_1_475' title='bbox 1549 3947 1888 4006; x_wconf 85' lang='lat' dir='ltr'><strong>naturaliter</strong></span> <span class='ocrx_word' id='word_1_476' title='bbox 1929 3945 2319 4022; x_wconf 89' lang='lat' dir='ltr'><strong>hominibus,”</strong></span> <span class='ocrx_word' id='word_1_477' title='bbox 2349 3946 2451 4022; x_wconf 92' lang='lat' dir='ltr'><strong>qui</strong></span> <span class='ocrx_word' id='word_1_478' title='bbox 2499 3946 2575 4005; x_wconf 91' lang='lat' dir='ltr'><strong>ad</strong></span> <span class='ocrx_word' id='word_1_479' title='bbox 2618 3947 2744 4024; x_wconf 87' lang='lat' dir='ltr'><strong>ejus</strong></span> <span class='ocrx_word' id='word_1_480' title='bbox 2772 3947 2919 4006; x_wconf 85' lang='lat' dir='ltr'><strong>noti-</strong></span> 
     </span>
     <span class='ocr_line' id='line_1_46' title="bbox 516 4026 2920 4108; baseline -0.002 -17"><span class='ocrx_word' id='word_1_481' title='bbox 516 4033 657 4091; x_wconf 86' lang='lat' dir='ltr'><strong>tiam</strong></span> <span class='ocrx_word' id='word_1_482' title='bbox 685 4029 987 4108; x_wconf 86' lang='lat' dir='ltr'><strong>pervenire</strong></span> <span class='ocrx_word' id='word_1_483' title='bbox 1014 4035 1307 4105; x_wconf 90' lang='lat' dir='ltr'><strong>nequeunt</strong></span> <span class='ocrx_word' id='word_1_484' title='bbox 1336 4027 1457 4085; x_wconf 88' lang='lat' dir='ltr'><strong>sine</strong></span> <span class='ocrx_word' id='word_1_485' title='bbox 1484 4027 1854 4100; x_wconf 87' lang='lat' dir='ltr'><strong>revelatione,</strong></span> <span class='ocrx_word' id='word_1_486' title='bbox 1889 4027 2118 4084; x_wconf 91' lang='lat' dir='ltr'><strong>“homo</strong></span> <span class='ocrx_word' id='word_1_487' title='bbox 2147 4026 2300 4084; x_wconf 89' lang='lat' dir='ltr'><strong>enim</strong></span> <span class='ocrx_word' id='word_1_488' title='bbox 2337 4026 2603 4084; x_wconf 88' lang='lat' dir='ltr'><strong>animalis</strong></span> <span class='ocrx_word' id='word_1_489' title='bbox 2630 4046 2748 4085; x_wconf 91' lang='lat' dir='ltr'><strong>non</strong></span> <span class='ocrx_word' id='word_1_490' title='bbox 2765 4027 2920 4104; x_wconf 87' lang='lat' dir='ltr'><strong>capit</strong></span> 
     </span>
     <span class='ocr_line' id='line_1_47' title="bbox 508 4106 2918 4189; baseline -0.003 -17"><span class='ocrx_word' id='word_1_491' title='bbox 508 4133 578 4172; x_wconf 92' lang='lat' dir='ltr'><strong>ea</strong></span> <span class='ocrx_word' id='word_1_492' title='bbox 606 4131 735 4189; x_wconf 78' lang='lat' dir='ltr'><strong>quse</strong></span> <span class='ocrx_word' id='word_1_493' title='bbox 766 4119 901 4168; x_wconf 88' lang='lat' dir='ltr'><strong>sunt</strong></span> <span class='ocrx_word' id='word_1_494' title='bbox 930 4109 1100 4182; x_wconf 89' lang='lat' dir='ltr'><strong>Dei,&#39;’</strong></span> <span class='ocrx_word' id='word_1_495' title='bbox 1136 4110 1167 4165; x_wconf 92' lang='lat'>1</span> <span class='ocrx_word' id='word_1_496' title='bbox 1204 4107 1332 4166; x_wconf 89' lang='lat' dir='ltr'><strong>Cor.</strong></span> <span class='ocrx_word' id='word_1_497' title='bbox 1364 4106 1423 4165; x_wconf 88' lang='lat' dir='ltr'><strong>ii.</strong></span> <span class='ocrx_word' id='word_1_498' title='bbox 1461 4109 1553 4180; x_wconf 83' lang='lat'><strong>14,</strong></span> <span class='ocrx_word' id='word_1_499' title='bbox 1586 4116 1645 4165; x_wconf 91' lang='lat' dir='ltr'><strong>et</strong></span> <span class='ocrx_word' id='word_1_500' title='bbox 1702 4109 1738 4139; x_wconf 92' lang='lat'>“</span> <span class='ocrx_word' id='word_1_501' title='bbox 1763 4126 1896 4165; x_wconf 89' lang='lat' dir='ltr'><strong>caro</strong></span> <span class='ocrx_word' id='word_1_502' title='bbox 1925 4114 1984 4164; x_wconf 89' lang='lat' dir='ltr'><strong>et</strong></span> <span class='ocrx_word' id='word_1_503' title='bbox 2013 4107 2253 4183; x_wconf 89' lang='lat' dir='ltr'><strong>sanguis</strong></span> <span class='ocrx_word' id='word_1_504' title='bbox 2275 4125 2394 4165; x_wconf 90' lang='lat' dir='ltr'><strong>non</strong></span> <span class='ocrx_word' id='word_1_505' title='bbox 2435 4106 2660 4165; x_wconf 89' lang='lat' dir='ltr'><strong>revelat</strong></span> <span class='ocrx_word' id='word_1_506' title='bbox 2689 4106 2857 4165; x_wconf 89' lang='lat' dir='ltr'><strong>uobis</strong></span> <span class='ocrx_word' id='word_1_507' title='bbox 2881 4108 2918 4134; x_wconf 85' lang='lat'><strong>’&#39;</strong></span> 
     </span>
     <span class='ocr_line' id='line_1_48' title="bbox 515 4185 2918 4267; baseline -0.002 -15"><span class='ocrx_word' id='word_1_508' title='bbox 515 4191 731 4253; x_wconf 85' lang='lat' dir='ltr'><strong>Christi</strong></span> <span class='ocrx_word' id='word_1_509' title='bbox 756 4189 1114 4267; x_wconf 84' lang='lat' dir='ltr'><strong>mysterium,</strong></span> <span class='ocrx_word' id='word_1_510' title='bbox 1146 4187 1249 4247; x_wconf 90' lang='lat' dir='ltr'><strong>sed</strong></span> <span class='ocrx_word' id='word_1_511' title='bbox 1278 4187 1433 4246; x_wconf 86' lang='lat' dir='ltr'><strong>solus</strong></span> <span class='ocrx_word' id='word_1_512' title='bbox 1464 4187 1638 4246; x_wconf 87' lang='lat' dir='ltr'><strong>Pater</strong></span> <span class='ocrx_word' id='word_1_513' title='bbox 1664 4185 1932 4262; x_wconf 87' lang='lat' dir='ltr'><strong>eoelestis,</strong></span> <span class='ocrx_word' id='word_1_514' title='bbox 1965 4187 2176 4245; x_wconf 90' lang='lat' dir='ltr'><strong>Matth.</strong></span> <span class='ocrx_word' id='word_1_515' title='bbox 2215 4187 2338 4247; x_wconf 85' lang='lat' dir='ltr'><strong>xvi.</strong></span> <span class='ocrx_word' id='word_1_516' title='bbox 2373 4189 2465 4261; x_wconf 87' lang='grc'><strong>17,</strong></span> <span class='ocrx_word' id='word_1_517' title='bbox 2497 4195 2556 4245; x_wconf 90' lang='lat' dir='ltr'><strong>et</strong></span> <span class='ocrx_word' id='word_1_518' title='bbox 2583 4186 2664 4244; x_wconf 85' lang='lat' dir='ltr'><strong>xi.</strong></span> <span class='ocrx_word' id='word_1_519' title='bbox 2694 4189 2789 4260; x_wconf 84' lang='lat'><strong>25,</strong></span> <span class='ocrx_word' id='word_1_520' title='bbox 2822 4190 2918 4263; x_wconf 90' lang='grc'><strong>26,</strong></span> 
     </span>
     <span class='ocr_line' id='line_1_49' title="bbox 512 4266 2919 4348; baseline -0.002 -16"><span class='ocrx_word' id='word_1_521' title='bbox 512 4283 573 4332; x_wconf 88' lang='grc' dir='ltr'><strong>8ι</strong></span> <span class='ocrx_word' id='word_1_522' title='bbox 599 4273 722 4331; x_wconf 83' lang='lat' dir='ltr'><strong>xiii.</strong></span> <span class='ocrx_word' id='word_1_523' title='bbox 758 4274 849 4347; x_wconf 91' lang='grc'><strong>11,</strong></span> <span class='ocrx_word' id='word_1_524' title='bbox 881 4269 1037 4348; x_wconf 89' lang='lat' dir='ltr'><strong>quod</strong></span> <span class='ocrx_word' id='word_1_525' title='bbox 1065 4268 1195 4328; x_wconf 92' lang='lat' dir='ltr'><strong>ideo</strong></span> <span class='ocrx_word' id='word_1_526' title='bbox 1224 4268 1435 4326; x_wconf 90' lang='lat' dir='ltr'><strong>dieitur</strong></span> <span class='ocrx_word' id='word_1_527' title='bbox 1485 4266 1940 4326; x_wconf 86' lang='lat' dir='ltr'><strong>“absconditum</strong></span> <span class='ocrx_word' id='word_1_528' title='bbox 1987 4267 2324 4344; x_wconf 87' lang='lat' dir='ltr'><strong>mysterium</strong></span> <span class='ocrx_word' id='word_1_529' title='bbox 2369 4267 2700 4344; x_wconf 84' lang='lat' dir='ltr'><strong>gentibus‚”</strong></span> <span class='ocrx_word' id='word_1_530' title='bbox 2750 4267 2919 4326; x_wconf 88' lang='lat' dir='ltr'><strong>Rom.</strong></span> 
     </span>
     <span class='ocr_line' id='line_1_50' title="bbox 512 4345 2923 4427; baseline -0.002 -17"><span class='ocrx_word' id='word_1_531' title='bbox 512 4353 636 4411; x_wconf 84' lang='lat' dir='ltr'><strong>xvi.</strong></span> <span class='ocrx_word' id='word_1_532' title='bbox 668 4354 763 4426; x_wconf 86' lang='lat'><strong>25,</strong></span> <span class='ocrx_word' id='word_1_533' title='bbox 794 4351 931 4427; x_wconf 89' lang='lat' dir='ltr'><strong>quia</strong></span> <span class='ocrx_word' id='word_1_534' title='bbox 958 4349 1215 4409; x_wconf 88' lang='lat' dir='ltr'><strong>continet</strong></span> <span class='ocrx_word' id='word_1_535' title='bbox 1256 4369 1350 4408; x_wconf 89' lang='lat' dir='ltr'><strong>res</strong></span> <span class='ocrx_word' id='word_1_536' title='bbox 1397 4351 1596 4426; x_wconf 88' lang='lat' dir='ltr'><strong>“quas</strong></span> <span class='ocrx_word' id='word_1_537' title='bbox 1625 4348 1827 4408; x_wconf 88' lang='lat' dir='ltr'><strong>oculus</strong></span> <span class='ocrx_word' id='word_1_538' title='bbox 1875 4368 1990 4406; x_wconf 90' lang='lat' dir='ltr'><strong>non</strong></span> <span class='ocrx_word' id='word_1_539' title='bbox 2035 4346 2199 4422; x_wconf 89' lang='lat' dir='ltr'><strong>vidit,</strong></span> <span class='ocrx_word' id='word_1_540' title='bbox 2249 4368 2358 4407; x_wconf 89' lang='lat' dir='ltr'><strong>nee</strong></span> <span class='ocrx_word' id='word_1_541' title='bbox 2405 4346 2562 4406; x_wconf 87' lang='lat' dir='ltr'><strong>auris</strong></span> <span class='ocrx_word' id='word_1_542' title='bbox 2591 4345 2831 4422; x_wconf 82' lang='lat' dir='ltr'><strong>audivit,</strong></span> <span class='ocrx_word' id='word_1_543' title='bbox 2863 4357 2923 4406; x_wconf 88' lang='lat' dir='ltr'><strong>et</strong></span> 
     </span>
     <span class='ocr_line' id='line_1_51' title="bbox 513 4427 2922 4508; baseline -0.002 -18"><span class='ocrx_word' id='word_1_544' title='bbox 513 4451 645 4508; x_wconf 80' lang='lat' dir='ltr'><strong>quse</strong></span> <span class='ocrx_word' id='word_1_545' title='bbox 673 4433 733 4489; x_wconf 91' lang='lat' dir='ltr'><strong>in</strong></span> <span class='ocrx_word' id='word_1_546' title='bbox 760 4450 860 4488; x_wconf 91' lang='lat' dir='ltr'><strong>cor</strong></span> <span class='ocrx_word' id='word_1_547' title='bbox 886 4430 1135 4488; x_wconf 89' lang='lat' dir='ltr'><strong>hominis</strong></span> <span class='ocrx_word' id='word_1_548' title='bbox 1178 4450 1295 4488; x_wconf 91' lang='lat' dir='ltr'><strong>non</strong></span> <span class='ocrx_word' id='word_1_549' title='bbox 1325 4429 1766 4504; x_wconf 86' lang='lat' dir='ltr'><strong>ascenderunt,”</strong></span> <span class='ocrx_word' id='word_1_550' title='bbox 1803 4431 1832 4485; x_wconf 95' lang='grc'><strong>1</strong></span> <span class='ocrx_word' id='word_1_551' title='bbox 1883 4427 2012 4487; x_wconf 90' lang='lat' dir='ltr'><strong>Cor.</strong></span> <span class='ocrx_word' id='word_1_552' title='bbox 2065 4427 2125 4485; x_wconf 92' lang='lat' dir='ltr'><strong>ii.</strong></span> <span class='ocrx_word' id='word_1_553' title='bbox 2156 4429 2212 4486; x_wconf 88' lang='lat'><strong>9.</strong></span> <span class='ocrx_word' id='word_1_554' title='bbox 2299 4429 2524 4486; x_wconf 89' lang='lat' dir='ltr'><strong>Rursus</strong></span> <span class='ocrx_word' id='word_1_555' title='bbox 2571 4428 2922 4486; x_wconf 77' lang='lat' dir='ltr'><strong>absconditus</strong></span> 
     </span>
     <span class='ocr_line' id='line_1_52' title="bbox 513 4507 2920 4587; baseline -0.001 -18"><span class='ocrx_word' id='word_1_556' title='bbox 513 4511 724 4569; x_wconf 88' lang='lat' dir='ltr'><strong>dieitur</strong></span> <span class='ocrx_word' id='word_1_557' title='bbox 748 4517 1013 4587; x_wconf 88' lang='lat' dir='ltr'><strong>respectu</strong></span> <span class='ocrx_word' id='word_1_558' title='bbox 1040 4511 1426 4586; x_wconf 82' lang='lat' dir='ltr'><strong>reproborum,</strong></span> <span class='ocrx_word' id='word_1_559' title='bbox 1477 4509 1689 4586; x_wconf 87' lang='lat' dir='ltr'><strong>quibus</strong></span> <span class='ocrx_word' id='word_1_560' title='bbox 1717 4528 1834 4567; x_wconf 89' lang='lat' dir='ltr'><strong>nou</strong></span> <span class='ocrx_word' id='word_1_561' title='bbox 1877 4507 2076 4566; x_wconf 89' lang='lat' dir='ltr'><strong>datum</strong></span> <span class='ocrx_word' id='word_1_562' title='bbox 2105 4516 2194 4566; x_wconf 88' lang='lat' dir='ltr'><strong>est</strong></span> <span class='ocrx_word' id='word_1_563' title='bbox 2232 4526 2404 4566; x_wconf 85' lang='lat' dir='ltr'><strong>nosse</strong></span> <span class='ocrx_word' id='word_1_564' title='bbox 2449 4507 2726 4584; x_wconf 87' lang='lat' dir='ltr'><strong>mysteria</strong></span> <span class='ocrx_word' id='word_1_565' title='bbox 2752 4507 2920 4584; x_wconf 90' lang='lat' dir='ltr'><strong>regni</strong></span> 
     </span>
     <span class='ocr_line' id='line_1_53' title="bbox 511 4587 2918 4665; baseline -0.001 -16"><span class='ocrx_word' id='word_1_566' title='bbox 511 4590 819 4662; x_wconf 86' lang='lat' dir='ltr'><strong>Coelorum,</strong></span> <span class='ocrx_word' id='word_1_567' title='bbox 862 4589 1071 4646; x_wconf 83' lang='lat' dir='ltr'><strong>Matth.</strong></span> <span class='ocrx_word' id='word_1_568' title='bbox 1122 4589 1203 4647; x_wconf 82' lang='lat' dir='ltr'><strong>xi.</strong></span> <span class='ocrx_word' id='word_1_569' title='bbox 1233 4591 1327 4663; x_wconf 81' lang='lat'><strong>25,</strong></span> <span class='ocrx_word' id='word_1_570' title='bbox 1359 4597 1418 4648; x_wconf 89' lang='lat' dir='ltr'><strong>et</strong></span> <span class='ocrx_word' id='word_1_571' title='bbox 1444 4589 1568 4648; x_wconf 86' lang='lat' dir='ltr'><strong>xiii.</strong></span> <span class='ocrx_word' id='word_1_572' title='bbox 1604 4593 1694 4663; x_wconf 88' lang='lat'><strong>11,</strong></span> <span class='ocrx_word' id='word_1_573' title='bbox 1725 4597 1785 4648; x_wconf 88' lang='lat' dir='ltr'><strong>et</strong></span> <span class='ocrx_word' id='word_1_574' title='bbox 1811 4587 2024 4665; x_wconf 85' lang='lat' dir='ltr'><strong>quibus</strong></span> <span class='ocrx_word' id='word_1_575' title='bbox 2051 4587 2416 4664; x_wconf 90' lang='lat' dir='ltr'><strong>evangelium</strong></span> <span class='ocrx_word' id='word_1_576' title='bbox 2446 4595 2662 4646; x_wconf 85' lang='lat' dir='ltr'><strong>tectum</strong></span> <span class='ocrx_word' id='word_1_577' title='bbox 2717 4597 2823 4661; x_wconf 90' lang='lat' dir='ltr'><strong>est,</strong></span> <span class='ocrx_word' id='word_1_578' title='bbox 2882 4592 2918 4647; x_wconf 90' lang='grc'><strong>2</strong></span> 
     </span>
     <span class='ocr_line' id='line_1_54' title="bbox 506 4667 2918 4746; baseline -0.001 -18"><span class='ocrx_word' id='word_1_579' title='bbox 506 4670 638 4728; x_wconf 87' lang='lat' dir='ltr'><strong>Cor.</strong></span> <span class='ocrx_word' id='word_1_580' title='bbox 658 4669 737 4730; x_wconf 85' lang='lat' dir='ltr'><strong>iv.</strong></span> <span class='ocrx_word' id='word_1_581' title='bbox 768 4670 823 4726; x_wconf 88' lang='lat'><strong>3.</strong></span> <span class='ocrx_word' id='word_1_582' title='bbox 908 4667 1304 4726; x_wconf 86' lang='lat' dir='ltr'><strong>Absconditus</strong></span> <span class='ocrx_word' id='word_1_583' title='bbox 1332 4667 1577 4743; x_wconf 89' lang='lat' dir='ltr'><strong>denique</strong></span> <span class='ocrx_word' id='word_1_584' title='bbox 1606 4668 1740 4743; x_wconf 76' lang='lat' dir='ltr'><strong>ipsis</strong></span> <span class='ocrx_word' id='word_1_585' title='bbox 1765 4667 2044 4746; x_wconf 72' lang='lat' dir='ltr'><strong>fidelibus,</strong></span> <span class='ocrx_word' id='word_1_586' title='bbox 2065 4667 2166 4744; x_wconf 90' lang='lat' dir='ltr'><strong>qui</strong></span> <span class='ocrx_word' id='word_1_587' title='bbox 2193 4687 2486 4745; x_wconf 86' lang='lat' dir='ltr'><strong>nunquam</strong></span> <span class='ocrx_word' id='word_1_588' title='bbox 2509 4667 2758 4743; x_wconf 81' lang='lat' dir='ltr'><strong>perfecte</strong></span> <span class='ocrx_word' id='word_1_589' title='bbox 2787 4689 2918 4726; x_wconf 86' lang='lat' dir='ltr'><strong>eum</strong></span> 
     </span>
    </p>
   </div>
  </div>
 </body>
</html>
