<?xml version="1.0" encoding="UTF-8"?>
<!DOCTYPE html PUBLIC "-//W3C//DTD XHTML 1.0 Transitional//EN"
    "http://www.w3.org/TR/xhtml1/DTD/xhtml1-transitional.dtd">
<html xmlns="http://www.w3.org/1999/xhtml" xml:lang="en" lang="en">
 <head>
  <title>
</title>
<meta http-equiv="Content-Type" content="text/html;charset=utf-8" />
  <meta name='ocr-system' content='tesseract 3.04.00' />
  <meta name='ocr-capabilities' content='ocr_page ocr_carea ocr_par ocr_line ocrx_word'/>
</head>
<body>
  <div class='ocr_page' id='page_1' title='image "./denecessariasec00turrgoog_0092.png"; bbox 0 0 3234 5192; ppageno 0'>
   <div class='ocr_carea' id='block_1_1' title="bbox 470 343 2885 427">
    <p class='ocr_par' dir='ltr' id='par_1_1' title="bbox 470 343 2885 427">
     <span class='ocr_line' id='line_1_1' title="bbox 470 343 2885 427; baseline -0.001 -19"><span class='ocrx_word' id='word_1_1' title='bbox 470 349 546 408; x_wconf 79' lang='lat'><strong>62</strong></span> <span class='ocrx_word' id='word_1_2' title='bbox 1257 367 1336 408; x_wconf 76' lang='lat' dir='ltr'><strong>ns</strong></span> <span class='ocrx_word' id='word_1_3' title='bbox 1365 365 1728 408; x_wconf 72' lang='lat' dir='ltr'><strong>m-:csssAmA</strong></span> <span class='ocrx_word' id='word_1_4' title='bbox 1758 364 2105 406; x_wconf 71' lang='lat' dir='ltr'><strong>sscnsmozm</strong></span> <span class='ocrx_word' id='word_1_5' title='bbox 2406 361 2413 367; x_wconf 91' lang='lat'><strong>·</strong></span> <span class='ocrx_word' id='word_1_6' title='bbox 2505 343 2767 427; x_wconf 71' lang='lat' dir='ltr'><strong>[meror.</strong></span> <span class='ocrx_word' id='word_1_7' title='bbox 2798 366 2885 407; x_wconf 86' lang='lat'><strong>111.</strong></span> 
     </span>
    </p>
   </div>
   <div class='ocr_carea' id='block_1_2' title="bbox 425 505 2893 4754">
    <p class='ocr_par' dir='ltr' id='par_1_2' title="bbox 425 505 2893 4754">
     <span class='ocr_line' id='line_1_2' title="bbox 467 505 2889 587; baseline 0.001 -21"><span class='ocrx_word' id='word_1_8' title='bbox 467 507 657 567; x_wconf 90' lang='lat' dir='ltr'><strong>lucem</strong></span> <span class='ocrx_word' id='word_1_9' title='bbox 685 508 850 568; x_wconf 81' lang='lat' dir='ltr'><strong>verbi</strong></span> <span class='ocrx_word' id='word_1_10' title='bbox 879 509 1097 586; x_wconf 85' lang='lat' dir='ltr'><strong>aperire</strong></span> <span class='ocrx_word' id='word_1_11' title='bbox 1118 509 1356 570; x_wconf 80' lang='lat' dir='ltr'><strong>vellent.</strong></span> <span class='ocrx_word' id='word_1_12' title='bbox 1441 509 1645 587; x_wconf 81' lang='lat' dir='ltr'>Neque</span> <span class='ocrx_word' id='word_1_13' title='bbox 1672 508 1768 567; x_wconf 87' lang='lat' dir='ltr'><strong>hic</strong></span> <span class='ocrx_word' id='word_1_14' title='bbox 1794 507 2187 584; x_wconf 88' lang='lat' dir='ltr'><strong>reponendum</strong></span> <span class='ocrx_word' id='word_1_15' title='bbox 2218 513 2333 581; x_wconf 88' lang='lat' dir='ltr'><strong>est,</strong></span> <span class='ocrx_word' id='word_1_16' title='bbox 2370 507 2406 538; x_wconf 91' lang='lat'><strong>“</strong></span> <span class='ocrx_word' id='word_1_17' title='bbox 2426 505 2538 564; x_wconf 92' lang='lat' dir='ltr'><strong>hoc</strong></span> <span class='ocrx_word' id='word_1_18' title='bbox 2570 515 2889 584; x_wconf 87' lang='lat' dir='ltr'><strong>peccatum,</strong></span> 
     </span>
     <span class='ocr_line' id='line_1_3' title="bbox 469 585 2889 665; baseline 0.001 -19"><span class='ocrx_word' id='word_1_19' title='bbox 469 588 704 665; x_wconf 87' lang='lat' dir='ltr'><strong>siquod</strong></span> <span class='ocrx_word' id='word_1_20' title='bbox 746 590 837 664; x_wconf 90' lang='lat' dir='ltr'><strong>sit,</strong></span> <span class='ocrx_word' id='word_1_21' title='bbox 883 609 1010 648; x_wconf 88' lang='lat' dir='ltr'><strong>esse</strong></span> <span class='ocrx_word' id='word_1_22' title='bbox 1051 599 1275 649; x_wconf 89' lang='lat' dir='ltr'><strong>tantum</strong></span> <span class='ocrx_word' id='word_1_23' title='bbox 1318 609 1568 648; x_wconf 88' lang='lat' dir='ltr'><strong>errorem</strong></span> <span class='ocrx_word' id='word_1_24' title='bbox 1609 589 1954 663; x_wconf 72' lang='lat' dir='ltr'>intellectae,</span> <span class='ocrx_word' id='word_1_25' title='bbox 1999 607 2115 646; x_wconf 91' lang='lat' dir='ltr'><strong>non</strong></span> <span class='ocrx_word' id='word_1_26' title='bbox 2160 585 2373 645; x_wconf 85' lang='lat' dir='ltr'><strong>vitium</strong></span> <span class='ocrx_word' id='word_1_27' title='bbox 2414 586 2751 664; x_wconf 82' lang='lat' dir='ltr'><strong>voluntatis,</strong></span> <span class='ocrx_word' id='word_1_28' title='bbox 2782 609 2889 649; x_wconf 85' lang='lat' dir='ltr'><strong>nec</strong></span> 
     </span>
     <span class='ocr_line' id='line_1_4' title="bbox 467 666 2889 747; baseline 0.001 -21"><span class='ocrx_word' id='word_1_29' title='bbox 467 669 622 726; x_wconf 89' lang='lat' dir='ltr'><strong>enim</strong></span> <span class='ocrx_word' id='word_1_30' title='bbox 649 689 887 747; x_wconf 84' lang='lat' dir='ltr'><strong>peccare</strong></span> <span class='ocrx_word' id='word_1_31' title='bbox 928 670 1304 746; x_wconf 82' lang='lat' dir='ltr'><strong>voluntatem,</strong></span> <span class='ocrx_word' id='word_1_32' title='bbox 1351 689 1481 729; x_wconf 91' lang='lat' dir='ltr'><strong>cum</strong></span> <span class='ocrx_word' id='word_1_33' title='bbox 1523 671 1745 728; x_wconf 89' lang='lat' dir='ltr'><strong>cultum</strong></span> <span class='ocrx_word' id='word_1_34' title='bbox 1787 669 2025 727; x_wconf 83' lang='lat' dir='ltr'><strong>exhibet</strong></span> <span class='ocrx_word' id='word_1_35' title='bbox 2064 667 2151 727; x_wconf 76' lang='lat' dir='ltr'><strong>rei</strong></span> <span class='ocrx_word' id='word_1_36' title='bbox 2191 667 2295 742; x_wconf 89' lang='lat' dir='ltr'><strong>illi,</strong></span> <span class='ocrx_word' id='word_1_37' title='bbox 2354 685 2530 743; x_wconf 90' lang='lat' dir='ltr'><strong>quam</strong></span> <span class='ocrx_word' id='word_1_38' title='bbox 2560 666 2889 728; x_wconf 80' lang='lat' dir='ltr'><strong>intellectus</strong></span> 
     </span>
     <span class='ocr_line' id='line_1_5' title="bbox 467 747 2887 829; baseline 0 -21"><span class='ocrx_word' id='word_1_39' title='bbox 467 748 761 808; x_wconf 80' lang='lat' dir='ltr'><strong>Christum</strong></span> <span class='ocrx_word' id='word_1_40' title='bbox 787 770 914 809; x_wconf 92' lang='lat' dir='ltr'><strong>esse</strong></span> <span class='ocrx_word' id='word_1_41' title='bbox 933 750 1194 828; x_wconf 80' lang='lat' dir='ltr'><strong>judicat3</strong></span> <span class='ocrx_word' id='word_1_42' title='bbox 1239 751 1356 809; x_wconf 91' lang='lat' dir='ltr'><strong>imo</strong></span> <span class='ocrx_word' id='word_1_43' title='bbox 1377 759 1743 829; x_wconf 82' lang='lat' dir='ltr'><strong>peccaturam</strong></span> <span class='ocrx_word' id='word_1_44' title='bbox 1772 749 1823 808; x_wconf 87' lang='lat' dir='ltr'><strong>si</strong></span> <span class='ocrx_word' id='word_1_45' title='bbox 1848 768 1968 807; x_wconf 88' lang='lat' dir='ltr'><strong>non</strong></span> <span class='ocrx_word' id='word_1_46' title='bbox 1994 747 2276 822; x_wconf 86' lang='lat' dir='ltr'><strong>adoraret,</strong></span> <span class='ocrx_word' id='word_1_47' title='bbox 2308 767 2384 804; x_wconf 83' lang='lat' dir='ltr'><strong>ex</strong></span> <span class='ocrx_word' id='word_1_48' title='bbox 2413 766 2531 823; x_wconf 90' lang='lat' dir='ltr'><strong>quo</strong></span> <span class='ocrx_word' id='word_1_49' title='bbox 2558 747 2887 809; x_wconf 88' lang='lat' dir='ltr'><strong>intellectus</strong></span> 
     </span>
     <span class='ocr_line' id='line_1_6' title="bbox 462 827 2885 908; baseline 0.001 -22"><span class='ocrx_word' id='word_1_50' title='bbox 462 828 546 887; x_wconf 89' lang='lat' dir='ltr'><strong>ita</strong></span> <span class='ocrx_word' id='word_1_51' title='bbox 564 829 913 906; x_wconf 87' lang='lat' dir='ltr'><strong>judicavit.&#39;&#39;</strong></span> <span class='ocrx_word' id='word_1_52' title='bbox 999 830 1150 888; x_wconf 90' lang='lat' dir='ltr'><strong>Nam</strong></span> <span class='ocrx_word' id='word_1_53' title='bbox 1179 850 1254 890; x_wconf 82' lang='lat' dir='ltr'><strong>ex</strong></span> <span class='ocrx_word' id='word_1_54' title='bbox 1295 831 1404 889; x_wconf 86' lang='lat' dir='ltr'><strong>hac</strong></span> <span class='ocrx_word' id='word_1_55' title='bbox 1432 829 1742 908; x_wconf 82' lang='lat' dir='ltr'><strong>hypothesi</strong></span> <span class='ocrx_word' id='word_1_56' title='bbox 1771 837 2107 906; x_wconf 84' lang='lat' dir='ltr'><strong>sequeretur</strong></span> <span class='ocrx_word' id='word_1_57' title='bbox 2133 827 2355 886; x_wconf 84' lang='lat' dir='ltr'><strong>nullum</strong></span> <span class='ocrx_word' id='word_1_58' title='bbox 2384 835 2687 904; x_wconf 88' lang='lat' dir='ltr'><strong>peccatum</strong></span> <span class='ocrx_word' id='word_1_59' title='bbox 2713 848 2885 906; x_wconf 85' lang='lat' dir='ltr'><strong>posse</strong></span> 
     </span>
     <span class='ocr_line' id='line_1_7' title="bbox 459 907 2885 989; baseline 0 -21"><span class='ocrx_word' id='word_1_60' title='bbox 459 928 592 968; x_wconf 87' lang='lat' dir='ltr'><strong>esse</strong></span> <span class='ocrx_word' id='word_1_61' title='bbox 645 910 706 968; x_wconf 88' lang='lat' dir='ltr'><strong>in</strong></span> <span class='ocrx_word' id='word_1_62' title='bbox 761 911 1063 969; x_wconf 84' lang='lat' dir='ltr'><strong>voluntate</strong></span> <span class='ocrx_word' id='word_1_63' title='bbox 1111 919 1170 968; x_wconf 87' lang='lat' dir='ltr'><strong>et</strong></span> <span class='ocrx_word' id='word_1_64' title='bbox 1223 912 1408 986; x_wconf 82' lang='lat' dir='ltr'><strong>praxi,</strong></span> <span class='ocrx_word' id='word_1_65' title='bbox 1466 909 1699 989; x_wconf 87' lang='lat' dir='ltr'><strong>quando</strong></span> <span class='ocrx_word' id='word_1_66' title='bbox 1754 909 1980 968; x_wconf 89' lang='lat' dir='ltr'><strong>nullum</strong></span> <span class='ocrx_word' id='word_1_67' title='bbox 2028 908 2215 982; x_wconf 89' lang='lat' dir='ltr'><strong>datur,</strong></span> <span class='ocrx_word' id='word_1_68' title='bbox 2288 907 2448 984; x_wconf 89' lang='lat' dir='ltr'><strong>quod</strong></span> <span class='ocrx_word' id='word_1_69' title='bbox 2494 925 2609 966; x_wconf 89' lang='lat' dir='ltr'><strong>non</strong></span> <span class='ocrx_word' id='word_1_70' title='bbox 2666 909 2885 970; x_wconf 81' lang='lat' dir='ltr'><strong>oriatur</strong></span> 
     </span>
     <span class='ocr_line' id='line_1_8' title="bbox 460 987 2878 1068; baseline 0 -21"><span class='ocrx_word' id='word_1_71' title='bbox 460 1008 538 1048; x_wconf 84' lang='lat' dir='ltr'><strong>ex</strong></span> <span class='ocrx_word' id='word_1_72' title='bbox 591 1009 784 1049; x_wconf 86' lang='lat' dir='ltr'><strong>errore</strong></span> <span class='ocrx_word' id='word_1_73' title='bbox 839 989 1032 1066; x_wconf 90' lang='lat' dir='ltr'><strong>aliquo</strong></span> <span class='ocrx_word' id='word_1_74' title='bbox 1087 990 1433 1066; x_wconf 87' lang='lat' dir='ltr'><strong>intellectus,</strong></span> <span class='ocrx_word' id='word_1_75' title='bbox 1500 1011 1608 1049; x_wconf 90' lang='lat' dir='ltr'><strong>nec</strong></span> <span class='ocrx_word' id='word_1_76' title='bbox 1662 990 1817 1048; x_wconf 90' lang='lat' dir='ltr'><strong>enim</strong></span> <span class='ocrx_word' id='word_1_77' title='bbox 1874 988 2146 1048; x_wconf 85' lang='lat' dir='ltr'><strong>voluntas</strong></span> <span class='ocrx_word' id='word_1_78' title='bbox 2198 987 2415 1046; x_wconf 89' lang='lat' dir='ltr'><strong>malum</strong></span> <span class='ocrx_word' id='word_1_79' title='bbox 2471 1007 2725 1065; x_wconf 87' lang='lat' dir='ltr'><strong>unquam</strong></span> <span class='ocrx_word' id='word_1_80' title='bbox 2780 1009 2878 1068; x_wconf 85' lang='lat' dir='ltr'><strong>ap-</strong></span> 
     </span>
     <span class='ocr_line' id='line_1_9' title="bbox 457 1067 2881 1147; baseline 0.001 -20"><span class='ocrx_word' id='word_1_81' title='bbox 457 1077 698 1147; x_wconf 88' lang='lat' dir='ltr'><strong>peteret,</strong></span> <span class='ocrx_word' id='word_1_82' title='bbox 727 1069 844 1128; x_wconf 90' lang='lat' dir='ltr'><strong>nisi</strong></span> <span class='ocrx_word' id='word_1_83' title='bbox 869 1069 1198 1129; x_wconf 87' lang='lat' dir='ltr'><strong>intellectus</strong></span> <span class='ocrx_word' id='word_1_84' title='bbox 1219 1070 1512 1147; x_wconf 85' lang='lat' dir='ltr'><strong>judicaret</strong></span> <span class='ocrx_word' id='word_1_85' title='bbox 1559 1089 1685 1130; x_wconf 86' lang='lat' dir='ltr'><strong>esse</strong></span> <span class='ocrx_word' id='word_1_86' title='bbox 1734 1071 1967 1144; x_wconf 84' lang='lat' dir='ltr'><strong>bonum,</strong></span> <span class='ocrx_word' id='word_1_87' title='bbox 1998 1068 2215 1146; x_wconf 90' lang='lat' dir='ltr'><strong>quippe</strong></span> <span class='ocrx_word' id='word_1_88' title='bbox 2260 1067 2478 1126; x_wconf 77' lang='lat' dir='ltr'><strong>malum</strong></span> <span class='ocrx_word' id='word_1_89' title='bbox 2522 1067 2631 1126; x_wconf 87' lang='lat' dir='ltr'><strong>sub</strong></span> <span class='ocrx_word' id='word_1_90' title='bbox 2658 1069 2881 1130; x_wconf 89' lang='lat' dir='ltr'><strong>ratione</strong></span> 
     </span>
     <span class='ocr_line' id='line_1_10' title="bbox 457 1146 2875 1228; baseline 0.001 -22"><span class='ocrx_word' id='word_1_91' title='bbox 457 1148 598 1206; x_wconf 85' lang='lat' dir='ltr'><strong>mali</strong></span> <span class='ocrx_word' id='word_1_92' title='bbox 651 1149 846 1226; x_wconf 77' lang='lat' dir='ltr'><strong>appeti</strong></span> <span class='ocrx_word' id='word_1_93' title='bbox 899 1169 1016 1208; x_wconf 91' lang='lat' dir='ltr'><strong>non</strong></span> <span class='ocrx_word' id='word_1_94' title='bbox 1071 1159 1296 1228; x_wconf 78' lang='lat' dir='ltr'><strong>potest3</strong></span> <span class='ocrx_word' id='word_1_95' title='bbox 1369 1151 1480 1210; x_wconf 85' lang='lat' dir='ltr'><strong>etsi</strong></span> <span class='ocrx_word' id='word_1_96' title='bbox 1527 1170 1669 1228; x_wconf 89' lang='lat' dir='ltr'><strong>ergo</strong></span> <span class='ocrx_word' id='word_1_97' title='bbox 1723 1151 1996 1210; x_wconf 79' lang='lat' dir='ltr'><strong>voluntas</strong></span> <span class='ocrx_word' id='word_1_98' title='bbox 2046 1168 2271 1225; x_wconf 82' lang='lat' dir='ltr'>semper</span> <span class='ocrx_word' id='word_1_99' title='bbox 2298 1146 2373 1204; x_wconf 92' lang='lat' dir='ltr'><strong>ad</strong></span> <span class='ocrx_word' id='word_1_100' title='bbox 2414 1147 2631 1208; x_wconf 90' lang='lat' dir='ltr'><strong>bonum</strong></span> <span class='ocrx_word' id='word_1_101' title='bbox 2679 1148 2875 1226; x_wconf 86' lang='lat' dir='ltr'><strong>fertur,</strong></span> 
     </span>
     <span class='ocr_line' id='line_1_11' title="bbox 455 1227 2872 1308; baseline 0.001 -22"><span class='ocrx_word' id='word_1_102' title='bbox 455 1247 574 1287; x_wconf 87' lang='lat' dir='ltr'><strong>non</strong></span> <span class='ocrx_word' id='word_1_103' title='bbox 603 1227 734 1287; x_wconf 89' lang='lat' dir='ltr'><strong>ideo</strong></span> <span class='ocrx_word' id='word_1_104' title='bbox 761 1229 954 1289; x_wconf 87' lang='lat' dir='ltr'><strong>minus</strong></span> <span class='ocrx_word' id='word_1_105' title='bbox 980 1240 1198 1308; x_wconf 85' lang='lat' dir='ltr'><strong>peccat,</strong></span> <span class='ocrx_word' id='word_1_106' title='bbox 1247 1250 1380 1290; x_wconf 88' lang='lat' dir='ltr'><strong>cum</strong></span> <span class='ocrx_word' id='word_1_107' title='bbox 1433 1231 1651 1291; x_wconf 91' lang='lat' dir='ltr'><strong>bonum</strong></span> <span class='ocrx_word' id='word_1_108' title='bbox 1700 1249 1999 1308; x_wconf 86' lang='lat' dir='ltr'><strong>apparens,</strong></span> <span class='ocrx_word' id='word_1_109' title='bbox 2030 1228 2189 1307; x_wconf 90' lang='lat' dir='ltr'><strong>quod</strong></span> <span class='ocrx_word' id='word_1_110' title='bbox 2236 1247 2441 1288; x_wconf 86' lang='lat' dir='ltr'><strong>revera</strong></span> <span class='ocrx_word' id='word_1_111' title='bbox 2494 1236 2585 1286; x_wconf 87' lang='lat' dir='ltr'><strong>cst</strong></span> <span class='ocrx_word' id='word_1_112' title='bbox 2638 1229 2872 1307; x_wconf 86' lang='lat' dir='ltr'><strong>malum,</strong></span> 
     </span>
     <span class='ocr_line' id='line_1_12' title="bbox 455 1307 2876 1388; baseline 0.001 -22"><span class='ocrx_word' id='word_1_113' title='bbox 455 1308 837 1386; x_wconf 77' lang='lat' dir='ltr'><strong>amplectitur,</strong></span> <span class='ocrx_word' id='word_1_114' title='bbox 883 1310 1021 1388; x_wconf 86' lang='lat' dir='ltr'><strong>quia</strong></span> <span class='ocrx_word' id='word_1_115' title='bbox 1061 1310 1392 1371; x_wconf 88' lang='lat' dir='ltr'><strong>intellectus</strong></span> <span class='ocrx_word' id='word_1_116' title='bbox 1446 1311 1663 1371; x_wconf 87' lang='lat' dir='ltr'><strong>bonum</strong></span> <span class='ocrx_word' id='word_1_117' title='bbox 1718 1310 1865 1369; x_wconf 89' lang='lat' dir='ltr'><strong>illud</strong></span> <span class='ocrx_word' id='word_1_118' title='bbox 1893 1310 2040 1368; x_wconf 85' lang='lat' dir='ltr'><strong>falso</strong></span> <span class='ocrx_word' id='word_1_119' title='bbox 2087 1307 2412 1386; x_wconf 83' lang='lat' dir='ltr'><strong>judicavit:</strong></span> <span class='ocrx_word' id='word_1_120' title='bbox 2456 1327 2614 1366; x_wconf 89' lang='lat' dir='ltr'><strong>error</strong></span> <span class='ocrx_word' id='word_1_121' title='bbox 2674 1309 2876 1388; x_wconf 87' lang='lat' dir='ltr'><strong>itaque</strong></span> 
     </span>
     <span class='ocr_line' id='line_1_13' title="bbox 453 1389 2875 1467; baseline 0.001 -20"><span class='ocrx_word' id='word_1_122' title='bbox 453 1389 565 1448; x_wconf 86' lang='lat' dir='ltr'><strong>erit</strong></span> <span class='ocrx_word' id='word_1_123' title='bbox 590 1389 654 1448; x_wconf 91' lang='lat' dir='ltr'><strong>in</strong></span> <span class='ocrx_word' id='word_1_124' title='bbox 697 1389 1013 1467; x_wconf 79' lang='lat' dir='ltr'><strong>intellectu,</strong></span> <span class='ocrx_word' id='word_1_125' title='bbox 1058 1392 1258 1466; x_wconf 86' lang='lat' dir='ltr'><strong>fateor,</strong></span> <span class='ocrx_word' id='word_1_126' title='bbox 1317 1391 1420 1451; x_wconf 88' lang='lat' dir='ltr'><strong>sed</strong></span> <span class='ocrx_word' id='word_1_127' title='bbox 1461 1412 1578 1451; x_wconf 89' lang='lat' dir='ltr'><strong>non</strong></span> <span class='ocrx_word' id='word_1_128' title='bbox 1605 1393 1797 1451; x_wconf 89' lang='lat' dir='ltr'><strong>minus</strong></span> <span class='ocrx_word' id='word_1_129' title='bbox 1856 1391 1919 1449; x_wconf 92' lang='lat' dir='ltr'><strong>in</strong></span> <span class='ocrx_word' id='word_1_130' title='bbox 1959 1390 2275 1464; x_wconf 85' lang='lat' dir='ltr'><strong>voluntate,</strong></span> <span class='ocrx_word' id='word_1_131' title='bbox 2334 1408 2463 1466; x_wconf 78' lang='lat' dir='ltr'><strong>quse</strong></span> <span class='ocrx_word' id='word_1_132' title='bbox 2520 1408 2744 1448; x_wconf 62' lang='lat' dir='ltr'><strong>caecum</strong></span> <span class='ocrx_word' id='word_1_133' title='bbox 2772 1390 2875 1449; x_wconf 88' lang='lat' dir='ltr'><strong>du·</strong></span> 
     </span>
     <span class='ocr_line' id='line_1_14' title="bbox 451 1468 2875 1550; baseline 0.002 -24"><span class='ocrx_word' id='word_1_134' title='bbox 451 1489 578 1528; x_wconf 88' lang='lat' dir='ltr'><strong>cem</strong></span> <span class='ocrx_word' id='word_1_135' title='bbox 605 1471 882 1547; x_wconf 88' lang='lat' dir='ltr'><strong>sequitur.</strong></span> <span class='ocrx_word' id='word_1_136' title='bbox 969 1472 1064 1530; x_wconf 85' lang='lat' dir='ltr'><strong>Ita</strong></span> <span class='ocrx_word' id='word_1_137' title='bbox 1089 1472 1394 1532; x_wconf 81' lang='lat' dir='ltr'><strong>idololatra</strong></span> <span class='ocrx_word' id='word_1_138' title='bbox 1419 1473 1521 1549; x_wconf 90' lang='lat' dir='ltr'><strong>qui</strong></span> <span class='ocrx_word' id='word_1_139' title='bbox 1546 1473 1790 1550; x_wconf 82' lang='lat' dir='ltr'><strong>lignum,</strong></span> <span class='ocrx_word' id='word_1_140' title='bbox 1834 1490 2053 1547; x_wconf 85' lang='lat' dir='ltr'><strong>aurum,</strong></span> <span class='ocrx_word' id='word_1_141' title='bbox 2086 1470 2183 1530; x_wconf 83' lang='lat' dir='ltr'><strong>vel</strong></span> <span class='ocrx_word' id='word_1_142' title='bbox 2222 1469 2383 1528; x_wconf 82' lang='lat' dir='ltr'><strong>aliud</strong></span> <span class='ocrx_word' id='word_1_143' title='bbox 2423 1468 2563 1546; x_wconf 92' lang='lat' dir='ltr'><strong>quid</strong></span> <span class='ocrx_word' id='word_1_144' title='bbox 2604 1477 2875 1546; x_wconf 88' lang='lat' dir='ltr'><strong>tanquam</strong></span> 
     </span>
     <span class='ocr_line' id='line_1_15' title="bbox 453 1548 2872 1629; baseline 0 -21"><span class='ocrx_word' id='word_1_145' title='bbox 453 1548 645 1609; x_wconf 91' lang='lat' dir='ltr'><strong>Deum</strong></span> <span class='ocrx_word' id='word_1_146' title='bbox 673 1550 892 1626; x_wconf 86' lang='lat' dir='ltr'><strong>adorat,</strong></span> <span class='ocrx_word' id='word_1_147' title='bbox 923 1560 1077 1610; x_wconf 87' lang='lat' dir='ltr'><strong>errat</strong></span> <span class='ocrx_word' id='word_1_148' title='bbox 1105 1553 1339 1629; x_wconf 91' lang='lat' dir='ltr'><strong>quidem</strong></span> <span class='ocrx_word' id='word_1_149' title='bbox 1368 1552 1627 1629; x_wconf 81' lang='lat' dir='ltr'><strong>graviter</strong></span> <span class='ocrx_word' id='word_1_150' title='bbox 1642 1552 1703 1610; x_wconf 89' lang='lat' dir='ltr'><strong>in</strong></span> <span class='ocrx_word' id='word_1_151' title='bbox 1720 1551 2034 1627; x_wconf 88' lang='lat' dir='ltr'><strong>intellectu,</strong></span> <span class='ocrx_word' id='word_1_152' title='bbox 2066 1550 2168 1627; x_wconf 91' lang='lat' dir='ltr'><strong>qui</strong></span> <span class='ocrx_word' id='word_1_153' title='bbox 2194 1549 2343 1608; x_wconf 83' lang='lat' dir='ltr'><strong>falsa</strong></span> <span class='ocrx_word' id='word_1_154' title='bbox 2367 1549 2472 1606; x_wconf 81' lang='lat' dir='ltr'><strong>ilia</strong></span> <span class='ocrx_word' id='word_1_155' title='bbox 2496 1551 2872 1626; x_wconf 85' lang='lat' dir='ltr'><strong>persuasione</strong></span> 
     </span>
     <span class='ocr_line' id='line_1_16' title="bbox 451 1627 2867 1710; baseline 0.001 -23"><span class='ocrx_word' id='word_1_156' title='bbox 451 1627 744 1704; x_wconf 83' lang='lat' dir='ltr'><strong>imbuitur,</strong></span> <span class='ocrx_word' id='word_1_157' title='bbox 777 1631 881 1689; x_wconf 89' lang='lat' dir='ltr'><strong>sed</strong></span> <span class='ocrx_word' id='word_1_158' title='bbox 908 1651 1024 1689; x_wconf 86' lang='lat' dir='ltr'><strong>non</strong></span> <span class='ocrx_word' id='word_1_159' title='bbox 1053 1633 1243 1690; x_wconf 86' lang='lat' dir='ltr'><strong>minus</strong></span> <span class='ocrx_word' id='word_1_160' title='bbox 1270 1640 1474 1710; x_wconf 85' lang='lat' dir='ltr'><strong>peccat</strong></span> <span class='ocrx_word' id='word_1_161' title='bbox 1501 1633 1818 1705; x_wconf 87' lang='lat' dir='ltr'><strong>voluntate,</strong></span> <span class='ocrx_word' id='word_1_162' title='bbox 1839 1631 1901 1688; x_wconf 93' lang='lat' dir='ltr'><strong>in</strong></span> <span class='ocrx_word' id='word_1_163' title='bbox 1928 1631 2089 1689; x_wconf 86' lang='lat' dir='ltr'><strong>cultu</strong></span> <span class='ocrx_word' id='word_1_164' title='bbox 2117 1649 2288 1708; x_wconf 91' lang='lat' dir='ltr'><strong>quem</strong></span> <span class='ocrx_word' id='word_1_165' title='bbox 2306 1637 2587 1688; x_wconf 75' lang='lat' dir='ltr'><strong>creaturae</strong></span> <span class='ocrx_word' id='word_1_166' title='bbox 2610 1629 2867 1706; x_wconf 87' lang='lat' dir='ltr'><strong>exhibet,</strong></span> 
     </span>
     <span class='ocr_line' id='line_1_17' title="bbox 449 1708 2866 1788; baseline 0 -20"><span class='ocrx_word' id='word_1_167' title='bbox 449 1709 554 1784; x_wconf 91' lang='lat' dir='ltr'><strong>qui</strong></span> <span class='ocrx_word' id='word_1_168' title='bbox 581 1709 692 1768; x_wconf 86' lang='lat' dir='ltr'><strong>soli</strong></span> <span class='ocrx_word' id='word_1_169' title='bbox 721 1710 978 1769; x_wconf 80' lang='lat' dir='ltr'><strong>Creatori</strong></span> <span class='ocrx_word' id='word_1_170' title='bbox 1006 1710 1265 1770; x_wconf 90' lang='lat' dir='ltr'><strong>debetur.</strong></span> <span class='ocrx_word' id='word_1_171' title='bbox 1331 1711 1464 1769; x_wconf 90' lang='lat' dir='ltr'><strong>Hoc</strong></span> <span class='ocrx_word' id='word_1_172' title='bbox 1505 1711 1655 1770; x_wconf 80' lang='lat' dir='ltr'><strong>vidit</strong></span> <span class='ocrx_word' id='word_1_173' title='bbox 1686 1713 1858 1770; x_wconf 82' lang='lat' dir='ltr'><strong>Tolet.</strong></span> <span class='ocrx_word' id='word_1_174' title='bbox 1886 1710 1990 1769; x_wconf 92' lang='lat' dir='ltr'><strong>lib.</strong></span> <span class='ocrx_word' id='word_1_175' title='bbox 2020 1711 2099 1768; x_wconf 85' lang='lat' dir='ltr'><strong>iv.</strong></span> <span class='ocrx_word' id='word_1_176' title='bbox 2142 1711 2216 1769; x_wconf 90' lang='lat' dir='ltr'><strong>de</strong></span> <span class='ocrx_word' id='word_1_177' title='bbox 2258 1710 2424 1768; x_wconf 87' lang='lat' dir='ltr'><strong>instr.</strong></span> <span class='ocrx_word' id='word_1_178' title='bbox 2459 1708 2689 1768; x_wconf 88' lang='lat' dir='ltr'><strong>Sacerd.</strong></span> <span class='ocrx_word' id='word_1_179' title='bbox 2739 1729 2866 1788; x_wconf 87' lang='lat' dir='ltr'><strong>cap.</strong></span> 
     </span>
     <span class='ocr_line' id='line_1_18' title="bbox 449 1787 2867 1870; baseline 0.002 -24"><span class='ocrx_word' id='word_1_180' title='bbox 449 1787 573 1847; x_wconf 83' lang='lat' dir='ltr'><strong>xiv.</strong></span> <span class='ocrx_word' id='word_1_181' title='bbox 620 1791 656 1821; x_wconf 90' lang='lat'><strong>“</strong></span> <span class='ocrx_word' id='word_1_182' title='bbox 681 1789 1076 1865; x_wconf 88' lang='lat' dir='ltr'><strong>Idololatria,&#39;&#39;</strong></span> <span class='ocrx_word' id='word_1_183' title='bbox 1101 1792 1304 1868; x_wconf 89' lang='lat' dir='ltr'><strong>inquit,</strong></span> <span class='ocrx_word' id='word_1_184' title='bbox 1339 1793 1374 1824; x_wconf 89' lang='lat'><strong>“</strong></span> <span class='ocrx_word' id='word_1_185' title='bbox 1393 1811 1512 1850; x_wconf 90' lang='lat' dir='ltr'><strong>non</strong></span> <span class='ocrx_word' id='word_1_186' title='bbox 1538 1800 1642 1866; x_wconf 81' lang='lat' dir='ltr'><strong>est,</strong></span> <span class='ocrx_word' id='word_1_187' title='bbox 1672 1791 1787 1850; x_wconf 87' lang='lat' dir='ltr'><strong>nisi</strong></span> <span class='ocrx_word' id='word_1_188' title='bbox 1814 1811 1971 1850; x_wconf 88' lang='lat' dir='ltr'><strong>error</strong></span> <span class='ocrx_word' id='word_1_189' title='bbox 1998 1791 2057 1850; x_wconf 90' lang='lat' dir='ltr'><strong>in</strong></span> <span class='ocrx_word' id='word_1_190' title='bbox 2086 1791 2385 1850; x_wconf 87' lang='lat' dir='ltr'><strong>intellectu</strong></span> <span class='ocrx_word' id='word_1_191' title='bbox 2410 1789 2719 1867; x_wconf 71' lang='lat' dir='ltr'><strong>praecedat,</strong></span> <span class='ocrx_word' id='word_1_192' title='bbox 2749 1809 2867 1870; x_wconf 91' lang='lat' dir='ltr'><strong>quo</strong></span> 
     </span>
     <span class='ocr_line' id='line_1_19' title="bbox 449 1867 2782 1948; baseline 0.002 -22"><span class='ocrx_word' id='word_1_193' title='bbox 449 1867 698 1946; x_wconf 86' lang='lat' dir='ltr'><strong>dignum</strong></span> <span class='ocrx_word' id='word_1_194' title='bbox 723 1870 942 1929; x_wconf 87' lang='lat' dir='ltr'><strong>honore</strong></span> <span class='ocrx_word' id='word_1_195' title='bbox 961 1870 1292 1948; x_wconf 86' lang='lat' dir='ltr'><strong>judicamus</strong></span> <span class='ocrx_word' id='word_1_196' title='bbox 1321 1871 1514 1930; x_wconf 87' lang='lat' dir='ltr'><strong>Deum</strong></span> <span class='ocrx_word' id='word_1_197' title='bbox 1539 1871 1767 1947; x_wconf 85' lang='lat' dir='ltr'><strong>falsum,</strong></span> <span class='ocrx_word' id='word_1_198' title='bbox 1788 1872 1885 1930; x_wconf 91' lang='lat' dir='ltr'><strong>cui</strong></span> <span class='ocrx_word' id='word_1_199' title='bbox 1911 1869 2232 1930; x_wconf 75' lang='lat' dir='ltr'><strong>idololatrae</strong></span> <span class='ocrx_word' id='word_1_200' title='bbox 2260 1890 2323 1928; x_wconf 89' lang='lat' dir='ltr'><strong>se</strong></span> <span class='ocrx_word' id='word_1_201' title='bbox 2349 1871 2782 1947; x_wconf 83' lang='lat' dir='ltr'><strong>prosternunt.&#39;&#39;</strong></span> 
     </span>
     <span class='ocr_line' id='line_1_20' title="bbox 529 1949 2868 2029; baseline 0.002 -23"><span class='ocrx_word' id='word_1_202' title='bbox 529 1949 720 2008; x_wconf 88' lang='lat' dir='ltr'>XIX.</span> <span class='ocrx_word' id='word_1_203' title='bbox 768 1950 887 2010; x_wconf 85' lang='lat' dir='ltr'><strong>Sed</strong></span> <span class='ocrx_word' id='word_1_204' title='bbox 912 1950 1056 2010; x_wconf 86' lang='lat' dir='ltr'><strong>libet</strong></span> <span class='ocrx_word' id='word_1_205' title='bbox 1084 1951 1446 2011; x_wconf 84' lang='lat' dir='ltr'><strong>adversarios</strong></span> <span class='ocrx_word' id='word_1_206' title='bbox 1473 1951 1715 2012; x_wconf 86' lang='lat' dir='ltr'><strong>ulterius</strong></span> <span class='ocrx_word' id='word_1_207' title='bbox 1741 1971 1965 2029; x_wconf 86' lang='lat' dir='ltr'><strong>urgere,</strong></span> <span class='ocrx_word' id='word_1_208' title='bbox 1990 1960 2049 2010; x_wconf 88' lang='lat' dir='ltr'><strong>et</strong></span> <span class='ocrx_word' id='word_1_209' title='bbox 2086 1971 2163 2010; x_wconf 83' lang='lat' dir='ltr'><strong>cx</strong></span> <span class='ocrx_word' id='word_1_210' title='bbox 2182 1951 2415 2029; x_wconf 86' lang='lat' dir='ltr'><strong>propria</strong></span> <span class='ocrx_word' id='word_1_211' title='bbox 2434 1950 2747 2028; x_wconf 73' lang='lat' dir='ltr'><strong>hypothesi</strong></span> <span class='ocrx_word' id='word_1_212' title='bbox 2768 1971 2868 2011; x_wconf 87' lang='lat' dir='ltr'><strong>eos</strong></span> 
     </span>
     <span class='ocr_line' id='line_1_21' title="bbox 449 2029 2867 2111; baseline 0.001 -24"><span class='ocrx_word' id='word_1_213' title='bbox 449 2029 813 2090; x_wconf 74' lang='lat' dir='ltr'><strong>convincere.</strong></span> <span class='ocrx_word' id='word_1_214' title='bbox 899 2031 1118 2091; x_wconf 88' lang='lat' dir='ltr'><strong>Dicunt</strong></span> <span class='ocrx_word' id='word_1_215' title='bbox 1159 2051 1221 2091; x_wconf 90' lang='lat' dir='ltr'><strong>se</strong></span> <span class='ocrx_word' id='word_1_216' title='bbox 1261 2051 1378 2092; x_wconf 88' lang='lat' dir='ltr'><strong>non</strong></span> <span class='ocrx_word' id='word_1_217' title='bbox 1418 2052 1643 2111; x_wconf 83' lang='lat' dir='ltr'><strong>panem,</strong></span> <span class='ocrx_word' id='word_1_218' title='bbox 1690 2032 1795 2092; x_wconf 85' lang='lat' dir='ltr'><strong>sed</strong></span> <span class='ocrx_word' id='word_1_219' title='bbox 1835 2032 2128 2092; x_wconf 84' lang='lat' dir='ltr'><strong>Christum</strong></span> <span class='ocrx_word' id='word_1_220' title='bbox 2168 2031 2424 2105; x_wconf 85' lang='lat' dir='ltr'><strong>adorare,</strong></span> <span class='ocrx_word' id='word_1_221' title='bbox 2468 2041 2530 2088; x_wconf 88' lang='lat' dir='ltr'><strong>at</strong></span> <span class='ocrx_word' id='word_1_222' title='bbox 2571 2050 2867 2108; x_wconf 85' lang='lat' dir='ltr'><strong>nunquam</strong></span> 
     </span>
     <span class='ocr_line' id='line_1_22' title="bbox 441 2109 2867 2190; baseline 0.002 -23"><span class='ocrx_word' id='word_1_223' title='bbox 441 2109 587 2168; x_wconf 88' lang='lat' dir='ltr'><strong>certi</strong></span> <span class='ocrx_word' id='word_1_224' title='bbox 613 2129 741 2170; x_wconf 88' lang='lat' dir='ltr'><strong>esse</strong></span> <span class='ocrx_word' id='word_1_225' title='bbox 767 2119 1026 2188; x_wconf 81' lang='lat' dir='ltr'><strong>possunt,</strong></span> <span class='ocrx_word' id='word_1_226' title='bbox 1059 2113 1350 2172; x_wconf 80' lang='lat' dir='ltr'><strong>Christum</strong></span> <span class='ocrx_word' id='word_1_227' title='bbox 1378 2133 1580 2172; x_wconf 77' lang='lat' dir='ltr'><strong>revera</strong></span> <span class='ocrx_word' id='word_1_228' title='bbox 1605 2112 1827 2188; x_wconf 88' lang='lat' dir='ltr'><strong>adesse,</strong></span> <span class='ocrx_word' id='word_1_229' title='bbox 1858 2113 1995 2190; x_wconf 85' lang='lat' dir='ltr'><strong>quia</strong></span> <span class='ocrx_word' id='word_1_230' title='bbox 2024 2112 2287 2172; x_wconf 85' lang='lat' dir='ltr'><strong>Christus</strong></span> <span class='ocrx_word' id='word_1_231' title='bbox 2314 2130 2431 2168; x_wconf 89' lang='lat' dir='ltr'><strong>non</strong></span> <span class='ocrx_word' id='word_1_232' title='bbox 2447 2119 2639 2186; x_wconf 88' lang='lat' dir='ltr'><strong>potest</strong></span> <span class='ocrx_word' id='word_1_233' title='bbox 2666 2111 2867 2172; x_wconf 77' lang='lat' dir='ltr'><strong>adesse</strong></span> 
     </span>
     <span class='ocr_line' id='line_1_23' title="bbox 443 2188 2867 2270; baseline 0.002 -22"><span class='ocrx_word' id='word_1_234' title='bbox 443 2188 558 2250; x_wconf 83' lang='lat' dir='ltr'><strong>nisi</strong></span> <span class='ocrx_word' id='word_1_235' title='bbox 609 2209 714 2268; x_wconf 87' lang='lat' dir='ltr'><strong>per</strong></span> <span class='ocrx_word' id='word_1_236' title='bbox 765 2192 1269 2268; x_wconf 84' lang='lat' dir='ltr'><strong>consecrationem,</strong></span> <span class='ocrx_word' id='word_1_237' title='bbox 1315 2193 1419 2252; x_wconf 90' lang='lat' dir='ltr'><strong>sed</strong></span> <span class='ocrx_word' id='word_1_238' title='bbox 1472 2213 1767 2270; x_wconf 83' lang='lat' dir='ltr'><strong>nunquam</strong></span> <span class='ocrx_word' id='word_1_239' title='bbox 1809 2201 1965 2252; x_wconf 89' lang='lat' dir='ltr'><strong>certo</strong></span> <span class='ocrx_word' id='word_1_240' title='bbox 2006 2192 2079 2251; x_wconf 89' lang='lat' dir='ltr'><strong>iis</strong></span> <span class='ocrx_word' id='word_1_241' title='bbox 2120 2199 2382 2251; x_wconf 82' lang='lat' dir='ltr'><strong>constare</strong></span> <span class='ocrx_word' id='word_1_242' title='bbox 2423 2199 2615 2268; x_wconf 87' lang='lat' dir='ltr'><strong>potest</strong></span> <span class='ocrx_word' id='word_1_243' title='bbox 2654 2191 2867 2252; x_wconf 80' lang='lat' dir='ltr'><strong>factam</strong></span> 
     </span>
     <span class='ocr_line' id='line_1_24' title="bbox 443 2271 2866 2351; baseline 0.002 -23"><span class='ocrx_word' id='word_1_244' title='bbox 443 2288 572 2328; x_wconf 87' lang='lat' dir='ltr'><strong>csse</strong></span> <span class='ocrx_word' id='word_1_245' title='bbox 613 2273 1118 2348; x_wconf 86' lang='lat' dir='ltr'><strong>consecrationem,</strong></span> <span class='ocrx_word' id='word_1_246' title='bbox 1161 2274 1630 2351; x_wconf 88' lang='lat' dir='ltr'><strong>quandoquidem</strong></span> <span class='ocrx_word' id='word_1_247' title='bbox 1663 2272 1831 2333; x_wconf 91' lang='lat' dir='ltr'><strong>multi</strong></span> <span class='ocrx_word' id='word_1_248' title='bbox 1880 2282 2015 2332; x_wconf 89' lang='lat' dir='ltr'><strong>sunt</strong></span> <span class='ocrx_word' id='word_1_249' title='bbox 2042 2272 2317 2346; x_wconf 86' lang='lat' dir='ltr'><strong>defectus,</strong></span> <span class='ocrx_word' id='word_1_250' title='bbox 2349 2271 2410 2328; x_wconf 93' lang='lat' dir='ltr'><strong>in</strong></span> <span class='ocrx_word' id='word_1_251' title='bbox 2438 2271 2648 2349; x_wconf 85' lang='lat' dir='ltr'><strong>quibus</strong></span> <span class='ocrx_word' id='word_1_252' title='bbox 2674 2281 2866 2349; x_wconf 87' lang='lat' dir='ltr'><strong>potest</strong></span> 
     </span>
     <span class='ocr_line' id='line_1_25' title="bbox 443 2347 2863 2429; baseline 0.002 -23"><span class='ocrx_word' id='word_1_253' title='bbox 443 2347 710 2427; x_wconf 89' lang='lat' dir='ltr'><strong>impediri</strong></span> <span class='ocrx_word' id='word_1_254' title='bbox 746 2371 824 2410; x_wconf 85' lang='lat' dir='ltr'><strong>ex</strong></span> <span class='ocrx_word' id='word_1_255' title='bbox 863 2352 1118 2428; x_wconf 88' lang='lat' dir='ltr'><strong>ipsorum</strong></span> <span class='ocrx_word' id='word_1_256' title='bbox 1161 2353 1461 2429; x_wconf 88' lang='lat' dir='ltr'><strong>sententia,</strong></span> <span class='ocrx_word' id='word_1_257' title='bbox 1493 2363 1552 2412; x_wconf 88' lang='lat' dir='ltr'><strong>et</strong></span> <span class='ocrx_word' id='word_1_258' title='bbox 1591 2353 2127 2412; x_wconf 85' lang='lat' dir='ltr'><strong>transubstantiatio</strong></span> <span class='ocrx_word' id='word_1_259' title='bbox 2154 2372 2271 2411; x_wconf 89' lang='lat' dir='ltr'><strong>non</strong></span> <span class='ocrx_word' id='word_1_260' title='bbox 2298 2352 2442 2409; x_wconf 88' lang='lat' dir='ltr'><strong>fieri.</strong></span> <span class='ocrx_word' id='word_1_261' title='bbox 2486 2351 2727 2411; x_wconf 85' lang='lat' dir='ltr'><strong>Notavit</strong></span> <span class='ocrx_word' id='word_1_262' title='bbox 2753 2353 2863 2412; x_wconf 90' lang='lat' dir='ltr'><strong>hoc</strong></span> 
     </span>
     <span class='ocr_line' id='line_1_26' title="bbox 449 2427 2857 2512; baseline 0.002 -25"><span class='ocrx_word' id='word_1_263' title='bbox 449 2427 752 2490; x_wconf 82' lang='lat' dir='ltr'><strong>Suaresius</strong></span> <span class='ocrx_word' id='word_1_264' title='bbox 787 2431 850 2489; x_wconf 89' lang='lat' dir='ltr'><strong>in</strong></span> <span class='ocrx_word' id='word_1_265' title='bbox 891 2435 928 2491; x_wconf 81' lang='lat'><strong>3</strong></span> <span class='ocrx_word' id='word_1_266' title='bbox 971 2432 1176 2492; x_wconf 88' lang='lat' dir='ltr'><strong>Thom.</strong></span> <span class='ocrx_word' id='word_1_267' title='bbox 1206 2453 1303 2510; x_wconf 91' lang='lat' dir='ltr'><strong>qu.</strong></span> <span class='ocrx_word' id='word_1_268' title='bbox 1333 2434 1544 2492; x_wconf 80' lang='lat' dir='ltr'><strong>xxxix.</strong></span> <span class='ocrx_word' id='word_1_269' title='bbox 1573 2434 1770 2512; x_wconf 64' lang='lat' dir='ltr'><strong>art.&#39;,8,</strong></span> <span class='ocrx_word' id='word_1_270' title='bbox 1802 2433 1893 2492; x_wconf 89' lang='lat' dir='ltr'><strong>dis</strong></span> <span class='ocrx_word' id='word_1_271' title='bbox 1933 2441 2015 2493; x_wconf 91' lang='lat' dir='ltr'><strong>ut.</strong></span> <span class='ocrx_word' id='word_1_272' title='bbox 2046 2433 2142 2509; x_wconf 84' lang='lat'><strong>65,</strong></span> <span class='ocrx_word' id='word_1_273' title='bbox 2192 2435 2229 2467; x_wconf 75' lang='lat'><strong>‘⁴</strong></span> <span class='ocrx_word' id='word_1_274' title='bbox 2248 2431 2453 2490; x_wconf 76' lang='lat' dir='ltr'><strong>Multae</strong></span> <span class='ocrx_word' id='word_1_275' title='bbox 2490 2440 2625 2491; x_wconf 88' lang='lat' dir='ltr'><strong>sunt</strong></span> <span class='ocrx_word' id='word_1_276' title='bbox 2652 2452 2857 2508; x_wconf 86' lang='lat' dir='ltr'><strong>causae,</strong></span> 
     </span>
     <span class='ocr_line' id='line_1_27' title="bbox 441 2511 2862 2590; baseline 0.002 -24"><span class='ocrx_word' id='word_1_277' title='bbox 441 2517 678 2586; x_wconf 88' lang='lat' dir='ltr'><strong>propter</strong></span> <span class='ocrx_word' id='word_1_278' title='bbox 704 2529 849 2587; x_wconf 87' lang='lat' dir='ltr'><strong>quas</strong></span> <span class='ocrx_word' id='word_1_279' title='bbox 875 2512 986 2571; x_wconf 91' lang='lat' dir='ltr'><strong>hoc</strong></span> <span class='ocrx_word' id='word_1_280' title='bbox 1016 2520 1210 2590; x_wconf 88' lang='lat' dir='ltr'><strong>potest</strong></span> <span class='ocrx_word' id='word_1_281' title='bbox 1235 2513 1514 2588; x_wconf 85' lang='lat' dir='ltr'><strong>accidere,</strong></span> <span class='ocrx_word' id='word_1_282' title='bbox 1544 2522 1610 2572; x_wconf 89' lang='lat' dir='ltr'><strong>ut</strong></span> <span class='ocrx_word' id='word_1_283' title='bbox 1638 2513 1689 2573; x_wconf 86' lang='lat' dir='ltr'><strong>si</strong></span> <span class='ocrx_word' id='word_1_284' title='bbox 1717 2533 1847 2572; x_wconf 87' lang='lat' dir='ltr'><strong>sace</strong></span> <span class='ocrx_word' id='word_1_285' title='bbox 1921 2532 1986 2572; x_wconf 86' lang='lat' dir='ltr'><strong>os</strong></span> <span class='ocrx_word' id='word_1_286' title='bbox 2013 2533 2133 2572; x_wconf 89' lang='lat' dir='ltr'><strong>non</strong></span> <span class='ocrx_word' id='word_1_287' title='bbox 2160 2513 2235 2572; x_wconf 88' lang='lat' dir='ltr'><strong>sit</strong></span> <span class='ocrx_word' id='word_1_288' title='bbox 2261 2511 2604 2590; x_wconf 85' lang='lat' dir='ltr'><strong>baptizatus,</strong></span> <span class='ocrx_word' id='word_1_289' title='bbox 2628 2513 2723 2571; x_wconf 80' lang='lat' dir='ltr'><strong>vel</strong></span> <span class='ocrx_word' id='word_1_290' title='bbox 2746 2531 2862 2572; x_wconf 89' lang='lat' dir='ltr'><strong>non</strong></span> 
     </span>
     <span class='ocr_line' id='line_1_28' title="bbox 441 2585 2860 2672; baseline 0.002 -26"><span class='ocrx_word' id='word_1_291' title='bbox 441 2585 654 2648; x_wconf 87' lang='lat' dir='ltr'><strong>habeat</strong></span> <span class='ocrx_word' id='word_1_292' title='bbox 685 2589 1078 2668; x_wconf 88' lang='lat' dir='ltr'><strong>intentionem,</strong></span> <span class='ocrx_word' id='word_1_293' title='bbox 1109 2593 1204 2652; x_wconf 80' lang='lat' dir='ltr'><strong>vel</strong></span> <span class='ocrx_word' id='word_1_294' title='bbox 1233 2613 1351 2651; x_wconf 91' lang='lat' dir='ltr'><strong>non</strong></span> <span class='ocrx_word' id='word_1_295' title='bbox 1377 2593 1486 2653; x_wconf 89' lang='lat' dir='ltr'><strong>rite</strong></span> <span class='ocrx_word' id='word_1_296' title='bbox 1515 2593 1828 2669; x_wconf 88' lang='lat' dir='ltr'><strong>ordinatus,</strong></span> <span class='ocrx_word' id='word_1_297' title='bbox 1861 2593 2017 2671; x_wconf 93' lang='lat' dir='ltr'><strong>quod</strong></span> <span class='ocrx_word' id='word_1_298' title='bbox 2043 2593 2257 2672; x_wconf 87' lang='lat' dir='ltr'><strong>pendet</strong></span> <span class='ocrx_word' id='word_1_299' title='bbox 2283 2612 2319 2651; x_wconf 88' lang='lat' dir='ltr'><strong>a</strong></span> <span class='ocrx_word' id='word_1_300' title='bbox 2346 2591 2543 2651; x_wconf 88' lang='lat' dir='ltr'><strong>multis</strong></span> <span class='ocrx_word' id='word_1_301' title='bbox 2571 2593 2701 2652; x_wconf 88' lang='lat' dir='ltr'><strong>aliis</strong></span> <span class='ocrx_word' id='word_1_302' title='bbox 2726 2613 2860 2652; x_wconf 84' lang='lat' dir='ltr'><strong>cau-</strong></span> 
     </span>
     <span class='ocr_line' id='line_1_29' title="bbox 440 2668 2860 2752; baseline 0.003 -26"><span class='ocrx_word' id='word_1_303' title='bbox 440 2668 540 2743; x_wconf 86' lang='lat' dir='ltr'><strong>sis,</strong></span> <span class='ocrx_word' id='word_1_304' title='bbox 571 2668 632 2728; x_wconf 90' lang='lat' dir='ltr'><strong>in</strong></span> <span class='ocrx_word' id='word_1_305' title='bbox 659 2671 870 2747; x_wconf 86' lang='lat' dir='ltr'><strong>quibus</strong></span> <span class='ocrx_word' id='word_1_306' title='bbox 899 2671 1016 2732; x_wconf 85' lang='lat' dir='ltr'><strong>fere</strong></span> <span class='ocrx_word' id='word_1_307' title='bbox 1044 2674 1106 2731; x_wconf 92' lang='lat' dir='ltr'><strong>in</strong></span> <span class='ocrx_word' id='word_1_308' title='bbox 1131 2673 1418 2733; x_wconf 90' lang='lat' dir='ltr'><strong>infinitum</strong></span> <span class='ocrx_word' id='word_1_309' title='bbox 1446 2675 1718 2752; x_wconf 87' lang='lat' dir='ltr'><strong>progredi</strong></span> <span class='ocrx_word' id='word_1_310' title='bbox 1736 2675 2099 2751; x_wconf 83' lang='lat' dir='ltr'><strong>possumus.”</strong></span> <span class='ocrx_word' id='word_1_311' title='bbox 2162 2673 2259 2732; x_wconf 88' lang='lat' dir='ltr'><strong>Sic</strong></span> <span class='ocrx_word' id='word_1_312' title='bbox 2288 2673 2419 2732; x_wconf 91' lang='lat' dir='ltr'><strong>Biel</strong></span> <span class='ocrx_word' id='word_1_313' title='bbox 2444 2672 2695 2734; x_wconf 86' lang='lat' dir='ltr'><strong>Section.</strong></span> <span class='ocrx_word' id='word_1_314' title='bbox 2714 2673 2860 2734; x_wconf 80' lang='lat' dir='ltr'><strong>xlix.</strong></span> 
     </span>
     <span class='ocr_line' id='line_1_30' title="bbox 439 2749 2857 2832; baseline 0.003 -25"><span class='ocrx_word' id='word_1_315' title='bbox 439 2749 502 2806; x_wconf 90' lang='lat' dir='ltr'><strong>in</strong></span> <span class='ocrx_word' id='word_1_316' title='bbox 532 2749 671 2810; x_wconf 90' lang='lat' dir='ltr'><strong>Can.</strong></span> <span class='ocrx_word' id='word_1_317' title='bbox 704 2751 890 2830; x_wconf 64' lang='lat' dir='ltr'><strong>Miss„</strong></span> <span class='ocrx_word' id='word_1_318' title='bbox 925 2753 1122 2828; x_wconf 82' lang='lat' dir='ltr'><strong>“Quia</strong></span> <span class='ocrx_word' id='word_1_319' title='bbox 1162 2773 1280 2813; x_wconf 89' lang='lat' dir='ltr'><strong>non</strong></span> <span class='ocrx_word' id='word_1_320' title='bbox 1321 2762 1513 2832; x_wconf 88' lang='lat' dir='ltr'><strong>potest</strong></span> <span class='ocrx_word' id='word_1_321' title='bbox 1553 2773 1681 2814; x_wconf 88' lang='lat' dir='ltr'><strong>esse</strong></span> <span class='ocrx_word' id='word_1_322' title='bbox 1724 2753 1925 2814; x_wconf 88' lang='lat' dir='ltr'><strong>eadem</strong></span> <span class='ocrx_word' id='word_1_323' title='bbox 1968 2753 2251 2814; x_wconf 86' lang='lat' dir='ltr'><strong>certitudo</strong></span> <span class='ocrx_word' id='word_1_324' title='bbox 2290 2773 2477 2830; x_wconf 91' lang='lat' dir='ltr'><strong>neque</strong></span> <span class='ocrx_word' id='word_1_325' title='bbox 2524 2754 2857 2830; x_wconf 85' lang='lat' dir='ltr'><strong>celebranti,</strong></span> 
     </span>
     <span class='ocr_line' id='line_1_31' title="bbox 437 2833 2863 2913; baseline 0.002 -25"><span class='ocrx_word' id='word_1_326' title='bbox 437 2849 626 2907; x_wconf 88' lang='lat' dir='ltr'><strong>neque</strong></span> <span class='ocrx_word' id='word_1_327' title='bbox 666 2833 880 2910; x_wconf 89' lang='lat' dir='ltr'><strong>populo</strong></span> <span class='ocrx_word' id='word_1_328' title='bbox 922 2835 1333 2911; x_wconf 82' lang='lat' dir='ltr'><strong>circumstanti,</strong></span> <span class='ocrx_word' id='word_1_329' title='bbox 1365 2835 1438 2894; x_wconf 92' lang='lat' dir='ltr'><strong>de</strong></span> <span class='ocrx_word' id='word_1_330' title='bbox 1465 2835 1841 2894; x_wconf 82' lang='lat' dir='ltr'><strong>conversione</strong></span> <span class='ocrx_word' id='word_1_331' title='bbox 1869 2835 2035 2912; x_wconf 87' lang='lat' dir='ltr'><strong>panis</strong></span> <span class='ocrx_word' id='word_1_332' title='bbox 2062 2835 2123 2893; x_wconf 89' lang='lat' dir='ltr'><strong>in</strong></span> <span class='ocrx_word' id='word_1_333' title='bbox 2150 2854 2359 2913; x_wconf 88' lang='lat' dir='ltr'><strong>corpus</strong></span> <span class='ocrx_word' id='word_1_334' title='bbox 2390 2833 2603 2892; x_wconf 87' lang='lat' dir='ltr'><strong>Christi</strong></span> <span class='ocrx_word' id='word_1_335' title='bbox 2630 2843 2863 2912; x_wconf 85' lang='lat' dir='ltr'><strong>propter</strong></span> 
     </span>
     <span class='ocr_line' id='line_1_32' title="bbox 437 2909 2857 2994; baseline 0.002 -26"><span class='ocrx_word' id='word_1_336' title='bbox 437 2909 727 2972; x_wconf 86' lang='lat' dir='ltr'><strong>defectum</strong></span> <span class='ocrx_word' id='word_1_337' title='bbox 753 2913 1005 2992; x_wconf 89' lang='lat' dir='ltr'><strong>aliquem</strong></span> <span class='ocrx_word' id='word_1_338' title='bbox 1033 2915 1440 2994; x_wconf 87' lang='lat' dir='ltr'><strong>impedientem</strong></span> <span class='ocrx_word' id='word_1_339' title='bbox 1467 2923 1527 2975; x_wconf 88' lang='lat' dir='ltr'><strong>ct</strong></span> <span class='ocrx_word' id='word_1_340' title='bbox 1553 2915 1889 2994; x_wconf 87' lang='lat' dir='ltr'><strong>contingere</strong></span> <span class='ocrx_word' id='word_1_341' title='bbox 1916 2923 2227 2992; x_wconf 87' lang='lat' dir='ltr'><strong>potentem,</strong></span> <span class='ocrx_word' id='word_1_342' title='bbox 2258 2923 2325 2973; x_wconf 86' lang='lat' dir='ltr'><strong>ut</strong></span> <span class='ocrx_word' id='word_1_343' title='bbox 2352 2913 2509 2992; x_wconf 92' lang='lat' dir='ltr'><strong>quod</strong></span> <span class='ocrx_word' id='word_1_344' title='bbox 2535 2913 2683 2974; x_wconf 87' lang='lat' dir='ltr'><strong>forte</strong></span> <span class='ocrx_word' id='word_1_345' title='bbox 2710 2915 2857 2974; x_wconf 90' lang='lat' dir='ltr'><strong>cele-</strong></span> 
     </span>
     <span class='ocr_line' id='line_1_33' title="bbox 437 2989 2858 3075; baseline 0.002 -27"><span class='ocrx_word' id='word_1_346' title='bbox 437 2989 613 3050; x_wconf 87' lang='lat' dir='ltr'><strong>brans</strong></span> <span class='ocrx_word' id='word_1_347' title='bbox 653 3013 770 3053; x_wconf 88' lang='lat' dir='ltr'><strong>non</strong></span> <span class='ocrx_word' id='word_1_348' title='bbox 812 3003 901 3054; x_wconf 90' lang='lat' dir='ltr'><strong>est</strong></span> <span class='ocrx_word' id='word_1_349' title='bbox 941 2997 1226 3074; x_wconf 88' lang='lat' dir='ltr'><strong>sacerdos,</strong></span> <span class='ocrx_word' id='word_1_350' title='bbox 1259 2996 1542 3075; x_wconf 84' lang='lat' dir='ltr'><strong>siquidem</strong></span> <span class='ocrx_word' id='word_1_351' title='bbox 1584 2997 1781 3056; x_wconf 87' lang='lat' dir='ltr'><strong>nullus</strong></span> <span class='ocrx_word' id='word_1_352' title='bbox 1818 2995 2115 3055; x_wconf 88' lang='lat' dir='ltr'><strong>celebrans</strong></span> <span class='ocrx_word' id='word_1_353' title='bbox 2143 3003 2334 3074; x_wconf 87' lang='lat' dir='ltr'><strong>potest</strong></span> <span class='ocrx_word' id='word_1_354' title='bbox 2386 2993 2687 3054; x_wconf 81' lang='lat' dir='ltr'><strong>evidenter</strong></span> <span class='ocrx_word' id='word_1_355' title='bbox 2714 2996 2858 3054; x_wconf 82' lang='lat' dir='ltr'><strong>scire</strong></span> 
     </span>
     <span class='ocr_line' id='line_1_34' title="bbox 439 3074 2855 3155; baseline 0.002 -25"><span class='ocrx_word' id='word_1_356' title='bbox 439 3089 502 3130; x_wconf 87' lang='lat' dir='ltr'><strong>se</strong></span> <span class='ocrx_word' id='word_1_357' title='bbox 543 3091 672 3132; x_wconf 88' lang='lat' dir='ltr'><strong>csse</strong></span> <span class='ocrx_word' id='word_1_358' title='bbox 704 3074 1074 3153; x_wconf 83' lang='lat' dir='ltr'><strong>baptizatum,</strong></span> <span class='ocrx_word' id='word_1_359' title='bbox 1105 3086 1206 3136; x_wconf 85' lang='lat' dir='ltr'><strong>aut</strong></span> <span class='ocrx_word' id='word_1_360' title='bbox 1232 3077 1492 3155; x_wconf 84' lang='lat' dir='ltr'><strong>legitime</strong></span> <span class='ocrx_word' id='word_1_361' title='bbox 1515 3077 1859 3151; x_wconf 85' lang='lat' dir='ltr'><strong>ordinatum,</strong></span> <span class='ocrx_word' id='word_1_362' title='bbox 1892 3075 2157 3136; x_wconf 85' lang='lat' dir='ltr'><strong>similiter</strong></span> <span class='ocrx_word' id='word_1_363' title='bbox 2182 3082 2416 3153; x_wconf 90' lang='lat' dir='ltr'><strong>propter</strong></span> <span class='ocrx_word' id='word_1_364' title='bbox 2442 3074 2732 3134; x_wconf 88' lang='lat' dir='ltr'><strong>defectum</strong></span> <span class='ocrx_word' id='word_1_365' title='bbox 2752 3075 2855 3134; x_wconf 85' lang='lat' dir='ltr'><strong>ali-</strong></span> 
     </span>
     <span class='ocr_line' id='line_1_35' title="bbox 435 3151 2859 3234; baseline 0.002 -26"><span class='ocrx_word' id='word_1_366' title='bbox 435 3151 606 3226; x_wconf 88' lang='lat' dir='ltr'><strong>cujus</strong></span> <span class='ocrx_word' id='word_1_367' title='bbox 641 3155 966 3212; x_wconf 87' lang='lat' dir='ltr'><strong>necessario</strong></span> <span class='ocrx_word' id='word_1_368' title='bbox 999 3157 1263 3233; x_wconf 86' lang='lat' dir='ltr'><strong>requisiti</strong></span> <span class='ocrx_word' id='word_1_369' title='bbox 1299 3158 1376 3216; x_wconf 90' lang='lat' dir='ltr'><strong>ad</strong></span> <span class='ocrx_word' id='word_1_370' title='bbox 1408 3157 1877 3231; x_wconf 87' lang='lat' dir='ltr'><strong>consecrandum,</strong></span> <span class='ocrx_word' id='word_1_371' title='bbox 1907 3163 2107 3234; x_wconf 83' lang='lat' dir='ltr'><strong>utpote</strong></span> <span class='ocrx_word' id='word_1_372' title='bbox 2136 3155 2347 3215; x_wconf 81' lang='lat' dir='ltr'><strong>debitae</strong></span> <span class='ocrx_word' id='word_1_373' title='bbox 2376 3155 2727 3232; x_wconf 84' lang='lat' dir='ltr'><strong>intentionis,</strong></span> <span class='ocrx_word' id='word_1_374' title='bbox 2758 3164 2859 3216; x_wconf 83' lang='lat' dir='ltr'><strong>aut</strong></span> 
     </span>
     <span class='ocr_line' id='line_1_36' title="bbox 435 3232 2860 3308; baseline 0.004 -22"><span class='ocrx_word' id='word_1_375' title='bbox 435 3247 686 3288; x_wconf 88' lang='lat' dir='ltr'><strong>errorem</strong></span> <span class='ocrx_word' id='word_1_376' title='bbox 715 3232 1084 3291; x_wconf 88' lang='lat' dir='ltr'><strong>commissum</strong></span> <span class='ocrx_word' id='word_1_377' title='bbox 1111 3235 1173 3292; x_wconf 91' lang='lat' dir='ltr'><strong>in</strong></span> <span class='ocrx_word' id='word_1_378' title='bbox 1199 3235 1384 3293; x_wconf 79' lang='lat' dir='ltr'><strong>sonna</strong></span> <span class='ocrx_word' id='word_1_379' title='bbox 1410 3237 1508 3293; x_wconf 87' lang='lat' dir='ltr'><strong>vel</strong></span> <span class='ocrx_word' id='word_1_380' title='bbox 1535 3237 1594 3292; x_wconf 91' lang='lat' dir='ltr'><strong>in</strong></span> <span class='ocrx_word' id='word_1_381' title='bbox 1622 3236 1877 3308; x_wconf 87' lang='lat' dir='ltr'><strong>materia,</strong></span> <span class='ocrx_word' id='word_1_382' title='bbox 1908 3245 1967 3294; x_wconf 88' lang='lat' dir='ltr'><strong>et</strong></span> <span class='ocrx_word' id='word_1_383' title='bbox 1993 3237 2179 3294; x_wconf 87' lang='lat' dir='ltr'><strong>multo</strong></span> <span class='ocrx_word' id='word_1_384' title='bbox 2204 3235 2395 3292; x_wconf 85' lang='lat' dir='ltr'><strong>minus</strong></span> <span class='ocrx_word' id='word_1_385' title='bbox 2422 3233 2860 3295; x_wconf 68' lang='lat' dir='ltr'><strong>circumstantes</strong></span> 
     </span>
     <span class='ocr_line' id='line_1_37' title="bbox 435 3306 2857 3388; baseline 0.004 -25"><span class='ocrx_word' id='word_1_386' title='bbox 435 3306 816 3367; x_wconf 87' lang='lat' dir='ltr'><strong>infallibiliter</strong></span> <span class='ocrx_word' id='word_1_387' title='bbox 852 3310 998 3370; x_wconf 87' lang='lat' dir='ltr'><strong>scire</strong></span> <span class='ocrx_word' id='word_1_388' title='bbox 1037 3322 1279 3388; x_wconf 86' lang='lat' dir='ltr'><strong>possunt</strong></span> <span class='ocrx_word' id='word_1_389' title='bbox 1313 3313 1422 3372; x_wconf 87' lang='lat' dir='ltr'><strong>sub</strong></span> <span class='ocrx_word' id='word_1_390' title='bbox 1451 3313 1643 3372; x_wconf 83' lang='lat' dir='ltr'><strong>hostia</strong></span> <span class='ocrx_word' id='word_1_391' title='bbox 1669 3314 1790 3372; x_wconf 85' lang='lat' dir='ltr'><strong>fore</strong></span> <span class='ocrx_word' id='word_1_392' title='bbox 1820 3313 2129 3387; x_wconf 86' lang='lat' dir='ltr'><strong>Christum,</strong></span> <span class='ocrx_word' id='word_1_393' title='bbox 2159 3315 2293 3371; x_wconf 89' lang='lat' dir='ltr'><strong>ideo</strong></span> <span class='ocrx_word' id='word_1_394' title='bbox 2320 3312 2579 3370; x_wconf 81' lang='lat' dir='ltr'><strong>adoratio</strong></span> <span class='ocrx_word' id='word_1_395' title='bbox 2604 3311 2731 3370; x_wconf 87' lang='lat' dir='ltr'><strong>fieri</strong></span> <span class='ocrx_word' id='word_1_396' title='bbox 2758 3313 2857 3373; x_wconf 89' lang='lat' dir='ltr'><strong>de-</strong></span> 
     </span>
     <span class='ocr_line' id='line_1_38' title="bbox 437 3385 2857 3468; baseline 0.003 -22"><span class='ocrx_word' id='word_1_397' title='bbox 437 3385 536 3446; x_wconf 89' lang='lat' dir='ltr'><strong>bet</strong></span> <span class='ocrx_word' id='word_1_398' title='bbox 565 3387 674 3446; x_wconf 90' lang='lat' dir='ltr'><strong>sub</strong></span> <span class='ocrx_word' id='word_1_399' title='bbox 702 3388 1030 3449; x_wconf 86' lang='lat' dir='ltr'><strong>conditione</strong></span> <span class='ocrx_word' id='word_1_400' title='bbox 1050 3390 1332 3450; x_wconf 83' lang='lat' dir='ltr'><strong>habituali</strong></span> <span class='ocrx_word' id='word_1_401' title='bbox 1361 3391 1553 3467; x_wconf 84' lang='lat' dir='ltr'><strong>tacita,</strong></span> <span class='ocrx_word' id='word_1_402' title='bbox 1584 3392 1683 3450; x_wconf 84' lang='lat' dir='ltr'><strong>vel</strong></span> <span class='ocrx_word' id='word_1_403' title='bbox 1710 3391 1923 3449; x_wconf 84' lang='lat' dir='ltr'><strong>actuali</strong></span> <span class='ocrx_word' id='word_1_404' title='bbox 1959 3411 2249 3468; x_wconf 81' lang='lat' dir='ltr'><strong>expressa,</strong></span> <span class='ocrx_word' id='word_1_405' title='bbox 2280 3391 2385 3449; x_wconf 85' lang='lat' dir='ltr'><strong>tali</strong></span> <span class='ocrx_word' id='word_1_406' title='bbox 2412 3389 2635 3450; x_wconf 88' lang='lat' dir='ltr'><strong>scilicet</strong></span> <span class='ocrx_word' id='word_1_407' title='bbox 2661 3391 2709 3451; x_wconf 88' lang='lat' dir='ltr'><strong>si</strong></span> <span class='ocrx_word' id='word_1_408' title='bbox 2736 3413 2857 3454; x_wconf 87' lang='lat' dir='ltr'><strong>ser-</strong></span> 
     </span>
     <span class='ocr_line' id='line_1_39' title="bbox 435 3467 2859 3552; baseline 0.004 -29"><span class='ocrx_word' id='word_1_409' title='bbox 435 3474 573 3525; x_wconf 80' lang='lat' dir='ltr'><strong>vata</strong></span> <span class='ocrx_word' id='word_1_410' title='bbox 601 3467 717 3526; x_wconf 84' lang='lat' dir='ltr'><strong>sint</strong></span> <span class='ocrx_word' id='word_1_411' title='bbox 745 3468 938 3528; x_wconf 87' lang='lat' dir='ltr'><strong>omnia</strong></span> <span class='ocrx_word' id='word_1_412' title='bbox 963 3469 1040 3529; x_wconf 79' lang='lat' dir='ltr'><strong>ad</strong></span> <span class='ocrx_word' id='word_1_413' title='bbox 1067 3471 1556 3550; x_wconf 74' lang='lat' dir='ltr'><strong>consecrationem</strong></span> <span class='ocrx_word' id='word_1_414' title='bbox 1583 3470 1969 3530; x_wconf 85' lang='lat' dir='ltr'><strong>neccssaria.”</strong></span> <span class='ocrx_word' id='word_1_415' title='bbox 2053 3470 2207 3545; x_wconf 88' lang='lat' dir='ltr'><strong>Quid</strong></span> <span class='ocrx_word' id='word_1_416' title='bbox 2235 3469 2390 3548; x_wconf 90' lang='lat' dir='ltr'><strong>quod</strong></span> <span class='ocrx_word' id='word_1_417' title='bbox 2411 3470 2717 3548; x_wconf 88' lang='lat' dir='ltr'><strong>nequidem</strong></span> <span class='ocrx_word' id='word_1_418' title='bbox 2744 3474 2859 3552; x_wconf 86' lang='lat' dir='ltr'><strong>ipsi</strong></span> 
     </span>
     <span class='ocr_line' id='line_1_40' title="bbox 433 3548 2855 3629; baseline 0.004 -25"><span class='ocrx_word' id='word_1_419' title='bbox 433 3548 788 3608; x_wconf 81' lang='lat' dir='ltr'><strong>conveniunt</strong></span> <span class='ocrx_word' id='word_1_420' title='bbox 815 3549 876 3609; x_wconf 91' lang='lat' dir='ltr'><strong>in</strong></span> <span class='ocrx_word' id='word_1_421' title='bbox 903 3551 1254 3627; x_wconf 82' lang='lat' dir='ltr'><strong>accessoriis,</strong></span> <span class='ocrx_word' id='word_1_422' title='bbox 1287 3559 1346 3611; x_wconf 88' lang='lat' dir='ltr'><strong>et</strong></span> <span class='ocrx_word' id='word_1_423' title='bbox 1371 3551 1540 3611; x_wconf 85' lang='lat' dir='ltr'><strong>facilc</strong></span> <span class='ocrx_word' id='word_1_424' title='bbox 1567 3551 1902 3628; x_wconf 87' lang='lat' dir='ltr'><strong>contingere</strong></span> <span class='ocrx_word' id='word_1_425' title='bbox 1929 3559 2137 3629; x_wconf 87' lang='lat' dir='ltr'><strong>potest,</strong></span> <span class='ocrx_word' id='word_1_426' title='bbox 2156 3559 2225 3610; x_wconf 90' lang='lat' dir='ltr'><strong>ut</strong></span> <span class='ocrx_word' id='word_1_427' title='bbox 2242 3551 2478 3628; x_wconf 84' lang='lat' dir='ltr'><strong>aliquod</strong></span> <span class='ocrx_word' id='word_1_428' title='bbox 2504 3551 2745 3612; x_wconf 85' lang='lat' dir='ltr'><strong>istorum</strong></span> <span class='ocrx_word' id='word_1_429' title='bbox 2766 3575 2855 3614; x_wconf 86' lang='lat' dir='ltr'><strong>re-</strong></span> 
     </span>
     <span class='ocr_line' id='line_1_41' title="bbox 429 3627 2856 3709; baseline 0.004 -23"><span class='ocrx_word' id='word_1_430' title='bbox 429 3627 776 3703; x_wconf 73' lang='lat' dir='ltr'><strong>quisitor-um</strong></span> <span class='ocrx_word' id='word_1_431' title='bbox 805 3629 970 3708; x_wconf 83' lang='lat' dir='ltr'><strong>desit,</strong></span> <span class='ocrx_word' id='word_1_432' title='bbox 995 3631 1188 3691; x_wconf 79' lang='lat' dir='ltr'><strong>varios</strong></span> <span class='ocrx_word' id='word_1_433' title='bbox 1215 3632 1370 3692; x_wconf 90' lang='lat' dir='ltr'><strong>enim</strong></span> <span class='ocrx_word' id='word_1_434' title='bbox 1397 3651 1566 3692; x_wconf 89' lang='lat' dir='ltr'><strong>casus</strong></span> <span class='ocrx_word' id='word_1_435' title='bbox 1591 3640 1947 3708; x_wconf 86' lang='lat' dir='ltr'><strong>enumerant,</strong></span> <span class='ocrx_word' id='word_1_436' title='bbox 1978 3632 2040 3690; x_wconf 91' lang='lat' dir='ltr'><strong>in</strong></span> <span class='ocrx_word' id='word_1_437' title='bbox 2066 3631 2277 3709; x_wconf 86' lang='lat' dir='ltr'><strong>quibus</strong></span> <span class='ocrx_word' id='word_1_438' title='bbox 2318 3632 2856 3695; x_wconf 84' lang='lat' dir='ltr'><strong>transubstantiatio</strong></span> 
     </span>
     <span class='ocr_line' id='line_1_42' title="bbox 429 3707 2853 3790; baseline 0.002 -24"><span class='ocrx_word' id='word_1_439' title='bbox 429 3707 758 3786; x_wconf 85' lang='lat' dir='ltr'><strong>impeditur,</strong></span> <span class='ocrx_word' id='word_1_440' title='bbox 793 3719 855 3771; x_wconf 90' lang='lat' dir='ltr'><strong>ut</strong></span> <span class='ocrx_word' id='word_1_441' title='bbox 896 3712 947 3770; x_wconf 89' lang='lat' dir='ltr'><strong>si</strong></span> <span class='ocrx_word' id='word_1_442' title='bbox 985 3711 1153 3790; x_wconf 88' lang='lat' dir='ltr'><strong>panis</strong></span> <span class='ocrx_word' id='word_1_443' title='bbox 1192 3732 1310 3772; x_wconf 90' lang='lat' dir='ltr'><strong>non</strong></span> <span class='ocrx_word' id='word_1_444' title='bbox 1349 3712 1522 3772; x_wconf 81' lang='lat' dir='ltr'><strong>fuerit</strong></span> <span class='ocrx_word' id='word_1_445' title='bbox 1561 3733 1641 3773; x_wconf 83' lang='lat' dir='ltr'><strong>ex</strong></span> <span class='ocrx_word' id='word_1_446' title='bbox 1681 3712 1889 3788; x_wconf 77' lang='lat' dir='ltr'><strong>tritico,</strong></span> <span class='ocrx_word' id='word_1_447' title='bbox 1922 3713 1973 3772; x_wconf 90' lang='lat' dir='ltr'><strong>si</strong></span> <span class='ocrx_word' id='word_1_448' title='bbox 2012 3731 2179 3789; x_wconf 72' lang='lat' dir='ltr'><strong>aqum</strong></span> <span class='ocrx_word' id='word_1_449' title='bbox 2206 3713 2533 3790; x_wconf 87' lang='lat' dir='ltr'><strong>plusculum</strong></span> <span class='ocrx_word' id='word_1_450' title='bbox 2572 3714 2711 3774; x_wconf 80' lang='lat' dir='ltr'><strong>vino</strong></span> <span class='ocrx_word' id='word_1_451' title='bbox 2753 3714 2853 3773; x_wconf 85' lang='lat' dir='ltr'><strong>ad-</strong></span> 
     </span>
     <span class='ocr_line' id='line_1_43' title="bbox 429 3788 2856 3872; baseline 0.003 -26"><span class='ocrx_word' id='word_1_452' title='bbox 429 3788 680 3848; x_wconf 84' lang='lat' dir='ltr'><strong>mixtum</strong></span> <span class='ocrx_word' id='word_1_453' title='bbox 707 3791 894 3868; x_wconf 86' lang='lat' dir='ltr'><strong>fuerit,</strong></span> <span class='ocrx_word' id='word_1_454' title='bbox 926 3792 978 3851; x_wconf 87' lang='lat' dir='ltr'><strong>si</strong></span> <span class='ocrx_word' id='word_1_455' title='bbox 1004 3793 1200 3852; x_wconf 87' lang='lat' dir='ltr'><strong>vinum</strong></span> <span class='ocrx_word' id='word_1_456' title='bbox 1231 3801 1474 3869; x_wconf 82' lang='lat' dir='ltr'><strong>acescat,</strong></span> <span class='ocrx_word' id='word_1_457' title='bbox 1503 3793 1556 3852; x_wconf 88' lang='lat' dir='ltr'><strong>si</strong></span> <span class='ocrx_word' id='word_1_458' title='bbox 1576 3793 1851 3854; x_wconf 88' lang='lat' dir='ltr'><strong>tredecim</strong></span> <span class='ocrx_word' id='word_1_459' title='bbox 1868 3792 2116 3872; x_wconf 85' lang='lat' dir='ltr'><strong>panibus</strong></span> <span class='ocrx_word' id='word_1_460' title='bbox 2142 3793 2353 3853; x_wconf 87' lang='lat' dir='ltr'><strong>oblatis</strong></span> <span class='ocrx_word' id='word_1_461' title='bbox 2370 3794 2613 3854; x_wconf 81' lang='lat' dir='ltr'><strong>intentio</strong></span> <span class='ocrx_word' id='word_1_462' title='bbox 2640 3794 2856 3854; x_wconf 85' lang='lat' dir='ltr'><strong>feratur</strong></span> 
     </span>
     <span class='ocr_line' id='line_1_44' title="bbox 429 3869 2853 3952; baseline 0.003 -26"><span class='ocrx_word' id='word_1_463' title='bbox 429 3869 492 3926; x_wconf 87' lang='lat' dir='ltr'><strong>in</strong></span> <span class='ocrx_word' id='word_1_464' title='bbox 509 3869 814 3932; x_wconf 88' lang='lat' dir='ltr'><strong>duodecim</strong></span> <span class='ocrx_word' id='word_1_465' title='bbox 833 3880 1072 3948; x_wconf 81' lang='lat' dir='ltr'><strong>tantum,</strong></span> <span class='ocrx_word' id='word_1_466' title='bbox 1093 3874 1155 3932; x_wconf 92' lang='lat' dir='ltr'><strong>in</strong></span> <span class='ocrx_word' id='word_1_467' title='bbox 1175 3893 1290 3952; x_wconf 90' lang='lat' dir='ltr'><strong>quo</strong></span> <span class='ocrx_word' id='word_1_468' title='bbox 1307 3893 1448 3934; x_wconf 87' lang='lat' dir='ltr'><strong>casu</strong></span> <span class='ocrx_word' id='word_1_469' title='bbox 1463 3874 1659 3938; x_wconf 87' lang='lat' dir='ltr'><strong>nullus</strong></span> <span class='ocrx_word' id='word_1_470' title='bbox 1680 3873 1913 3933; x_wconf 87' lang='lat' dir='ltr'><strong>omnino</strong></span> <span class='ocrx_word' id='word_1_471' title='bbox 1934 3881 2303 3934; x_wconf 87' lang='lat' dir='ltr'><strong>consecratus</strong></span> <span class='ocrx_word' id='word_1_472' title='bbox 2320 3882 2603 3950; x_wconf 87' lang='lat' dir='ltr'><strong>censetur,</strong></span> <span class='ocrx_word' id='word_1_473' title='bbox 2624 3875 2679 3934; x_wconf 89' lang='lat' dir='ltr'><strong>si</strong></span> <span class='ocrx_word' id='word_1_474' title='bbox 2691 3874 2853 3934; x_wconf 80' lang='lat' dir='ltr'><strong>defu-</strong></span> 
     </span>
     <span class='ocr_line' id='line_1_45' title="bbox 427 3950 2850 4032; baseline 0.002 -24"><span class='ocrx_word' id='word_1_475' title='bbox 427 3950 540 4008; x_wconf 85' lang='lat' dir='ltr'><strong>erit</strong></span> <span class='ocrx_word' id='word_1_476' title='bbox 555 3952 963 4012; x_wconf 86' lang='lat' dir='ltr'><strong>nonnullorum</strong></span> <span class='ocrx_word' id='word_1_477' title='bbox 989 3954 1298 4014; x_wconf 86' lang='lat' dir='ltr'><strong>verborum</strong></span> <span class='ocrx_word' id='word_1_478' title='bbox 1313 3954 1709 4014; x_wconf 81' lang='lat' dir='ltr'><strong>essentialium</strong></span> <span class='ocrx_word' id='word_1_479' title='bbox 1738 3954 2017 4031; x_wconf 87' lang='lat' dir='ltr'><strong>recitatio,</strong></span> <span class='ocrx_word' id='word_1_480' title='bbox 2042 3955 2215 4032; x_wconf 89' lang='lat' dir='ltr'><strong>siqui</strong></span> <span class='ocrx_word' id='word_1_481' title='bbox 2242 3954 2409 4014; x_wconf 88' lang='lat' dir='ltr'><strong>offert</strong></span> <span class='ocrx_word' id='word_1_482' title='bbox 2436 3955 2704 4014; x_wconf 88' lang='lat' dir='ltr'><strong>sacerdos</strong></span> <span class='ocrx_word' id='word_1_483' title='bbox 2730 3973 2850 4013; x_wconf 88' lang='lat' dir='ltr'><strong>non</strong></span> 
     </span>
     <span class='ocr_line' id='line_1_46' title="bbox 429 4033 2893 4112; baseline 0.002 -24"><span class='ocrx_word' id='word_1_484' title='bbox 429 4037 535 4107; x_wconf 89' lang='lat' dir='ltr'><strong>est,</strong></span> <span class='ocrx_word' id='word_1_485' title='bbox 551 4040 613 4091; x_wconf 87' lang='lat' dir='ltr'><strong>et</strong></span> <span class='ocrx_word' id='word_1_486' title='bbox 622 4051 738 4092; x_wconf 89' lang='lat' dir='ltr'><strong>non</strong></span> <span class='ocrx_word' id='word_1_487' title='bbox 748 4033 1008 4111; x_wconf 84' lang='lat' dir='ltr'><strong>legitime</strong></span> <span class='ocrx_word' id='word_1_488' title='bbox 1019 4034 1334 4111; x_wconf 82' lang='lat' dir='ltr'><strong>ordinatus,</strong></span> <span class='ocrx_word' id='word_1_489' title='bbox 1349 4033 1458 4096; x_wconf 54' lang='lat' dir='ltr'><strong>&amp;a</strong></span> <span class='ocrx_word' id='word_1_490' title='bbox 1496 4035 1635 4096; x_wconf 85' lang='lat' dir='ltr'><strong>Uno</strong></span> <span class='ocrx_word' id='word_1_491' title='bbox 1646 4035 1823 4095; x_wconf 82' lang='lat' dir='ltr'><strong>verbo</strong></span> <span class='ocrx_word' id='word_1_492' title='bbox 1834 4035 2199 4112; x_wconf 72' lang='lat' dir='ltr'><strong>praesentiam</strong></span> <span class='ocrx_word' id='word_1_493' title='bbox 2212 4035 2421 4095; x_wconf 84' lang='lat' dir='ltr'><strong>Christi</strong></span> <span class='ocrx_word' id='word_1_494' title='bbox 2436 4034 2698 4094; x_wconf 77' lang='lat' dir='ltr'><strong>inhostia</strong></span> <span class='ocrx_word' id='word_1_495' title='bbox 2714 4055 2849 4112; x_wconf 88' lang='lat' dir='ltr'><strong>pen·-</strong></span> <span class='ocrx_word' id='word_1_496' title='bbox 2882 4073 2893 4082; x_wconf 92' lang='lat'>-</span> 
     </span>
     <span class='ocr_line' id='line_1_47' title="bbox 428 4109 2850 4193; baseline 0.002 -25"><span class='ocrx_word' id='word_1_497' title='bbox 428 4109 565 4170; x_wconf 88' lang='lat' dir='ltr'><strong>dere</strong></span> <span class='ocrx_word' id='word_1_498' title='bbox 592 4113 798 4174; x_wconf 79' lang='lat' dir='ltr'><strong>volunt</strong></span> <span class='ocrx_word' id='word_1_499' title='bbox 825 4133 861 4172; x_wconf 88' lang='lat' dir='ltr'><strong>a</strong></span> <span class='ocrx_word' id='word_1_500' title='bbox 885 4114 1149 4192; x_wconf 85' lang='lat' dir='ltr'><strong>legitima</strong></span> <span class='ocrx_word' id='word_1_501' title='bbox 1169 4115 1616 4192; x_wconf 80' lang='lat' dir='ltr'><strong>consecratione,</strong></span> <span class='ocrx_word' id='word_1_502' title='bbox 1646 4115 1969 4193; x_wconf 82' lang='lat' dir='ltr'><strong>legitimam</strong></span> <span class='ocrx_word' id='word_1_503' title='bbox 1997 4115 2485 4176; x_wconf 85' lang='lat' dir='ltr'><strong>consecrationem</strong></span> <span class='ocrx_word' id='word_1_504' title='bbox 2512 4135 2547 4173; x_wconf 82' lang='lat' dir='ltr'><strong>a</strong></span> <span class='ocrx_word' id='word_1_505' title='bbox 2574 4115 2850 4192; x_wconf 81' lang='lat' dir='ltr'><strong>qualitate</strong></span> 
     </span>
     <span class='ocr_line' id='line_1_48' title="bbox 431 4191 2842 4272; baseline 0.002 -25"><span class='ocrx_word' id='word_1_506' title='bbox 431 4191 762 4270; x_wconf 78' lang='lat' dir='ltr'><strong>sacerdotis,</strong></span> <span class='ocrx_word' id='word_1_507' title='bbox 811 4195 1285 4271; x_wconf 86' lang='lat' dir='ltr'><strong>pronunciatione</strong></span> <span class='ocrx_word' id='word_1_508' title='bbox 1325 4197 1651 4272; x_wconf 85' lang='lat' dir='ltr'><strong>verborum,</strong></span> <span class='ocrx_word' id='word_1_509' title='bbox 1694 4203 1753 4255; x_wconf 87' lang='lat' dir='ltr'><strong>et</strong></span> <span class='ocrx_word' id='word_1_510' title='bbox 1790 4195 2108 4255; x_wconf 84' lang='lat' dir='ltr'><strong>intentione</strong></span> <span class='ocrx_word' id='word_1_511' title='bbox 2148 4195 2541 4269; x_wconf 80' lang='lat' dir='ltr'><strong>consecrandi,</strong></span> <span class='ocrx_word' id='word_1_512' title='bbox 2582 4215 2720 4254; x_wconf 90' lang='lat' dir='ltr'><strong>nam</strong></span> <span class='ocrx_word' id='word_1_513' title='bbox 2762 4195 2842 4253; x_wconf 85' lang='lat' dir='ltr'><strong>in-</strong></span> 
     </span>
     <span class='ocr_line' id='line_1_49' title="bbox 428 4269 2852 4337; baseline 0.003 -11"><span class='ocrx_word' id='word_1_514' title='bbox 428 4269 744 4330; x_wconf 82' lang='lat' dir='ltr'><strong>tentionem</strong></span> <span class='ocrx_word' id='word_1_515' title='bbox 786 4275 1032 4336; x_wconf 87' lang='lat' dir='ltr'><strong>ministri</strong></span> <span class='ocrx_word' id='word_1_516' title='bbox 1059 4295 1188 4336; x_wconf 87' lang='lat' dir='ltr'><strong>esse</strong></span> <span class='ocrx_word' id='word_1_517' title='bbox 1209 4276 1282 4336; x_wconf 91' lang='lat' dir='ltr'><strong>de</strong></span> <span class='ocrx_word' id='word_1_518' title='bbox 1309 4277 1560 4337; x_wconf 86' lang='lat' dir='ltr'><strong>essentia</strong></span> <span class='ocrx_word' id='word_1_519' title='bbox 1587 4276 1928 4336; x_wconf 82' lang='lat' dir='ltr'><strong>sacramenti</strong></span> <span class='ocrx_word' id='word_1_520' title='bbox 1956 4275 2085 4335; x_wconf 83' lang='lat' dir='ltr'><strong>vult</strong></span> <span class='ocrx_word' id='word_1_521' title='bbox 2106 4275 2425 4335; x_wconf 88' lang='lat' dir='ltr'><strong>Concilium</strong></span> <span class='ocrx_word' id='word_1_522' title='bbox 2449 4274 2852 4334; x_wconf 86' lang='lat' dir='ltr'><strong>Tridentinum</strong></span> 
     </span>
     <span class='ocr_line' id='line_1_50' title="bbox 433 4347 2847 4435; baseline 0.004 -30"><span class='ocrx_word' id='word_1_523' title='bbox 433 4347 588 4406; x_wconf 81' lang='lat' dir='ltr'><strong>Sese.</strong></span> <span class='ocrx_word' id='word_1_524' title='bbox 621 4353 676 4408; x_wconf 87' lang='grc'><strong>7.</strong></span> <span class='ocrx_word' id='word_1_525' title='bbox 707 4351 846 4411; x_wconf 82' lang='lat' dir='ltr'><strong>Can.</strong></span> <span class='ocrx_word' id='word_1_526' title='bbox 883 4358 974 4415; x_wconf 92' lang='lat'><strong>11.</strong></span> <span class='ocrx_word' id='word_1_527' title='bbox 1057 4357 1102 4416; x_wconf 86' lang='lat' dir='ltr'><strong>J</strong></span> <span class='ocrx_word' id='word_1_528' title='bbox 1103 4376 1196 4414; x_wconf 87' lang='lat' dir='ltr'><strong>am</strong></span> <span class='ocrx_word' id='word_1_529' title='bbox 1217 4358 1350 4435; x_wconf 82' lang='lat' dir='ltr'><strong>quis</strong></span> <span class='ocrx_word' id='word_1_530' title='bbox 1369 4365 1562 4418; x_wconf 83' lang='lat' dir='ltr'><strong>certus</strong></span> <span class='ocrx_word' id='word_1_531' title='bbox 1589 4375 1717 4418; x_wconf 85' lang='lat' dir='ltr'><strong>esse</strong></span> <span class='ocrx_word' id='word_1_532' title='bbox 1737 4364 1931 4434; x_wconf 87' lang='lat' dir='ltr'><strong>potest</strong></span> <span class='ocrx_word' id='word_1_533' title='bbox 1961 4355 2059 4414; x_wconf 81' lang='lat' dir='ltr'><strong>vel</strong></span> <span class='ocrx_word' id='word_1_534' title='bbox 2080 4356 2153 4415; x_wconf 89' lang='lat' dir='ltr'><strong>de</strong></span> <span class='ocrx_word' id='word_1_535' title='bbox 2173 4356 2492 4416; x_wconf 83' lang='lat' dir='ltr'><strong>intentione</strong></span> <span class='ocrx_word' id='word_1_536' title='bbox 2512 4354 2847 4430; x_wconf 75' lang='lat' dir='ltr'><strong>sacerdotis,</strong></span> 
     </span>
     <span class='ocr_line' id='line_1_51' title="bbox 429 4429 2851 4516; baseline 0.005 -33"><span class='ocrx_word' id='word_1_537' title='bbox 429 4445 560 4502; x_wconf 82' lang='lat' dir='ltr'><strong>quae</strong></span> <span class='ocrx_word' id='word_1_538' title='bbox 601 4429 818 4487; x_wconf 87' lang='lat' dir='ltr'><strong>nemini</strong></span> <span class='ocrx_word' id='word_1_539' title='bbox 860 4433 974 4492; x_wconf 89' lang='lat' dir='ltr'><strong>nisi</strong></span> <span class='ocrx_word' id='word_1_540' title='bbox 1001 4435 1110 4494; x_wconf 81' lang='lat' dir='ltr'><strong>soli</strong></span> <span class='ocrx_word' id='word_1_541' title='bbox 1139 4437 1267 4497; x_wconf 91' lang='lat' dir='ltr'><strong>Deo</strong></span> <span class='ocrx_word' id='word_1_542' title='bbox 1307 4446 1500 4516; x_wconf 80' lang='lat' dir='ltr'><strong>potest</strong></span> <span class='ocrx_word' id='word_1_543' title='bbox 1539 4457 1668 4497; x_wconf 86' lang='lat' dir='ltr'><strong>esse</strong></span> <span class='ocrx_word' id='word_1_544' title='bbox 1710 4445 1883 4513; x_wconf 81' lang='lat' dir='ltr'><strong>certa,</strong></span> <span class='ocrx_word' id='word_1_545' title='bbox 1913 4435 2011 4496; x_wconf 80' lang='lat' dir='ltr'><strong>vel</strong></span> <span class='ocrx_word' id='word_1_546' title='bbox 2052 4436 2125 4494; x_wconf 90' lang='lat' dir='ltr'><strong>de</strong></span> <span class='ocrx_word' id='word_1_547' title='bbox 2164 4435 2427 4514; x_wconf 84' lang='lat' dir='ltr'><strong>legitimo</strong></span> <span class='ocrx_word' id='word_1_548' title='bbox 2453 4435 2760 4512; x_wconf 80' lang='lat' dir='ltr'><strong>baptismo,</strong></span> <span class='ocrx_word' id='word_1_549' title='bbox 2790 4444 2851 4494; x_wconf 89' lang='lat' dir='ltr'><strong>et</strong></span> 
     </span>
     <span class='ocr_line' id='line_1_52' title="bbox 429 4505 2851 4596; baseline 0.004 -31"><span class='ocrx_word' id='word_1_550' title='bbox 429 4505 789 4566; x_wconf 85' lang='lat' dir='ltr'><strong>ordinatione</strong></span> <span class='ocrx_word' id='word_1_551' title='bbox 805 4511 834 4566; x_wconf 70' lang='grc' dir='ltr'><strong>ἰ’</strong></span> <span class='ocrx_word' id='word_1_552' title='bbox 875 4511 974 4569; x_wconf 88' lang='lat' dir='ltr'><strong>An</strong></span> <span class='ocrx_word' id='word_1_553' title='bbox 1011 4515 1122 4574; x_wconf 87' lang='lat' dir='ltr'><strong>rite</strong></span> <span class='ocrx_word' id='word_1_554' title='bbox 1163 4516 1238 4575; x_wconf 89' lang='lat' dir='ltr'><strong>ab</strong></span> <span class='ocrx_word' id='word_1_555' title='bbox 1267 4518 1558 4596; x_wconf 84' lang='lat' dir='ltr'><strong>Episcopo</strong></span> <span class='ocrx_word' id='word_1_556' title='bbox 1595 4516 1909 4594; x_wconf 86' lang='lat' dir='ltr'><strong>ordinatus,</strong></span> <span class='ocrx_word' id='word_1_557' title='bbox 1940 4525 2001 4576; x_wconf 88' lang='lat' dir='ltr'><strong>et</strong></span> <span class='ocrx_word' id='word_1_558' title='bbox 2036 4535 2113 4574; x_wconf 89' lang='lat' dir='ltr'><strong>an</strong></span> <span class='ocrx_word' id='word_1_559' title='bbox 2141 4517 2465 4594; x_wconf 85' lang='lat' dir='ltr'><strong>Episcopus</strong></span> <span class='ocrx_word' id='word_1_560' title='bbox 2504 4515 2613 4574; x_wconf 87' lang='lat' dir='ltr'><strong>iste</strong></span> <span class='ocrx_word' id='word_1_561' title='bbox 2650 4531 2851 4574; x_wconf 82' lang='lat' dir='ltr'><strong>rursus</strong></span> 
     </span>
     <span class='ocr_line' id='line_1_53' title="bbox 425 4585 2849 4675; baseline 0.004 -31"><span class='ocrx_word' id='word_1_562' title='bbox 425 4585 502 4646; x_wconf 84' lang='lat' dir='ltr'><strong>ab</strong></span> <span class='ocrx_word' id='word_1_563' title='bbox 543 4586 660 4645; x_wconf 86' lang='lat' dir='ltr'><strong>alio</strong></span> <span class='ocrx_word' id='word_1_564' title='bbox 699 4587 847 4648; x_wconf 86' lang='lat' dir='ltr'><strong>bene</strong></span> <span class='ocrx_word' id='word_1_565' title='bbox 875 4589 954 4649; x_wconf 89' lang='lat' dir='ltr'><strong>sit</strong></span> <span class='ocrx_word' id='word_1_566' title='bbox 977 4593 1275 4656; x_wconf 83' lang='lat' dir='ltr'><strong>ordinatus</strong></span> <span class='ocrx_word' id='word_1_567' title='bbox 1294 4599 1324 4656; x_wconf 72' lang='grc' dir='ltr'>Ρ</span> <span class='ocrx_word' id='word_1_568' title='bbox 1365 4598 1507 4673; x_wconf 86' lang='lat' dir='ltr'><strong>Quis</strong></span> <span class='ocrx_word' id='word_1_569' title='bbox 1535 4605 1725 4659; x_wconf 85' lang='lat' dir='ltr'><strong>certus</strong></span> <span class='ocrx_word' id='word_1_570' title='bbox 1754 4598 1826 4657; x_wconf 89' lang='lat' dir='ltr'><strong>de</strong></span> <span class='ocrx_word' id='word_1_571' title='bbox 1852 4596 2115 4675; x_wconf 85' lang='lat' dir='ltr'><strong>legitima</strong></span> <span class='ocrx_word' id='word_1_572' title='bbox 2140 4595 2615 4674; x_wconf 78' lang='lat' dir='ltr'><strong>pronunciatione</strong></span> <span class='ocrx_word' id='word_1_573' title='bbox 2641 4595 2849 4654; x_wconf 84' lang='lat' dir='ltr'><strong>verbo-</strong></span> 
     </span>
     <span class='ocr_line' id='line_1_54' title="bbox 427 4675 2849 4754; baseline 0.002 -26"><span class='ocrx_word' id='word_1_574' title='bbox 427 4683 573 4746; x_wconf 85' lang='lat' dir='ltr'><strong>rum,</strong></span> <span class='ocrx_word' id='word_1_575' title='bbox 597 4675 658 4727; x_wconf 85' lang='lat' dir='ltr'><strong>et</strong></span> <span class='ocrx_word' id='word_1_576' title='bbox 695 4686 770 4727; x_wconf 87' lang='lat' dir='ltr'><strong>an</strong></span> <span class='ocrx_word' id='word_1_577' title='bbox 807 4687 884 4730; x_wconf 80' lang='lat' dir='ltr'><strong>ex</strong></span> <span class='ocrx_word' id='word_1_578' title='bbox 920 4679 1082 4748; x_wconf 82' lang='lat' dir='ltr'><strong>parto</strong></span> <span class='ocrx_word' id='word_1_579' title='bbox 1109 4677 1363 4738; x_wconf 75' lang='lat' dir='ltr'><strong>materiae</strong></span> <span class='ocrx_word' id='word_1_580' title='bbox 1389 4677 1487 4738; x_wconf 79' lang='lat' dir='ltr'><strong>vel</strong></span> <span class='ocrx_word' id='word_1_581' title='bbox 1515 4677 1713 4738; x_wconf 79' lang='lat' dir='ltr'><strong>sormae</strong></span> <span class='ocrx_word' id='word_1_582' title='bbox 1740 4678 1933 4737; x_wconf 83' lang='lat' dir='ltr'><strong>omnia</strong></span> <span class='ocrx_word' id='word_1_583' title='bbox 1956 4675 2235 4754; x_wconf 85' lang='lat' dir='ltr'><strong>requisita</strong></span> <span class='ocrx_word' id='word_1_584' title='bbox 2262 4675 2571 4736; x_wconf 76' lang='lat' dir='ltr'><strong>observata</strong></span> <span class='ocrx_word' id='word_1_585' title='bbox 2596 4675 2731 4752; x_wconf 84' lang='lat' dir='ltr'><strong>sint,</strong></span> <span class='ocrx_word' id='word_1_586' title='bbox 2760 4675 2849 4734; x_wconf 44' lang='lat' dir='ltr'><strong>ni*</strong></span> 
     </span>
    </p>
   </div>
  </div>
 </body>
</html>
