3234 5192
951 1277 1489 1357 DISPUTATIO
1552 1281 2124 1358 THEOLOGIGA

728 1549 903 1640 DE
1038 1549 1561 1642 PE'l'IlA
1691 1551 2434 1648 CHRISTO.

908 1839 1003 1898 Ex
1036 1843 1065 1897 l
1100 1839 1242 1900 COR.
1274 1862 1332 1899 x.
1366 1845 1439 1914 4.,
1476 1855 1523 1900 Η
1552 1839 1603 1902 23
1635 1845 1796 1925 nicea
1819 1839 1870 1912 ἶ,
1899 1847 1920 1902 ὅ
1951 1851 2173 1924 Χςιπὶς.

1331 2033 1446 2041 ———
1491 2037 1696 2046 -—--—-

546 2157 938 2233 Ite-spondente
968 2156 1177 2216 Panno
1206 2157 1578 2218 Gnntsruno
1611 2159 1990 2220 Harmmmto
2017 2159 2563 2237 Lmyo-Dibacemt‘.

446 2315 497 2374 Ι.
542 2314 689 2374 Cum
714 2315 777 2375 iu
804 2324 927 2376 tota
952 2316 1433 2396 peregrinationis
1462 2318 1672 2398 Populi
1700 2319 2002 2381 Israh‘litici
2041 2339 2146 2399 per
2171 2319 2478 2396 desertum,
2507 2318 2766 2394 historia,

356 2394 463 2452 vix
490 2395 797 2474 quicquam
826 2396 1107 2458 illustrius
1134 2407 1195 2458 et
1234 2396 1555 2460 mirabilius
1595 2408 1874 2477 occurrat,
1905 2401 2052 2459 nihil
2093 2420 2234 2460 sane
2273 2401 2351 2460 sit
2387 2401 2762 2495 poa-ndngov,

352 2483 417 2534 et
442 2475 600 2552 quod
628 2475 936 2554 Christum,
968 2478 1355 2556 salutariaque
1383 2479 1509 2556 ejus
1538 2479 1818 2540 beneficia
1851 2480 2271 2558 significantius
2311 2479 2632 2558 adumbret,
2677 2502 2763 2540 in-

354 2555 509 2632 signi
539 2556 743 2630 Petrae,
774 2566 833 2619 ct
859 2579 1138 2636 aquarum
1166 2579 1240 2618 ex
1288 2579 1360 2618 ea
1384 2557 1704 2636 fluentium,
1734 2560 1946 2637 quibus
1988 2561 2150 2620 Deus
2191 2561 2484 2620 Israe‘litas
2521 2562 2763 2639 potavit,

354 2635 647 2713 miraculo,
680 2638 813 2696 Non
840 2659 1045 2716 parum
1070 2638 1295 2698 confert
1332 2635 1856 2700 ad'institutionem
1897 2649 1957 2698 et
1985 2640 2252 2699 solatium
2279 2639 2553 2715 fidelium,
2597 2661 2760 2700 accu-

354 2723 479 2774 rata
505 2716 631 2794 ejus
658 2717 1007 2796 disquisitio·
1090 2719 1273 2793 Quam
1304 2725 1371 2776 ut
1397 2718 1624 2778 facilius
1650 2719 1939 2795 possimus
1965 2718 2195 2794 exequi,
2226 2718 2452 2778 duobus
2480 2719 2766 2796 capitibus

354 2795 801 2872 disputationem
828 2805 1081 2857 nostram
1114 2797 1502 2856 absolvemus.
1547 2798 1807 2856 Primum
1847 2797 2010 2856 dabit
2049 2797 2464 2856 enarrationem
2509 2797 2764 2856 historiae

351 2875 545 2950 quoad
572 2876 814 2950 literam,
846 2876 1089 2936 alterum
1118 2875 1383 2952 mysterii
1408 2877 1517 2936 sub
1546 2895 1615 2934 ea
1642 2875 1878 2934 latentis
1903 2873 2325 2952 expositionem

432 2953 518 3011 11.
562 2953 761 3012 Verba
810 2955 979 3013 Pauli
1030 2962 1235 3014 extant
1282 2973 1407 3031 cap.
1463 2975 1523 3013 x.
1578 2959 1646 3012 1·
1685 2953 1762 3012 ad
1810 2953 2138 3013 Corinthios
2185 2972 2304 3011 ver.
2341 2957 2398 3026 4,
2443 2958 2548 3012 Καὶ
2588 2955 2766 3021 mim,

346 3036 405 3090 v}
464 3035 584 3090 αὐτὶ
652 3034 799 3106 aeo'put
852 3037 1183 3138 nuptast-axin
1254 3031 1419 3108 ἔπιον,
1474 3031 1637 3092 ἔπινον
1703 3059 1808 3113 yae
1895 3033 1948 3090 ἔκ
2021 3037 2348 3106 πνευματικῇ
2415 3033 2765 3101 &abachum

395 3114 410 3132 e
600 3110 630 3132 η
820 3113 834 3129 e
1100 3115 1113 3130 ι
1318 3118 1335 3136 3
1458 3117 1495 3146 “
2569 3115 2581 3127 .
2618 3115 2631 3127 .

348 3109 1115 3268 ffiaeb’ibbrgflntrllilzebtnto
1122 3125 1383 3250 οιξὶςῐῖἳιῖ,
1395 3113 1880 3270 Ροὴῗιερῖἒτῖιῗᾙ
1901 3113 2763 3274 ἓξέξξιηοιξιῗςῦῗοιιῗὲᾚιὲῗῃ

346 3281 475 3332 erat
502 3273 823 3332 ChristuS.'’
912 3273 1135 3350 Scopus
1164 3271 1453 3349 Apostoli,
1484 3281 1551 3332 ut
1576 3271 1718 3331 alibi
1745 3293 1780 3332 a
1806 3273 1976 3334 nobis
1996 3281 2307 3348 ostensum,
2337 3293 2456 3332 non
2476 3274 2626 3334 alius
2655 3285 2760 3353 est,

348 3373 523 3432 quam
552 3352 913 3414 identitatem
940 3359 1428 3412 sacramentorum
1455 3353 1736 3413 Veterum
1765 3373 1897 3413 cum
1933 3353 2164 3427 nostris,
2205 3352 2256 3412 si
2281 3372 2400 3412 uon
2420 3352 2614 3432 quoad
2641 3355 2757 3434 sig-

348 3452 505 3507 num,
536 3443 596 3492 at
623 3433 817 3510 quoad
842 3452 965 3492 rem
1006 3431 1390 3508 significatam
1430 3433 1770 3512 ostendere;
1815 3433 1904 3493 Ne
1934 3431 2218 3494 Corinthii
2243 3442 2530 3510 praetextu
2571 3455 2758 3496 sacra·

348 3521 673 3572 mentorum
698 3512 1159 3589 praestantiorum
1188 3511 1587 3590 impunitatem
1615 3513 1730 3574 sibi
1769 3513 2178 3591 pollicerentur
2221 3513 2284 3572 in
2323 3514 2577 3594 peccatis
2618 3516 2754 3592 suis,

350 3591 681 3650 idololatria
719 3592 999 3670 inprimis,
1032 3612 1067 3651 a
1091 3611 1210 3670 qua
1235 3593 1365 3653 vult
1384 3614 1485 3654 eos
1514 3602 1793 3655 avertere.
1877 3593 2023 3654 Ideo
2041 3593 2311 3668 ostendit,
2338 3594 2541 3652 Patres
2567 3595 2760 3653 bacin

346 3677 511 3747 parte
537 3671 705 3730 nobis
730 3691 849 3732 nou
890 3671 1187 3734 inferiores
1227 3673 1423 3750 fuisse,
1454 3673 1559 3734 sed
1606 3673 1810 3734 eadem
1845 3674 2164 3749 nobiscum,
2197 3681 2299 3732 aut
2343 3673 2462 3732 illis
2509 3673 2758 3752 analoga

347 3759 705 3810 sacramenta
729 3752 1019 3828 habuisse,
1062 3772 1192 3830 quas
1227 3753 1533 3832 baptismo,
1564 3762 1625 3813 et
1653 3755 1716 3814 S.
1747 3755 1941 3814 Coenae
1981 3752 2412 3834 responderent.
2497 3751 2576 3810 Et
2614 3754 2754 3832 bap-

343 3829 503 3888 tismi
531 3831 763 3908 quidem
791 3832 1227 3892 similitudinem
1272 3834 1481 3911 probat
1525 3834 1587 3893 in
1616 3833 1886 3894 columna
1925 3834 2116 3908 nubis,
2159 3839 2220 3892 et
2264 3831 2440 3891 maris
2487 3833 2752 3893 transitu.

346 3910 541 3969 Coenae
568 3929 725 3987 vero,
755 3919 1022 3990 respectu
1040 3911 1286 3972 duorum
1312 3913 1439 3992 ejus
1466 3913 1880 3992 symbolorum,
1911 3923 2034 3973 tum
2064 3913 2242 3990 panis
2279 3913 2343 3970 in
2367 3931 2597 3990 manna,
2628 3921 2752 3972 tum

332 3999 509 4067 potus
534 3990 597 4048 in
612 4001 800 4068 petra,
830 4001 889 4052 et
914 3992 1082 4069 aquis
1108 4013 1185 4052 ex
1213 4013 1283 4052 ea
1309 3993 1788 4066 scaturientibu83
1821 3993 1912 4052 De
1939 4013 2056 4071 qua
2073 3993 2198 4070 jam
2225 3991 2604 4069 disputamus.

425 4070 547 4130 ΙΙΙ.
595 4071 827 4132 Clarum
855 4080 945 4132 est
964 4073 1248 4151 respicere
1277 4073 1626 4152 Apostolum
1656 4071 1732 4132 ad
1758 4073 2075 4148 historiam,
2106 4092 2238 4149 quoe
2269 4070 2514 4130 refertur
2557 4071 2749 4131 Exod.

342 4151 507 4227 xvii„
536 4150 640 4210 ubi
666 4161 861 4212 narrat
888 4153 1103 4228 Moses,
1138 4153 1427 4231 Populum
1454 4153 1559 4212 vix
1600 4153 1802 4213 sedata
1841 4161 2076 4230 propter
2103 4151 2216 4210 cibi
2256 4149 2555 4228 penuriam
2597 4151 2748 4210 sedi-

338 4232 515 4306 tione,
546 4229 619 4292 de
640 4250 757 4308 qua
784 4253 835 4292 c.
866 4231 1130 4309 praeced„
1160 4253 1361 4292 rursus
1388 4234 1750 4292 occasionem
1773 4229 2167 4290 murmurandi
2195 4237 2394 4288 contra
2423 4229 2648 4289 Mosem
2691 4241 2750 4292 et

338 4331 473 4370 cum
498 4311 627 4389 ipso
655 4312 887 4372 rixandi
914 4313 1227 4390 sumpsisse
1254 4333 1327 4371 ex
1358 4312 1586 4371 defectu
1612 4331 1911 4389 aquarum,
1934 4331 2056 4370 ver.
2080 4313 2136 4387 3,
2164 4311 2200 4343 ‘⁴
2223 4309 2412 4384 Quare
2439 4329 2546 4368 nos
2563 4309 2746 4372 edux-

336 4390 437 4450 isti
462 4411 540 4450 ex
570 4391 825 4470 Egypto,
849 4399 917 4452 ut
955 4411 1071 4451 una
1111 4411 1241 4450 cum
1286 4390 1485 4450 liberis
1512 4400 1571 4452 et
1596 4391 1903 4469 pecoribus
1931 4389 2027 4449 siti
2069 4389 2386 4468 periremus
2405 4387 2471 4450 ?'.'
2559 4390 2748 4452 Deum

336 4491 477 4531 vero
505 4481 571 4532 ut
596 4481 819 4532 motum
847 4471 1009 4530 illum
1040 4479 1423 4548 componeret,
1454 4478 1513 4530 et
1539 4470 1741 4548 populi
1771 4470 1908 4530 licet
1934 4470 2144 4548 ingrati
2173 4477 2232 4529 et
2273 4469 2508 4530 rebellis
2548 4491 2744 4532 neces-

336 4550 497 4611 sitati
524 4560 899 4627 succurreret,
920 4549 1171 4624 jussisse
1200 4551 1428 4609 Mosem
1453 4550 1625 4628 virga
1665 4571 1771 4610 sua
1799 4549 2026 4630 Rupem
2054 4558 2113 4610 et
2155 4549 2384 4610 Petram
2427 4559 2642 4610 certam
2685 4552 2744 4612 in

340 4631 543 4691 Horeb
570 4640 886 4709 percutere,
916 4651 993 4690 ex
1020 4650 1135 4708 qua
1162 4649 1327 4708 aquae
1355 4629 1571 4692 affatim
1592 4629 1670 4690 ad
1699 4631 2012 4692 sedandam
2039 4631 2238 4710 populi
2266 4631 2420 4692 sitim
2449 4629 2744 4692 effluxurae
