<?xml version="1.0" encoding="UTF-8"?>
<!DOCTYPE html PUBLIC "-//W3C//DTD XHTML 1.0 Transitional//EN"
    "http://www.w3.org/TR/xhtml1/DTD/xhtml1-transitional.dtd">
<html xmlns="http://www.w3.org/1999/xhtml" xml:lang="en" lang="en">
 <head>
  <title>
</title>
<meta http-equiv="Content-Type" content="text/html;charset=utf-8" />
  <meta name='ocr-system' content='tesseract 3.04.00' />
  <meta name='ocr-capabilities' content='ocr_page ocr_carea ocr_par ocr_line ocrx_word'/>
</head>
<body>
  <div class='ocr_page' id='page_1' title='image "./denecessariasec00turrgoog_0190.png"; bbox 0 0 3234 5192; ppageno 0'>
   <div class='ocr_carea' id='block_1_1' title="bbox 448 300 2865 383">
    <p class='ocr_par' dir='ltr' id='par_1_1' title="bbox 448 300 2865 383">
     <span class='ocr_line' id='line_1_1' title="bbox 448 300 2865 383; baseline 0.001 -22"><span class='ocrx_word' id='word_1_1' title='bbox 448 305 562 364; x_wconf 88' lang='grc'>158</span> <span class='ocrx_word' id='word_1_2' title='bbox 1210 319 1289 359; x_wconf 79' lang='lat' dir='ltr'>m:</span> <span class='ocrx_word' id='word_1_3' title='bbox 1320 318 1686 361; x_wconf 59' lang='lat' dir='ltr'>necessarus</span> <span class='ocrx_word' id='word_1_4' title='bbox 1717 318 2063 359; x_wconf 70' lang='lat' dir='ltr'>secessione</span> <span class='ocrx_word' id='word_1_5' title='bbox 2456 300 2727 383; x_wconf 74' lang='lat' dir='ltr'>[meror.</span> <span class='ocrx_word' id='word_1_6' title='bbox 2755 322 2865 363; x_wconf 79' lang='lat' dir='ltr'>vn.</span> 
     </span>
    </p>
   </div>
   <div class='ocr_carea' id='block_1_2' title="bbox 413 459 2864 4698">
    <p class='ocr_par' dir='ltr' id='par_1_2' title="bbox 416 459 2864 4141">
     <span class='ocr_line' id='line_1_2' title="bbox 441 459 2864 542; baseline 0 -19"><span class='ocrx_word' id='word_1_7' title='bbox 441 470 502 523; x_wconf 88' lang='lat' dir='ltr'>et</span> <span class='ocrx_word' id='word_1_8' title='bbox 528 483 657 542; x_wconf 76' lang='lat' dir='ltr'>quae</span> <span class='ocrx_word' id='word_1_9' title='bbox 684 463 1007 541; x_wconf 73' lang='lat' dir='ltr'>praecipuus</span> <span class='ocrx_word' id='word_1_10' title='bbox 1036 469 1123 521; x_wconf 88' lang='lat' dir='ltr'>est</span> <span class='ocrx_word' id='word_1_11' title='bbox 1150 461 1462 537; x_wconf 80' lang='lat' dir='ltr'>character,</span> <span class='ocrx_word' id='word_1_12' title='bbox 1493 481 1609 539; x_wconf 89' lang='lat' dir='ltr'>quo</span> <span class='ocrx_word' id='word_1_13' title='bbox 1639 460 1712 520; x_wconf 90' lang='lat' dir='ltr'>ab</span> <span class='ocrx_word' id='word_1_14' title='bbox 1741 461 2008 520; x_wconf 88' lang='lat' dir='ltr'>omnibus</span> <span class='ocrx_word' id='word_1_15' title='bbox 2028 459 2158 519; x_wconf 85' lang='lat' dir='ltr'>aliis</span> <span class='ocrx_word' id='word_1_16' title='bbox 2185 459 2578 538; x_wconf 87' lang='lat' dir='ltr'>blasphemiis,</span> <span class='ocrx_word' id='word_1_17' title='bbox 2603 463 2778 523; x_wconf 87' lang='lat' dir='ltr'>sectis</span> <span class='ocrx_word' id='word_1_18' title='bbox 2805 472 2864 523; x_wconf 88' lang='lat' dir='ltr'>et</span> 
     </span>
     <span class='ocr_line' id='line_1_3' title="bbox 440 540 2861 621; baseline -0 -19"><span class='ocrx_word' id='word_1_19' title='bbox 440 543 758 604; x_wconf 69' lang='lat' dir='ltr'>haeresibus</span> <span class='ocrx_word' id='word_1_20' title='bbox 786 544 1181 621; x_wconf 88' lang='lat' dir='ltr'>cujuscunque</span> <span class='ocrx_word' id='word_1_21' title='bbox 1204 542 1389 601; x_wconf 72' lang='lat' dir='ltr'>aetatis</span> <span class='ocrx_word' id='word_1_22' title='bbox 1417 550 1477 601; x_wconf 91' lang='lat' dir='ltr'>et</span> <span class='ocrx_word' id='word_1_23' title='bbox 1503 541 1780 619; x_wconf 87' lang='lat' dir='ltr'>temporis</span> <span class='ocrx_word' id='word_1_24' title='bbox 1801 541 2133 601; x_wconf 77' lang='lat' dir='ltr'><strong>secernitur.</strong></span> <span class='ocrx_word' id='word_1_25' title='bbox 2179 540 2264 600; x_wconf 92' lang='lat' dir='ltr'>Ut</span> <span class='ocrx_word' id='word_1_26' title='bbox 2282 541 2453 616; x_wconf 88' lang='lat' dir='ltr'>enim,</span> <span class='ocrx_word' id='word_1_27' title='bbox 2477 543 2652 619; x_wconf 82' lang='lat' dir='ltr'>juxta</span> <span class='ocrx_word' id='word_1_28' title='bbox 2671 543 2861 621; x_wconf 87' lang='lat' dir='ltr'>Apos-</span> 
     </span>
     <span class='ocr_line' id='line_1_4' title="bbox 438 620 2858 701; baseline -0.001 -18"><span class='ocrx_word' id='word_1_29' title='bbox 438 624 639 701; x_wconf 84' lang='lat' dir='ltr'><strong>tolum,</strong></span> <span class='ocrx_word' id='word_1_30' title='bbox 686 624 948 701; x_wconf 73' lang='lat' dir='ltr'>amplecti</span> <span class='ocrx_word' id='word_1_31' title='bbox 972 625 1151 701; x_wconf 84' lang='lat' dir='ltr'>fidem</span> <span class='ocrx_word' id='word_1_32' title='bbox 1189 622 1571 681; x_wconf 73' lang='lat' dir='ltr'><strong><em>Christianam</em></strong></span> <span class='ocrx_word' id='word_1_33' title='bbox 1614 630 1704 681; x_wconf 90' lang='lat' dir='ltr'>est</span> <span class='ocrx_word' id='word_1_34' title='bbox 1739 628 2074 680; x_wconf 82' lang='lat' dir='ltr'>convertere</span> <span class='ocrx_word' id='word_1_35' title='bbox 2117 640 2180 679; x_wconf 87' lang='lat' dir='ltr'>se</span> <span class='ocrx_word' id='word_1_36' title='bbox 2221 620 2294 679; x_wconf 86' lang='lat' dir='ltr'>ab</span> <span class='ocrx_word' id='word_1_37' title='bbox 2336 620 2508 680; x_wconf 89' lang='lat' dir='ltr'>idolis</span> <span class='ocrx_word' id='word_1_38' title='bbox 2548 622 2625 681; x_wconf 83' lang='lat' dir='ltr'>ad</span> <span class='ocrx_word' id='word_1_39' title='bbox 2668 624 2858 682; x_wconf 91' lang='lat' dir='ltr'>Deum</span> 
     </span>
     <span class='ocr_line' id='line_1_5' title="bbox 442 702 2856 781; baseline -0.001 -18"><span class='ocrx_word' id='word_1_40' title='bbox 442 724 642 765; x_wconf 85' lang='lat' dir='ltr'>verum</span> <span class='ocrx_word' id='word_1_41' title='bbox 670 713 730 766; x_wconf 87' lang='lat' dir='ltr'>et</span> <span class='ocrx_word' id='word_1_42' title='bbox 758 705 976 778; x_wconf 85' lang='lat' dir='ltr'>vivum,</span> <span class='ocrx_word' id='word_1_43' title='bbox 1012 706 1041 761; x_wconf 94' lang='lat'>1</span> <span class='ocrx_word' id='word_1_44' title='bbox 1074 703 1277 761; x_wconf 87' lang='lat' dir='ltr'>Thess.</span> <span class='ocrx_word' id='word_1_45' title='bbox 1306 703 1346 761; x_wconf 91' lang='lat' dir='ltr'>i.</span> <span class='ocrx_word' id='word_1_46' title='bbox 1378 705 1432 777; x_wconf 88' lang='lat'>9,</span> <span class='ocrx_word' id='word_1_47' title='bbox 1463 703 1547 761; x_wconf 89' lang='lat' dir='ltr'>ita</span> <span class='ocrx_word' id='word_1_48' title='bbox 1567 702 1807 779; x_wconf 81' lang='lat' dir='ltr'>deficere</span> <span class='ocrx_word' id='word_1_49' title='bbox 1832 703 2008 781; x_wconf 81' lang='lat' dir='ltr'>afide</span> <span class='ocrx_word' id='word_1_50' title='bbox 2033 708 2466 761; x_wconf 85' lang='lat' dir='ltr'>estconvertere</span> <span class='ocrx_word' id='word_1_51' title='bbox 2505 722 2568 761; x_wconf 87' lang='lat' dir='ltr'>se</span> <span class='ocrx_word' id='word_1_52' title='bbox 2586 703 2662 761; x_wconf 86' lang='lat' dir='ltr'>ad</span> <span class='ocrx_word' id='word_1_53' title='bbox 2681 703 2856 779; x_wconf 85' lang='lat' dir='ltr'>idola,</span> 
     </span>
     <span class='ocr_line' id='line_1_6' title="bbox 438 780 2859 861; baseline -0 -18"><span class='ocrx_word' id='word_1_54' title='bbox 438 785 640 844; x_wconf 87' lang='lat' dir='ltr'>relicto</span> <span class='ocrx_word' id='word_1_55' title='bbox 672 788 799 844; x_wconf 91' lang='lat' dir='ltr'>Deo</span> <span class='ocrx_word' id='word_1_56' title='bbox 826 784 982 859; x_wconf 85' lang='lat' dir='ltr'>vivo,</span> <span class='ocrx_word' id='word_1_57' title='bbox 1014 791 1074 842; x_wconf 85' lang='lat' dir='ltr'>et</span> <span class='ocrx_word' id='word_1_58' title='bbox 1102 782 1255 840; x_wconf 89' lang='lat' dir='ltr'>Filio</span> <span class='ocrx_word' id='word_1_59' title='bbox 1284 783 1412 859; x_wconf 86' lang='lat' dir='ltr'>ejus</span> <span class='ocrx_word' id='word_1_60' title='bbox 1440 783 1484 843; x_wconf 87' lang='lat' dir='ltr'>J</span> <span class='ocrx_word' id='word_1_61' title='bbox 1486 802 1591 841; x_wconf 89' lang='lat' dir='ltr'>esu</span> <span class='ocrx_word' id='word_1_62' title='bbox 1619 783 1868 841; x_wconf 82' lang='lat' dir='ltr'>ChristO.</span> <span class='ocrx_word' id='word_1_63' title='bbox 1955 780 2128 841; x_wconf 87' lang='lat' dir='ltr'>Unde</span> <span class='ocrx_word' id='word_1_64' title='bbox 2155 782 2372 849; x_wconf 81' lang='lat' dir='ltr'>passim</span> <span class='ocrx_word' id='word_1_65' title='bbox 2407 782 2470 839; x_wconf 85' lang='lat' dir='ltr'>in</span> <span class='ocrx_word' id='word_1_66' title='bbox 2497 780 2859 861; x_wconf 80' lang='lat' dir='ltr'>Apocalypsi</span> 
     </span>
     <span class='ocr_line' id='line_1_7' title="bbox 442 861 2860 943; baseline 0.001 -22"><span class='ocrx_word' id='word_1_67' title='bbox 442 865 711 943; x_wconf 78' lang='lat' dir='ltr'><strong>Babylon</strong></span> <span class='ocrx_word' id='word_1_68' title='bbox 732 864 996 942; x_wconf 83' lang='lat' dir='ltr'>mystica,</span> <span class='ocrx_word' id='word_1_69' title='bbox 1028 862 1137 921; x_wconf 90' lang='lat' dir='ltr'>sub</span> <span class='ocrx_word' id='word_1_70' title='bbox 1164 861 1492 921; x_wconf 75' lang='lat' dir='ltr'>charactere</span> <span class='ocrx_word' id='word_1_71' title='bbox 1519 862 1858 937; x_wconf 69' lang='lat' dir='ltr'>Meretricis,</span> <span class='ocrx_word' id='word_1_72' title='bbox 1889 868 1947 919; x_wconf 87' lang='lat' dir='ltr'>et</span> <span class='ocrx_word' id='word_1_73' title='bbox 1975 862 2190 919; x_wconf 75' lang='lat' dir='ltr'>Matris</span> <span class='ocrx_word' id='word_1_74' title='bbox 2200 862 2666 938; x_wconf 76' lang='lat' dir='ltr'><em>fornicationum,</em></span> <span class='ocrx_word' id='word_1_75' title='bbox 2686 864 2748 923; x_wconf 91' lang='lat' dir='ltr'>id</span> <span class='ocrx_word' id='word_1_76' title='bbox 2768 872 2860 923; x_wconf 87' lang='lat' dir='ltr'>est</span> 
     </span>
     <span class='ocr_line' id='line_1_8' title="bbox 440 940 2858 1020; baseline 0 -18"><span class='ocrx_word' id='word_1_77' title='bbox 440 945 913 1020; x_wconf 79' lang='lat' dir='ltr'><strong>idololatriarum,</strong></span> <span class='ocrx_word' id='word_1_78' title='bbox 946 942 1307 1001; x_wconf 78' lang='lat' dir='ltr'>describitur.</span> <span class='ocrx_word' id='word_1_79' title='bbox 1395 942 1575 1002; x_wconf 90' lang='lat' dir='ltr'>Porro</span> <span class='ocrx_word' id='word_1_80' title='bbox 1602 961 1720 1000; x_wconf 89' lang='lat' dir='ltr'>non</span> <span class='ocrx_word' id='word_1_81' title='bbox 1751 942 1874 1001; x_wconf 89' lang='lat' dir='ltr'>sine</span> <span class='ocrx_word' id='word_1_82' title='bbox 1901 942 2122 1000; x_wconf 86' lang='lat' dir='ltr'>ratione</span> <span class='ocrx_word' id='word_1_83' title='bbox 2170 941 2317 1000; x_wconf 88' lang='lat' dir='ltr'>tales</span> <span class='ocrx_word' id='word_1_84' title='bbox 2364 940 2707 1001; x_wconf 77' lang='lat' dir='ltr'>idololatrias</span> <span class='ocrx_word' id='word_1_85' title='bbox 2755 962 2858 1002; x_wconf 89' lang='lat' dir='ltr'>vo-</span> 
     </span>
     <span class='ocr_line' id='line_1_9' title="bbox 440 1021 2854 1099; baseline -0.001 -15"><span class='ocrx_word' id='word_1_86' title='bbox 440 1032 647 1084; x_wconf 82' lang='lat' dir='ltr'>cantur</span> <span class='ocrx_word' id='word_1_87' title='bbox 674 1024 943 1085; x_wconf 74' lang='lat' dir='ltr'>doctrines</span> <span class='ocrx_word' id='word_1_88' title='bbox 982 1023 1427 1098; x_wconf 80' lang='lat' dir='ltr'>Doemoniorum,</span> <span class='ocrx_word' id='word_1_89' title='bbox 1458 1032 1583 1081; x_wconf 91' lang='lat' dir='ltr'>tum</span> <span class='ocrx_word' id='word_1_90' title='bbox 1623 1022 1977 1099; x_wconf 69' lang='lat' dir='ltr'>oriyinaliter</span> <span class='ocrx_word' id='word_1_91' title='bbox 2004 1031 2057 1081; x_wconf 83' lang='lat' dir='ltr'>et</span> <span class='ocrx_word' id='word_1_92' title='bbox 2082 1022 2273 1097; x_wconf 77' lang='lat' dir='ltr'>active,</span> <span class='ocrx_word' id='word_1_93' title='bbox 2287 1021 2426 1093; x_wconf 85' lang='lat' dir='ltr'>quia</span> <span class='ocrx_word' id='word_1_94' title='bbox 2447 1022 2732 1082; x_wconf 89' lang='lat' dir='ltr'>Diabolus</span> <span class='ocrx_word' id='word_1_95' title='bbox 2761 1042 2854 1081; x_wconf 89' lang='lat' dir='ltr'>ea-</span> 
     </span>
     <span class='ocr_line' id='line_1_10' title="bbox 438 1101 2856 1179; baseline -0 -15"><span class='ocrx_word' id='word_1_96' title='bbox 438 1124 569 1164; x_wconf 89' lang='lat' dir='ltr'>rum</span> <span class='ocrx_word' id='word_1_97' title='bbox 594 1113 686 1165; x_wconf 89' lang='lat' dir='ltr'>est</span> <span class='ocrx_word' id='word_1_98' title='bbox 712 1112 913 1165; x_wconf 81' lang='lat' dir='ltr'>auctor</span> <span class='ocrx_word' id='word_1_99' title='bbox 940 1112 999 1161; x_wconf 91' lang='lat' dir='ltr'>et</span> <span class='ocrx_word' id='word_1_100' title='bbox 1024 1104 1309 1179; x_wconf 82' lang='lat' dir='ltr'>inventor,</span> <span class='ocrx_word' id='word_1_101' title='bbox 1340 1103 1415 1162; x_wconf 89' lang='lat' dir='ltr'>ab</span> <span class='ocrx_word' id='word_1_102' title='bbox 1442 1122 1512 1161; x_wconf 91' lang='lat' dir='ltr'>eo</span> <span class='ocrx_word' id='word_1_103' title='bbox 1560 1102 1714 1161; x_wconf 88' lang='lat' dir='ltr'>enim</span> <span class='ocrx_word' id='word_1_104' title='bbox 1760 1110 2036 1179; x_wconf 77' lang='lat' dir='ltr'>tanquam</span> <span class='ocrx_word' id='word_1_105' title='bbox 2089 1101 2310 1179; x_wconf 89' lang='lat' dir='ltr'>Spiritu</span> <span class='ocrx_word' id='word_1_106' title='bbox 2355 1104 2566 1162; x_wconf 86' lang='lat' dir='ltr'>erroris</span> <span class='ocrx_word' id='word_1_107' title='bbox 2595 1112 2655 1163; x_wconf 90' lang='lat' dir='ltr'>et</span> <span class='ocrx_word' id='word_1_108' title='bbox 2684 1104 2856 1163; x_wconf 86' lang='lat' dir='ltr'>Patro</span> 
     </span>
     <span class='ocr_line' id='line_1_11' title="bbox 438 1180 2852 1261; baseline -0.001 -18"><span class='ocrx_word' id='word_1_109' title='bbox 438 1185 743 1261; x_wconf 86' lang='lat' dir='ltr'>mendacii,</span> <span class='ocrx_word' id='word_1_110' title='bbox 794 1203 995 1243; x_wconf 90' lang='lat' dir='ltr'>omnes</span> <span class='ocrx_word' id='word_1_111' title='bbox 1042 1182 1203 1241; x_wconf 73' lang='lat' dir='ltr'>falsae</span> <span class='ocrx_word' id='word_1_112' title='bbox 1240 1180 1534 1257; x_wconf 71' lang='lat' dir='ltr'>doctrinae,</span> <span class='ocrx_word' id='word_1_113' title='bbox 1587 1182 1918 1241; x_wconf 86' lang='lat' dir='ltr'>idololatria</span> <span class='ocrx_word' id='word_1_114' title='bbox 1975 1181 2275 1259; x_wconf 78' lang='lat' dir='ltr'>imprimis,</span> <span class='ocrx_word' id='word_1_115' title='bbox 2336 1191 2527 1241; x_wconf 89' lang='lat' dir='ltr'>ortum</span> <span class='ocrx_word' id='word_1_116' title='bbox 2595 1183 2852 1259; x_wconf 88' lang='lat' dir='ltr'>ducunt;</span> 
     </span>
     <span class='ocr_line' id='line_1_12' title="bbox 437 1261 2859 1343; baseline 0 -20"><span class='ocrx_word' id='word_1_117' title='bbox 437 1274 562 1323; x_wconf 90' lang='lat' dir='ltr'>tum</span> <span class='ocrx_word' id='word_1_118' title='bbox 588 1265 843 1343; x_wconf 53' lang='lat' dir='ltr'>obiective</span> <span class='ocrx_word' id='word_1_119' title='bbox 870 1272 929 1323; x_wconf 91' lang='lat' dir='ltr'>et</span> <span class='ocrx_word' id='word_1_120' title='bbox 947 1264 1173 1340; x_wconf 75' lang='lat' dir='ltr'>passive</span> <span class='ocrx_word' id='word_1_121' title='bbox 1215 1283 1319 1341; x_wconf 90' lang='lat' dir='ltr'>pro</span> <span class='ocrx_word' id='word_1_122' title='bbox 1365 1263 1605 1323; x_wconf 85' lang='lat' dir='ltr'>materia</span> <span class='ocrx_word' id='word_1_123' title='bbox 1653 1272 1712 1322; x_wconf 87' lang='lat' dir='ltr'>et</span> <span class='ocrx_word' id='word_1_124' title='bbox 1761 1262 1990 1336; x_wconf 86' lang='lat' dir='ltr'>objecto</span> <span class='ocrx_word' id='word_1_125' title='bbox 2036 1263 2240 1320; x_wconf 90' lang='lat' dir='ltr'>harum</span> <span class='ocrx_word' id='word_1_126' title='bbox 2285 1261 2690 1339; x_wconf 82' lang='lat' dir='ltr'>doctrinarum,</span> <span class='ocrx_word' id='word_1_127' title='bbox 2721 1265 2859 1342; x_wconf 88' lang='lat' dir='ltr'>quia</span> 
     </span>
     <span class='ocr_line' id='line_1_13' title="bbox 436 1342 2859 1419; baseline 0 -16"><span class='ocrx_word' id='word_1_128' title='bbox 436 1345 713 1406; x_wconf 62' lang='lat' dir='ltr'>doctrinas</span> <span class='ocrx_word' id='word_1_129' title='bbox 740 1347 867 1405; x_wconf 84' lang='lat' dir='ltr'>istae</span> <span class='ocrx_word' id='word_1_130' title='bbox 896 1352 1205 1404; x_wconf 75' lang='lat' dir='ltr'>versantur</span> <span class='ocrx_word' id='word_1_131' title='bbox 1245 1344 1398 1402; x_wconf 87' lang='lat' dir='ltr'>cirea</span> <span class='ocrx_word' id='word_1_132' title='bbox 1426 1344 1646 1403; x_wconf 90' lang='lat' dir='ltr'>cultum</span> <span class='ocrx_word' id='word_1_133' title='bbox 1677 1343 2003 1401; x_wconf 84' lang='lat' dir='ltr'>daemonum</span> <span class='ocrx_word' id='word_1_134' title='bbox 2031 1362 2108 1401; x_wconf 82' lang='lat' dir='ltr'>ex</span> <span class='ocrx_word' id='word_1_135' title='bbox 2142 1351 2336 1401; x_wconf 85' lang='lat' dir='ltr'>mente</span> <span class='ocrx_word' id='word_1_136' title='bbox 2365 1342 2761 1419; x_wconf 86' lang='lat' dir='ltr'>Ethnicorum,</span> <span class='ocrx_word' id='word_1_137' title='bbox 2793 1353 2859 1404; x_wconf 90' lang='lat' dir='ltr'>ut</span> 
     </span>
     <span class='ocr_line' id='line_1_14' title="bbox 434 1422 2854 1502; baseline 0 -19"><span class='ocrx_word' id='word_1_138' title='bbox 434 1445 551 1483; x_wconf 90' lang='lat' dir='ltr'>non</span> <span class='ocrx_word' id='word_1_139' title='bbox 580 1428 704 1486; x_wconf 90' lang='lat' dir='ltr'>sine</span> <span class='ocrx_word' id='word_1_140' title='bbox 732 1426 953 1485; x_wconf 88' lang='lat' dir='ltr'>ratione</span> <span class='ocrx_word' id='word_1_141' title='bbox 982 1423 1223 1502; x_wconf 85' lang='lat' dir='ltr'>exponit</span> <span class='ocrx_word' id='word_1_142' title='bbox 1247 1426 1528 1500; x_wconf 71' lang='lat' dir='ltr'>Josephus</span> <span class='ocrx_word' id='word_1_143' title='bbox 1548 1425 1755 1482; x_wconf 74' lang='lat' dir='ltr'>Medus</span> <span class='ocrx_word' id='word_1_144' title='bbox 1775 1423 1836 1480; x_wconf 91' lang='lat' dir='ltr'>in</span> <span class='ocrx_word' id='word_1_145' title='bbox 1856 1423 1914 1481; x_wconf 91' lang='lat' dir='ltr'>h.</span> <span class='ocrx_word' id='word_1_146' title='bbox 1943 1422 2004 1496; x_wconf 89' lang='grc'>1.,</span> <span class='ocrx_word' id='word_1_147' title='bbox 2029 1431 2088 1480; x_wconf 87' lang='lat' dir='ltr'>et</span> <span class='ocrx_word' id='word_1_148' title='bbox 2115 1430 2247 1498; x_wconf 91' lang='lat' dir='ltr'>post</span> <span class='ocrx_word' id='word_1_149' title='bbox 2275 1442 2404 1480; x_wconf 89' lang='lat' dir='ltr'>eum</span> <span class='ocrx_word' id='word_1_150' title='bbox 2417 1422 2533 1497; x_wconf 90' lang='lat' dir='ltr'>alii,</span> <span class='ocrx_word' id='word_1_151' title='bbox 2565 1424 2854 1500; x_wconf 89' lang='lat' dir='ltr'>quomodo</span> 
     </span>
     <span class='ocr_line' id='line_1_15' title="bbox 434 1502 2850 1579; baseline -0.002 -14"><span class='ocrx_word' id='word_1_152' title='bbox 434 1508 695 1565; x_wconf 80' lang='lat' dir='ltr'>doctrina</span> <span class='ocrx_word' id='word_1_153' title='bbox 721 1506 961 1565; x_wconf 77' lang='lat' dir='ltr'>Domini</span> <span class='ocrx_word' id='word_1_154' title='bbox 984 1504 1211 1579; x_wconf 86' lang='lat' dir='ltr'>dicitur,</span> <span class='ocrx_word' id='word_1_155' title='bbox 1242 1504 1305 1561; x_wconf 90' lang='lat' dir='ltr'>id</span> <span class='ocrx_word' id='word_1_156' title='bbox 1326 1511 1430 1576; x_wconf 83' lang='lat' dir='ltr'>cst,</span> <span class='ocrx_word' id='word_1_157' title='bbox 1461 1503 1534 1562; x_wconf 87' lang='lat' dir='ltr'>de</span> <span class='ocrx_word' id='word_1_158' title='bbox 1564 1503 1833 1576; x_wconf 79' lang='lat' dir='ltr'>Domine,</span> <span class='ocrx_word' id='word_1_159' title='bbox 1865 1510 1925 1561; x_wconf 91' lang='lat' dir='ltr'>et</span> <span class='ocrx_word' id='word_1_160' title='bbox 1943 1502 2212 1561; x_wconf 79' lang='lat' dir='ltr'>doctrinoe</span> <span class='ocrx_word' id='word_1_161' title='bbox 2231 1503 2638 1577; x_wconf 60' lang='lat' dir='ltr'>baptismatum,</span> <span class='ocrx_word' id='word_1_162' title='bbox 2670 1513 2724 1561; x_wconf 82' lang='lat' dir='ltr'>et</span> <span class='ocrx_word' id='word_1_163' title='bbox 2749 1506 2850 1561; x_wconf 89' lang='lat' dir='ltr'>im·</span> 
     </span>
     <span class='ocr_line' id='line_1_16' title="bbox 428 1582 2850 1663; baseline -0.002 -17"><span class='ocrx_word' id='word_1_164' title='bbox 428 1587 722 1663; x_wconf 67' lang='lat' dir='ltr'>positionis</span> <span class='ocrx_word' id='word_1_165' title='bbox 743 1605 1028 1659; x_wconf 78' lang='lat' dir='ltr'>manuum,</span> <span class='ocrx_word' id='word_1_166' title='bbox 1080 1584 1142 1642; x_wconf 85' lang='lat' dir='ltr'>id</span> <span class='ocrx_word' id='word_1_167' title='bbox 1186 1592 1275 1642; x_wconf 88' lang='lat' dir='ltr'>est</span> <span class='ocrx_word' id='word_1_168' title='bbox 1316 1584 1388 1641; x_wconf 91' lang='lat' dir='ltr'>de</span> <span class='ocrx_word' id='word_1_169' title='bbox 1427 1583 1561 1656; x_wconf 89' lang='lat' dir='ltr'>illis,</span> <span class='ocrx_word' id='word_1_170' title='bbox 1600 1584 1754 1641; x_wconf 87' lang='lat' dir='ltr'>Heb.</span> <span class='ocrx_word' id='word_1_171' title='bbox 1783 1584 1863 1640; x_wconf 84' lang='lat' dir='ltr'>vi.</span> <span class='ocrx_word' id='word_1_172' title='bbox 1894 1586 1950 1639; x_wconf 84' lang='lat'>2.</span> <span class='ocrx_word' id='word_1_173' title='bbox 2039 1582 2136 1641; x_wconf 88' lang='lat' dir='ltr'>Sic</span> <span class='ocrx_word' id='word_1_174' title='bbox 2157 1582 2451 1641; x_wconf 87' lang='lat' dir='ltr'>notabitur</span> <span class='ocrx_word' id='word_1_175' title='bbox 2491 1582 2850 1642; x_wconf 87' lang='lat' dir='ltr'>idololatrica</span> 
     </span>
     <span class='ocr_line' id='line_1_17' title="bbox 862 1661 2853 1739; baseline -0.001 -16.226"><span class='ocrx_word' id='word_1_176' title='bbox 862 1727 873 1737; x_wconf 64' lang='lat'>‚</span> <span class='ocrx_word' id='word_1_177' title='bbox 960 1663 1280 1723; x_wconf 84' lang='lat' dir='ltr'>Gentilium</span> <span class='ocrx_word' id='word_1_178' title='bbox 1309 1663 1603 1739; x_wconf 83' lang='lat' dir='ltr'>theologia</span> <span class='ocrx_word' id='word_1_179' title='bbox 1619 1662 1692 1721; x_wconf 88' lang='lat' dir='ltr'>de</span> <span class='ocrx_word' id='word_1_180' title='bbox 1711 1661 2070 1720; x_wconf 63' lang='lat' dir='ltr'>daemonibus</span> <span class='ocrx_word' id='word_1_181' title='bbox 2111 1662 2266 1739; x_wconf 87' lang='lat' dir='ltr'>apud</span> <span class='ocrx_word' id='word_1_182' title='bbox 2295 1662 2648 1721; x_wconf 85' lang='lat' dir='ltr'>Christianos</span> <span class='ocrx_word' id='word_1_183' title='bbox 2684 1663 2853 1721; x_wconf 86' lang='lat' dir='ltr'>resti·</span> 
     </span>
     <span class='ocr_line' id='line_1_18' title="bbox 433 1724 2852 1828; baseline 0 -26"><span class='ocrx_word' id='word_1_184' title='bbox 433 1726 548 1770; x_wconf 77' lang='lat' dir='ltr'>Act.</span> <span class='ocrx_word' id='word_1_185' title='bbox 572 1724 776 1828; x_wconf 52' lang='lat'><strong>¹3¹·11021</strong></span> <span class='ocrx_word' id='word_1_186' title='bbox 817 1724 915 1770; x_wconf 51' lang='lat' dir='ltr'>Tm·</span> <span class='ocrx_word' id='word_1_187' title='bbox 956 1742 1187 1802; x_wconf 90' lang='lat' dir='ltr'>tuenda.</span> <span class='ocrx_word' id='word_1_188' title='bbox 1235 1744 1545 1801; x_wconf 71' lang='lat' dir='ltr'>Daemones</span> <span class='ocrx_word' id='word_1_189' title='bbox 1572 1750 1764 1801; x_wconf 90' lang='lat' dir='ltr'>autem</span> <span class='ocrx_word' id='word_1_190' title='bbox 1782 1742 1938 1819; x_wconf 89' lang='lat' dir='ltr'>apud</span> <span class='ocrx_word' id='word_1_191' title='bbox 1967 1742 2248 1801; x_wconf 87' lang='lat' dir='ltr'>Ethnicos</span> <span class='ocrx_word' id='word_1_192' title='bbox 2275 1749 2437 1801; x_wconf 86' lang='lat' dir='ltr'>erant</span> <span class='ocrx_word' id='word_1_193' title='bbox 2457 1742 2704 1817; x_wconf 87' lang='lat' dir='ltr'>Deastri,</span> <span class='ocrx_word' id='word_1_194' title='bbox 2727 1743 2852 1803; x_wconf 88' lang='lat' dir='ltr'>sive</span> 
     </span>
     <span class='ocr_line' id='line_1_19' title="bbox 958 1822 2853 1896; baseline 0.001 -15"><span class='ocrx_word' id='word_1_195' title='bbox 958 1822 1059 1881; x_wconf 92' lang='lat' dir='ltr'>Dii</span> <span class='ocrx_word' id='word_1_196' title='bbox 1084 1822 1399 1896; x_wconf 85' lang='lat' dir='ltr'>inferiores,</span> <span class='ocrx_word' id='word_1_197' title='bbox 1432 1831 1490 1881; x_wconf 94' lang='lat' dir='ltr'>et</span> <span class='ocrx_word' id='word_1_198' title='bbox 1518 1822 1668 1881; x_wconf 86' lang='lat' dir='ltr'>inter</span> <span class='ocrx_word' id='word_1_199' title='bbox 1696 1840 1950 1881; x_wconf 87' lang='lat' dir='ltr'>summos</span> <span class='ocrx_word' id='word_1_200' title='bbox 1981 1822 2139 1879; x_wconf 85' lang='lat' dir='ltr'>Deos</span> <span class='ocrx_word' id='word_1_201' title='bbox 2187 1832 2248 1881; x_wconf 90' lang='lat' dir='ltr'>et</span> <span class='ocrx_word' id='word_1_202' title='bbox 2290 1822 2564 1881; x_wconf 85' lang='lat' dir='ltr'>mortales</span> <span class='ocrx_word' id='word_1_203' title='bbox 2590 1822 2853 1882; x_wconf 89' lang='lat' dir='ltr'>homines</span> 
     </span>
     <span class='ocr_line' id='line_1_20' title="bbox 431 1900 2850 1980; baseline 0.002 -21"><span class='ocrx_word' id='word_1_204' title='bbox 431 1900 625 1977; x_wconf 88' lang='lat' dir='ltr'>medii,</span> <span class='ocrx_word' id='word_1_205' title='bbox 656 1910 723 1961; x_wconf 90' lang='lat' dir='ltr'>ut</span> <span class='ocrx_word' id='word_1_206' title='bbox 750 1920 1021 1979; x_wconf 81' lang='lat' dir='ltr'>expresse</span> <span class='ocrx_word' id='word_1_207' title='bbox 1052 1903 1220 1961; x_wconf 87' lang='lat' dir='ltr'>Plato</span> <span class='ocrx_word' id='word_1_208' title='bbox 1248 1902 1309 1959; x_wconf 92' lang='lat' dir='ltr'>in</span> <span class='ocrx_word' id='word_1_209' title='bbox 1342 1902 1667 1980; x_wconf 81' lang='lat' dir='ltr'>SymposiO,</span> <span class='ocrx_word' id='word_1_210' title='bbox 1687 1913 1746 1961; x_wconf 86' lang='lat' dir='ltr'>et</span> <span class='ocrx_word' id='word_1_211' title='bbox 1777 1902 2120 1961; x_wconf 84' lang='lat' dir='ltr'>Plutarchus</span> <span class='ocrx_word' id='word_1_212' title='bbox 2138 1901 2210 1961; x_wconf 87' lang='lat' dir='ltr'>de</span> <span class='ocrx_word' id='word_1_213' title='bbox 2229 1902 2454 1961; x_wconf 89' lang='lat' dir='ltr'>defectu</span> <span class='ocrx_word' id='word_1_214' title='bbox 2475 1902 2850 1963; x_wconf 90' lang='lat' dir='ltr'>Oraculorum</span> 
     </span>
     <span class='ocr_line' id='line_1_21' title="bbox 430 1981 2850 2059; baseline 0.001 -20"><span class='ocrx_word' id='word_1_215' title='bbox 430 1991 650 2055; x_wconf 87' lang='lat' dir='ltr'>notant,</span> <span class='ocrx_word' id='word_1_216' title='bbox 682 1982 782 2058; x_wconf 91' lang='lat' dir='ltr'>qui</span> <span class='ocrx_word' id='word_1_217' title='bbox 830 1982 1213 2041; x_wconf 74' lang='lat' dir='ltr'>censebantur</span> <span class='ocrx_word' id='word_1_218' title='bbox 1259 1981 1525 2041; x_wconf 87' lang='lat' dir='ltr'>advocati</span> <span class='ocrx_word' id='word_1_219' title='bbox 1562 2002 1667 2041; x_wconf 87' lang='lat' dir='ltr'>seu</span> <span class='ocrx_word' id='word_1_220' title='bbox 1713 1982 2056 2041; x_wconf 81' lang='lat' dir='ltr'>mediatores</span> <span class='ocrx_word' id='word_1_221' title='bbox 2100 1982 2414 2056; x_wconf 88' lang='lat' dir='ltr'>hominum,</span> <span class='ocrx_word' id='word_1_222' title='bbox 2468 1982 2592 2041; x_wconf 87' lang='lat' dir='ltr'>sine</span> <span class='ocrx_word' id='word_1_223' title='bbox 2639 1983 2850 2059; x_wconf 87' lang='lat' dir='ltr'>quibus</span> 
     </span>
     <span class='ocr_line' id='line_1_22' title="bbox 434 2060 2844 2136; baseline 0.001 -17"><span class='ocrx_word' id='word_1_224' title='bbox 434 2063 603 2120; x_wconf 89' lang='lat' dir='ltr'>“non</span> <span class='ocrx_word' id='word_1_225' title='bbox 631 2062 797 2121; x_wconf 90' lang='lat' dir='ltr'>licuit</span> <span class='ocrx_word' id='word_1_226' title='bbox 822 2062 1151 2121; x_wconf 86' lang='lat' dir='ltr'>hominibus</span> <span class='ocrx_word' id='word_1_227' title='bbox 1200 2060 1276 2119; x_wconf 84' lang='lat' dir='ltr'>ad</span> <span class='ocrx_word' id='word_1_228' title='bbox 1326 2062 1483 2121; x_wconf 86' lang='lat' dir='ltr'>Deos</span> <span class='ocrx_word' id='word_1_229' title='bbox 1532 2082 1786 2121; x_wconf 88' lang='lat' dir='ltr'>summos</span> <span class='ocrx_word' id='word_1_230' title='bbox 1833 2061 2165 2136; x_wconf 82' lang='lat' dir='ltr'>accedere,&#39;&#39;</span> <span class='ocrx_word' id='word_1_231' title='bbox 2195 2069 2261 2121; x_wconf 91' lang='lat' dir='ltr'>ut</span> <span class='ocrx_word' id='word_1_232' title='bbox 2283 2062 2453 2121; x_wconf 88' lang='lat' dir='ltr'>Plato</span> <span class='ocrx_word' id='word_1_233' title='bbox 2502 2062 2716 2121; x_wconf 83' lang='lat' dir='ltr'>ibidem</span> <span class='ocrx_word' id='word_1_234' title='bbox 2746 2064 2844 2121; x_wconf 91' lang='lat' dir='ltr'>ait.</span> 
     </span>
     <span class='ocr_line' id='line_1_23' title="bbox 432 2142 2848 2220; baseline 0 -19"><span class='ocrx_word' id='word_1_235' title='bbox 432 2143 470 2174; x_wconf 90' lang='lat'><strong>“</strong></span> <span class='ocrx_word' id='word_1_236' title='bbox 488 2142 601 2217; x_wconf 85' lang='lat' dir='ltr'>Qui</span> <span class='ocrx_word' id='word_1_237' title='bbox 629 2142 782 2201; x_wconf 85' lang='lat' dir='ltr'>ultro</span> <span class='ocrx_word' id='word_1_238' title='bbox 810 2143 1067 2220; x_wconf 86' lang='lat' dir='ltr'>citroque</span> <span class='ocrx_word' id='word_1_239' title='bbox 1094 2150 1343 2220; x_wconf 86' lang='lat' dir='ltr'>portant,</span> <span class='ocrx_word' id='word_1_240' title='bbox 1374 2142 1510 2201; x_wconf 88' lang='lat' dir='ltr'>hinc</span> <span class='ocrx_word' id='word_1_241' title='bbox 1538 2143 1835 2202; x_wconf 88' lang='lat' dir='ltr'>hominum</span> <span class='ocrx_word' id='word_1_242' title='bbox 1861 2142 2170 2219; x_wconf 83' lang='lat' dir='ltr'>petitiones</span> <span class='ocrx_word' id='word_1_243' title='bbox 2189 2150 2248 2201; x_wconf 90' lang='lat' dir='ltr'>et</span> <span class='ocrx_word' id='word_1_244' title='bbox 2263 2143 2482 2216; x_wconf 87' lang='lat' dir='ltr'>merita,</span> <span class='ocrx_word' id='word_1_245' title='bbox 2503 2142 2664 2199; x_wconf 90' lang='lat' dir='ltr'>illinc</span> <span class='ocrx_word' id='word_1_246' title='bbox 2695 2143 2848 2201; x_wconf 89' lang='lat' dir='ltr'>Deo·-</span> 
     </span>
     <span class='ocr_line' id='line_1_24' title="bbox 427 2222 2850 2300; baseline 0 -19"><span class='ocrx_word' id='word_1_247' title='bbox 427 2240 556 2281; x_wconf 86' lang='lat' dir='ltr'>rum</span> <span class='ocrx_word' id='word_1_248' title='bbox 584 2222 737 2282; x_wconf 89' lang='lat' dir='ltr'>dona</span> <span class='ocrx_word' id='word_1_249' title='bbox 762 2230 935 2300; x_wconf 90' lang='lat' dir='ltr'>atque</span> <span class='ocrx_word' id='word_1_250' title='bbox 978 2222 1289 2300; x_wconf 86' lang='lat' dir='ltr'>suppetias.</span> <span class='ocrx_word' id='word_1_251' title='bbox 1372 2222 1577 2299; x_wconf 88' lang='lat' dir='ltr'>Neque</span> <span class='ocrx_word' id='word_1_252' title='bbox 1626 2222 1780 2281; x_wconf 87' lang='lat' dir='ltr'>enim</span> <span class='ocrx_word' id='word_1_253' title='bbox 1829 2242 1932 2299; x_wconf 90' lang='lat' dir='ltr'>pro</span> <span class='ocrx_word' id='word_1_254' title='bbox 1979 2222 2280 2299; x_wconf 81' lang='lat' dir='ltr'>majestate</span> <span class='ocrx_word' id='word_1_255' title='bbox 2311 2222 2501 2281; x_wconf 90' lang='lat' dir='ltr'>Deum</span> <span class='ocrx_word' id='word_1_256' title='bbox 2530 2222 2850 2283; x_wconf 79' lang='lat' dir='ltr'>coelestium</span> 
     </span>
     <span class='ocr_line' id='line_1_25' title="bbox 429 2300 2843 2379; baseline 0.001 -21"><span class='ocrx_word' id='word_1_257' title='bbox 429 2300 601 2360; x_wconf 85' lang='lat' dir='ltr'>fuerit</span> <span class='ocrx_word' id='word_1_258' title='bbox 646 2302 773 2361; x_wconf 84' lang='lat' dir='ltr'>haec</span> <span class='ocrx_word' id='word_1_259' title='bbox 801 2303 1059 2376; x_wconf 83' lang='lat' dir='ltr'>curare‚&#39;&#39;</span> <span class='ocrx_word' id='word_1_260' title='bbox 1110 2303 1300 2379; x_wconf 89' lang='lat' dir='ltr'>inquit</span> <span class='ocrx_word' id='word_1_261' title='bbox 1348 2300 1636 2379; x_wconf 89' lang='lat' dir='ltr'>Apuleius</span> <span class='ocrx_word' id='word_1_262' title='bbox 1679 2300 1752 2361; x_wconf 88' lang='lat' dir='ltr'>de</span> <span class='ocrx_word' id='word_1_263' title='bbox 1803 2301 2102 2361; x_wconf 76' lang='lat' dir='ltr'>Daemonio</span> <span class='ocrx_word' id='word_1_264' title='bbox 2153 2300 2422 2360; x_wconf 86' lang='lat' dir='ltr'>Socratis.</span> <span class='ocrx_word' id='word_1_265' title='bbox 2509 2302 2588 2360; x_wconf 86' lang='lat' dir='ltr'>Et</span> <span class='ocrx_word' id='word_1_266' title='bbox 2627 2322 2843 2379; x_wconf 89' lang='lat' dir='ltr'>rursus,</span> 
     </span>
     <span class='ocr_line' id='line_1_26' title="bbox 432 2380 2845 2457; baseline 0.001 -18"><span class='ocrx_word' id='word_1_267' title='bbox 432 2382 469 2413; x_wconf 89' lang='lat'><strong>“</strong></span> <span class='ocrx_word' id='word_1_268' title='bbox 493 2380 715 2440; x_wconf 86' lang='lat' dir='ltr'>Cuncta</span> <span class='ocrx_word' id='word_1_269' title='bbox 744 2382 1079 2442; x_wconf 87' lang='lat' dir='ltr'>Coelestium</span> <span class='ocrx_word' id='word_1_270' title='bbox 1106 2382 1407 2441; x_wconf 84' lang='lat' dir='ltr'>voluntate</span> <span class='ocrx_word' id='word_1_271' title='bbox 1434 2382 1670 2441; x_wconf 88' lang='lat' dir='ltr'>numine</span> <span class='ocrx_word' id='word_1_272' title='bbox 1697 2390 1756 2441; x_wconf 88' lang='lat' dir='ltr'>et</span> <span class='ocrx_word' id='word_1_273' title='bbox 1783 2381 2125 2441; x_wconf 86' lang='lat' dir='ltr'>auctoritate</span> <span class='ocrx_word' id='word_1_274' title='bbox 2173 2382 2336 2457; x_wconf 91' lang='lat' dir='ltr'>fiunt,</span> <span class='ocrx_word' id='word_1_275' title='bbox 2370 2381 2473 2440; x_wconf 88' lang='lat' dir='ltr'>sed</span> <span class='ocrx_word' id='word_1_276' title='bbox 2504 2382 2845 2441; x_wconf 82' lang='lat' dir='ltr'>Daemonum</span> 
     </span>
     <span class='ocr_line' id='line_1_27' title="bbox 432 2459 2852 2539; baseline 0.001 -21"><span class='ocrx_word' id='word_1_277' title='bbox 432 2459 731 2537; x_wconf 83' lang='lat' dir='ltr'>obsequiO,</span> <span class='ocrx_word' id='word_1_278' title='bbox 763 2480 954 2539; x_wconf 90' lang='lat' dir='ltr'>opera,</span> <span class='ocrx_word' id='word_1_279' title='bbox 986 2469 1046 2521; x_wconf 91' lang='lat' dir='ltr'>et</span> <span class='ocrx_word' id='word_1_280' title='bbox 1092 2462 1472 2521; x_wconf 86' lang='lat' dir='ltr'>ministerio.&#39;&#39;</span> <span class='ocrx_word' id='word_1_281' title='bbox 1559 2462 1736 2520; x_wconf 87' lang='lat' dir='ltr'>Plura</span> <span class='ocrx_word' id='word_1_282' title='bbox 1763 2461 1836 2521; x_wconf 88' lang='lat' dir='ltr'>de</span> <span class='ocrx_word' id='word_1_283' title='bbox 1884 2462 1999 2520; x_wconf 89' lang='lat' dir='ltr'>ista</span> <span class='ocrx_word' id='word_1_284' title='bbox 2041 2461 2336 2538; x_wconf 87' lang='lat' dir='ltr'>theologia</span> <span class='ocrx_word' id='word_1_285' title='bbox 2366 2461 2689 2521; x_wconf 85' lang='lat' dir='ltr'>Gentilium</span> <span class='ocrx_word' id='word_1_286' title='bbox 2715 2462 2852 2521; x_wconf 86' lang='lat' dir='ltr'>vide</span> 
     </span>
     <span class='ocr_line' id='line_1_28' title="bbox 430 2540 2844 2619; baseline 0 -21"><span class='ocrx_word' id='word_1_287' title='bbox 430 2540 585 2617; x_wconf 91' lang='lat' dir='ltr'>apud</span> <span class='ocrx_word' id='word_1_288' title='bbox 615 2541 989 2600; x_wconf 85' lang='lat' dir='ltr'>Plutarchum</span> <span class='ocrx_word' id='word_1_289' title='bbox 1017 2542 1089 2601; x_wconf 89' lang='lat' dir='ltr'>de</span> <span class='ocrx_word' id='word_1_290' title='bbox 1128 2542 1357 2601; x_wconf 86' lang='lat' dir='ltr'>defectu</span> <span class='ocrx_word' id='word_1_291' title='bbox 1406 2540 1800 2617; x_wconf 89' lang='lat' dir='ltr'>Oraculorum,</span> <span class='ocrx_word' id='word_1_292' title='bbox 1849 2542 2165 2619; x_wconf 87' lang='lat' dir='ltr'>Apuleium</span> <span class='ocrx_word' id='word_1_293' title='bbox 2208 2541 2338 2600; x_wconf 91' lang='lat' dir='ltr'>loco</span> <span class='ocrx_word' id='word_1_294' title='bbox 2368 2541 2561 2619; x_wconf 87' lang='lat' dir='ltr'>citato,</span> <span class='ocrx_word' id='word_1_295' title='bbox 2593 2542 2638 2601; x_wconf 85' lang='lat' dir='ltr'><strong>J</strong></span> <span class='ocrx_word' id='word_1_296' title='bbox 2639 2542 2844 2601; x_wconf 88' lang='lat' dir='ltr'>ambli-</span> 
     </span>
     <span class='ocr_line' id='line_1_29' title="bbox 428 2620 2844 2700; baseline 0.001 -22"><span class='ocrx_word' id='word_1_297' title='bbox 428 2620 603 2679; x_wconf 92' lang='lat' dir='ltr'>chum</span> <span class='ocrx_word' id='word_1_298' title='bbox 631 2620 703 2680; x_wconf 90' lang='lat' dir='ltr'>de</span> <span class='ocrx_word' id='word_1_299' title='bbox 734 2622 1049 2699; x_wconf 85' lang='lat' dir='ltr'>Mysteriis‚</span> <span class='ocrx_word' id='word_1_300' title='bbox 1074 2629 1133 2681; x_wconf 89' lang='lat' dir='ltr'>et</span> <span class='ocrx_word' id='word_1_301' title='bbox 1157 2620 1445 2700; x_wconf 73' lang='lat' dir='ltr'>praecipue</span> <span class='ocrx_word' id='word_1_302' title='bbox 1474 2620 1890 2699; x_wconf 84' lang='lat' dir='ltr'>Augustinum,</span> <span class='ocrx_word' id='word_1_303' title='bbox 1920 2621 2022 2679; x_wconf 90' lang='lat' dir='ltr'>lib.</span> <span class='ocrx_word' id='word_1_304' title='bbox 2053 2622 2174 2679; x_wconf 85' lang='lat' dir='ltr'>viii.</span> <span class='ocrx_word' id='word_1_305' title='bbox 2205 2620 2277 2679; x_wconf 90' lang='lat' dir='ltr'>de</span> <span class='ocrx_word' id='word_1_306' title='bbox 2308 2621 2371 2679; x_wconf 88' lang='lat' dir='ltr'>C.</span> <span class='ocrx_word' id='word_1_307' title='bbox 2405 2622 2478 2681; x_wconf 89' lang='lat' dir='ltr'>D.</span> <span class='ocrx_word' id='word_1_308' title='bbox 2563 2622 2621 2680; x_wconf 84' lang='lat' dir='ltr'>N</span> <span class='ocrx_word' id='word_1_309' title='bbox 2623 2642 2689 2681; x_wconf 88' lang='lat' dir='ltr'>ec</span> <span class='ocrx_word' id='word_1_310' title='bbox 2717 2622 2844 2682; x_wconf 89' lang='lat' dir='ltr'>sine</span> 
     </span>
     <span class='ocr_line' id='line_1_30' title="bbox 428 2700 2843 2779; baseline 0.002 -22"><span class='ocrx_word' id='word_1_311' title='bbox 428 2700 649 2760; x_wconf 90' lang='lat' dir='ltr'>ratione</span> <span class='ocrx_word' id='word_1_312' title='bbox 676 2701 939 2761; x_wconf 89' lang='lat' dir='ltr'>doctrina</span> <span class='ocrx_word' id='word_1_313' title='bbox 966 2702 1067 2761; x_wconf 88' lang='lat' dir='ltr'>illa</span> <span class='ocrx_word' id='word_1_314' title='bbox 1095 2702 1508 2762; x_wconf 70' lang='lat' dir='ltr'>daemoniorum</span> <span class='ocrx_word' id='word_1_315' title='bbox 1564 2702 1792 2777; x_wconf 88' lang='lat' dir='ltr'>dicitur,</span> <span class='ocrx_word' id='word_1_316' title='bbox 1835 2719 1956 2759; x_wconf 90' lang='lat' dir='ltr'>non</span> <span class='ocrx_word' id='word_1_317' title='bbox 1997 2701 2170 2760; x_wconf 90' lang='lat' dir='ltr'>modo</span> <span class='ocrx_word' id='word_1_318' title='bbox 2219 2702 2489 2777; x_wconf 80' lang='lat' dir='ltr'>objective,</span> <span class='ocrx_word' id='word_1_319' title='bbox 2541 2702 2678 2779; x_wconf 87' lang='lat' dir='ltr'>quia</span> <span class='ocrx_word' id='word_1_320' title='bbox 2724 2702 2843 2761; x_wconf 80' lang='lat' dir='ltr'>dse-</span> 
     </span>
     <span class='ocr_line' id='line_1_31' title="bbox 428 2781 2843 2861; baseline 0.001 -23"><span class='ocrx_word' id='word_1_321' title='bbox 428 2793 629 2840; x_wconf 84' lang='lat' dir='ltr'>mones&#39;</span> <span class='ocrx_word' id='word_1_322' title='bbox 656 2792 822 2842; x_wconf 83' lang='lat' dir='ltr'>erant</span> <span class='ocrx_word' id='word_1_323' title='bbox 848 2782 1141 2861; x_wconf 88' lang='lat' dir='ltr'>objectum</span> <span class='ocrx_word' id='word_1_324' title='bbox 1180 2783 1349 2843; x_wconf 88' lang='lat' dir='ltr'>istius</span> <span class='ocrx_word' id='word_1_325' title='bbox 1393 2782 1601 2855; x_wconf 87' lang='lat' dir='ltr'>cultus,</span> <span class='ocrx_word' id='word_1_326' title='bbox 1649 2782 1749 2841; x_wconf 89' lang='lat' dir='ltr'>sed</span> <span class='ocrx_word' id='word_1_327' title='bbox 1779 2782 1952 2841; x_wconf 87' lang='lat' dir='ltr'>etiam</span> <span class='ocrx_word' id='word_1_328' title='bbox 1981 2783 2338 2857; x_wconf 75' lang='lat' dir='ltr'>terminative‚</span> <span class='ocrx_word' id='word_1_329' title='bbox 2365 2782 2502 2858; x_wconf 86' lang='lat' dir='ltr'>quia</span> <span class='ocrx_word' id='word_1_330' title='bbox 2529 2781 2604 2840; x_wconf 89' lang='lat' dir='ltr'>ad</span> <span class='ocrx_word' id='word_1_331' title='bbox 2631 2782 2843 2841; x_wconf 84' lang='lat' dir='ltr'>daemo-</span> 
     </span>
     <span class='ocr_line' id='line_1_32' title="bbox 427 2861 2844 2941; baseline 0.001 -23"><span class='ocrx_word' id='word_1_332' title='bbox 427 2881 558 2919; x_wconf 91' lang='lat' dir='ltr'>nem</span> <span class='ocrx_word' id='word_1_333' title='bbox 588 2862 793 2941; x_wconf 91' lang='lat' dir='ltr'>ipsum,</span> <span class='ocrx_word' id='word_1_334' title='bbox 826 2864 1090 2941; x_wconf 86' lang='lat' dir='ltr'>spiritum</span> <span class='ocrx_word' id='word_1_335' title='bbox 1117 2864 1351 2937; x_wconf 87' lang='lat' dir='ltr'>malum,</span> <span class='ocrx_word' id='word_1_336' title='bbox 1382 2872 1539 2923; x_wconf 87' lang='lat' dir='ltr'>totus</span> <span class='ocrx_word' id='word_1_337' title='bbox 1566 2862 1666 2921; x_wconf 88' lang='lat' dir='ltr'>ille</span> <span class='ocrx_word' id='word_1_338' title='bbox 1697 2862 1886 2921; x_wconf 86' lang='lat' dir='ltr'>cultus</span> <span class='ocrx_word' id='word_1_339' title='bbox 1907 2861 2276 2921; x_wconf 84' lang='lat' dir='ltr'>referebatur.</span> <span class='ocrx_word' id='word_1_340' title='bbox 2323 2861 2492 2935; x_wconf 84' lang='lat' dir='ltr'>Quod</span> <span class='ocrx_word' id='word_1_341' title='bbox 2520 2862 2844 2939; x_wconf 82' lang='lat' dir='ltr'>Apostolus</span> 
     </span>
     <span class='ocr_line' id='line_1_33' title="bbox 434 2942 2840 3021; baseline 0 -21"><span class='ocrx_word' id='word_1_342' title='bbox 434 2944 463 3000; x_wconf 93' lang='lat'>1</span> <span class='ocrx_word' id='word_1_343' title='bbox 498 2942 626 3001; x_wconf 89' lang='lat' dir='ltr'>Cor.</span> <span class='ocrx_word' id='word_1_344' title='bbox 683 2964 743 3003; x_wconf 86' lang='lat' dir='ltr'>x.</span> <span class='ocrx_word' id='word_1_345' title='bbox 801 2948 897 3019; x_wconf 82' lang='lat'>20,</span> <span class='ocrx_word' id='word_1_346' title='bbox 928 2945 1079 3003; x_wconf 88' lang='lat' dir='ltr'>clare</span> <span class='ocrx_word' id='word_1_347' title='bbox 1134 2944 1403 3019; x_wconf 86' lang='lat' dir='ltr'>ostendit,</span> <span class='ocrx_word' id='word_1_348' title='bbox 1434 2962 1612 3021; x_wconf 91' lang='lat' dir='ltr'>quum</span> <span class='ocrx_word' id='word_1_349' title='bbox 1650 2944 1748 3019; x_wconf 88' lang='lat' dir='ltr'>ait,</span> <span class='ocrx_word' id='word_1_350' title='bbox 1800 2944 1943 3010; x_wconf 71' lang='lat' dir='ltr'>Ques</span> <span class='ocrx_word' id='word_1_351' title='bbox 1990 2943 2282 3001; x_wconf 82' lang='lat' dir='ltr'>immolant</span> <span class='ocrx_word' id='word_1_352' title='bbox 2321 2952 2526 3019; x_wconf 69' lang='lat' dir='ltr'>qentes,</span> <span class='ocrx_word' id='word_1_353' title='bbox 2578 2942 2840 3001; x_wconf 87' lang='lat' dir='ltr'>infideles</span> 
     </span>
     <span class='ocr_line' id='line_1_34' title="bbox 428 3021 2844 3101; baseline 0 -22"><span class='ocrx_word' id='word_1_354' title='bbox 428 3021 649 3083; x_wconf 87' lang='lat' dir='ltr'>scilicet</span> <span class='ocrx_word' id='word_1_355' title='bbox 676 3024 735 3080; x_wconf 90' lang='lat' dir='ltr'>in</span> <span class='ocrx_word' id='word_1_356' title='bbox 764 3025 883 3083; x_wconf 85' lang='lat' dir='ltr'>suis</span> <span class='ocrx_word' id='word_1_357' title='bbox 912 3025 1223 3101; x_wconf 84' lang='lat' dir='ltr'>sacrificiis,</span> <span class='ocrx_word' id='word_1_358' title='bbox 1256 3025 1592 3084; x_wconf 68' lang='lat' dir='ltr'>dromonibus</span> <span class='ocrx_word' id='word_1_359' title='bbox 1619 3024 1928 3099; x_wconf 80' lang='lat' dir='ltr'>immolare,</span> <span class='ocrx_word' id='word_1_360' title='bbox 1971 3022 2033 3081; x_wconf 91' lang='lat' dir='ltr'>id</span> <span class='ocrx_word' id='word_1_361' title='bbox 2059 3030 2166 3097; x_wconf 88' lang='lat' dir='ltr'>est,</span> <span class='ocrx_word' id='word_1_362' title='bbox 2189 3023 2358 3081; x_wconf 88' lang='lat' dir='ltr'>malis</span> <span class='ocrx_word' id='word_1_363' title='bbox 2381 3022 2693 3099; x_wconf 74' lang='lat' dir='ltr'>spiritibu5‚</span> <span class='ocrx_word' id='word_1_364' title='bbox 2725 3036 2844 3081; x_wconf 90' lang='lat' dir='ltr'>non</span> 
     </span>
     <span class='ocr_line' id='line_1_35' title="bbox 428 3102 2845 3181; baseline 0.001 -22"><span class='ocrx_word' id='word_1_365' title='bbox 428 3102 660 3178; x_wconf 86' lang='lat' dir='ltr'>quidem</span> <span class='ocrx_word' id='word_1_366' title='bbox 688 3104 1156 3180; x_wconf 84' lang='lat' dir='ltr'>intentionaliter,</span> <span class='ocrx_word' id='word_1_367' title='bbox 1187 3105 1469 3181; x_wconf 84' lang='lat' dir='ltr'>putebant</span> <span class='ocrx_word' id='word_1_368' title='bbox 1496 3105 1650 3163; x_wconf 88' lang='lat' dir='ltr'>enim</span> <span class='ocrx_word' id='word_1_369' title='bbox 1679 3124 1740 3163; x_wconf 86' lang='lat' dir='ltr'>se</span> <span class='ocrx_word' id='word_1_370' title='bbox 1776 3122 1948 3163; x_wconf 86' lang='lat' dir='ltr'>veros</span> <span class='ocrx_word' id='word_1_371' title='bbox 1999 3103 2156 3162; x_wconf 86' lang='lat' dir='ltr'>Deos</span> <span class='ocrx_word' id='word_1_372' title='bbox 2201 3102 2406 3174; x_wconf 89' lang='lat' dir='ltr'>colere,</span> <span class='ocrx_word' id='word_1_373' title='bbox 2440 3103 2544 3161; x_wconf 87' lang='lat' dir='ltr'>sed</span> <span class='ocrx_word' id='word_1_374' title='bbox 2571 3103 2759 3179; x_wconf 87' lang='lat' dir='ltr'>reipsa</span> <span class='ocrx_word' id='word_1_375' title='bbox 2785 3110 2845 3161; x_wconf 88' lang='lat' dir='ltr'>et</span> 
     </span>
     <span class='ocr_line' id='line_1_36' title="bbox 422 3181 2844 3261; baseline 0 -22"><span class='ocrx_word' id='word_1_376' title='bbox 422 3181 619 3257; x_wconf 87' lang='lat' dir='ltr'>quoad</span> <span class='ocrx_word' id='word_1_377' title='bbox 648 3190 919 3239; x_wconf 88' lang='lat' dir='ltr'>eventum</span> <span class='ocrx_word' id='word_1_378' title='bbox 945 3204 958 3241; x_wconf 78' lang='grc' dir='ltr'><strong><em>ε</em></strong></span> <span class='ocrx_word' id='word_1_379' title='bbox 1001 3182 1138 3260; x_wconf 86' lang='lat' dir='ltr'>quia</span> <span class='ocrx_word' id='word_1_380' title='bbox 1166 3184 1352 3242; x_wconf 90' lang='lat' dir='ltr'>omnis</span> <span class='ocrx_word' id='word_1_381' title='bbox 1378 3184 1637 3261; x_wconf 86' lang='lat' dir='ltr'>potentia</span> <span class='ocrx_word' id='word_1_382' title='bbox 1663 3203 1792 3259; x_wconf 82' lang='lat' dir='ltr'>quse</span> <span class='ocrx_word' id='word_1_383' title='bbox 1823 3203 1883 3241; x_wconf 89' lang='lat' dir='ltr'>se</span> <span class='ocrx_word' id='word_1_384' title='bbox 1913 3182 2186 3241; x_wconf 84' lang='lat' dir='ltr'>exerebat</span> <span class='ocrx_word' id='word_1_385' title='bbox 2233 3184 2292 3240; x_wconf 90' lang='lat' dir='ltr'>in</span> <span class='ocrx_word' id='word_1_386' title='bbox 2343 3182 2443 3240; x_wconf 91' lang='lat' dir='ltr'>illo</span> <span class='ocrx_word' id='word_1_387' title='bbox 2489 3182 2664 3257; x_wconf 88' lang='lat' dir='ltr'>cultu,</span> <span class='ocrx_word' id='word_1_388' title='bbox 2719 3183 2844 3241; x_wconf 89' lang='lat' dir='ltr'>sive</span> 
     </span>
     <span class='ocr_line' id='line_1_37' title="bbox 426 3259 2842 3339; baseline 0.001 -22"><span class='ocrx_word' id='word_1_389' title='bbox 426 3260 488 3317; x_wconf 90' lang='lat' dir='ltr'>in</span> <span class='ocrx_word' id='word_1_390' title='bbox 516 3259 825 3317; x_wconf 86' lang='lat' dir='ltr'>reddendis</span> <span class='ocrx_word' id='word_1_391' title='bbox 852 3262 1115 3337; x_wconf 88' lang='lat' dir='ltr'>oraculis,</span> <span class='ocrx_word' id='word_1_392' title='bbox 1147 3263 1271 3320; x_wconf 82' lang='lat' dir='ltr'>sive</span> <span class='ocrx_word' id='word_1_393' title='bbox 1299 3262 1360 3320; x_wconf 89' lang='lat' dir='ltr'>in</span> <span class='ocrx_word' id='word_1_394' title='bbox 1386 3263 1730 3339; x_wconf 67' lang='lat' dir='ltr'>praestandis</span> <span class='ocrx_word' id='word_1_395' title='bbox 1773 3261 2061 3321; x_wconf 86' lang='lat' dir='ltr'>interdum</span> <span class='ocrx_word' id='word_1_396' title='bbox 2123 3262 2434 3332; x_wconf 75' lang='lat' dir='ltr'>beneficii5‚</span> <span class='ocrx_word' id='word_1_397' title='bbox 2467 3262 2842 3321; x_wconf 84' lang='lat' dir='ltr'>exercebatur</span> 
     </span>
     <span class='ocr_line' id='line_1_38' title="bbox 427 3338 2840 3416; baseline 0.002 -20"><span class='ocrx_word' id='word_1_398' title='bbox 427 3358 603 3415; x_wconf 89' lang='lat' dir='ltr'>opera</span> <span class='ocrx_word' id='word_1_399' title='bbox 630 3338 971 3413; x_wconf 70' lang='lat' dir='ltr'>doemonum,</span> <span class='ocrx_word' id='word_1_400' title='bbox 1002 3339 1103 3416; x_wconf 92' lang='lat' dir='ltr'>qui</span> <span class='ocrx_word' id='word_1_401' title='bbox 1131 3340 1450 3399; x_wconf 86' lang='lat' dir='ltr'>simulacris</span> <span class='ocrx_word' id='word_1_402' title='bbox 1491 3342 1840 3415; x_wconf 87' lang='lat' dir='ltr'>assidebant,</span> <span class='ocrx_word' id='word_1_403' title='bbox 1872 3350 1931 3401; x_wconf 87' lang='lat' dir='ltr'>et</span> <span class='ocrx_word' id='word_1_404' title='bbox 1957 3341 2018 3398; x_wconf 91' lang='lat' dir='ltr'>in</span> <span class='ocrx_word' id='word_1_405' title='bbox 2046 3341 2118 3400; x_wconf 88' lang='lat' dir='ltr'>iis</span> <span class='ocrx_word' id='word_1_406' title='bbox 2137 3342 2487 3416; x_wconf 84' lang='lat' dir='ltr'>colebantur,</span> <span class='ocrx_word' id='word_1_407' title='bbox 2513 3342 2664 3400; x_wconf 83' lang='lat' dir='ltr'>Psal.</span> <span class='ocrx_word' id='word_1_408' title='bbox 2683 3343 2840 3400; x_wconf 81' lang='lat' dir='ltr'>xcvi.</span> 
     </span>
     <span class='ocr_line' id='line_1_39' title="bbox 429 3416 2838 3500; baseline 0.002 -23"><span class='ocrx_word' id='word_1_409' title='bbox 429 3420 486 3477; x_wconf 85' lang='lat'>5.</span> <span class='ocrx_word' id='word_1_410' title='bbox 572 3416 745 3477; x_wconf 87' lang='lat' dir='ltr'>Unde</span> <span class='ocrx_word' id='word_1_411' title='bbox 790 3418 1007 3478; x_wconf 89' lang='lat' dir='ltr'>Paulus</span> <span class='ocrx_word' id='word_1_412' title='bbox 1062 3418 1277 3477; x_wconf 84' lang='lat' dir='ltr'>ibidem</span> <span class='ocrx_word' id='word_1_413' title='bbox 1324 3421 1674 3479; x_wconf 89' lang='lat' dir='ltr'>mentionem</span> <span class='ocrx_word' id='word_1_414' title='bbox 1716 3420 1854 3479; x_wconf 85' lang='lat' dir='ltr'>facit</span> <span class='ocrx_word' id='word_1_415' title='bbox 1902 3422 2090 3480; x_wconf 74' lang='lat' dir='ltr'>calicis</span> <span class='ocrx_word' id='word_1_416' title='bbox 2138 3423 2540 3481; x_wconf 81' lang='lat' dir='ltr'>dcemoniorum</span> <span class='ocrx_word' id='word_1_417' title='bbox 2588 3422 2838 3500; x_wconf 89' lang='lat' dir='ltr'>oppositi</span> 
     </span>
     <span class='ocr_line' id='line_1_40' title="bbox 416 3498 2838 3577; baseline 0.001 -22"><span class='ocrx_word' id='word_1_418' title='bbox 416 3500 626 3575; x_wconf 84' lang='lat' dir='ltr'>poculo</span> <span class='ocrx_word' id='word_1_419' title='bbox 652 3498 904 3572; x_wconf 85' lang='lat' dir='ltr'>Domini,</span> <span class='ocrx_word' id='word_1_420' title='bbox 935 3498 1093 3577; x_wconf 91' lang='lat' dir='ltr'>quod</span> <span class='ocrx_word' id='word_1_421' title='bbox 1120 3518 1155 3557; x_wconf 87' lang='lat' dir='ltr'>a</span> <span class='ocrx_word' id='word_1_422' title='bbox 1184 3499 1435 3559; x_wconf 90' lang='lat' dir='ltr'>Domino</span> <span class='ocrx_word' id='word_1_423' title='bbox 1462 3500 1789 3560; x_wconf 84' lang='lat' dir='ltr'>institutum</span> <span class='ocrx_word' id='word_1_424' title='bbox 1835 3500 1898 3559; x_wconf 88' lang='lat' dir='ltr'>in</span> <span class='ocrx_word' id='word_1_425' title='bbox 1943 3501 2219 3559; x_wconf 82' lang='lat' dir='ltr'>honorem</span> <span class='ocrx_word' id='word_1_426' title='bbox 2251 3502 2490 3561; x_wconf 87' lang='lat' dir='ltr'>Domini</span> <span class='ocrx_word' id='word_1_427' title='bbox 2516 3502 2838 3577; x_wconf 86' lang='lat' dir='ltr'>bibebatur,</span> 
     </span>
     <span class='ocr_line' id='line_1_41' title="bbox 424 3578 2838 3659; baseline 0 -21"><span class='ocrx_word' id='word_1_428' title='bbox 424 3578 524 3638; x_wconf 89' lang='lat' dir='ltr'>ubi</span> <span class='ocrx_word' id='word_1_429' title='bbox 568 3586 767 3637; x_wconf 88' lang='lat' dir='ltr'>contra</span> <span class='ocrx_word' id='word_1_430' title='bbox 794 3578 949 3638; x_wconf 86' lang='lat' dir='ltr'>calix</span> <span class='ocrx_word' id='word_1_431' title='bbox 996 3579 1408 3638; x_wconf 69' lang='lat' dir='ltr'>daemoniorum</span> <span class='ocrx_word' id='word_1_432' title='bbox 1456 3580 1515 3637; x_wconf 89' lang='lat' dir='ltr'>in</span> <span class='ocrx_word' id='word_1_433' title='bbox 1564 3599 1762 3639; x_wconf 90' lang='lat' dir='ltr'>eorum</span> <span class='ocrx_word' id='word_1_434' title='bbox 1810 3581 2086 3639; x_wconf 87' lang='lat' dir='ltr'>honorem</span> <span class='ocrx_word' id='word_1_435' title='bbox 2132 3581 2454 3657; x_wconf 86' lang='lat' dir='ltr'>bibebatur,</span> <span class='ocrx_word' id='word_1_436' title='bbox 2495 3601 2610 3659; x_wconf 92' lang='lat' dir='ltr'>quo</span> <span class='ocrx_word' id='word_1_437' title='bbox 2639 3582 2838 3641; x_wconf 82' lang='lat' dir='ltr'>vinum</span> 
     </span>
     <span class='ocr_line' id='line_1_42' title="bbox 422 3658 2838 3739; baseline 0 -20"><span class='ocrx_word' id='word_1_438' title='bbox 422 3659 598 3734; x_wconf 83' lang='lat' dir='ltr'>idolo,</span> <span class='ocrx_word' id='word_1_439' title='bbox 630 3668 690 3719; x_wconf 89' lang='lat' dir='ltr'>et</span> <span class='ocrx_word' id='word_1_440' title='bbox 716 3679 819 3738; x_wconf 89' lang='lat' dir='ltr'>per</span> <span class='ocrx_word' id='word_1_441' title='bbox 864 3660 975 3718; x_wconf 92' lang='lat' dir='ltr'>hoc</span> <span class='ocrx_word' id='word_1_442' title='bbox 1004 3658 1303 3718; x_wconf 88' lang='lat' dir='ltr'>daemoniis</span> <span class='ocrx_word' id='word_1_443' title='bbox 1332 3669 1726 3720; x_wconf 86' lang='lat' dir='ltr'>consecratum</span> <span class='ocrx_word' id='word_1_444' title='bbox 1755 3668 1892 3720; x_wconf 87' lang='lat' dir='ltr'>erat.</span> <span class='ocrx_word' id='word_1_445' title='bbox 1979 3661 2125 3720; x_wconf 82' lang='lat' dir='ltr'>Haee</span> <span class='ocrx_word' id='word_1_446' title='bbox 2174 3681 2312 3721; x_wconf 88' lang='lat' dir='ltr'>vero</span> <span class='ocrx_word' id='word_1_447' title='bbox 2359 3664 2552 3721; x_wconf 88' lang='lat' dir='ltr'>omnia</span> <span class='ocrx_word' id='word_1_448' title='bbox 2599 3683 2729 3739; x_wconf 83' lang='lat' dir='ltr'>quae</span> <span class='ocrx_word' id='word_1_449' title='bbox 2777 3662 2838 3719; x_wconf 92' lang='lat' dir='ltr'>in</span> 
     </span>
     <span class='ocr_line' id='line_1_43' title="bbox 423 3739 2839 3819; baseline 0 -20"><span class='ocrx_word' id='word_1_450' title='bbox 423 3739 717 3817; x_wconf 87' lang='lat' dir='ltr'>theologia</span> <span class='ocrx_word' id='word_1_451' title='bbox 746 3740 969 3800; x_wconf 83' lang='lat' dir='ltr'>Gentili</span> <span class='ocrx_word' id='word_1_452' title='bbox 1003 3740 1195 3799; x_wconf 90' lang='lat' dir='ltr'>locum</span> <span class='ocrx_word' id='word_1_453' title='bbox 1238 3740 1546 3815; x_wconf 86' lang='lat' dir='ltr'>habebant,</span> <span class='ocrx_word' id='word_1_454' title='bbox 1596 3740 1658 3798; x_wconf 84' lang='lat' dir='ltr'>in</span> <span class='ocrx_word' id='word_1_455' title='bbox 1707 3742 2049 3801; x_wconf 86' lang='lat' dir='ltr'>Sanctorum</span> <span class='ocrx_word' id='word_1_456' title='bbox 2097 3750 2156 3799; x_wconf 91' lang='lat' dir='ltr'>et</span> <span class='ocrx_word' id='word_1_457' title='bbox 2200 3742 2563 3819; x_wconf 88' lang='lat' dir='ltr'>Angelorum</span> <span class='ocrx_word' id='word_1_458' title='bbox 2619 3743 2839 3801; x_wconf 88' lang='lat' dir='ltr'>cultum</span> 
     </span>
     <span class='ocr_line' id='line_1_44' title="bbox 422 3819 2835 3899; baseline 0 -19"><span class='ocrx_word' id='word_1_459' title='bbox 422 3841 555 3880; x_wconf 91' lang='lat' dir='ltr'>cum</span> <span class='ocrx_word' id='word_1_460' title='bbox 598 3820 728 3880; x_wconf 88' lang='lat' dir='ltr'>aliis</span> <span class='ocrx_word' id='word_1_461' title='bbox 764 3820 1106 3879; x_wconf 68' lang='lat' dir='ltr'>idololatriae</span> <span class='ocrx_word' id='word_1_462' title='bbox 1150 3819 1409 3897; x_wconf 85' lang='lat' dir='ltr'>partibus</span> <span class='ocrx_word' id='word_1_463' title='bbox 1426 3820 1487 3879; x_wconf 91' lang='lat' dir='ltr'>in</span> <span class='ocrx_word' id='word_1_464' title='bbox 1509 3822 1774 3881; x_wconf 87' lang='lat' dir='ltr'>Ecclesia</span> <span class='ocrx_word' id='word_1_465' title='bbox 1803 3822 2066 3880; x_wconf 88' lang='lat' dir='ltr'>Romana</span> <span class='ocrx_word' id='word_1_466' title='bbox 2092 3822 2337 3896; x_wconf 76' lang='lat' dir='ltr'>usitatiS,</span> <span class='ocrx_word' id='word_1_467' title='bbox 2369 3823 2627 3899; x_wconf 88' lang='lat' dir='ltr'>apprime</span> <span class='ocrx_word' id='word_1_468' title='bbox 2655 3820 2835 3899; x_wconf 83' lang='lat' dir='ltr'>quad-</span> 
     </span>
     <span class='ocr_line' id='line_1_45' title="bbox 424 3898 2836 3978; baseline 0 -19"><span class='ocrx_word' id='word_1_469' title='bbox 424 3921 567 3977; x_wconf 87' lang='lat' dir='ltr'>rare,</span> <span class='ocrx_word' id='word_1_470' title='bbox 614 3922 802 3961; x_wconf 83' lang='lat' dir='ltr'>caecus</span> <span class='ocrx_word' id='word_1_471' title='bbox 846 3908 936 3960; x_wconf 85' lang='lat' dir='ltr'>est</span> <span class='ocrx_word' id='word_1_472' title='bbox 982 3900 1083 3978; x_wconf 92' lang='lat' dir='ltr'>qui</span> <span class='ocrx_word' id='word_1_473' title='bbox 1124 3919 1241 3959; x_wconf 91' lang='lat' dir='ltr'>non</span> <span class='ocrx_word' id='word_1_474' title='bbox 1286 3900 1499 3975; x_wconf 82' lang='lat' dir='ltr'>videat,</span> <span class='ocrx_word' id='word_1_475' title='bbox 1546 3909 1612 3961; x_wconf 88' lang='lat' dir='ltr'>ut</span> <span class='ocrx_word' id='word_1_476' title='bbox 1665 3898 1790 3960; x_wconf 89' lang='lat' dir='ltr'>fuse</span> <span class='ocrx_word' id='word_1_477' title='bbox 1835 3922 1871 3960; x_wconf 91' lang='lat' dir='ltr'>a</span> <span class='ocrx_word' id='word_1_478' title='bbox 1918 3901 2253 3961; x_wconf 87' lang='lat' dir='ltr'>doctissimo</span> <span class='ocrx_word' id='word_1_479' title='bbox 2280 3904 2454 3961; x_wconf 82' lang='lat' dir='ltr'>Medo</span> <span class='ocrx_word' id='word_1_480' title='bbox 2483 3911 2572 3963; x_wconf 88' lang='lat' dir='ltr'>est</span> <span class='ocrx_word' id='word_1_481' title='bbox 2600 3902 2836 3961; x_wconf 89' lang='lat' dir='ltr'>demon·-</span> 
     </span>
     <span class='ocr_line' id='line_1_46' title="bbox 421 3980 2836 4061; baseline 0 -21"><span class='ocrx_word' id='word_1_482' title='bbox 421 3990 679 4057; x_wconf 89' lang='lat' dir='ltr'>stratum,</span> <span class='ocrx_word' id='word_1_483' title='bbox 705 3990 763 4041; x_wconf 88' lang='lat' dir='ltr'>et</span> <span class='ocrx_word' id='word_1_484' title='bbox 802 3982 1117 4041; x_wconf 79' lang='lat' dir='ltr'>novissime</span> <span class='ocrx_word' id='word_1_485' title='bbox 1158 4000 1193 4039; x_wconf 87' lang='lat' dir='ltr'>a</span> <span class='ocrx_word' id='word_1_486' title='bbox 1234 3980 1604 4041; x_wconf 90' lang='lat' dir='ltr'>celeberrimo</span> <span class='ocrx_word' id='word_1_487' title='bbox 1631 3981 1906 4059; x_wconf 83' lang='lat' dir='ltr'>theologo</span> <span class='ocrx_word' id='word_1_488' title='bbox 1953 3984 2034 4041; x_wconf 90' lang='lat' dir='ltr'>D.</span> <span class='ocrx_word' id='word_1_489' title='bbox 2057 3983 2281 4059; x_wconf 81' lang='lat' dir='ltr'>Jurieu,</span> <span class='ocrx_word' id='word_1_490' title='bbox 2314 3983 2374 4039; x_wconf 89' lang='lat' dir='ltr'>in</span> <span class='ocrx_word' id='word_1_491' title='bbox 2417 3983 2836 4061; x_wconf 86' lang='lat' dir='ltr'>complemento</span> 
     </span>
     <span class='ocr_line' id='line_1_47' title="bbox 420 4061 1789 4141; baseline 0.001 -22"><span class='ocrx_word' id='word_1_492' title='bbox 420 4062 864 4141; x_wconf 87' lang='lat' dir='ltr'>prophetiarum,</span> <span class='ocrx_word' id='word_1_493' title='bbox 890 4061 1235 4121; x_wconf 87' lang='lat' dir='ltr'>solidissime</span> <span class='ocrx_word' id='word_1_494' title='bbox 1256 4070 1345 4121; x_wconf 89' lang='lat' dir='ltr'>est</span> <span class='ocrx_word' id='word_1_495' title='bbox 1372 4062 1789 4121; x_wconf 87' lang='lat' dir='ltr'>confirmatum.</span> 
     </span>
    </p>

    <p class='ocr_par' dir='ltr' id='par_1_3' title="bbox 413 4140 2838 4698">
     <span class='ocr_line' id='line_1_48' title="bbox 504 4140 2830 4219; baseline 0 -20"><span class='ocrx_word' id='word_1_496' title='bbox 504 4142 657 4201; x_wconf 87' lang='lat' dir='ltr'>XX.</span> <span class='ocrx_word' id='word_1_497' title='bbox 706 4142 823 4203; x_wconf 86' lang='lat' dir='ltr'>Sed</span> <span class='ocrx_word' id='word_1_498' title='bbox 846 4140 1029 4201; x_wconf 85' lang='lat' dir='ltr'>Paulo</span> <span class='ocrx_word' id='word_1_499' title='bbox 1056 4161 1176 4201; x_wconf 89' lang='lat' dir='ltr'>non</span> <span class='ocrx_word' id='word_1_500' title='bbox 1202 4141 1343 4200; x_wconf 88' lang='lat' dir='ltr'>satis</span> <span class='ocrx_word' id='word_1_501' title='bbox 1384 4150 1474 4201; x_wconf 89' lang='lat' dir='ltr'>est</span> <span class='ocrx_word' id='word_1_502' title='bbox 1500 4141 1639 4201; x_wconf 87' lang='lat' dir='ltr'>dare</span> <span class='ocrx_word' id='word_1_503' title='bbox 1669 4141 2112 4219; x_wconf 88' lang='lat' dir='ltr'>descriptionem</span> <span class='ocrx_word' id='word_1_504' title='bbox 2149 4141 2318 4201; x_wconf 88' lang='lat' dir='ltr'>istius</span> <span class='ocrx_word' id='word_1_505' title='bbox 2345 4141 2650 4219; x_wconf 73' lang='lat' dir='ltr'>apostasiae</span> <span class='ocrx_word' id='word_1_506' title='bbox 2673 4164 2688 4219; x_wconf 78' lang='lat'><em>3</em></span> <span class='ocrx_word' id='word_1_507' title='bbox 2730 4140 2830 4201; x_wconf 86' lang='lat' dir='ltr'>ad-</span> 
     </span>
     <span class='ocr_line' id='line_1_49' title="bbox 422 4221 2834 4300; baseline 0.001 -21"><span class='ocrx_word' id='word_1_508' title='bbox 422 4222 509 4280; x_wconf 88' lang='lat' dir='ltr'>dit</span> <span class='ocrx_word' id='word_1_509' title='bbox 536 4233 737 4297; x_wconf 86' lang='lat' dir='ltr'>postea</span> <span class='ocrx_word' id='word_1_510' title='bbox 764 4223 839 4281; x_wconf 89' lang='lat' dir='ltr'>ad</span> <span class='ocrx_word' id='word_1_511' title='bbox 876 4224 1177 4283; x_wconf 81' lang='lat' dir='ltr'>clariorem</span> <span class='ocrx_word' id='word_1_512' title='bbox 1206 4222 1332 4299; x_wconf 79' lang='lat' dir='ltr'>eJus</span> <span class='ocrx_word' id='word_1_513' title='bbox 1386 4222 1780 4300; x_wconf 81' lang='lat' dir='ltr'>cognitionem</span> <span class='ocrx_word' id='word_1_514' title='bbox 1832 4221 2278 4298; x_wconf 88' lang='lat' dir='ltr'>descriptionem</span> <span class='ocrx_word' id='word_1_515' title='bbox 2320 4242 2726 4299; x_wconf 81' lang='lat' dir='ltr'>personarum,</span> <span class='ocrx_word' id='word_1_516' title='bbox 2773 4230 2834 4281; x_wconf 89' lang='lat' dir='ltr'>et</span> 
     </span>
     <span class='ocr_line' id='line_1_50' title="bbox 420 4301 2828 4380; baseline 0 -21"><span class='ocrx_word' id='word_1_517' title='bbox 420 4302 748 4378; x_wconf 79' lang='lat' dir='ltr'>mediorum,</span> <span class='ocrx_word' id='word_1_518' title='bbox 780 4322 815 4361; x_wconf 87' lang='lat' dir='ltr'>a</span> <span class='ocrx_word' id='word_1_519' title='bbox 842 4304 1054 4379; x_wconf 87' lang='lat' dir='ltr'>quibus</span> <span class='ocrx_word' id='word_1_520' title='bbox 1075 4313 1135 4363; x_wconf 88' lang='lat' dir='ltr'>et</span> <span class='ocrx_word' id='word_1_521' title='bbox 1174 4323 1277 4379; x_wconf 90' lang='lat' dir='ltr'>per</span> <span class='ocrx_word' id='word_1_522' title='bbox 1318 4322 1447 4380; x_wconf 76' lang='lat' dir='ltr'>quse</span> <span class='ocrx_word' id='word_1_523' title='bbox 1478 4302 1724 4362; x_wconf 89' lang='lat' dir='ltr'>defectio</span> <span class='ocrx_word' id='word_1_524' title='bbox 1753 4302 1864 4361; x_wconf 87' lang='lat' dir='ltr'>ista</span> <span class='ocrx_word' id='word_1_525' title='bbox 1881 4310 2004 4361; x_wconf 87' lang='lat' dir='ltr'>erat</span> <span class='ocrx_word' id='word_1_526' title='bbox 2024 4302 2460 4375; x_wconf 85' lang='lat' dir='ltr'>introducenda,</span> <span class='ocrx_word' id='word_1_527' title='bbox 2492 4321 2672 4378; x_wconf 89' lang='lat' dir='ltr'>quum</span> <span class='ocrx_word' id='word_1_528' title='bbox 2695 4301 2828 4361; x_wconf 90' lang='lat' dir='ltr'>sub-</span> 
     </span>
     <span class='ocr_line' id='line_1_51' title="bbox 415 4380 2834 4461; baseline 0.001 -23"><span class='ocrx_word' id='word_1_529' title='bbox 415 4380 566 4457; x_wconf 90' lang='lat' dir='ltr'>jicit,</span> <span class='ocrx_word' id='word_1_530' title='bbox 592 4380 723 4439; x_wconf 88' lang='lat' dir='ltr'>illos</span> <span class='ocrx_word' id='word_1_531' title='bbox 752 4383 851 4457; x_wconf 90' lang='lat' dir='ltr'>qui</span> <span class='ocrx_word' id='word_1_532' title='bbox 906 4383 1186 4443; x_wconf 86' lang='lat' dir='ltr'>defecturi</span> <span class='ocrx_word' id='word_1_533' title='bbox 1234 4392 1399 4443; x_wconf 86' lang='lat' dir='ltr'>erant</span> <span class='ocrx_word' id='word_1_534' title='bbox 1426 4403 1461 4442; x_wconf 88' lang='lat' dir='ltr'>a</span> <span class='ocrx_word' id='word_1_535' title='bbox 1488 4382 1602 4441; x_wconf 85' lang='lat' dir='ltr'>fide</span> <span class='ocrx_word' id='word_1_536' title='bbox 1631 4390 1690 4445; x_wconf 89' lang='lat' dir='ltr'>et</span> <span class='ocrx_word' id='word_1_537' title='bbox 1719 4382 2020 4461; x_wconf 88' lang='lat' dir='ltr'>spiritibus</span> <span class='ocrx_word' id='word_1_538' title='bbox 2073 4382 2328 4441; x_wconf 89' lang='lat' dir='ltr'>erroneis</span> <span class='ocrx_word' id='word_1_539' title='bbox 2383 4382 2691 4457; x_wconf 73' lang='lat' dir='ltr'>adhaesuri,</span> <span class='ocrx_word' id='word_1_540' title='bbox 2723 4382 2834 4441; x_wconf 88' lang='lat' dir='ltr'>hoc</span> 
     </span>
     <span class='ocr_line' id='line_1_52' title="bbox 420 4460 2838 4545; baseline 0.002 -28"><span class='ocrx_word' id='word_1_541' title='bbox 420 4460 674 4519; x_wconf 80' lang='lat' dir='ltr'>facturos</span> <span class='ocrx_word' id='word_1_542' title='bbox 712 4484 753 4517; x_wconf 70' lang='lat' dir='ltr'>tr</span> <span class='ocrx_word' id='word_1_543' title='bbox 776 4466 1021 4541; x_wconf 61' lang='lat' dir='ltr'>trengam</span> <span class='ocrx_word' id='word_1_544' title='bbox 1061 4460 1394 4538; x_wconf 65' lang='grc' dir='ltr'>ψίυδολογυν,</span> <span class='ocrx_word' id='word_1_545' title='bbox 1436 4487 1906 4545; x_wconf 60' lang='lat' dir='ltr'>annumerato-penus</span> <span class='ocrx_word' id='word_1_546' title='bbox 1951 4488 2034 4527; x_wconf 65' lang='lat' dir='ltr'>rav</span> <span class='ocrx_word' id='word_1_547' title='bbox 2073 4460 2199 4521; x_wconf 55' lang='lat' dir='ltr'>atam</span> <span class='ocrx_word' id='word_1_548' title='bbox 2241 4460 2512 4537; x_wconf 68' lang='grc' dir='ltr'>συνυὸησπ,</span> <span class='ocrx_word' id='word_1_549' title='bbox 2555 4477 2838 4521; x_wconf 58' lang='lat' dir='ltr'>sanaverunt</span> 
     </span>
     <span class='ocr_line' id='line_1_53' title="bbox 420 4543 2829 4622; baseline -0.001 -19"><span class='ocrx_word' id='word_1_550' title='bbox 420 4562 617 4615; x_wconf 64' lang='grc' dir='ltr'>νεμεαν,</span> <span class='ocrx_word' id='word_1_551' title='bbox 657 4548 932 4614; x_wconf 61' lang='lat' dir='ltr'>ammom</span> <span class='ocrx_word' id='word_1_552' title='bbox 986 4552 1279 4622; x_wconf 66' lang='grc' dir='ltr'><strong><em>βςυμιιτω,</em></strong></span> <span class='ocrx_word' id='word_1_553' title='bbox 1312 4564 1427 4619; x_wconf 82' lang='lat' dir='ltr'>per</span> <span class='ocrx_word' id='word_1_554' title='bbox 1465 4545 1800 4621; x_wconf 71' lang='lat' dir='ltr'>hypocrisim</span> <span class='ocrx_word' id='word_1_555' title='bbox 1831 4543 2292 4620; x_wconf 78' lang='lat' dir='ltr'>falsiloquorum,</span> <span class='ocrx_word' id='word_1_556' title='bbox 2323 4544 2700 4601; x_wconf 78' lang='lat' dir='ltr'>cauteriatam</span> <span class='ocrx_word' id='word_1_557' title='bbox 2727 4544 2829 4601; x_wconf 79' lang='grc' dir='ltr'><em>Ῐια-</em></span> 
     </span>
     <span class='ocr_line' id='line_1_54' title="bbox 413 4619 2826 4698; baseline 0.001 -19"><span class='ocrx_word' id='word_1_558' title='bbox 413 4620 651 4679; x_wconf 78' lang='lat' dir='ltr'>bentium</span> <span class='ocrx_word' id='word_1_559' title='bbox 673 4619 1077 4696; x_wconf 77' lang='lat' dir='ltr'>conscientiam,</span> <span class='ocrx_word' id='word_1_560' title='bbox 1100 4624 1512 4697; x_wconf 73' lang='lat' dir='ltr'>prohibentium</span> <span class='ocrx_word' id='word_1_561' title='bbox 1532 4624 1678 4682; x_wconf 83' lang='lat' dir='ltr'>inire</span> <span class='ocrx_word' id='word_1_562' title='bbox 1695 4623 2128 4697; x_wconf 79' lang='lat' dir='ltr'>matrimonium,</span> <span class='ocrx_word' id='word_1_563' title='bbox 2150 4634 2204 4681; x_wconf 81' lang='lat' dir='ltr'>et</span> <span class='ocrx_word' id='word_1_564' title='bbox 2213 4623 2527 4698; x_wconf 78' lang='lat' dir='ltr'>jubentium</span> <span class='ocrx_word' id='word_1_565' title='bbox 2549 4624 2826 4681; x_wconf 74' lang='lat' dir='ltr'>abstinere</span> 
     </span>
    </p>
   </div>
  </div>
 </body>
</html>
