3234 5192
544 349 659 408 426
1080 363 1158 402 nr.
1191 360 1686 402 sarlsracnoms
1713 360 1958 400 efflusi-1
1990 359 2410 398 Nscsssxrars.
2547 339 2814 422 [Disrur.
2847 357 2958 399 ιω.

543 508 816 567 identitas
859 525 987 583 quae
1033 525 1137 582 per
1179 505 1371 564 omnia
1415 503 1704 579 convenit,
1749 510 1808 561 et
1850 511 1939 562 est
1979 522 2178 561 rursus
2227 501 2499 560 identitas
2533 521 2663 578 quse
2692 501 2960 561 consistit

543 598 767 647 tantum
817 587 879 644 in
928 585 1174 663 quadam
1226 584 1495 661 analogia
1542 592 1600 642 et
1646 582 2052 660 proportione:
2113 583 2392 641 hacte‘nus
2440 582 2704 640 remissio
2758 592 2959 641 nostra

543 669 757 726 divinae
787 668 1188 744 aequiparatur,
1233 665 1391 742 quod
1430 665 1532 723 illa
1559 665 1795 721 minime
1824 663 2092 721 simulata
2121 683 2247 720 esse
2276 660 2465 736 debet,
2497 662 2601 720 sed
2629 681 2704 719 ex
2733 661 2957 720 sincero

543 757 603 808 et
631 748 882 826 genuino
911 746 1121 805 affectu
1149 745 1453 823 proficisci,
1495 752 1562 803 ut
1590 765 1665 802 ex
1696 743 1925 801 disertis
1953 742 2169 801 Christi
2201 742 2391 801 verbis
2419 743 2480 799 in
2522 739 2747 800 ἀποδέω-ιι
2790 761 2956 820 para·

540 829 708 904 bolae,
731 848 850 886 ver.
882 829 977 901 35,
1000 835 1058 885 et
1086 847 1161 885 ex
1202 826 1383 884 Paulo
1402 824 1477 883 ad
1507 825 1656 902 Eph.
1699 824 1778 882 iv.
1811 826 1906 898 32,
1939 831 2181 897 constat,
2214 823 2317 881 sed
2334 823 2486 880 velle
2505 841 2630 881 eam
2651 823 2956 898 paritatem

540 910 640 966 vel
667 908 742 966 ad
784 908 1124 966 efficientem
1156 907 1253 964 vel
1302 905 1378 963 ad
1418 905 1678 977 formam,
1709 904 1806 962 vel
1834 903 1909 961 ad
1945 903 2181 961 modum
2223 922 2538 979 omnesque
2579 903 2952 961 circumstan-

542 988 653 1048 tias
697 987 1052 1046 remissionis
1107 986 1436 1061 extendere,
1494 994 1583 1044 est
1638 983 1754 1064 3an
1803 989 2000 1065 're0‘4’3‘
2048 983 2217 1059 λέγω,
2275 984 2393 1041 imo
2441 1001 2557 1043 non
2601 983 2725 1041 sine
2775 984 2954 1061 scrip·

539 1079 670 1128 tura
696 1077 921 1128 tantum
964 1067 1069 1125 sed
1106 1074 1164 1125 et
1205 1074 1405 1124 contra
1432 1067 1635 1142 ipsam,
1679 1067 1877 1142 reique
1918 1063 2100 1142 ipsius
2142 1073 2422 1138 naturam,
2467 1083 2602 1120 nam
2633 1063 2795 1122 Deus
2833 1083 2954 1122 non

536 1149 780 1208 remittit
806 1155 1043 1226 peccata
1068 1147 1183 1204 nisi
1209 1146 1639 1223 poenitentibus,
1684 1153 1746 1204 at
1783 1163 1891 1203 nos
1930 1143 2255 1203 condonare
2297 1144 2576 1202 debemus
2623 1144 2798 1202 etiam
2837 1163 2956 1203 non

536 1230 858 1306 poenitenti,
908 1228 1171 1286 remissio
1218 1226 1330 1285 Dei
1377 1246 1492 1285 non
1540 1226 1606 1284 fit
1661 1226 1880 1302 absque
1935 1225 2233 1300 sanguine,
2285 1233 2345 1282 at
2381 1231 2580 1282 nostra
2625 1242 2743 1281 non
2790 1223 2946 1300 item,

541 1311 703 1369 Deus
744 1309 827 1368 ita
866 1308 1109 1367 remittit
1154 1315 1393 1385 peccata
1434 1315 1499 1365 ut
1540 1325 1658 1364 non
1704 1305 1930 1363 desinat
1970 1313 2165 1362 tamen
2207 1325 2358 1382 saepe
2396 1304 2574 1362 variis
2617 1305 2948 1381 castigatio—

538 1390 711 1449 nibus
767 1409 1038 1448 exercere
1092 1388 1296 1446 fideles
1344 1386 1556 1464 quibus
1602 1387 1845 1444 remissa
1893 1393 2043 1459 sunt,
2101 1394 2162 1443 at
2216 1403 2332 1442 non
2389 1384 2472 1442 sic
2519 1383 2657 1443 lieet
2709 1383 2947 1442 homini.

540 1471 746 1547 Itaque
790 1468 1105 1528 similitudo
1150 1475 1240 1526 est
1288 1468 1433 1525 inter
1474 1487 1595 1524 rem
1634 1475 1686 1524 et
1724 1486 1861 1540 rem,
1892 1485 2008 1522 non
2057 1483 2196 1523 vero
2243 1465 2394 1523 inter
2441 1467 2666 1523 modum
2702 1466 2804 1540 rei,
2851 1465 2946 1522 Ex

538 1571 655 1628 qua
682 1550 827 1607 nihil
856 1549 1015 1608 aliud
1043 1547 1240 1606 inferri
1278 1555 1471 1625 potest
1510 1565 1684 1623 quam
1715 1565 1943 1622 aequum
1971 1564 2088 1602 non
2117 1565 2242 1603 esse
2271 1553 2336 1604 ut
2377 1544 2636 1604 duriores
2678 1545 2857 1603 simus
2885 1545 2946 1602 in

538 1649 754 1707 parem,
786 1648 959 1705 quam
990 1629 1152 1686 Deus
1181 1635 1342 1686 tanto
1382 1627 1553 1685 nobis
1596 1627 1856 1702 superior
1883 1633 1972 1684 est
1999 1625 2060 1682 in
2086 1645 2195 1683 nos
2229 1625 2471 1683 miseros
2513 1625 2941 1698 homunciones,

539 1709 693 1769 unde
714 1709 983 1784 'sequitur
1007 1727 1125 1764 non
1154 1706 1362 1765 debere
1390 1725 1499 1764 nos
1528 1707 1716 1782 magis
1743 1705 2060 1764 vindictam
2088 1726 2123 1763 a
2149 1705 2430 1782 proximis
2459 1713 2722 1782 expetere
2763 1723 2944 1780 quam

538 1807 770 1866 poenam
808 1808 843 1846 a
879 1786 1047 1845 nobis
1089 1793 1328 1863 expetat
1367 1787 1545 1860 Deus,
1593 1783 1755 1843 Deu's
1797 1793 1990 1844 autem
2031 1805 2138 1843 nos
2167 1805 2202 1842 a
2228 1804 2399 1863 poena
2437 1786 2618 1862 gratis
2653 1784 2943 1860 liberavit,

538 1868 711 1927 debet
740 1887 879 1944 ergo
908 1875 966 1924 et
993 1886 1028 1923 a
1054 1867 1221 1924 nobis
1263 1865 1465 1924 abesse
1493 1865 1766 1924 vindictae
1809 1864 2129 1941 cupiditas:
2175 1865 2260 1924 At
2287 1864 2576 1943 quomodo
2607 1865 2767 1923 Deus
2791 1864 2945 1922 hanc

536 1947 936 2008 liberationem
974 1946 1262 2023 peregerit
1297 1945 1381 2004 ibi
1426 1965 1544 2004 non
1573 1945 1800 2016 dicitur,
1850 1963 1958 2002 nec
1986 1945 2062 2002 ad
2089 1945 2416 2004 institutum
2456 1945 2721 2022 pertinet,
2771 1944 2831 2001 in
2873 1963 2945 2002 eo

536 2029 691 2087 enim
720 2047 837 2086 non
865 2026 1183 2086 similitudo
1212 2033 1317 2099 est,
1360 2026 1463 2085 sed
1489 2025 1919 2098 dissimilitudo,
1951 2025 2097 2084 ratio
2127 2025 2472 2083 discriminis
2501 2033 2590 2083 est
2618 2025 2754 2102 quia
2783 2025 2946 2082 Deus

528 2108 718 2187 judex
756 2115 861 2183 est,
892 2127 999 2165 nos
1026 2106 1253 2184 privati,
1286 2106 1477 2181 judici
1504 2107 1777 2164 convenit
1818 2104 2129 2164 sollicitum
2165 2125 2292 2164 esse
2321 2105 2392 2164 de
2423 2105 2708 2182 exemplo,
2752 2105 2944 2181 priva-

534 2199 626 2249 tos
654 2209 724 2248 ea
752 2209 889 2248 cura
914 2207 1031 2246 non
1060 2195 1298 2265 spectat,
1330 2186 1416 2245 illi
1443 2194 1701 2264 potestas
1737 2184 2014 2264 puniendi
2049 2185 2339 2262 competit,
2385 2193 2446 2244 at
2471 2184 2670 2244 eadem
2701 2184 2945 2262 privatis

534 2270 700 2328 adem
744 2277 803 2328 ta
830 2276 936 2327 cst.

652 2291 949 2406 XPXXII.
1000 2345 1102 2404 Ad
1150 2348 1257 2404 5m
1286 2346 1481 2424 Resp.,
1534 2347 1680 2404 Cum
1735 2365 1854 2403 vox
1909 2346 2200 2426 χιιςίζισ-οαιι
2253 2345 2400 2404 nihil
2454 2345 2614 2404 aliud
2657 2344 2946 2422 significet

533 2446 706 2504 quam
751 2426 1093 2486 beneficium
1141 2425 1378 2501 aliquod
1424 2426 1744 2502 praesertim
1787 2424 2110 2484 indebitum
2165 2425 2339 2484 alicui
2393 2423 2668 2502 conferre,
2724 2444 2940 2501 nequa·

533 2527 707 2585 quam
736 2526 867 2565 cum
897 2503 1287 2564 satisfactione
1328 2512 1567 2582 pugnat,
1600 2506 1698 2564 vel
1735 2524 1861 2563 eam
1900 2504 2176 2579 excludit,
2221 2506 2358 2582 quia
2385 2513 2692 2583 utrumque
2723 2505 2824 2563 sed
2851 2525 2938 2563 re-

533 2596 734 2665 spectu
763 2586 1122 2644 diversorum
1166 2585 1378 2661 optime
1418 2585 1588 2644 simul
1629 2593 1780 2644 stare
1813 2593 2019 2662 potest,
2056 2587 2258 2662 qratia
2295 2594 2559 2663 respectu
2587 2586 2780 2658 nostri,
2811 2585 2940 2662 qui-

528 2667 641 2726 bus
661 2666 981 2726 indebitum
1011 2665 1352 2724 beneficium
1381 2665 1552 2743 plane
1574 2665 1756 2744 gratis
1798 2665 2104 2742 confertur,
2137 2675 2198 2724 at
2222 2667 2526 2740 satisfactio
2547 2686 2696 2744 resp.
2733 2664 2945 2725 Christi

529 2769 565 2806 a
591 2768 707 2825 quo
735 2767 862 2808 eam
892 2745 1078 2822 exigit
1098 2745 1351 2803 coelestis
1382 2745 1592 2821 Patcr;
1647 2745 1852 2804 Gratia
1878 2746 2112 2822 quidem
2141 2747 2450 2823 opponitur
2476 2747 2687 2804 meritis
2713 2747 2935 2821 nostriS,

526 2829 632 2888 sed
659 2829 860 2887 merito
905 2825 1122 2887 Christi
1144 2845 1259 2884 non
1291 2825 1445 2901 item,
1478 2847 1610 2885 cum
1639 2826 1894 2884 medium
1937 2826 2012 2884 sit
2037 2827 2424 2885 necessarium
2456 2826 2578 2884 sine
2607 2846 2722 2903 quo
2752 2826 2940 2902 gratia

525 2909 639 2968 Dei
682 2909 742 2967 in
791 2928 898 2967 nos
946 2927 1073 2966 sese
1123 2905 1443 2965 diffundere
1492 2925 1609 2964 non
1655 2914 1865 2983 posset,
1919 2906 1999 2965 Et
2047 2925 2184 2965 sane
2236 2906 2454 2964 Paulus
2499 2906 2639 2965 satis
2685 2905 2939 2965 ostendit

522 2989 813 3067 quomodo
858 2989 1046 3066 gratia
1097 2986 1208 3044 Dei
1257 2985 1705 3045 satisfactionem
1753 3005 1871 3044 non
1915 2986 2204 3061 excludat,
2257 3005 2387 3044 cum
2430 2986 2512 3044 ait
2535 2989 2572 3019 “
2597 2987 2784 3044 Deum
2827 3005 2936 3044 nos

516 3070 835 3146 justificare
875 3069 1056 3146 gratis
1103 3087 1207 3144 per
1250 3066 1495 3143 gratiam
1544 3086 1726 3140 suam,
1775 3065 1876 3125 sed
1897 3079 2028 3142 *per
2071 3066 2524 3142 redemptionem
2571 3086 2701 3142 quse
2751 3073 2840 3124 est
2875 3065 2938 3124 in

525 3149 755 3207 Christo
803 3150 848 3207 J
850 3149 1011 3222 esu,'’
1060 3147 1227 3204 Rom.
1270 3147 1352 3204 iii.
1402 3150 1499 3222 24,
1556 3155 1613 3205 et
1673 3145 1810 3204 alibi
1856 3146 2042 3222 gratia
2090 3155 2349 3205 servatos
2387 3165 2515 3204 esse
2563 3145 2749 3220 docet,
2782 3145 2933 3222 Eph.

523 3229 583 3285 ii.
641 3231 696 3303 8,
763 3227 869 3285 sed
924 3235 981 3285 et
1035 3235 1259 3303 emptos
1312 3227 1498 3301 pretio
1558 3229 1587 3284 1
1651 3227 1779 3284 Cor.
1837 3226 1915 3283 vi.
1974 3228 2069 3300 20,
2138 3233 2197 3285 et
2259 3225 2587 3303 redemptos
2651 3226 2932 3302 sanguine

524 3306 661 3364 Act.
690 3325 794 3363 xx.
826 3307 921 3362 28.
1007 3304 1175 3378 Quod
1201 3324 1340 3362 vero
1368 3304 1463 3362 hic
1491 3303 1655 3363 addit
1681 3305 2046 3364 adversarius
2073 3306 2150 3365 ad
2175 3305 2343 3365 istius
2370 3307 2534 3364 vocis
2563 3306 2936 3383 significatio·-

522 3404 656 3444 nem
696 3384 808 3441 hoc
850 3384 1021 3441 etiam
1064 3383 1278 3459 requiri
1318 3392 1383 3441 ut
1420 3383 1551 3460 quis
1588 3384 1701 3442 sibi
1738 3384 1958 3460 aliquid
1999 3385 2215 3444 adimat
2257 3405 2474 3463 suoque
2524 3406 2584 3444 se
2631 3385 2935 3444 commodo

522 3464 731 3541 privet,
783 3461 845 3520 id
872 3463 1043 3540 plane
1070 3481 1272 3520 verum
1300 3483 1415 3521 non
1447 3483 1574 3522 esse
1604 3483 1720 3521 non
1749 3483 1865 3522 uno
1910 3466 2176 3542 exemplo
2205 3466 2598 3525 demonstrare
2625 3466 2796 3542 licet;
2847 3467 2932 3524 sic

528 3544 793 3603 Christus
823 3562 975 3601 caeco
1021 3543 1289 3622 ἔχκςίσατο
1325 3547 1379 3600 τὶ
1416 3543 1632 3617 βλέπω,
1679 3543 1820 3602 Luc.
1860 3543 1960 3602 vii.
2006 3549 2102 3622 21,
2147 3547 2391 3623 gratiam
2430 3546 2748 3604 indebitam
2795 3565 2930 3604 con·

522 3623 777 3700 ferend0,
827 3623 928 3682 sed
958 3622 1117 3682 nullo
1155 3633 1347 3680 tamen
1380 3643 1441 3681 se
1472 3623 1756 3701 privando
1795 3625 2136 3684 commodo:
2185 3626 2657 3704 Philippensibus
2703 3625 2931 3706 ὶχιςίσοη

526 3706 641 3763 “in
671 3704 964 3764 Christum
1001 3703 1238 3782 ‚credere
1280 3713 1337 3762 et
1365 3723 1469 3780 pro
1500 3704 1729 3762 Christo
1767 3705 1946 3782 pati,’'
1981 3703 2130 3765 Phil.
2161 3705 2198 3763 i.
2247 3709 2342 3782 29,
2387 3706 2490 3765 sed
2536 3706 2684 3763 nihil
2737 3717 2930 3765 tamen

523 3784 855 3862 ademptum
905 3794 994 3843 est
1046 3791 1349 3860 propterea
1398 3785 1524 3842 Deo
1572 3785 1684 3844 hoc
1728 3784 2070 3844 beneficium
2127 3786 2378 3863 gratiose
2433 3785 2788 3860 concedenti,
2847 3787 2930 3844 sic

524 3866 743 3925 Paulus
773 3865 873 3942 qui
901 3863 1416 3923 animadversionis
1445 3865 1810 3923 severitatem
1851 3865 1912 3922 in
1940 3885 2103 3924 reum
2131 3867 2336 3925 incesti
2365 3865 2756 3942 distrinxerat,
2798 3885 2929 3925 cum

523 3966 650 4007 eam
693 3945 950 4019 remittit,
1003 3945 1215 4003 dicitur
1260 3944 1568 4024 χιςίζεσ-θαι,
1617 3949 1654 4003 2
1687 3946 1815 4003 Cor.
1867 3945 1926 4004 ii.
1982 3947 2073 4003 10.
2158 3945 2250 4003 Ex
2282 3946 2492 4024 quibus
2529 3947 2772 4023 aliisque
2801 3965 2929 4022 quae

520 4035 757 4105 possent
774 4027 869 4084 hic
890 4025 1174 4084 recenseri
1202 4026 1345 4082 locis
1365 4026 1586 4101 liquido
1608 4033 1844 4102 apparet
1865 4025 1938 4082 ad
1963 4025 2122 4083 vocis
2140 4027 2431 4106 χαρίζεο-θαι
2451 4027 2930 4103 significationem

522 4106 800 4181 sufficere,
832 4115 897 4164 ut
919 4105 992 4163 ad
1014 4106 1324 4183 patientem
1346 4105 1564 4181 aliquid
1586 4105 1874 4163 commodi
1895 4113 1954 4164 et
1980 4105 2246 4164 beneficii
2266 4127 2382 4164 non
2401 4107 2584 4166 debiti
2609 4107 2924 4184 perveniat,

521 4187 744 4248 etiamsi
776 4185 972 4263 agenti
1000 4184 1145 4242 nihil
1172 4193 1473 4262 propterea
1502 4184 1760 4243 decedat.
2935 4177 2942 4186 ’

624 4267 955 4324 XXXIII.
1000 4265 1166 4323 Licet
1213 4271 1405 4322 autem
1454 4285 1572 4323 non
1622 4264 2012 4323 divellendam
2065 4273 2334 4343 putemus
2383 4266 2844 4326 Satisfactionem
2895 4287 2930 4324 a

523 4346 743 4420 Gratia,
774 4346 919 4403 nihil
946 4354 1139 4404 tamen
1168 4344 1523 4404 detrahimus
1549 4353 1852 4422 propterea
1881 4363 2118 4404 summae
2146 4346 2232 4404 illi
2251 4347 2657 4406 munificentiae
2679 4355 2738 4406 et
2758 4346 2930 4405 mise·

518 4426 782 4483 ricordiae
832 4425 1043 4482 divinae
1092 4444 1265 4502 quam
1318 4425 1613 4502 Scriptura
1659 4425 1875 4502 ubique
1909 4426 2214 4502 praedicat;
2262 4446 2542 4485 summam
2587 4428 2739 4485 enim
2789 4447 2932 4503 erga

520 4523 629 4560 nos
655 4503 1101 4561 misericordiam
1136 4505 1246 4563 Dei
1274 4505 1450 4563 fuisse
1480 4506 1609 4581 quis
1639 4525 1754 4564 non
1785 4515 2062 4583 agnoscat
2089 4507 2189 4583 qui
2211 4506 2459 4565 attendit
2485 4526 2618 4565 eum
2646 4507 2934 4583 praeclusa

520 4582 744 4674 angelis
791 4582 969 4658 lapsis
1016 4583 1077 4641 in
1116 4584 1323 4661 aequali
1370 4585 1669 4643 nobiscum
1715 4586 1948 4644 miseria
1995 4586 2323 4645 constitutis
2372 4587 2530 4645 omni
2571 4587 2759 4646 veniae
2805 4607 2925 4664 spe,

517 4662 688 4720 nobis
732 4669 1095 4738 peccatorum
1122 4672 1448 4722 nostrorum
1482 4665 1737 4724 omnium
1767 4665 2014 4742 gratiam
2062 4666 2247 4724 facere
2287 4667 2729 4726 clementissime
2759 4668 2926 4727 volu·
