3234 5192
282 288 533 333 maru-r.
562 270 653 354 m]
1008 290 1237 332 nosrta
1268 290 1347 331 ΑΒ
1376 291 1658 331 acernen
1691 291 1956 333 nonum.
2615 280 2726 338 109

280 452 437 491 num
466 432 617 491 illud
644 432 865 491 invasit
893 452 1013 491 non
1040 433 1155 492 alio
1177 434 1331 511 jure,
1360 453 1533 510 quam
1563 432 1702 509 quia
1730 434 1812 491 sic
1843 432 2032 491 visum
2063 442 2153 491 est
2178 432 2465 493 Pontifici.
2513 438 2631 497 Sed
2659 459 2733 498 ne

282 514 593 589 praeterita
628 512 968 571 refricemus
1012 522 1287 591 tempora,
1318 515 1451 591 quis
1500 512 1688 571 nescit
1737 513 2058 571 Henricum
2099 514 2237 589 111„
2265 515 2475 573 Galliae
2513 538 2728 594 regem,

284 592 446 649 diris
473 594 777 671 papalibus
806 614 841 650 a
874 593 1043 651 Sixto
1088 593 1433 667 confossum,
1484 594 1657 651 fidem
1699 593 2076 665 subditorum,
2124 614 2262 651 mox
2317 603 2374 653 et
2403 596 2580 653 vitam
2611 616 2730 655 am·

284 672 471 730 isisse
499 672 751 731 nefanda
779 672 993 732 Jacobi
1024 674 1337 731 Clementis
1372 674 1735 730 Dominicani
1765 677 1984 731 mann?
2035 674 2113 731 Et
2143 674 2464 732 Henricum
2499 676 2625 749 1V.,
2657 677 2733 734 ad

280 772 474 829 quem
502 752 1026 829 consanguinitatis
1072 754 1203 830 jure
1232 753 1397 829 regni
1453 752 1742 811 successio
1790 752 2130 830 pertinebat,
2175 754 2528 811 declaratum
2557 754 2734 815 fuisse

282 833 611 891 inhabilem
643 833 723 889 ad
750 832 1175 891 succedendum
1216 834 1276 889 in
1308 832 1515 891 Galliae
1544 852 1788 909 regnum
1809 836 1838 891 ⁴?
1921 832 2020 891 Ad
2064 832 2221 911 quod
2249 834 2479 910 quando
2528 854 2730 911 perve—

284 914 401 985 nit,
438 912 577 970 dirae
630 913 873 989 papales
928 912 986 969 in
1016 932 1147 970 eum
1176 912 1435 989 repetitae
1464 922 1656 970 sunta
1685 913 1972 989 Gregorio
2003 913 2182 971 XIV.
2259 914 2376 971 Sed
2403 914 2562 972 curia
2592 916 2732 973 I'ar-

282 992 555 1065 lamenti,
615 1012 747 1069 quae
776 1004 915 1051 tunc
960 992 1188 1051 Turone
1218 992 1445 1069 agebat,
1478 993 1866 1069 pontificalem
1894 994 2112 1051 bullam
2133 992 2312 1069 jussit
2361 1014 2532 1053 manu
2554 1004 2733 1054 torto-

286 1074 377 1130 ris
408 1072 641 1147 publice
670 1070 931 1146 cremari,
962 1092 1053 1131 an.
1089 1074 1259 1145 1591,
1293 1081 1349 1129 et
1380 1072 1622 1129 solemni
1670 1074 1916 1131 Senatus
1963 1073 2246 1143 consulto,
2288 1075 2451 1131 bullae
2489 1078 2735 1151 papales

290 1152 671 1210 declarantur
698 1153 959 1225 abusivoe,
986 1153 1273 1226 εεᾱίἰίοεω,
1305 1152 1507 1228 impiae,
1532 1161 1585 1208 ει
1612 1152 1934 1227 imposturis
1955 1155 2158 1227 plenae.

385 1230 578 1289 XXI.
628 1232 793 1289 Licet
848 1251 987 1290 vero
1016 1232 1125 1290 hoc
1148 1233 1269 1309 jam
1301 1232 1463 1289 sitin
1494 1250 1555 1288 se
1602 1230 1925 1288 inauditum
1963 1240 2022 1288 et
2067 1231 2506 1304 intolerandum,
2558 1233 2734 1311 longe

299 1311 547 1387 gravius
576 1320 771 1369 tamen
801 1321 860 1369 et
890 1310 1071 1369 dirius
1100 1310 1537 1383 animadvertet,
1569 1309 1668 1386 qui
1719 1310 1792 1367 ad
1822 1320 1937 1368 tam
1969 1309 2198 1386 injustae
2244 1312 2548 1385 potestatis
2601 1314 2731 1369 tris-

296 1390 530 1449 tissima
557 1390 765 1449 effecta
800 1391 1135 1467 respexerit.
1223 1392 1355 1449 Hoc
1398 1390 1551 1448 enim
1582 1390 1760 1447 semel
1799 1390 2006 1465 posit0,
2056 1390 2268 1465 Papam
2313 1388 2422 1446 sibi
2466 1409 2735 1467 arrogare

294 1479 651 1547 potestatem
682 1470 1007 1547 deponendi
1034 1491 1219 1549 reges,
1250 1468 1632 1530 transferendi
1675 1490 1933 1545 coronas,
1980 1468 2356 1545 subditosque
2385 1489 2420 1527 a
2439 1470 2734 1546 juramen·

296 1560 363 1609 to
390 1550 693 1609 fidelitatis
718 1550 1021 1624 liberandi,
1065 1570 1235 1609 nemo
1276 1570 1393 1608 non
1451 1550 1613 1608 videt
1657 1559 1858 1627 sponte
1905 1550 2085 1625 sequi,
2133 1548 2444 1607 Pontifices
2485 1569 2600 1607 non
2631 1551 2734 1609 im-

299 1630 547 1707 probare
606 1630 809 1688 talium
838 1650 1039 1707 regum
1090 1650 1275 1703 necea
1322 1630 1437 1687 imo
1466 1649 1567 1688 eos
1609 1630 1779 1688 morti
1808 1628 2092 1687 addicere.
2178 1628 2328 1686 Nam
2356 1630 2458 1705 qui
2484 1640 2734 1706 potesta·

302 1718 427 1767 tem
474 1709 589 1767 sibi
638 1710 898 1769 vindicat
939 1730 1132 1787 regem
1176 1710 1248 1768 de
1292 1710 1437 1769 solio
1479 1710 1841 1782 deturbandi,
1887 1730 1955 1767 eo
1997 1710 2123 1787 ipso
2153 1710 2354 1768 statuit
2400 1719 2532 1786 post
2560 1711 2736 1769 latam

304 1790 655 1847 sententiam
710 1790 972 1848 desinere
1012 1810 1139 1849 esse
1166 1808 1380 1866 regem,
1432 1790 1593 1849 etad
1643 1792 1900 1865 privatos
1947 1788 2152 1865 redigi.
2213 1788 2382 1863 Quod
2412 1790 2460 1847 si
2489 1791 2734 1850 retinere

305 1868 655 1945 dignitatem
684 1870 846 1942 velit,
904 1889 1019 1928 non
1063 1890 1230 1947 posse
1274 1870 1385 1926 nisi
1428 1888 1530 1947 per
1556 1869 1676 1925 vim
1707 1880 1766 1927 et
1809 1869 2186 1941 latrocinium,
2231 1878 2504 1945 tanquam
2535 1878 2732 1946 tyran-

302 1968 447 2006 num
475 1957 536 2006 et
562 1958 981 2025 usurpatorem.
1066 1950 1239 2007 Tales
1268 1958 1459 2007 autem
1478 1950 1675 2007 hostes
1703 1948 1966 2025 publicos
1989 1948 2217 2023 generis
2244 1950 2482 2007 humani
2511 1950 2730 2025 haberi,

304 2040 367 2086 et
400 2029 535 2104 jure
576 2048 747 2104 posse
788 2048 823 2086 a
885 2030 1145 2106 quolibet
1187 2027 1387 2102 occidi,
1458 2029 1595 2105 quia
1639 2030 1675 2061 “
1702 2028 1772 2085 In
1813 2048 1944 2086 reos
1985 2028 2305 2104 majestatis
2347 2038 2406 2086 et
2465 2029 2730 2105 publicos

303 2109 525 2180 hostes,
577 2110 764 2166 omnis
814 2108 985 2167 homo
1014 2110 1180 2167 miles
1208 2109 1355 2183 est,''
1400 2117 1465 2166 ut
1492 2108 1575 2165 ait
1617 2107 2026 2165 Tertullianum
2115 2107 2206 2165 Ita
2234 2108 2334 2183 qui
2381 2108 2510 2166 vult
2537 2128 2734 2185 regem

306 2184 515 2265 pellic
542 2207 741 2265 regno,
786 2189 915 2247 vult
968 2209 1199 2266 quoque
1229 2208 1359 2246 eum
1390 2188 1592 2261 occidi,
1653 2188 1862 2265 spoliat
1889 2186 2042 2245 enim
2084 2205 2212 2244 eum
2257 2206 2326 2244 ea
2367 2189 2726 2263 auctoritate,

308 2288 443 2344 quae
488 2267 669 2325 vitam
712 2270 839 2345 ejus
878 2278 1073 2327 tuetur
1112 2278 1171 2326 et
1213 2288 1433 2325 sacram
1478 2267 1632 2326 facit.
1721 2267 1892 2326 Unde
1924 2267 2082 2343 Papa
2113 2266 2403 2341 UrbanuS,
2436 2288 2597 2328 cano·
2629 2288 2730 2327 ex-

307 2366 619 2421 commun.‚
665 2348 921 2405 declarat
949 2368 1047 2407 eos
1075 2368 1179 2425 pro
1226 2347 1532 2405 homicidis
1574 2367 1694 2405 non
1711 2346 2026 2420 habendOS,
2059 2350 2161 2424 qui
2201 2349 2732 2409 excommunicatos

309 2426 647 2485 occiderint.
738 2428 968 2501 Suarez,
1016 2427 1117 2486 lib.
1163 2427 1243 2485 vi.
1283 2426 1355 2485 de
1383 2428 1441 2485 fi.
1472 2448 1521 2487 c.
1551 2428 1650 2501 iv.‚
1701 2430 1736 2461 “
1757 2428 1972 2504 Incipit
2000 2446 2124 2485 esse
2155 2436 2435 2504 tyrannus
2464 2430 2524 2486 in
2547 2430 2732 2506 titulo,

308 2507 449 2583 quia
490 2526 607 2564 non
656 2516 745 2565 est
771 2507 1065 2583 legitimus
1108 2528 1210 2566 rex
1232 2508 1285 2579 ;''
1326 2508 1539 2584 quique
1582 2508 1714 2565 ideo
1757 2507 1943 2565 occidi
1983 2516 2190 2584 potest,
2236 2518 2300 2566 ut
2345 2509 2624 2567 Emanuel
2659 2510 2739 2569 Sa

306 2594 477 2645 notat
520 2586 581 2643 in
611 2586 789 2645 verbo
824 2590 1137 2662 Tyrannus,
1173 2588 1209 2619 “
1232 2588 1622 2663 Occupantem
1651 2588 1950 2665 tyrannice
1977 2595 2338 2664 potestatem,
2391 2589 2634 2665 quisque
2664 2590 2738 2649 dc

310 2666 531 2743 populo
558 2674 751 2742 potest
779 2666 1057 2739 occidere,
1090 2667 1139 2724 si
1168 2667 1327 2725 aliud
1356 2687 1471 2725 non
1518 2668 1593 2725 sit
1620 2667 1956 2741 remedium,
2009 2675 2098 2724 est
2126 2667 2276 2724 enim
2307 2667 2574 2743 publicus
2601 2668 2734 2726 hos-

306 2746 445 2804 tis.’'
533 2746 703 2820 Quod
732 2746 915 2805 solide
970 2746 1325 2806 demonstrat
1370 2767 1474 2804 rex
1504 2766 1730 2821 magnae
1776 2746 2091 2803 Britanniae
2121 2745 2180 2801 in
2208 2746 2356 2802 libro
2389 2756 2584 2803 contra
2614 2765 2734 2804 car-

310 2824 567 2883 dinalem
600 2826 953 2884 Perronium.
1042 2826 1287 2885 Possent
1335 2828 1448 2884 huc
1490 2825 1744 2901 congeri,
1777 2826 1826 2882 si
1854 2824 1914 2882 id
1955 2843 2108 2881 nunc
2138 2844 2212 2881 ex
2248 2824 2504 2899 professo
2533 2844 2730 2901 agere-

308 2924 459 2978 mus,
512 2906 813 2964 innumera
866 2906 1027 2982 ipsos
1074 2907 1245 2963 etiam
1302 2906 1451 2963 inter
1526 2904 1852 2980 pontificios
1899 2902 2244 2975 testimonia,
2286 2903 2385 2978 qui
2441 2904 2735 2963 immensae

312 2985 483 3043 istius
510 2986 833 3061 potestatiS,
865 3004 1035 3062 qnam
1073 2984 1373 3062 pontifices
1417 2984 1525 3042 sibi
1570 2991 1856 3059 arrogant,
1902 2981 2262 3057 injustitiam,
2315 2991 2372 3041 et
2426 2983 2738 3058 perniciem

314 3064 751 3137 demonstrant3
796 3066 947 3123 inter
1001 3085 1147 3142 quos
1200 3064 1455 3121 eminent
1512 3064 1837 3136 Barclaius,
1905 3062 2342 3137 Widrinytonu8‚
2385 3064 2638 3120 Budaeua
2665 3068 2736 3124 de

312 3146 459 3202 Asse
486 3146 575 3202 lib.
604 3146 693 3219 iv„
732 3146 925 3204 Car-ol.
970 3146 1267 3202 Biolinaeus
1288 3152 1487 3201 contra
1507 3162 1728 3219 parvas
1756 3145 1938 3214 datae,
1969 3143 2223 3200 Joannes
2271 3145 2513 3216 Τὶῐῖεετιε,
2561 3142 2734 3203 Glau-

315 3226 445 3283 dius
488 3225 827 3283 Faue-hatiza
874 3227 944 3283 de
999 3226 1249 3282 libertate
1303 3222 1623 3297 Gallicana,
1668 3224 1874 3280 Petrus
1919 3220 2188 3297 Pithaeus,
2229 3224 2505 3281 Antonius
2551 3226 2732 3285 Hoto-

313 3324 571 3378 mannus,
601 3306 818 3363 Joann.
862 3304 1181 3376 Aventinus,
1237 3304 1491 3362 Joannes
1532 3302 1926 3379 Cuspinz'anus,
1979 3304 2288 3361 Duarenus
2330 3306 2420 3362 cib.
2448 3306 2501 3361 I.
2543 3308 2612 3363 de
2638 3328 2731 3365 aa·

317 3404 435 3442 crae
464 3385 733 3443 Ecclesia
773 3384 1091 3443 minffleriis
1119 3394 1173 3442 et
1208 3384 1379 3457 henes:
1410 3404 1536 3460 cap.
1568 3386 1625 3440 4.
1712 3382 1788 3439 Et
1829 3390 2112 3457 quotquot
2155 3382 2434 3442 adversus
2475 3384 2516 3443 J
2522 3387 2738 3445 esuitas

315 3465 669 3541 scripserunt
712 3483 884 3540 super
944 3465 1052 3521 hoc
1095 3473 1453 3541 argumento.
1550 3463 1672 3521 Nec
1715 3460 2032 3519 omittenda
2073 3462 2235 3519 varia
2279 3463 2519 3521 Arresta
2561 3466 2734 3523 curiae

319 3544 684 3618 Parisiensis,
717 3553 775 3601 et
802 3532 1061 3615 aliarum,
1092 3563 1223 3619 quae
1250 3543 1399 3601 hanc
1447 3542 1792 3601 Pontificum
1837 3540 2202 3617 tyrannidem
2243 3550 2368 3600 atro
2405 3541 2605 3617 lapillo
2632 3563 2734 3601 no·

316 3632 461 3696 tant,
494 3635 733 3682 eatenus
760 3634 824 3681 ut
850 3624 1187 3681 Pontificem
1224 3631 1498 3700 tanquam
1538 3622 1704 3699 regni
1731 3622 1974 3695 hostem,
2021 3619 2322 3677 rebellium
2350 3621 2647 3695 fautorem,
2679 3632 2740 3682 et

317 3702 589 3760 immanis
616 3722 685 3761 ac
713 3702 1037 3763 detestandi
1066 3702 1375 3780 parricidii,
1408 3710 1607 3761 contra
1641 3700 1955 3759 Henricum
1977 3699 2096 3757 III.
2127 3700 2354 3777 patrati,
2386 3718 2545 3757 reum
2575 3700 2734 3758 dam-

319 3790 477 3855 nent,
511 3783 691 3840 verba
739 3792 874 3841 sunt
901 3782 1129 3840 Thuani
1158 3782 1259 3840 lib.
1312 3783 1381 3854 ci,
1431 3785 1467 3814 ‘⁴
1491 3782 1712 3840 Eodem
1737 3781 1985 3839 Senatus
2013 3779 2276 3837 consulto
2307 3779 2642 3853 Gregorius»,
2676 3800 2737 3839 se

315 3882 423 3939 pro
456 3862 735 3921 Pontifice
762 3862 937 3939 hujus
985 3861 1234 3920 nominis
1266 3862 1443 3920 XIV.
1475 3882 1700 3939 gerelm,
1729 3861 1978 3938 publicae
1999 3860 2174 3937 paciS,
2200 3858 2430 3916 unionis
2461 3858 2738 3918 Ecclesiae

322 3941 638 3999 Catholicae
686 3942 892 4018 Apost.
954 3942 1141 4011 Rom„
1168 3942 1323 4017 regis
1363 3943 1644 4018 regnique
1685 3941 1886 4016 hostie,
1932 3938 2346 4016 conjurationis
2402 3937 2736 4015 Hispanicae

318 4021 605 4097 princepe,
636 4022 967 4080 rebellionis
989 4022 1194 4095 fautor,
1224 4022 1492 4079 immanis
1534 4020 1862 4079 detestandi
1889 4029 1947 4079 et
1973 4018 2270 4077 inhumani
2297 4016 2606 4095 parricidii,
2638 4037 2742 4094 per

316 4100 703 4177 proditionem
752 4110 953 4159 contra
998 4102 1316 4159 Henricum
1348 4102 1465 4158 111.
1510 4100 2060 4159 Christianissimum
2099 4107 2159 4156 et
2185 4116 2321 4155 vere
2378 4095 2740 4157 Catholicum

320 4200 516 4256 regern
546 4180 772 4257 patrati,
830 4200 964 4239 reus
986 4180 1369 4239 declaratur.”
1454 4180 1637 4255 Idem,
1668 4180 1768 4237 lib.
1800 4179 1973 4251 cxiv„
1999 4176 2169 4235 refert
2198 4176 2512 4235 orationem
2542 4179 2738 4254 praesi·

324 4260 417 4317 dis
447 4260 702 4335 Forgeti,
735 4262 837 4337 qui
866 4268 1110 4319 testatur
1140 4262 1175 4291 “
1193 4260 1267 4317 ab
1289 4260 1399 4317 hoc
1426 4278 1615 4317 errore
1672 4258 1856 4316 veluti
1882 4257 2170 4333 projectas
2208 4256 2268 4313 in
2296 4275 2538 4332 regnum
2569 4259 2735 4336 sicas»,

326 4339 537 4415 quibus
566 4338 1025 4416 digladiarentur
1052 4340 1201 4397 inter
1242 4357 1303 4395 se
1346 4339 1521 4395 civeS.
1607 4337 1754 4395 Inde
1796 4335 2117 4412 perniciosa
2158 4335 2228 4393 dc
2285 4355 2465 4412 regno
2494 4337 2566 4395 ad
2595 4359 2739 4415 prae-

326 4416 459 4475 dam
488 4418 831 4495 exponendo
860 4428 921 4478 et
960 4418 1177 4477 exteris
1217 4416 1513 4493 prodendo
1540 4417 1760 4492 agitata
1787 4414 2043 4488 consilia,
2087 4414 2162 4472 ab
2202 4414 2294 4473 his
2335 4416 2515 4474 initiis
2553 4418 2741 4477 detes-

326 4498 561 4556 tandam
590 4500 1070 4576 conjurationem,
1128 4506 1327 4555 contra
1384 4494 1776 4553 Christianiss.
1834 4504 1892 4553 et
1945 4514 2082 4553 vere
2133 4494 2492 4555 catholicum
2542 4518 2741 4575 regem

330 4576 651 4637 Henricum
682 4580 803 4638 111.
846 4580 1070 4653 initam,
1103 4576 1361 4655 coepisse,
1394 4574 1698 4653 ipsumque
1745 4574 1980 4634 tandem
2023 4575 2408 4635 abominando
2434 4576 2744 4653 parricidio
