3234 5192
276 362 507 404 mspu‘r.
538 340 651 424 va]
1094 364 1323 405 nos-rna
1351 366 1429 405 ΑΒ
1460 362 1744 407 secessu
1775 364 2043 405 nonium.
2581 350 2695 408 143

278 504 525 583 propriae
567 503 770 563 mortis
811 522 944 563 reus
973 514 1141 582 esset,
1174 506 1275 582 qui
1314 506 1425 565 hoc
1452 514 1720 583 tentaret,
1752 506 1890 583 quia
1931 526 1992 565 se
2021 506 2471 584 praesentissimo
2493 508 2697 570 salutis

280 584 537 663 periculo
566 591 773 662 sponte
802 593 1133 661 exponeret.
1220 586 1315 644 Ita
1340 586 1479 646 dum
1522 586 1718 645 nullus
1747 586 1896 645 alius
1922 585 2088 645 locus
2129 586 2446 664 majoribus
2483 591 2699 650 nostris

282 684 411 723 sese
434 664 714 723 offerebat
740 672 951 742 praeter
990 664 1310 725 Ecclesiam
1370 668 1694 725 Romanam
1743 666 1922 724 variis
1965 665 2152 725 modis
2202 674 2546 743 corruptam,
2592 689 2701 729 nec

275 745 399 804 ulla
424 744 661 823 patebat
702 744 775 803 ad
804 744 1134 803 exeundum
1164 746 1275 821 via,
1320 755 1634 823 potuerunt
1659 746 1874 806 ibidem
1911 746 2193 823 tantisper
2233 766 2481 823 manere,
2513 748 2697 809 donec

280 832 449 903 porta
494 826 637 901 ipsis
679 824 755 883 ad
797 823 1183 883 secedendum
1230 828 1565 904 aperiretur.
1653 826 1771 886 Sed
1811 835 2116 905 postquam
2149 827 2311 885 Deus
2339 829 2699 890 occasionem

280 905 545 983 praebuit,
577 924 704 963 sese
732 904 1019 963 liberandi
1046 906 1122 964 ab
1150 907 1437 966 erroribus
1476 906 1821 984 capitalibus
1849 914 1906 965 et
1949 906 2308 965 crassissima
2349 906 2696 986 idololatria,

280 985 493 1062 quibus
521 986 731 1043 coelum
760 984 1041 1043 Ecclesiae
1069 985 1409 1046 Christianae
1450 987 1724 1045 infectum
1769 997 1908 1063 erat,
1939 995 1998 1046 et
2039 986 2362 1045 Ecclesiam
2390 988 2697 1066 puriorem,

284 1066 345 1123 in
374 1084 491 1142 qua
518 1063 837 1124 salubriore
866 1065 1003 1123 licet
1031 1065 1200 1124 nobis
1228 1074 1359 1125 aere
1387 1066 1517 1141 frui,
1547 1066 1900 1141 inveniendi,
1945 1086 2157 1143 magno
2180 1066 2417 1126 crimine
2447 1068 2694 1127 obstrin-

286 1164 571 1222 geremur,
602 1154 661 1203 et
687 1144 915 1221 indigni
937 1164 1196 1205 essemus
1224 1154 1342 1205 tam
1370 1148 1585 1206 eximia
1615 1147 1729 1205 Dei
1770 1147 1974 1224 gratia,
2027 1147 2078 1205 si
2121 1147 2262 1206 illuc
2289 1156 2506 1224 quanto
2535 1150 2696 1209 ocius

284 1245 392 1284 nos
418 1244 537 1283 non
564 1224 949 1301 reciperemus
976 1234 1037 1283 et
1061 1234 1284 1303 pestem
1312 1226 1452 1286 alibi
1480 1235 1838 1304 grassantem
1869 1226 2216 1303 fugeremus,
2249 1227 2534 1304 salutique
2563 1250 2696 1289 nos·

284 1314 391 1365 trae
420 1323 537 1363 non
563 1304 883 1381 temporali,
908 1304 1009 1363 sed
1038 1314 1269 1365 aeternae
1298 1308 1745 1366 consuleremus.
1831 1306 1953 1365 Nec
1981 1306 2287 1365 tolerantia
2317 1307 2429 1365 Dei
2450 1308 2512 1366 in
2539 1318 2696 1369 certo

288 1393 548 1461 tempore
577 1393 769 1461 potest
795 1385 892 1443 vel
933 1384 1105 1445 debet
1133 1405 1261 1445 esse
1288 1388 1493 1465 regula
1518 1386 1838 1446 tolerantiae
1867 1386 1996 1463 ejus
2023 1385 2084 1444 in
2113 1386 2380 1445 omnibus
2408 1388 2555 1447 aliis.

376 1463 662 1523 XXXV.
710 1463 771 1522 Si
794 1464 917 1541 jam
947 1466 1239 1542 quaeritur,
1286 1468 1429 1545 quid
1481 1486 1654 1545 porro
1691 1464 2072 1543 judicandum
2119 1466 2195 1525 sit
2223 1466 2294 1525 de
2323 1467 2457 1543 illis,
2490 1468 2591 1545 qui
2635 1468 2696 1528 in

290 1544 559 1603 Ecclesia
588 1544 850 1603 Romana
876 1549 1158 1606 manent?
1200 1567 1349 1624 resp.
1393 1556 1654 1606 nostrum
1699 1566 1816 1605 non
1845 1566 1972 1605 esse
2020 1546 2284 1623 judicare
2315 1546 2386 1605 de
2415 1550 2693 1625 personis,

289 1625 395 1683 sed
422 1632 646 1683 tantum
676 1623 749 1682 de
765 1623 899 1683 fide.
984 1626 1107 1685 Nec
1136 1626 1179 1687 ii
1200 1646 1417 1702 sumus,
1438 1627 1537 1704 qui
1554 1626 1770 1685 limites
1789 1644 2000 1704 ponere
2023 1626 2270 1685 velimus
2287 1627 2696 1688 misericordiae

283 1714 343 1763 et
369 1705 645 1782 potentiae
666 1704 792 1779 Dei,
814 1705 981 1783 cujus
1004 1726 1209 1767 manus
1229 1727 1523 1785 nunquam
1546 1716 1636 1767 est
1657 1707 2009 1781 abbreviata,
2034 1714 2100 1765 ut
2119 1726 2235 1765 non
2252 1708 2438 1785 possit
2453 1728 2555 1786 per
2573 1710 2700 1769 vias

286 1784 583 1843 mirabiles
610 1792 671 1843 et
696 1788 1089 1861 ιηξιχιιιστονς
1116 1788 1191 1845 ab
1220 1806 1411 1846 errore
1440 1807 1577 1847 suos
1603 1787 1867 1861 liberare,
1893 1794 1950 1845 et
1985 1806 2216 1845 servare
2243 1788 2698 1867 quotiescunque

288 1865 540 1924 voluerit
592 1864 653 1930 ὃς
696 1862 782 1923 δια
824 1892 993 1959 wgo:-
1079 1867 1213 1926 Duo
1256 1876 1481 1927 tantum
1510 1876 1577 1927 ut
1596 1867 1924 1925 indubitata
1939 1866 2182 1927 firmiter
2199 1868 2382 1927 teneri
2409 1869 2698 1929 volumus.

292 1945 504 2020 Primo,
535 1944 841 2021 neminem,
873 1954 1017 2005 citra
1072 1948 1291 2023 grande
1345 1948 1561 2007 vulnus
1609 1947 1980 2007 conscientiae
2007 1956 2066 2005 et
2105 1948 2310 2007 salutis
2353 1949 2693 2027 periculum,

290 2045 478 2103 posse,
509 2026 744 2103 cognita
773 2026 951 2085 semel
972 2028 1233 2103 veritate,
1264 2028 1362 2086 vel
1388 2028 1449 2086 in
1480 2028 1704 2106 Papatu
1733 2047 1981 2104 manere,
2011 2028 2110 2086 vel
2138 2028 2214 2086 ad
2240 2028 2406 2087 illum
2434 2028 2695 2105 deficere,

290 2106 426 2183 quia
442 2106 567 2163 fieri
588 2105 701 2165 hoc
722 2126 839 2165 non
858 2114 1051 2183 potest
1072 2108 1193 2166 sine
1213 2108 1573 2185 gravissimis
1590 2109 1860 2186 peccatiS,
1881 2127 2012 2185 quae
2035 2128 2164 2167 cum
2185 2108 2369 2167 salute
2387 2120 2522 2167 sunt
2537 2135 2698 2168 me-

290 2212 441 2261 un,
466 2195 624 2264 puta,
648 2188 1087 2246 dissimulatione
1106 2188 1373 2265 veritatis,
1395 2190 1745 2247 simulatione
1771 2189 2063 2263 mendacii,
2078 2189 2518 2265 participatione
2538 2210 2697 2249 erro-

286 2287 417 2325 rum
443 2276 499 2326 et
520 2267 774 2326 sordium
802 2268 1071 2326 Ecclesiae
1097 2270 1391 2345 Romanae,
1427 2268 1643 2329 Christi
1666 2269 2045 2345 abnegatione,
2087 2271 2386 2327 tentatione
2403 2272 2698 2345 patientioe

290 2348 421 2423 Dei,
452 2348 746 2406 rebellione
765 2356 971 2423 aperta
987 2350 1256 2407 adversus
1277 2351 1394 2426 ejus
1410 2351 1758 2425 mandatum,
1777 2358 1834 2407 et
1856 2350 2130 2409 scandalo
2147 2350 2510 2428 infirmorum,
2542 2350 2698 2409 aliis-

290 2447 403 2504 que
430 2426 491 2485 id
520 2446 722 2504 geum,
753 2446 883 2504 quae
911 2427 1053 2486 iram
1106 2429 1217 2489 Dei
1244 2430 1305 2487 in
1359 2430 1624 2489 homines
1677 2436 1992 2488 arcessunt.
2081 2428 2364 2505 SecundO,
2410 2430 2695 2489 neminem

292 2506 609 2566 formaliter
638 2507 1023 2584 Pontificium‚
1054 2508 1115 2567 id
1144 2518 1249 2585 est,
1280 2510 1382 2587 qui
1412 2510 1666 2587 Papatus
1705 2529 1926 2568 errores
1955 2517 2014 2569 et
2042 2509 2259 2569 cultum
2289 2510 2606 2587 profitetur,
2639 2522 2696 2571 et

292 2588 519 2663 retinet,
550 2596 607 2646 et
636 2587 696 2644 in
724 2607 793 2646 eo
822 2596 977 2647 statu
1004 2588 1262 2666 moritur,
1294 2610 1421 2649 esse
1450 2589 1511 2647 in
1539 2591 1638 2648 via
1665 2590 1885 2665 salutis,
1938 2590 2074 2667 quia
2103 2610 2176 2648 ex
2218 2591 2417 2668 regula
2450 2592 2698 2669 Spiritus

297 2668 513 2741 Sancti,
546 2666 934 2727 “Idololatrae
963 2688 1080 2727 non
1107 2678 1351 2748 possunt
1392 2669 1688 2729 haeredare
1745 2690 1988 2747 regnum
2049 2670 2220 2745 Dei‚''
2283 2675 2310 2727 1
2347 2672 2476 2730 Cor.
2527 2673 2606 2730 vi.
2638 2676 2693 2731 9.

296 2749 332 2781 “
350 2747 709 2807 Timidorum
737 2768 871 2826 pars
898 2757 987 2808 est
1016 2750 1076 2807 in
1106 2758 1313 2827 stagno
1334 2750 1490 2828 ignis
1510 2758 1569 2809 et
1598 2750 1908 2829 sulphuriS,
1930 2769 2060 2827 quae
2081 2769 2236 2807 mors
2264 2758 2353 2809 est
2381 2752 2694 2825 secunda,''

294 2828 482 2907 Apoc.
512 2828 637 2885 xxi.
667 2832 723 2886 2.
811 2830 846 2861 “
870 2830 948 2888 Et
976 2830 1239 2907 quisquis
1266 2831 1657 2889 characterem
1704 2830 1906 2889 bestioe
1956 2829 2146 2903 sumit,
2177 2829 2376 2889 bibere
2419 2830 2592 2890 debet
2620 2852 2695 2889 ex

290 2908 429 2965 vino
452 2908 551 2966 irae
565 2907 737 2983 Dei‚''
757 2909 945 2986 Apoc.
968 2910 1089 2968 xiv.
1106 2912 1161 2985 9,
1182 2913 1273 2969 10.
1314 2911 1446 2969 Non
1470 2911 1677 2987 placet,
1691 2908 1890 2984 fateor,
1914 2908 2012 2968 hic
2033 2928 2222 2967 sermo
2242 2909 2458 2983 multiS,
2481 2911 2695 2986 quibus

286 3008 403 3065 pax
434 3007 563 3045 cum
600 2988 787 3046 Roma
812 2990 987 3066 longe
1008 2990 1181 3049 rebus
1204 2990 1325 3049 suis
1347 2989 1766 3049 conducibilior
1787 2988 2098 3063 videretur,
2144 2988 2248 3047 sed
2275 2998 2535 3047 nostrum
2576 3010 2694 3049 non

287 3076 378 3125 est
404 3086 603 3143 pacem
630 3069 981 3145 promittere,
1011 3070 1113 3128 ubi
1143 3070 1307 3129 Deus
1334 3068 1799 3129 maledictionem
1836 3068 2254 3144 interminatur,
2286 3069 2382 3127 vel
2411 3088 2574 3147 spem
2603 3090 2692 3129 sa-

288 3146 431 3205 lutis
468 3148 789 3224 conciliare,
834 3168 1013 3226 quum
1055 3150 1179 3227 ipse
1222 3170 1349 3208 eam
1393 3148 1745 3227 praescindit.
1833 3149 1897 3208 Si
1939 3148 2034 3207 cui
2081 3168 2221 3225 ergo
2263 3168 2396 3207 cara
2451 3158 2540 3209 est
2589 3171 2694 3210 sua

289 3228 465 3303 salus,
508 3226 654 3285 nihil
702 3228 997 3307 antiquius
1039 3230 1254 3289 habere
1293 3230 1483 3305 debet,
1535 3249 1710 3307 quam
1768 3229 1960 3289 Deum
2016 3236 2318 3287 vocantem
2365 3228 2490 3289 sine
2533 3251 2698 3291 mora

288 3308 469 3385 sequi.
547 3308 679 3367 Non
708 3309 803 3367 hic
831 3329 963 3368 cum
992 3330 1162 3369 carne
1200 3318 1261 3370 et
1288 3310 1569 3388 sanguine
1614 3308 2040 3385 conferendum,
2093 3310 2186 3368 cui
2229 3330 2522 3387 nunquam
2551 3312 2696 3372 hora

287 3388 579 3449 videbitur
600 3388 903 3447 commoda
930 3390 1199 3467 exeundi,
1232 3398 1291 3449 et
1328 3391 1607 3468 templum
1631 3390 1969 3466 aedificandi,
2002 3410 2134 3449 cum
2163 3390 2206 3450 J
2209 3390 2392 3449 udaeis
2419 3392 2689 3469 profaniS,

287 3468 481 3546 Aggae
508 3469 548 3527 i.
580 3472 635 3527 2.
702 3468 820 3527 Sed
850 3470 1011 3528 Deus
1040 3470 1199 3530 solus
1240 3470 1581 3545 audiendus,
1612 3479 1695 3546 ut,
1747 3470 2014 3530 omnibus
2044 3472 2328 3548 superatis
2357 3471 2689 3549 obstaculis,

286 3568 539 3607 amorem
586 3548 790 3607 salutis
832 3548 1134 3610 affectibus
1175 3551 1500 3628 quibusque
1544 3551 1871 3625 mundanis,
1915 3571 2116 3629 pacem
2167 3551 2280 3610 Dei
2323 3552 2452 3629 paci
2507 3552 2690 3612 homi-

806 3649 962 3704 num,
1014 3638 1073 3689 et
1128 3630 1459 3690 mandatum
1519 3632 1649 3709 ejus
1693 3630 1999 3707 quibusvis
2049 3630 2251 3689 mundi
2299 3632 2690 3708 promissioni-

282 3695 466 3799 Μῗξξζ
497 3694 681 3798 1¹:3⁰}ss
714 3700 765 3740 ⁰¹²
806 3708 916 3768 bus
944 3717 1003 3768 et
1057 3711 1251 3769 illiciis
1288 3730 1567 3788 generose
1614 3720 2046 3789 anteponamus.
2134 3709 2319 3785 Alias,
2356 3712 2691 3789 “Quisquis

466 3783 479 3795 ”
584 3786 596 3799 “
678 3785 689 3797 “
807 3799 1050 3868 patrem,
1082 3800 1342 3867 matrem,
1372 3790 1542 3867 filios,
1574 3798 1636 3849 et
1660 3790 1826 3867 filias,
1847 3810 2088 3850 uxorem
2119 3809 2292 3867 supra
2321 3792 2471 3865 me,''
2500 3792 2692 3867 inquit

288 3872 571 3947 Christus,
606 3869 985 3945 “dilexerit,’'
1016 3869 1133 3929 imo
1160 3870 1263 3948 qui
1298 3890 1417 3929 non
1463 3890 1531 3930 eo
1572 3890 1755 3947 usque
1809 3870 2154 3949 processerit
2207 3878 2274 3927 ut
2327 3870 2460 3928 odio
2517 3872 2688 3929 etiam

282 3950 514 4027 habeat,
569 3950 632 4009 id
676 3958 784 4025 est,
824 3960 1087 4028 prompte
1140 3960 1374 4029 propter
1411 3970 1505 4009 me
1558 3950 1864 4027 relinquat,
1919 3954 1956 3983 “
1977 3970 2095 4008 non
2139 3956 2228 4009 est
2273 3967 2368 4009 me
2416 3950 2688 4027 dignus.’'

325 4070 510 4116 Matth.
540 4072 623 4116 xix
664 4068 723 4115 29
812 4028 929 4089 Sed
982 4038 1199 4107 contra,
1260 4034 1297 4063 “
1320 4030 1596 4107 Quisquis
1650 4030 1947 4107 reliquerit
1974 4030 2178 4088 domos
2206 4038 2305 4087 aut
2345 4028 2566 4104 fratres,
2592 4042 2694 4092 aut

626 4102 639 4115 ⁸
725 4102 736 4115 ⁸
810 4129 1051 4185 sororeS,
1083 4119 1183 4170 aut
1224 4120 1463 4189 patrem,
1516 4118 1618 4169 aut
1643 4118 1902 4185 matrem,
1949 4118 2050 4168 aut
2081 4106 2312 4183 liberos,
2351 4118 2451 4168 aut
2499 4130 2688 4187 agros,

281 4208 460 4249 causa
486 4188 735 4248 nominis
762 4189 908 4267 ejuS,
966 4191 1299 4269 centuplum
1348 4189 1609 4269 accipiet,
1669 4197 1728 4248 et
1781 4190 1962 4247 vitam
2011 4198 2284 4248 aeternam
2311 4188 2690 4266 possidebit.'’

281 4270 489 4330 Ausa.
