3234 5192
485 286 598 343 152
1263 308 1344 348 mr.
1372 306 1738 350 nscnssAmA
1767 306 2114 349 sacassmua
2495 290 2756 373 [msru‘r.
2785 308 2892 351 vn.

488 444 752 524 mysterii
776 446 1109 526 architect0,
1138 449 1353 509 sensim
1378 469 1483 528 per
1508 450 1704 510 varios
1731 450 2222 528 anteambulones,
2265 459 2327 513 et
2365 450 2644 513 doctrinae
2673 470 2902 531 corrup-

490 527 653 604 telas,
686 532 974 588 sternente
1002 527 1375 590 fundamenta
1401 530 1570 591 istius
1596 531 1939 609 tyrannidis.
2024 532 2169 591 Ideo
2209 534 2532 610 mysterium
2557 532 2769 593 dicitur
2795 531 2902 591 ini-

491 608 732 685 quitatis,
763 608 1091 687 oppositum
1124 611 1353 687 pietatis
1391 612 1671 689 mysterio,
1717 612 1876 688 quod
1904 611 2119 672 Christi
2168 620 2356 673 ortum
2405 623 2466 674 et
2491 614 2902 673 revelationem

492 687 705 764 docuit,
750 696 817 749 ιιι
857 698 1017 749 ortus
1059 690 1185 769 ejus
1222 688 1573 769 μυωηςιαδης,
1602 700 1778 769 atque
1818 691 1964 751 adeo
1989 692 2254 753 occultus
2281 702 2339 753 et
2363 694 2568 769 latens,
2597 713 2715 752 non
2741 711 2903 771 aper·

493 776 591 829 tus
618 776 677 829 et
721 778 927 847 patens
974 769 1279 831 indicetur.
1364 772 1585 832 Verum
1629 772 1741 831 hoc
1767 791 1886 831 non
1929 771 2188 853 impedit,
2219 774 2526 851 quominus
2565 774 2756 851 reipsa
2773 772 2898 849 jam

492 849 784 909 revelatus
812 849 905 927 sit,
933 858 1001 910 ut
1027 870 1105 910 ex
1130 860 1343 911 eventu
1369 860 1550 931 patet,
1594 861 1654 912 et
1681 852 1997 914 clarissime
2023 873 2102 913 ex
2125 852 2277 913 infla
2303 852 2562 913 dicendis
2591 850 2898 911 constabit.

495 929 619 989 Nec
666 930 875 990 mirum
917 930 1107 991 videri
1145 932 1335 1009 debet,
1366 932 1434 1009 si,
1464 932 1946 1010 quemadmodum
1975 952 2165 993 rerum
2191 934 2478 992 variarum
2505 932 2672 990 initia
2696 932 2898 1005 latent,

494 1010 849 1069 incrementa
863 1017 1080 1088 patent.
1162 1012 1248 1073 Ut
1264 1012 1648 1091 corruptionis
1667 1013 2235 1094 rerumpublicarum,
2259 1012 2643 1086 scientiarum,
2665 1010 2894 1087 lingua-

494 1110 641 1166 rum,
709 1098 769 1151 et
830 1090 1122 1168 similium,
1183 1092 1466 1171 principia
1512 1101 1649 1154 sunt
1701 1093 1918 1172 exigua
1983 1102 2042 1155 et
2093 1101 2308 1173 operta,
2363 1110 2704 1171 progressus
2757 1109 2898 1149 vero

496 1178 557 1230 et
585 1171 939 1231 incrementa
963 1172 1183 1251 majora
1222 1180 1283 1233 et
1322 1181 1556 1253 aperta;
1602 1174 1686 1234 sic
1713 1180 1772 1233 et
1812 1181 2094 1253 corruptae
2124 1173 2418 1235 Ecclesiae.
2502 1171 2676 1232 Unde
2723 1168 2896 1229 Anti-

495 1250 700 1313 christi
714 1260 875 1311 ortus
902 1252 1199 1313 obscurior
1222 1252 1349 1331 fuit,
1379 1274 1456 1313 ex
1482 1254 1684 1314 divina
1703 1254 2146 1334 dispensatione,
2167 1255 2304 1333 quia
2330 1252 2530 1314 debuit
2553 1270 2682 1311 esse
2706 1276 2896 1328 μυστ-η-

494 1329 681 1418 ςιυδης,
694 1340 763 1393 ιιι
776 1331 962 1411 primo
982 1335 1363 1413 conciperetur
1382 1334 1537 1395 filius
1554 1334 1912 1415 perditionis,
1933 1354 2106 1412 quam
2125 1343 2449 1395 nasceretur
2465 1340 2524 1393 et
2537 1334 2900 1391 revelaretur.

578 1412 701 1474 XI.
742 1412 997 1493 Tempus
1022 1424 1216 1476 autem
1242 1415 1411 1475 istius
1436 1415 1808 1477 revelationis
1831 1415 2129 1494 Scriptura
2153 1415 2327 1476 refert
2353 1414 2428 1474 ad
2446 1411 2746 1493 periodum
2768 1412 2902 1471 sub-

498 1493 604 1554 lati
652 1514 684 1553 e
730 1494 923 1555 medio
969 1520 1057 1555 του
1098 1519 1407 1571 asangm-05,
1452 1495 1674 1555 scilicet
1715 1496 1975 1573 dissipati
2007 1497 2236 1573 imperii
2259 1496 2524 1555 Romani.
2611 1492 2709 1552 Sic
2749 1492 2901 1551 enim

500 1574 717 1634 Paulus
753 1578 790 1633 2
834 1576 1038 1635 Thess.
1078 1574 1140 1635 ii.
1175 1578 1231 1651 7,
1276 1578 1333 1651 8,
1385 1576 1421 1609 “
1440 1601 1529 1635 m
1578 1601 1652 1634 mv
1697 1600 1754 1633 το
1793 1600 2006 1653 mxcv
2045 1573 2221 1654 αδαπ,
2267 1576 2346 1635 Et
2371 1595 2524 1636 nunc
2551 1572 2734 1632 nostis
2761 1571 2903 1650 quid

498 1653 793 1731 impediat,
822 1674 958 1714 nam
982 1654 1323 1734 mysterium
1346 1654 1672 1732 iniquitatis
1706 1656 1832 1733 jam
1876 1666 2160 1734 operatur,
2187 1682 2326 1735 pour
2373 1658 2397 1715 ὅ
2421 1678 2650 1732 κωκυ,
2673 1678 2793 1733 agre
2819 1650 2904 1719 ‘lue

502 1758 555 1793 ιιι
578 1758 731 1810 μιαν
757 1758 973 1810 qums-nc,
1000 1760 1091 1794 m
1116 1759 1227 1794 rm
1252 1743 1732 1807 ιπωλυφθιιπτσω
1771 1738 1795 1793 ὅ
1837 1760 2029 1813 avom,
2074 1744 2297 1797 tantum
2325 1745 2392 1797 ut
2418 1736 2520 1815 qui
2546 1742 2706 1794 tenet
2729 1752 2901 1808 nune,

500 1821 711 1889 teneat,
766 1812 952 1874 donec
1006 1814 1079 1874 de
1130 1813 1321 1874 medio
1374 1814 1494 1894 fiat,
1540 1823 1678 1875 tunc
1723 1816 2076 1877 revelabitur
2115 1817 2396 1895 Impius.'’
2427 1817 2536 1876 dcc.
2621 1814 2738 1873 Hic
2765 1832 2906 1891 ergo

499 1892 817 1953 videndum
869 1892 1167 1988 imprimis,
1224 1894 1355 1972 quis
1396 1894 1473 1955 sit
1512 1895 1623 1955 iste
1674 1898 1701 1954 ὅ
1739 1921 1983 1973 mxu»,
2026 1898 2128 1975 qui
2181 1896 2532 1957 Antichristi
2575 1892 2906 1954 manifesta-

500 1974 718 2033 tionem
744 1973 1113 2053 impediebat.
1198 1974 1443 2035 Duobus
1469 1975 1660 2036 modis
1697 1978 1910 2055 exponi
1937 1984 2145 2056 potest,
2176 1977 2272 2036 vel
2311 1976 2479 2055 quasi
2500 1980 2524 2036 ὅ
2549 1971 2820 2053 spu-dagon
2847 1980 2908 2033 et

501 2069 719 2131 aava»,
748 2054 849 2115 ille
876 2054 978 2133 qui
1002 2054 1235 2133 impedit
1257 2064 1317 2115 et
1343 2056 1552 2132 obstat,
1584 2057 1873 2135 quomodo
1911 2058 2151 2135 exponit
2181 2057 2464 2134 chrysost.
2493 2066 2553 2116 et
2579 2064 2713 2135 post
2739 2054 2903 2113 illum

508 2136 885 2213 Oeeumenizoe,
916 2134 1014 2196 vel
1039 2140 1065 2195 ὅ
1090 2138 1301 2218 agira»,
1332 2137 1432 2214 qui
1449 2138 1654 2197 obtinet
1669 2138 1968 2215 imperium
1993 2138 2119 2197 sive
2146 2136 2406 2215 imperat,
2435 2146 2502 2197 ut
2527 2138 2658 2197 vult
2683 2135 2904 2211 Augus-

501 2216 664 2276 tinus.
711 2216 971 2294 Utraque
1014 2216 1361 2295 significatio
1406 2218 1599 2277 locum
1643 2218 1742 2277 hie
1775 2218 1968 2293 habet,
2018 2218 2232 2295 quippe
2277 2216 2604 2295 imperator,
2653 2212 2906 2276 tenendo

498 2294 801 2374 imperium
832 2297 1051 2371 Romae,
1083 2295 1329 2357 detinuit
1369 2296 1494 2356 sive
1518 2296 1824 2375 impedivit
1863 2296 2274 2357 revelationem
2301 2294 2668 2355 Antichristi.
2751 2294 2907 2369 Quo-

501 2374 675 2436 modo
704 2374 857 2435 enim
885 2376 1089 2435 Romae
1117 2375 1401 2435 dominari
1426 2376 1616 2454 potuit
1653 2376 2069 2449 Antichristus,
2099 2374 2376 2453 quamdiu
2415 2392 2607 2434 rerum
2646 2372 2906 2451 potieba—

499 2464 596 2514 tur
648 2455 959 2533 imperator
976 2458 1005 2515 Ρ
1127 2454 1347 2516 Debuit
1386 2458 1579 2535 ergon·
1619 2481 1862 2533 απχυν,
1911 2456 2037 2516 sive
2093 2456 2392 2514 Romanus
2445 2454 2770 2529 imperator,
2831 2451 2907 2511 de

500 2534 692 2593 medio
714 2532 941 2611 auferri,
970 2543 1280 2613 antequam
1324 2536 1680 2597 revelaretur
1727 2536 2142 2611 Antichristus,
2189 2542 2250 2595 et
2293 2542 2362 2593 ut
2386 2534 2486 2592 via
2511 2533 2596 2591 illi
2625 2540 2906 2591 sternere-

498 2623 611 2674 tur.
704 2614 838 2675 Hoc
884 2635 1025 2676 vero
1080 2614 1298 2676 Paulus
1351 2615 1626 2695 exprimit
1675 2616 1849 2677 modo
1896 2618 1958 2676 in
2003 2634 2214 2694 genere
2239 2621 2443 2674 neutro
2470 2632 2574 2692 per
2611 2638 2669 2672 το
2693 2636 2908 2689 mxu»

502 2715 625 2755 ver.
656 2698 711 2771 6,
742 2704 809 2757 ut
850 2704 1015 2757 notet
1040 2696 1345 2776 imperium
1386 2697 1732 2774 Romanum,
1777 2698 1952 2757 modo
1991 2697 2053 2754 in
2093 2694 2414 2756 masculino
2455 2714 2576 2753 ver.
2619 2698 2675 2770 7,
2715 2696 2908 2771 μοναὶ

497 2801 743 2855 mxu»,
805 2786 873 2839 ut
932 2776 1269 2857 designetur
1334 2777 1459 2857 ipse
1498 2778 1827 2856 imperator.
1925 2778 2049 2837 Nec
2089 2774 2441 2855 negligenda
2479 2782 2569 2834 est
2607 2774 2702 2834 vis
2741 2773 2906 2833 vocis

496 2884 654 2935 μονον,
702 2866 917 2918 tantum
958 2858 1061 2937 qui
1100 2878 1249 2919 nunc
1294 2860 1489 2935 obstat,
1539 2857 1726 2919 donec
1773 2879 1806 2919 e
1833 2858 2026 2919 medio
2053 2856 2306 2933 tollatur,
2336 2855 2503 2934 quasi
2529 2855 2640 2914 hoc
2667 2854 2904 2915 unicum

498 2947 653 3000 esset
680 2939 1059 3015 obstaculum,
1089 2959 1205 3017 quo
1234 2939 1411 3001 semel
1429 2938 1680 3016 sublat0,
1712 2939 2111 3001 Antichristus
2139 2945 2292 2998 esset
2316 2936 2682 2997 revelandus.
2733 2934 2904 2993 Hanc

499 3028 692 3080 autem
740 3027 799 3079 et
838 3040 957 3079 non
996 3020 1169 3080 aliam
1208 3040 1337 3081 esse
1384 3020 1553 3081 Pauli
1590 3029 1861 3098 mentem,
1905 3028 1973 3080 ut
1996 3039 2102 3098 per
2139 3045 2219 3078 τον
2243 3040 2525 3096 maxema
2551 3015 2909 3093 intelligatur

503 3099 801 3165 Romanus
828 3099 1154 3177 imperator,
1184 3100 1514 3179 colligimus
1540 3121 1617 3161 ex
1646 3100 1835 3181 Apoc.
1865 3099 2031 3175 xvii„
2061 3098 2165 3159 ubi
2203 3108 2434 3178 tempus
2459 3096 2704 3157 revelati
2730 3093 2905 3154 Anti-

500 3178 703 3237 christi
755 3177 999 3237 refertur
1050 3178 1129 3238 ad
1166 3187 1395 3258 tempus
1434 3180 1704 3261 dissipati
1745 3180 1972 3259 imperii
2013 3180 2074 3237 in
2119 3178 2320 3240 decem
2359 3196 2529 3256 reges
2570 3175 2904 3253 designatos

499 3276 605 3333 per
650 3256 849 3315 decem
892 3276 1123 3333 cornua,
1172 3258 1275 3334 qui
1313 3278 1559 3335 regnum
1598 3280 1732 3319 cum
1774 3260 1976 3320 Bestia
2001 3259 2266 3337 partituri
2313 3266 2495 3333 erant,
2525 3275 2646 3315 ver.
2680 3258 2772 3333 12,
2807 3256 2902 3314 13.

502 3334 672 3410 Quod
712 3354 789 3393 ex
829 3354 899 3393 eo
936 3336 1320 3412 confirmatur,
1364 3338 1522 3413 quod
1558 3338 1958 3399 Antichristus
1993 3338 2262 3398 ultimum
2305 3338 2520 3399 Bestiae
2567 3345 2741 3413 caput
2788 3342 2902 3394 sta-

501 3414 699 3489 tuitur,
724 3412 879 3491 quod
907 3412 1023 3473 nisi
1048 3414 1351 3475 decedenti
1378 3425 1545 3478 sexto
1562 3417 1738 3495 capiti
1755 3418 1976 3479 scilicet
1994 3418 2420 3495 imperatorum,
2444 3415 2600 3495 quod
2621 3424 2745 3474 tum
2761 3422 2902 3490 erat,

502 3501 563 3554 et
588 3514 623 3553 e
649 3492 842 3554 medio
870 3492 1116 3570 sublato,
1148 3494 1455 3555 succedere
1482 3515 1599 3555 non
1626 3498 1834 3575 potnit.
1879 3498 2002 3557 Nec
2031 3497 2146 3557 alia
2173 3498 2283 3558 fuit
2311 3506 2572 3559 veterum
2603 3495 2906 3555 sententia.

584 3573 741 3635 XII.
785 3573 1064 3650 Quamvis
1090 3574 1245 3634 enim
1269 3576 1539 3637 nonnulli
1577 3602 1658 3635 τοι
1695 3600 1979 3656 unx-m
2003 3576 2253 3638 referant
2280 3578 2357 3637 ad
2381 3576 2657 3655 Spin-imm
2683 3583 2742 3635 et
2762 3595 2905 3653 yra-

503 3655 657 3731 tiam,
709 3674 839 3733 quse
899 3653 1177 3733 impedire
1242 3655 1432 3734 potuit
1493 3656 1666 3717 istam
1724 3658 2089 3737 apostasiam,
2147 3657 2244 3717 alii
2314 3658 2391 3717 ad
2444 3660 2726 3718 decretum
2771 3655 2904 3731 Dei,

502 3736 659 3813 quod
726 3735 935 3813 cuique
1003 3754 1110 3795 sua
1174 3736 1426 3815 praefixit
1491 3744 1768 3817 tempora,
1837 3746 2032 3799 tamen
2097 3738 2274 3815 longe
2339 3738 2536 3816 plures
2588 3736 2758 3796 nobis
2810 3734 2907 3794 hic

502 3816 944 3895 adstipulantur.
1032 3815 1266 3875 Scholia
1308 3816 1514 3877 Graeca
1553 3826 1855 3897 exponunt
1878 3838 1982 3898 per
2007 3820 2400 3878 Romanorum
2426 3819 2702 3889 thronum,
2733 3816 2903 3892 impe-

500 3898 651 3956 rium
690 3916 838 3955 nunc
876 3895 1195 3972 impediens,
1240 3922 1484 3957 τονππιν
1524 3900 1547 3957 0⁸
1576 3912 1808 3975 respuam
1857 3912 2033 3981 egens
2061 3923 2150 3957 uu
2175 3908 2416 3966 βωλσιι
2453 3924 2529 3957 νυν
2552 3893 2904 3975 ψποδιζουσσι,

503 3975 619 4037 ἵνα,
665 4000 916 4036 ravenna
944 3990 1063 4047 <pun
1102 4002 1193 4035 και
1232 3992 1371 4043 πλος
1414 3988 1569 4054 λαβῇ,
1626 4004 1736 4038 rm
1781 3988 2258 4051 ιπαιλυφθηπται
2287 3982 2310 4037 ὅ
2353 4004 2542 4053 anepos,
2581 4002 2826 4036 reomau
2881 3979 2906 4035 ὃ

502 4071 841 4139 Ammon-m.
902 4056 999 4117 Sic
1020 4056 1358 4116 Tertullian.
1390 4057 1461 4117 de
1490 4067 1792 4119 resurrect.
1822 4060 2028 4135 carnis,
2059 4080 2184 4139 cap.
2207 4060 2372 4118 xxiv.
2453 4062 2488 4093 “
2506 4058 2756 4117 Tantum
2805 4057 2907 4134 qui

500 4158 655 4199 nunc
682 4147 857 4215 tenet,
888 4144 1100 4215 teneat,
1130 4136 1315 4197 donec
1342 4138 1415 4196 de
1454 4137 1648 4199 medio
1683 4140 1802 4216 fiat,
1837 4140 1967 4218 quis
2007 4140 2121 4199 nisi
2163 4140 2460 4201 Romanus
2491 4139 2708 4214 Status,
2739 4139 2906 4215 cujus

499 4217 779 4279 abscissio
806 4218 869 4277 in
896 4218 1097 4279 decem
1123 4238 1292 4297 reges
1332 4216 1423 4277 dis
1464 4238 1592 4279 ersa
1634 4218 2058 4281 Antichristum
2101 4220 2460 4299 superducet,
2491 4228 2551 4279 et
2575 4226 2716 4278 tunc
2743 4236 2906 4277 reve-

501 4296 715 4357 labitur
740 4298 1032 4376 iniquus.’'
1103 4298 1303 4377 Atque
1440 4319 1531 4359 em
1560 4299 1634 4359 de
1661 4320 1836 4361 causa
1863 4300 2116 4381 Apolog.
2140 4300 2328 4379 capite
2369 4302 2465 4376 32,
2512 4300 2681 4359 “Est
2707 4306 2768 4358 et
2794 4296 2910 4356 alia

501 4378 689 4453 major
734 4378 1105 4455 necessitas,”
1146 4378 1351 4457 inquit,
1420 4378 1681 4440 “orandi
1715 4400 1832 4519 (pro
1879 4380 2336 4460 imperatoribus,
2383 4380 2557 4439 etiam
2603 4398 2707 4456 pro
2749 4377 2907 4437 omni

502 4462 659 4515 statu
684 4456 924 4534 imperii,
953 4457 1241 4535 rebusque
1270 4458 1566 4538 Romanis,
1596 4480 1713 4538 quo
1781 4461 1902 4520 vim
1929 4462 2240 4523 maximam
2266 4462 2538 4520 universo
2565 4459 2694 4517 orbi
2719 4457 2906 4517 immi-

498 4542 749 4609 nentem,
798 4535 1097 4613 ipsamque
1143 4538 1460 4599 clausulam
1508 4541 1690 4601 seculi
1737 4542 2080 4603 acerbitates
2121 4540 2436 4600 horrendas
2461 4538 2906 4597 comminantem

502 4614 751 4677 Romani
777 4614 1001 4693 imperii
1044 4626 1365 4679 commeatu
1392 4621 1605 4680 scimus
1635 4622 1929 4682 retardari.
2013 4624 2222 4698 Itaque
2250 4620 2518 4681 nolumus
2545 4618 2813 4697 experiri,
2844 4624 2906 4676 et
