3234 5192
322 344 559 386 meru-r.
592 326 659 401 1.]
1312 340 1393 381 nr.
1422 340 1595 381 mmo
1623 340 1800 383 vmn.
2630 330 2746 387 229

307 487 395 543 ad
423 502 651 543 sacram
678 484 837 543 hanc
863 480 1156 551 militiam,
1179 482 1539 559 proscriptos
1566 483 1813 540 tandem
1839 500 2061 559 magno
2089 489 2294 541 nostro
2315 485 2540 543 damno
2568 504 2748 563 expe-

308 564 558 621 riamur.
602 560 769 621 Nam
796 567 869 618 ιιι
894 559 1075 618 refert
1100 558 1429 619 Nehemias
1454 579 1580 635 cap.
1609 559 1711 617 vii.
1742 560 1838 631 64,
1867 580 1968 618 eos
1996 566 2234 619 tantum
2251 564 2328 619 ad
2347 564 2748 623 sacerdotium

314 642 609 700 admissos
633 640 839 710 fuisse,
870 638 977 714 qui
1002 658 1193 713 genus
1238 646 1299 697 et
1345 639 1640 696 familiam
1683 638 1746 695 in
1795 639 2018 697 tabulis
2061 640 2314 714 publicis
2359 643 2744 700 demonstare

312 726 663 797 potuerunt,
696 717 799 775 Ita
826 718 983 773 nulli
1025 718 1101 774 ad
1145 717 1335 775 vitam
1378 723 1439 774 et
1484 717 1684 791 regale
1732 716 2132 775 sacerdotium
2175 719 2412 776 admitti
2437 726 2742 795 poterunt,

316 816 579 874 quorum
607 796 855 855 nomina
880 812 1003 851 non
1032 794 1249 870 scripta
1294 794 1521 853 fuerint
1566 796 1628 851 in
1682 794 1974 871 Catalogo
2003 794 2442 871 Hierosolymae
2470 798 2742 857 coelestis.

314 876 387 936 Si
415 894 557 935 vero
584 874 767 933 semel
794 874 857 930 in
886 891 1025 930 eum
1052 892 1295 932 censum
1324 873 1497 931 relati
1522 872 1764 945 fuerint,
1793 874 1924 932 fieri
1951 874 2162 951 nequit
2187 882 2258 933 ut
2291 876 2433 933 inde
2460 894 2746 935 movean-

314 962 439 1026 tur,
466 953 753 1029 quicquid
781 954 1026 1010 tandem
1054 953 1339 1010 adversus
1366 970 1469 1009 eos
1498 951 1776 1010 diabolus
1791 959 1853 1011 et
1868 954 2132 1011 mundus
2159 954 2524 1025 moliantur;
2567 954 2744 1014 'Pales

316 1033 482 1090 enim
502 1034 816 1108 profitetur
844 1031 1009 1089 Deus
1035 1030 1159 1106 ipse
1188 1049 1263 1088 ex
1310 1030 1553 1088 nomine
1580 1030 1836 1102 novisse,
1881 1039 1942 1089 et
1987 1032 2208 1090 habere
2251 1032 2363 1091 sub
2392 1033 2742 1109 signaculo:

320 1111 439 1170 Isti
465 1117 535 1169 ut
560 1110 857 1169 columnae
885 1108 948 1164 in
976 1110 1158 1166 domo
1186 1110 1302 1167 Dei
1330 1108 1563 1166 immoti
1590 1114 1859 1184 perstant
1892 1109 1955 1167 in
1999 1110 2131 1183 ejus
2159 1118 2479 1186 conspectu
2505 1134 2521 1183 ;
2573 1112 2742 1170 Inter

310 1208 528 1266 equ08‚
557 1190 751 1258 tubas,
780 1188 1031 1263 phialas,
1060 1188 1345 1256 tonitrua,
1374 1193 1435 1244 et
1462 1192 1632 1243 terrae
1661 1194 1863 1245 motus
1911 1205 2226 1263 nunquam
2253 1190 2512 1248 statione
2541 1190 2747 1265 dejici·

316 1275 510 1327 untur
532 1289 547 1337 ;
590 1268 725 1325 Non
752 1268 934 1325 datur
959 1266 1036 1323 ad
1062 1265 1393 1324 vindictam
1414 1264 1690 1323 accinctis
1716 1271 1938 1323 terram
1959 1266 2056 1321 vel
2085 1283 2248 1323 mare
2275 1266 2518 1338 laedere,
2547 1268 2746 1343 prius-

318 1363 512 1421 quam
538 1345 635 1403 isti
664 1346 742 1402 ad
770 1351 986 1402 certam
1014 1344 1270 1401 salutem
1298 1343 1704 1417 obsignentur,
1735 1342 1925 1417 Apoc.
1949 1342 2050 1399 vii.
2081 1343 2136 1400 3.
2184 1343 2577 1403 Gaudeamus
2601 1364 2744 1421 ergo

321 1430 389 1481 et
414 1424 765 1493 exultemus,
793 1424 957 1498 quod
986 1423 1233 1480 nomina
1258 1428 1465 1479 nostra
1490 1420 1709 1495 scripta
1730 1427 1872 1478 sunt
1897 1420 1960 1477 in
1990 1420 2190 1478 coelis:
2237 1420 2355 1479 Sed
2383 1440 2459 1479 ne
2477 1440 2588 1481 nos
2614 1424 2744 1482 ina-

324 1500 395 1559 ni
437 1508 497 1559 et
543 1502 839 1559 ementitae
886 1501 1025 1557 fidei
1072 1500 1435 1576 professione
1481 1498 1865 1572 decipiamus,
1909 1497 2269 1557 Studeamus
2304 1499 2656 1559 electionem
2683 1510 2746 1562 et

314 1580 691 1639 vocationem
718 1586 986 1637 nostram
1010 1578 1075 1635 in
1102 1578 1229 1637 dies
1254 1578 1603 1637 confirmare
1630 1576 1805 1635 bonis
1835 1578 2129 1653 operibus,
2149 1584 2221 1635 ιιι
2263 1577 2351 1635 ita
2385 1578 2580 1653 magis
2606 1598 2734 1638 ma-

312 1659 525 1737 gisque
553 1658 925 1734 proficientes
950 1657 1012 1713 in
1056 1656 1175 1715 fide
1196 1663 1258 1715 et
1281 1657 1519 1733 pietate,
1561 1656 1678 1713 hoc
1699 1655 2006 1734 signaculo
2033 1656 2292 1730 gratiam
2319 1656 2434 1714 Dei
2461 1657 2524 1714 in
2551 1659 2726 1718 nobis

310 1738 725 1815 obsignemus,
756 1742 818 1793 et
842 1736 1105 1806 tandem,
1134 1754 1325 1811 quum
1372 1734 1540 1793 Libri
1588 1734 1928 1809 aperientur
1974 1734 2038 1792 in
2066 1734 2280 1792 ultimo
2309 1735 2417 1793 illo
2444 1740 2505 1794 et
2531 1738 2733 1795 decre-

312 1817 467 1876 torio
496 1816 615 1887 die,
665 1814 1047 1873 inveniamur
1067 1814 1267 1889 scripti
1294 1813 1355 1869 in
1388 1812 1571 1872 Libro
1605 1811 1747 1869 vitae
1771 1812 1957 1887 Agni,
1989 1819 2058 1871 ut
2083 1832 2220 1871 cum
2247 1832 2318 1871 eo
2345 1813 2530 1873 vitam
2551 1834 2733 1891 quam

310 1895 556 1973 proprio
586 1892 885 1969 sanguine
912 1892 1247 1969 acquisivit,
1280 1892 1341 1948 in
1372 1898 1665 1951 aeternum
1689 1890 2115 1967 possideamus.
2161 1893 2380 1951 Amen.
