3234 5192
486 353 605 412 668
1010 368 1088 407 ns
1119 366 1605 407 sauss-Acmona
1635 364 1876 405 cuaisn
1905 364 2329 405 Psarscrrosss.
2457 346 2720 429 [mssa-r.
2751 365 2930 409 mr.

570 510 691 570 III.
734 510 956 569 Verum
985 507 1035 568 si
1060 509 1305 569 ulterius
1331 508 1393 567 in
1421 528 1619 569 eorum
1655 514 1908 567 mentem
1953 506 2314 585 inquirimuS,
2345 505 2513 566 facile
2537 507 2765 584 patebit
2799 528 2917 568 eos

484 591 631 649 nihil
659 590 849 650 minus
898 590 1111 650 sentire
1158 609 1331 667 quam
1380 588 1537 667 quod
1579 588 1936 666 profitentur,
1967 595 2027 646 et
2074 586 2481 646 satisfactionis
2509 587 2726 645 Christi
2767 609 2906 665 per·

484 672 790 731 sectionem
819 690 916 730 ore
942 679 1114 731 tenus
1140 690 1413 745 asserere,
1446 667 1551 728 sed
1575 669 1765 745 reipsa
1789 687 2004 745 negare
2021 674 2081 727 et
2107 674 2382 726 evertere.
2427 666 2576 742 Quia
2601 686 2741 725 vero
2770 668 2908 728 haec

488 753 775 812 sententia
798 752 984 829 primo
1012 750 1227 810 intuitu
1252 749 1539 809 horridior
1564 758 1672 823 est,
1703 756 1763 807 et
1788 768 1964 825 quam
1991 766 2159 807 aures
2188 746 2530 805 Christianae
2557 747 2660 805 vix
2687 747 2903 823 ferant,

488 831 665 891 variis
693 830 931 908 artibus,
962 839 1022 890 et
1050 831 1523 890 scholasticarum
1544 828 1982 888 distinctionum
2009 827 2251 887 totidem
2279 826 2464 886 veluti
2489 827 2799 904 pigmentis
2825 839 2906 889 ut

485 913 675 972 solent
699 912 762 969 in
788 912 963 971 rebus
990 910 1152 969 falsis
1170 920 1229 970 et
1256 930 1362 969 sua
1388 910 1639 969 falsitate
1683 908 2132 968 intricatissimis
2177 908 2496 967 incrustare
2523 926 2652 966 eam
2679 928 2903 967 conan-

483 1000 580 1053 tur
604 1001 672 1052 ut
699 992 782 1051 sic
809 991 1056 1051 incautis
1084 998 1143 1049 et
1170 990 1361 1049 minus
1382 988 1812 1067 perspicacibus
1839 988 2024 1047 oculis
2050 988 2350 1066 pulverem
2370 987 2650 1065 injiciant.
2695 988 2903 1049 Primo

486 1074 658 1148 enim,
689 1072 750 1130 in
777 1080 1015 1150 peccato
1064 1072 1293 1148 culpam
1341 1078 1400 1129 et
1426 1088 1660 1148 poenam
1685 1068 2072 1146 distinguunt,
2103 1076 2163 1127 et
2187 1088 2419 1146 poenam
2446 1066 2507 1125 in
2537 1076 2804 1127 aeternam
2831 1079 2904 1129 et

484 1152 888 1231 temporariam
916 1151 1195 1211 tribuunt.
1274 1130 1429 1209 ‘nnn
1476 1168 1632 1208 novo
1661 1157 1720 1209 et
1760 1150 2041 1209 hactenus
2087 1147 2348 1207 inaudito
2395 1148 2662 1226 exemplo
2687 1149 2900 1209 remis-

484 1234 705 1293 sionem
732 1232 915 1309 ipsius
943 1231 1129 1309 culpae
1155 1250 1192 1289 a
1217 1230 1552 1290 remissione
1580 1249 1766 1308 poenae
1815 1229 1899 1289 sic
1926 1227 2213 1305 dividunt,
2243 1236 2308 1288 ut
2352 1229 2446 1287 cui
2488 1228 2724 1287 remissa
2751 1230 2829 1289 sit
2859 1252 2905 1289 a

489 1314 617 1373 Deo
644 1313 871 1390 integra
898 1310 1083 1390 culpa,
1114 1330 1285 1389 posse
1314 1309 1502 1369 eidem
1538 1329 1840 1387 superesse
1867 1308 2138 1369 luendam
2165 1308 2356 1368 adhuc
2381 1308 2633 1386 aliquam
2659 1328 2902 1385 posnam

486 1393 851 1453 arbitrentur.
898 1392 996 1451 Ita
1024 1391 1209 1451 sancit
1241 1392 1513 1469 Synodus
1540 1390 1800 1450 Trident.
1834 1390 1988 1449 Sess.
2023 1388 2081 1449 4.
2113 1408 2238 1467 cap.
2265 1388 2428 1467 viii.;
2475 1392 2512 1421 “
2537 1388 2748 1448 Sancta
2780 1390 2896 1469 Sy-

483 1472 672 1533 nodus
700 1471 955 1533 declarat
980 1471 1186 1531 falsum
1218 1472 1451 1531 omnino
1500 1490 1629 1531 esse
1657 1479 1716 1530 et
1743 1490 1777 1529 a
1803 1470 1982 1531 verbo
2014 1470 2128 1529 Dei
2153 1470 2404 1528 alienum
2449 1468 2678 1547 culpam
2703 1490 2739 1527 a
2769 1470 2898 1529 Do-

480 1553 639 1612 mino
666 1571 961 1629 nunquam
980 1551 1213 1627 remitti,
1236 1553 1378 1629 quin
1399 1552 1671 1610 universa
1691 1550 1865 1610 etiam
1880 1570 2054 1629 poena
2065 1549 2474 1609 condonetur.’'
2497 1549 2647 1608 Tum
2670 1550 2891 1609 Canon.

488 1636 581 1709 12,
617 1636 652 1667 ‘⁶
674 1633 737 1692 Si
765 1632 896 1708 quis
912 1630 1127 1689 dixerit
1152 1639 1335 1691 totam
1375 1651 1606 1709 poenam
1636 1631 1808 1689 simul
1836 1650 1964 1689 cum
2001 1630 2173 1709 culpa
2200 1650 2427 1707 semper
2443 1630 2660 1689 remitti
2686 1650 2722 1689 a
2741 1630 2890 1707 Deo,

484 1711 1049 1789 satisfactionemque
1069 1712 1471 1788 poenitentium
1492 1729 1609 1769 non
1639 1710 1811 1769 aliam
1839 1730 1968 1769 esse
2009 1730 2186 1788 quam
2227 1710 2402 1770 fidem
2429 1728 2544 1787 qua
2571 1711 2890 1787 apprehen·

482 1792 631 1851 dunt
658 1790 950 1850 Christum
976 1810 1083 1868 pro
1111 1790 1197 1851 eis
1225 1790 1588 1864 satisfecisse,
1610 1791 1944 1849 Anathema
1966 1790 2094 1849 sit.’'
2141 1789 2368 1849 Deinde
2395 1797 2632 1849 censent
2657 1790 2719 1847 in
2745 1790 2890 1869 bap-

479 1872 653 1932 tismo
682 1869 915 1949 quidem
942 1869 1258 1948 plenariam
1286 1890 1413 1929 esse
1440 1870 1838 1930 remissionem
1869 1870 2158 1929 universae
2185 1878 2310 1929 tum
2331 1870 2514 1947 culpae
2535 1878 2660 1929 tum
2679 1890 2886 1947 poenae,

482 1952 570 2011 At
595 1961 730 2031 post
755 1951 1105 2028 baptismum
1132 1958 1461 2029 peccatores
1488 1970 1660 2029 posse
1687 1949 1920 2028 quidem
1956 1950 2184 2010 restitui
2211 1950 2273 2009 in
2313 1950 2621 2027 integrum,
2653 1950 2756 2009 sed
2775 1951 2888 2009 dif-

481 2032 692 2093 ficilius
718 2051 893 2111 quam
918 2032 981 2089 in
1007 2031 1313 2109 baptismO,
1344 2030 1559 2091 remitti
1579 2029 1812 2108 quidem
1843 2030 2072 2109 culpam
2115 2038 2176 2090 et
2200 2050 2432 2109 poenam
2467 2038 2736 2089 aeternam
2763 2051 2892 2109 Ρω-

480 2112 817 2189 nitentibus,
849 2112 953 2172 sed
980 2112 1215 2173 retineri
1242 2121 1437 2172 tamen
1472 2132 1676 2190 poenas
1717 2111 1999 2189 quasdam
2045 2110 2410 2188 temporales,
2453 2111 2661 2187 partim
2687 2110 2748 2168 in
2775 2112 2889 2171 hac

481 2195 605 2255 vita
632 2194 842 2273 partim
868 2193 931 2252 in
958 2192 1151 2253 futura
1196 2192 1601 2269 exsolvendae,
1634 2200 1694 2252 et
1735 2191 1986 2270 quidem,
2017 2199 2083 2250 ut
2127 2190 2236 2269 ipsi
2279 2191 2610 2269 loquuntur,
2646 2192 2682 2223 “
2701 2210 2888 2269 usque

479 2274 557 2335 ad
580 2275 850 2335 ultimum
872 2273 1249 2349 quadrantem
1272 2273 1329 2349 ;’'
1362 2274 1440 2333 Et
1450 2293 1521 2331 ne
1538 2272 1670 2349 quis
1689 2280 1855 2349 putet
1873 2273 2036 2331 leves
2055 2280 2116 2333 et
2135 2271 2380 2349 exiguas
2397 2289 2524 2329 esse
2542 2270 2650 2329 has
2663 2290 2886 2348 poenas‚

480 2354 695 2416 diserte
720 2353 1097 2429 pronuntiant
1122 2372 1250 2411 esse
1300 2352 1515 2411 “illam
1540 2352 1726 2429 ipsam
1773 2371 2007 2429 posnam
2053 2371 2258 2424 sensus
2303 2370 2478 2429 quam
2531 2350 2594 2409 in
2619 2352 2892 2428 gehenna

478 2432 925 2571 patiddebuisset
944 2438 1229 2508 peccator,
1259 2440 1481 2491 remota
1524 2432 1714 2491 solum
1741 2432 2119 2509 aeternitate,'²
2167 2439 2235 2491 ut
2259 2432 2438 2494 habet
2465 2430 2736 2491 Bellarm.
2779 2432 2887 2491 lib.

476 2512 556 2573 iv.
628 2532 659 2571 e
687 2511 886 2589 poenit.
916 2531 966 2571 c.
994 2511 1036 2569 i.

560 2592 671 2653 IV.
716 2591 929 2665 Terti0,
962 2589 1428 2653 satisfactionem
1456 2590 1630 2651 aliam
1657 2595 1852 2669 culpes,
1884 2593 2057 2651 aliam
2079 2611 2282 2669 poenoe,
2313 2610 2442 2651 esse
2473 2598 2752 2651 statuunt.
2803 2590 2889 2651 Et

479 2674 659 2750 eulpae
684 2671 921 2749 quidem
947 2679 1007 2731 et
1022 2690 1209 2749 poenoe
1235 2679 1464 2731 aeternae
1489 2672 1713 2731 nullam
1739 2672 1930 2733 afferri
1957 2692 2128 2751 posse
2145 2693 2181 2732 a
2199 2680 2501 2749 peccatore
2529 2670 2890 2731 communior

479 2761 570 2813 est
595 2753 751 2830 apud
778 2752 936 2831 ipsos
958 2752 1259 2829 sententia,
1284 2752 1449 2832 (licet
1474 2772 1593 2813 non
1631 2754 1817 2831 pauci,
1831 2762 1899 2813 ut
1929 2754 2157 2830 Scotus,
2181 2754 2497 2829 Tapperus,
2528 2752 2884 2829 Altenstaig,

479 2834 771 2911 Valentia,
803 2842 863 2895 et
890 2834 991 2895 alii
1010 2834 1185 2897 etiam
1212 2853 1317 2911 pro
1346 2834 1519 2912 culpa
1544 2841 1604 2893 et
1657 2854 1832 2913 poena
1873 2840 2090 2893 aeterna
2137 2832 2404 2893 satisfieri
2449 2851 2622 2911 posse
2649 2840 2886 2891 conten-

477 2914 675 2996 dant3)
705 2915 808 2976 sed
828 2935 933 2994 pro
960 2935 1134 2993 poena
1158 2915 1463 2993 temporali
1482 2934 1612 2992 quae
1632 2924 1767 2993 post
1793 2914 2090 2973 dimissam
2111 2913 2341 2991 culpam
2367 2914 2584 2975 luenda
2609 2920 2882 2989 remanet,

478 2996 609 3057 Deo
650 2996 980 3056 satisfacere
1020 3014 1193 3074 posse
1238 2996 1442 3055 fideles
1480 2996 1543 3053 in
1584 3002 1886 3073 peccatum
1927 2995 2228 3073 prolapsos
2267 3002 2328 3053 et
2362 2993 2598 3072 quidem
2639 3014 2774 3053 vere
2814 3013 2886 3051 ac

475 3076 705 3153 proprie
760 3076 1108 3151 satisfacere,
1166 3074 1253 3135 sic
1290 3083 1358 3135 ut
1396 3076 1509 3153 ipsi
1550 3084 1776 3136 tantum
1829 3075 2037 3135 fecisse
2069 3076 2203 3153 jure
2244 3074 2566 3151 meritoque
2607 3072 2884 3133 censendi

476 3156 611 3231 sint,
660 3163 940 3231 quantum
990 3156 1132 3215 satis
1180 3163 1271 3214 est
1315 3155 1393 3213 ad
1436 3154 1708 3232 injuriam
1751 3155 2252 3233 compensandam,
2281 3162 2678 3233 quantumque
2719 3154 2885 3213 Deus

473 3241 713 3312 peccato
752 3233 929 3293 laesus
960 3234 1121 3311 juste
1162 3234 1239 3293 ab
1264 3234 1337 3293 iis
1366 3234 1684 3312 exigebat3
1731 3236 1860 3293 [mo
1887 3243 1946 3295 et
1991 3254 2120 3293 eam
2181 3254 2308 3293 esse
2335 3234 2594 3294 fidelium
2641 3234 2790 3292 inter
2815 3252 2882 3293 se

474 3312 960 3389 conjunctionem,
1004 3320 1071 3373 ut
1110 3311 1287 3371 etiam
1336 3314 1435 3371 alii
1476 3333 1581 3391 pro
1630 3314 1761 3374 aliis
1799 3314 2130 3374 satisfacere
2173 3313 2398 3391 possint
2426 3337 2443 3391 ς
2489 3315 2708 3373 Concil-
2749 3313 2880 3371 Tri·-

473 3393 632 3452 dent.
679 3392 836 3452 Sess.
864 3395 923 3452 4.
966 3412 1093 3470 cap.
1142 3392 1264 3451 viii.
1309 3412 1435 3452 can.
1486 3397 1577 3469 13,
1633 3396 1671 3427 ‘⁶
1696 3394 1762 3453 Si
1795 3394 1928 3471 quis
1975 3394 2190 3453 dixerit
2236 3414 2340 3472 pro
2387 3394 2640 3472 peccatis
2687 3392 2882 3471 quoad

472 3492 702 3552 poenam
729 3473 1105 3552 temporalem
1132 3472 1368 3533 minime
1398 3474 1526 3533 Deo
1550 3494 1658 3553 per
1701 3474 1918 3535 Christi
1964 3474 2232 3537 meritum
2273 3475 2542 3535 satisfieri
2587 3474 2774 3553 poenis
2799 3474 2880 3532 ab

470 3573 541 3613 eo
568 3552 803 3613 inflictis
830 3562 890 3613 et
915 3553 1201 3633 patienter
1219 3553 1497 3629 toleratis,
1519 3555 1616 3614 vel
1637 3576 1673 3614 a
1693 3554 1992 3615 sacerdote
2017 3555 2312 3631 injunctis,
2335 3557 2440 3615 sed
2457 3574 2646 3633 neque
2671 3562 2879 3632 sponte

472 3634 774 3729 susceptis,
797 3643 865 3695 ut
892 3634 1265 3710 orationibus,
1298 3633 1543 3713 jejuni0,
1576 3636 1977 3715 eleemosynis,
2007 3637 2107 3696 vel
2153 3635 2284 3695 aliis
2311 3636 2486 3695 etiam
2511 3636 2746 3715 pietatis
2771 3654 2876 3693 ex-

470 3714 705 3792 ercitiis,
728 3723 903 3793 atque
923 3714 1070 3775 adeo
1099 3715 1375 3793 optimam
1401 3716 1798 3793 poenitentiam
1842 3736 1970 3777 esse
1998 3725 2222 3777 tantum
2249 3736 2464 3775 novam
2489 3716 2689 3790 vitam,
2714 3714 2876 3773 Ana-

470 3796 668 3856 thema
702 3794 840 3856 sit.”
922 3796 1002 3856 Et
1030 3796 1265 3855 catech.
1288 3794 1520 3857 Triden.
1544 3818 1596 3857 c.
1625 3797 1700 3857 de
1729 3806 2088 3857 sacramento
2111 3796 2495 3873 Paenitentiae,
2525 3795 2876 3871 Satissactio-

470 3898 592 3936 nem
623 3875 824 3935 definit
871 3878 907 3913 “
931 3876 1043 3937 Rei
1091 3876 1303 3935 debitae
1351 3876 1638 3955 integram
1687 3877 2032 3937 solutionem
2081 3885 2141 3937 et
2187 3876 2710 3954 compensationem
2759 3894 2878 3952 qua

468 3957 643 4015 homo
690 3976 796 4035 pro
836 3956 1091 4035 peccatis
1132 3957 1456 4017 commissis
1506 3958 1636 4017 Deo
1675 3957 1898 4034 aliquid
1935 3957 2272 4034 persolvit.''
2341 3957 2622 4017 Bellarm.
2659 3956 2762 4016 lib.
2811 3954 2873 4015 ii.

470 4037 542 4097 de
586 4036 822 4116 Indulg.
865 4058 917 4098 c.
960 4039 1015 4111 9,
1065 4037 1409 4097 “Catholici
1435 4036 1722 4115 Theologi
1763 4037 1973 4097 docent
2007 4056 2131 4097 non
2153 4038 2342 4098 solum
2382 4057 2554 4115 posse
2581 4037 2876 4097 hominem

459 4116 844 4194 justificatum
872 4116 1220 4193 satisfacere,
1250 4116 1357 4177 sed
1383 4117 1555 4177 etiam
1584 4117 1649 4176 id
1672 4136 1844 4195 posse
1873 4136 1946 4177 ex
1970 4118 2260 4197 condigno
2283 4120 2340 4194 ;''
2382 4118 2520 4177 hinc
2545 4117 2648 4179 lib.
2678 4118 2717 4176 i.
2747 4134 2874 4195 cap.

466 4202 522 4272 2,
557 4197 791 4275 “Operi
820 4197 1201 4259 satisfactorio
1230 4197 1427 4277 deberi
1446 4196 1772 4257 mercedem
1813 4218 1889 4257 ex
1921 4198 2156 4273 justitia
2171 4198 2622 4258 commutativa”
2653 4198 2874 4258 statuit·

467 4276 641 4335 Unde
669 4278 965 4355 colligitur
990 4299 1067 4339 ex
1092 4278 1237 4356 ipsis
1259 4277 1710 4339 satisfactionem
1739 4278 1954 4338 Christi
1982 4298 2100 4338 non
2119 4279 2202 4339 ita
2223 4298 2351 4339 esse
2375 4279 2706 4359 perfectam,
2729 4277 2876 4355 quin

464 4374 691 4432 semper
718 4357 846 4416 aliae
875 4358 1299 4419 satisfactiones
1327 4378 1362 4417 a
1386 4368 1549 4437 parte
1564 4359 1864 4421 hominum
1893 4358 2276 4437 requirantur.
2321 4360 2454 4419 Hoc
2475 4368 2670 4438 aperte
2697 4358 2878 4417 habet

462 4434 735 4494 Bellarm.
760 4435 861 4495 lib.
884 4437 923 4495 i.
946 4439 1019 4498 de
1043 4439 1281 4517 Pur-gat.
1304 4460 1429 4517 cap.
1442 4462 1501 4499 x.
1524 4464 1538 4501 ε
1572 4442 1607 4475 “
1624 4440 1688 4500 Si
1709 4440 2030 4513 Christus‚”
2047 4439 2252 4518 inquit,
2279 4440 2606 4500 “satisfecit
2625 4459 2728 4517 pro
2749 4458 2873 4496 om-

462 4513 525 4573 ni
544 4513 715 4590 culpa
724 4522 785 4573 ct
793 4534 983 4592 poena,
1002 4527 1248 4596 curpost
1256 4520 1553 4579 remissam
1576 4521 1806 4598 culpam
1829 4521 2020 4581 adhuc
2039 4528 2158 4580 tam
2175 4521 2361 4580 multa
2375 4521 2530 4579 mala
2548 4520 2798 4599 patimur
2806 4518 2870 4577 ‘P'

460 4594 591 4655 Imo
626 4612 735 4651 nec
762 4601 928 4671 putat
970 4598 1184 4659 Christi
1224 4607 1467 4659 mortem
1506 4609 1664 4660 certo
1705 4620 1881 4662 sensu
1909 4621 2036 4661 esse
2077 4600 2528 4661 satisfactionem
2565 4598 2870 4675 actualem,

457 4674 561 4733 scd
582 4692 756 4751 opera
774 4682 989 4735 nostra.
1038 4678 1194 4736 Dum
1236 4678 1389 4735 cnim
1428 4680 1740 4755 respondet
1767 4681 1842 4739 ad
1883 4681 2262 4759 quaestionem
2283 4682 2655 4759 propositam,
2679 4679 2782 4737 An
2809 4680 2872 4737 in
