3234 5192
471 360 586 417 558
1014 381 1020 388 ·
1049 371 1128 411 m:
1158 369 1639 413 sxrrsrxcrioxis
1668 369 1903 410 cnnis‘rx
1932 367 2250 410 vnum-Ars.
2434 347 2693 432 [msrur.
2726 369 2880 412 xvn.

461 515 630 575 verbi
657 513 844 592 gratia
873 514 924 573 si
951 513 1082 592 quis
1109 513 1322 591 impius
1350 513 1424 572 ab
1453 512 1567 570 alio
1584 511 1943 588 interficitur,
1976 531 2053 570 ex
2080 510 2307 589 privato
2336 509 2471 570 odio
2500 530 2568 570 ae
2594 510 2877 588 vindicta,

457 597 590 675 jure
619 595 852 673 quidem
881 602 1144 671 respectu
1189 593 1300 652 Dei
1329 593 1569 651 moritur
1596 599 1829 670 propter
1848 611 1951 650 sua
1968 599 2220 668 peccata,
2252 590 2355 649 sed
2382 611 2499 649 non
2521 591 2653 669 jure
2682 599 2879 650 tamen

463 678 537 736 ab
567 677 681 735 ali‘o
711 675 814 734 sed
843 674 1202 752 iniquissime
1225 673 1544 748 occiditur;
1590 673 1675 731 sic
1706 671 1969 730 Christus
1988 672 2121 748 jure
2164 671 2398 748 quidem
2426 671 2599 730 morti
2626 671 2881 730 traditur

462 777 498 815 a
527 758 652 816 Deo
681 763 915 834 propter
941 762 1139 814 nostra
1165 761 1404 831 peecata
1430 753 1491 810 in
1514 771 1575 810 se
1604 759 1889 828 suscepta,
1923 751 2025 810 sed
2066 751 2281 829 injuste
2308 757 2501 810 tamen
2530 771 2565 809 a
2594 751 2877 812 Romanis

463 837 762 896 occiditur.
799 834 1080 910 Secunde,
1102 834 1333 892 axioma
1354 832 1500 891 illud
1519 831 1678 909 quod
1694 851 1864 890 nemo
1883 839 2116 908 propter
2138 831 2325 890 aliena
2346 839 2583 909 peccata
2594 833 2727 908 jure
2748 851 2874 890 mo·

460 917 659 993 riatur,
689 916 786 974 vel
807 915 1150 991 intelligitur
1177 913 1250 972 de
1264 914 1497 989 judiciis
1523 914 1782 971 humanis
1798 913 1896 971 vel
1923 915 1991 970 de
2010 912 2195 970 divino
2220 933 2245 976 ;
2273 911 2335 969 in
2362 911 2481 969 illis
2508 911 2755 970 fatemur
2780 933 2873 970 or·

462 997 683 1055 dinarie
729 996 919 1054 locum
969 995 1080 1052 hoe
1127 1013 1246 1052 non
1292 993 1524 1068 habere,
1555 993 1693 1070 quia
1718 992 1881 1070 leges
1908 1011 2024 1051 non
2052 991 2393 1069 permittunt
2418 991 2597 1050 alium
2626 1011 2729 1069 pro
2757 993 2874 1051 alio

462 1077 666 1151 occidi,
723 1093 1052 1153 quanquam
1097 1079 1157 1132 et
1203 1093 1620 1150 nonnunquam
1670 1073 1780 1131 hoc
1827 1091 1937 1132 usu
1980 1072 2179 1131 venire
2228 1071 2411 1130 soleat
2438 1079 2503 1130 ut
2543 1071 2605 1129 in
2634 1072 2875 1132 erimine

462 1157 617 1216 laesae
644 1154 965 1234 majestatis
994 1161 1052 1212 et
1079 1153 1209 1212 aliis
1237 1153 1611 1212 atrocissimis
1659 1153 1919 1211 haeredes
1967 1161 2025 1210 et
2052 1151 2267 1229 posteri
2300 1151 2359 1209 in
2397 1159 2617 1228 partem
2636 1153 2875 1212 veniant

467 1257 648 1315 poenae
698 1255 828 1295 cum
882 1233 1294 1311 principalibus
1337 1235 1468 1308 reis,
1526 1232 1686 1310 quod
1739 1232 2041 1311 probatum
2092 1232 2201 1290 fuit
2254 1239 2424 1290 antea
2480 1232 2644 1308 Disp.
2688 1232 2749 1290 ii.
2798 1232 2874 1292 de

461 1316 804 1376 necessitate
854 1314 1260 1373 satisfactionis
1283 1335 1297 1390 3
1340 1313 1444 1372 sed
1487 1333 1638 1391 resp.
1688 1313 1808 1372 Dei
1830 1313 1928 1389 qui
1958 1327 2243 1370 summum
2282 1312 2383 1388 jus
2424 1311 2561 1370 vitae
2606 1319 2666 1370 et
2712 1312 2873 1371 necis

461 1398 637 1457 habet
664 1397 724 1454 in
753 1403 1091 1470 ereaturam,
1121 1393 1270 1451 nihil
1309 1394 1503 1454 obstat
1529 1394 1840 1470 quominus
1868 1391 1967 1450 alii
1994 1411 2098 1470 pro
2133 1392 2262 1449 aliis
2299 1391 2625 1468 plectantur
2666 1391 2872 1468 justis-

463 1479 623 1552 sime,
653 1477 905 1534 maxime
933 1476 983 1533 si
1019 1475 1170 1532 inter
1189 1493 1289 1532 eos
1319 1473 1639 1533 intercedat
1661 1471 1898 1549 aliquod
1917 1471 2337 1530 communionis
2359 1471 2673 1548 vinculum,
2698 1479 2761 1531 ut
2792 1491 2869 1530 cx

461 1557 640 1616 variis
677 1555 959 1633 exemplis
987 1562 1229 1628 constat,
1261 1553 1391 1613 Jos.
1420 1553 1522 1612 vii.
1554 1556 1608 1628 5,
1656 1557 1692 1611 2
1728 1553 1881 1611 Sam.
1926 1551 2049 1609 xxi.
2097 1553 2151 1626 5,
2198 1554 2253 1624 6,
2304 1550 2462 1627 quod
2510 1559 2575 1638 et
2596 1560 2765 1612 antea
2806 1551 2871 1610 in

463 1637 624 1713 Lege
652 1643 923 1693 sanxerat
951 1653 1014 1692 se
1042 1634 1410 1692 visitaturum
1437 1641 1675 1710 peecata
1701 1640 2001 1710 parentum
2044 1631 2106 1688 in
2130 1630 2300 1689 filios.
2387 1629 2593 1708 Itaque
2621 1631 2728 1690 etsi
2753 1631 2867 1690 hoc

459 1735 578 1775 non
605 1715 891 1774 obtineret
916 1715 1068 1772 inter
1094 1713 1372 1786 homines,
1403 1713 1540 1790 quia
1565 1720 1763 1772 tamen
1790 1713 1850 1769 in
1871 1711 2092 1789 judicio
2111 1709 2309 1769 divino
2330 1730 2447 1768 non
2470 1711 2645 1769 semel
2666 1729 2865 1769 occur·

459 1797 552 1870 rit,
583 1793 790 1852 falsum
821 1813 896 1851 ex
925 1812 992 1851 eo
1038 1792 1486 1868 deprehenditur
1526 1793 1640 1850 hoc
1668 1789 1985 1850 adversarii
2014 1791 2245 1850 axioma
2271 1799 2329 1850 et
2369 1790 2524 1867 quod
2552 1790 2640 1848 illi
2667 1810 2861 1868 super-

461 1874 702 1935 struitur
730 1873 958 1950 dogma,
991 1871 1282 1930 Christum
1314 1871 1435 1930 seil.
1461 1873 1594 1950 jure
1615 1879 1850 1949 propter
1870 1871 2058 1930 aliena
2102 1879 2339 1948 peccata
2355 1890 2471 1929 non
2500 1891 2669 1949 posse
2694 1873 2867 1931 morti

459 1954 611 2015 tradi
633 1974 708 2013 ex
738 1953 852 2012 Dei
873 1951 1318 2028 dispensatione.

541 2033 872 2094 XXXIII.
905 2033 1022 2090 Hic
1049 2051 1190 2091 vero
1219 2033 1505 2111 excipitur
1531 2051 1746 2107 rursus,
1784 2031 1901 2091 Sed
1928 2031 2147 2108 demus,
2173 2031 2378 2108 inquit,
2410 2031 2603 2090 omnia
2628 2039 2866 2109 peccata

457 2124 656 2176 nostra
685 2115 913 2174 Christo
941 2114 1222 2192 imputata
1249 2112 1446 2190 fuisse,
1477 2120 1537 2172 et
1577 2113 1653 2172 ob
1695 2131 1821 2171 eam
1864 2130 1985 2170 rem
2014 2112 2203 2189 ipsum
2230 2131 2359 2170 esse
2386 2121 2694 2184 mortuum,
2722 2131 2861 2170 num

454 2197 672 2256 idcirco
701 2215 832 2255 eum
860 2214 964 2272 pro
985 2194 1128 2272 ipsis
1149 2195 1400 2270 peccatis
1421 2194 1596 2254 etiam
1618 2191 1968 2252 satisfecisse
1990 2191 2339 2251 credendum
2362 2191 2473 2251 erit
2490 2195 2519 2250 P
2600 2191 2861 2268 Minime,

455 2277 660 2353 inquit,
691 2276 828 2353 quia
877 2282 1212 2351 sequeretur
1255 2274 1353 2342 sic,
1402 2273 1560 2351 quod
1603 2273 1849 2349 quilibet
1889 2279 2151 2331 nostrum
2180 2273 2281 2348 qui
2324 2270 2638 2330 Christiani
2664 2291 2864 2331 sumus

453 2357 586 2414 ideo
616 2355 892 2413 morimur
919 2354 1056 2430 quia
1084 2354 1438 2429 imputantur
1481 2353 1652 2412 nobis
1696 2352 1909 2410 delicta
1934 2359 2150 2427 nostra,
2180 2371 2351 2411 nemo
2378 2359 2574 2410 tamen
2600 2359 2861 2410 nostrum

450 2456 558 2513 pro
588 2435 708 2493 suis
737 2433 964 2492 delictis
993 2431 1290 2490 moriendo
1319 2432 1613 2490 satisfecit.
1648 2432 1844 2509 Resp.,
1880 2431 1996 2491 Sed
2012 2431 2217 2492 nititur
2236 2431 2383 2490 falsa
2402 2432 2665 2510 hypoth.,
2696 2433 2864 2509 quasi

454 2514 656 2573 fideles
686 2533 816 2571 eum
843 2511 1184 2586 moriuntur,
1215 2511 1346 2569 ideo
1369 2511 1709 2586 moriantur,
1742 2512 1899 2588 quod
1918 2511 2061 2590 ipsis
2089 2519 2327 2589 peccata
2355 2531 2460 2570 sua
2486 2511 2857 2590 imputentur,

453 2603 514 2653 at
541 2613 680 2653 vero
707 2591 845 2651 licet
873 2591 1174 2649 occasione
1195 2599 1560 2668 peecatorum
1603 2592 1937 2668 moriantur,
1968 2611 2086 2650 non
2113 2592 2256 2670 ipsis
2283 2599 2477 2652 tamen
2504 2591 2862 2670 imputantur

451 2674 700 2752 amplius
728 2673 803 2731 ad
830 2691 1078 2751 poenam,
1110 2669 1247 2748 quia
1289 2671 1518 2730 Christo
1546 2671 1828 2749 imputata
1854 2671 2101 2748 fuerunt,
2134 2673 2233 2751 qui
2259 2680 2559 2750 peceatum
2588 2693 2693 2750 pro
2720 2673 2862 2750 ipsis

452 2756 640 2814 factus
669 2760 758 2813 est
803 2762 868 2812 ut
916 2759 1112 2812 essent
1152 2751 1382 2829 justitia
1428 2752 1539 2811 Dei
1568 2751 1631 2809 in
1658 2751 1804 2829 ipse,
1835 2756 1871 2809 2
1902 2751 2033 2810 Cor.
2063 2773 2122 2811 v.
2153 2756 2250 2811 21.
2336 2752 2430 2812 Ita
2459 2753 2507 2810 si
2536 2753 2861 2812 moriuntur

451 2856 570 2894 non
597 2835 919 2893 moriuntur
959 2832 1208 2910 amplius
1249 2840 1317 2892 ut
1359 2842 1574 2912 poenas·
1605 2831 1793 2891 ferant
1836 2840 1895 2891 et
1944 2830 2316 2909 satisfaciant,
2366 2832 2469 2892 sed
2510 2841 2579 2892 ut
2622 2853 2857 2910 corpore

452 2915 656 2976 mortis
681 2915 999 2974 liberentur
1027 2923 1085 2973 et
1113 2933 1215 2991 per
1241 2920 1486 2976 mortem
1519 2913 1596 2971 ad
1636 2913 1819 2971 vitam
1846 2920 2157 2971 transeant.
2223 2913 2314 2971 De
2343 2912 2566 2972 caeteris
2594 2913 2695 2989 qui
2724 2922 2860 2972 sunt

454 3005 620 3056 extra
650 2996 942 3054 Christum
972 2993 1178 3052 damus
1205 3001 1448 3054 mortem
1478 2993 1596 3052 illis
1626 2993 1687 3052 in
1714 3011 1943 3070 poenam
1973 2993 2194 3068 cedere,
2226 3011 2441 3070 eosque
2470 2993 2617 3051 mori
2645 2994 2703 3051 in
2724 3013 2856 3070 pec-

453 3077 598 3136 catis
626 3083 685 3135 et
711 3084 875 3134 reatu
903 3094 1007 3133 suo
1057 3074 1158 3152 qui
1201 3074 1344 3151 ipsis
1387 3073 1706 3151 imputatur
1752 3081 1811 3131 et
1856 3091 1962 3150 pro
1990 3092 2105 3150 quo
2134 3073 2367 3150 quidem
2398 3073 2643 3149 singulis
2670 3073 2858 3150 poenis

453 3176 598 3233 quas
625 3155 923 3232 patiuntur
951 3154 1202 3228 solvunt,
1235 3152 1338 3213 sed
1364 3173 1504 3213 non·
1527 3152 1888 3212 satisfaciunt
1932 3161 2141 3227 tamen,
2173 3153 2311 3230 quia
2339 3153 2419 3212 ita
2446 3172 2545 3211 eas
2572 3151 2764 3211 ferunt
2790 3161 2859 3213 ιιι

451 3253 748 3312 nunquam
789 3231 1095 3310 perferant,
1139 3234 1222 3291 ita
1265 3253 1364 3292 eas
1406 3233 1707 3310 patiuntur
1751 3239 1819 3292 ut
1861 3251 2153 3309 nunquam
2204 3241 2439 3311 propter
2464 3232 2855 3292 infirmitatem

454 3333 616 3374 suam
645 3319 862 3388 queant
891 3332 966 3369 ex
994 3311 1066 3369 iis
1095 3310 1353 3387 eluctari,
1384 3312 1631 3390 ideoque
1682 3313 1819 3388 quia
1866 3332 2163 3389 nunquam
2209 3313 2420 3372 solutio
2465 3321 2554 3371 est
2580 3312 2850 3390 perfecta,

452 3411 748 3470 nunquam
777 3391 951 3450 etiam
981 3390 1294 3449 satisfactio
1337 3399 1529 3468 potest
1567 3391 1688 3450 illis
1732 3392 1928 3451 tribui.
1959 3392 2032 3450 In
2075 3393 2305 3453 Christo
2334 3411 2475 3452 vero
2504 3392 2687 3470 aliter,
2718 3394 2858 3470 qnia

455 3475 635 3535 semel
662 3470 993 3549 plenissime
1021 3470 1215 3544 solvit,
1244 3491 1372 3529 vere
1401 3471 1574 3529 etiam
1601 3471 1876 3548 patiendo
1900 3472 2181 3548 satisfecit.

535 3551 856 3612 XXXIV.
904 3549 1169 3627 Denique
1197 3551 1486 3627 pertendit
1511 3571 1631 3609 non
1658 3552 1799 3611 satis
1828 3561 2091 3612 accurate
2120 3572 2289 3630 posse
2319 3552 2435 3611 dici
2464 3552 2693 3612 Christo
2719 3573 2855 3631 pec-

455 3643 584 3695 cata
611 3641 808 3693 nostra
834 3631 1012 3690 fuisse
1041 3631 1339 3708 imputata,
1371 3631 1508 3709 quia
1534 3631 1679 3690 alias
1706 3633 2013 3692 immerens
2030 3652 2148 3691 non
2169 3632 2375 3693 fuisset
2394 3640 2672 3708 mortuus,
2697 3633 2856 3710 quod

453 3725 646 3777 tamen
675 3713 736 3772 in
763 3731 1008 3791 persona
1035 3709 1284 3770 Davidis
1311 3710 1385 3771 de
1415 3731 1475 3772 se
1503 3712 1695 3790 palam
1717 3713 2033 3790 profitetur,
2060 3713 2215 3772 Psal.
2237 3713 2385 3772 lxix.
2414 3713 2471 3788 4,
2506 3715 2542 3748 ‘⁴
2564 3713 2706 3787 Quae
2734 3733 2853 3772 non

451 3795 618 3875 rapui
645 3802 782 3854 tune
810 3791 1038 3852 reddidi
1056 3794 1106 3866 ;'’
1148 3791 1286 3851 item
1315 3792 1474 3870 quod
1499 3801 1671 3852 antea
1712 3793 1941 3852 dixerat
1972 3797 2007 3826 “
2030 3794 2277 3853 oderunt
2302 3813 2395 3852 me
2424 3793 2665 3870 gratis,'’
2695 3793 2855 3870 quod

451 3877 528 3936 ad
556 3895 616 3934 se
645 3873 931 3949 transfert,
963 3873 1008 3932 J
1010 3872 1103 3931 oh.
1131 3893 1234 3931 xv.
1264 3875 1361 3950 25,
1393 3893 1523 3951 quae
1569 3873 1751 3931 verba
1793 3873 2011 3932 nullam
2052 3872 2363 3951 juridicam
2414 3892 2646 3932 causam
2673 3872 2853 3933 fuisse

450 3957 846 4016 demonstrant
874 3974 976 4012 cur
1005 3952 1268 4012 Christus
1308 3973 1437 4013 eam
1481 3961 1725 4012 mortem
1771 3952 1916 4011 ferre
1958 3961 2266 4027 teneretur,
2297 3952 2455 4030 quod
2482 3954 2715 4012 omnino
2744 3953 2851 4012 fal-

452 4057 580 4097 sum
609 4042 778 4109 esset,
811 4033 861 4093 si
887 4041 1086 4092 nostra
1111 4032 1196 4090 illi
1225 4033 1506 4110 imputata
1526 4041 1765 4109 peccata
1785 4032 2065 4110 fuissent3
2110 4033 2395 4110 siquidem
2418 4033 2550 4110 jure
2573 4041 2631 4092 et
2646 4034 2853 4093 merito

445 4123 644 4196 posset
673 4114 790 4173 dici
805 4113 1157 4174 interfectus.
1202 4112 1319 4172 Sed
1339 4121 1540 4191 peccat
1571 4111 1727 4172 falla.
1746 4133 1782 4171 a
1798 4112 1954 4171 dieto
1972 4113 2288 4173 secundum
2311 4113 2470 4191 quid.
2502 4114 2635 4172 Non
2656 4122 2854 4191 posset

449 4198 566 4257 diei
598 4196 851 4256 Chr-ntem
891 4195 1184 4252 immerens
1211 4193 1374 4269 mori,
1423 4198 1688 4271 respectu
1730 4193 1913 4251 nostra·
1952 4195 2223 4266 concede,
2252 4201 2519 4271 respectu
2544 4195 2639 4252 sui
2658 4213 2849 4271 neg03

448 4297 581 4336 nam
609 4277 720 4336 etsi
745 4295 848 4354 pro
877 4274 1047 4333 nobis
1075 4273 1282 4345 solvat,
1327 4293 1432 4351 pro
1476 4293 1538 4332 se
1586 4281 1780 4332 tamen
1822 4273 1969 4331 nihil
2016 4273 2235 4334 debuit.
2322 4273 2547 4333 Deinde
2576 4272 2735 4333 aliud
2762 4283 2854 4334 est

451 4358 737 4418 Christum
765 4357 1137 4414 immerentem
1165 4353 1412 4414 interfici
1451 4375 1490 4412 a
1533 4354 1755 4413 Judoeaets
1795 4353 2059 4414 hostibus
2087 4356 2189 4432 qui
2216 4375 2347 4414 eum
2377 4355 2561 4432 gratis
2586 4353 2845 4430 oderant,

445 4435 606 4496 aliud
631 4436 1026 4494 immerentem
1053 4435 1225 4494 morti
1253 4433 1403 4494 tradi
1443 4455 1482 4493 a
1511 4437 1640 4494 Deo
1680 4435 1724 4495 J
1726 4433 1911 4510 udiee,
1943 4434 2101 4512 prius
2128 4455 2348 4511 verum,
2381 4433 2485 4494 sed
2510 4453 2625 4493 non
2654 4441 2848 4511 poste-

443 4515 584 4575 rius.
667 4515 790 4572 Nec
834 4514 994 4573 alind
1034 4513 1284 4574 innuunt
1326 4515 1506 4574 verba
1555 4514 1803 4592 Psaltis;
1848 4535 1981 4574 nam
2031 4515 2301 4576 ut‘nulla
2334 4515 2445 4574 fuit
2488 4533 2663 4574 eausa
2684 4514 2849 4590 justa

441 4601 677 4674 propter
703 4611 876 4670 quam
905 4613 1037 4652 eum
1063 4595 1260 4654 hostes
1279 4603 1777 4672 persequerentur,
1822 4595 1905 4654 ita
1924 4615 2128 4655 revera
2163 4615 2281 4654 non
2306 4595 2511 4654 debuit
2538 4595 2661 4672 ipse
2689 4594 2849 4672 quod

441 4674 617 4734 solvit
643 4693 748 4751 pro
775 4672 960 4748 nobis,
995 4675 1030 4705 “
1045 4672 1280 4748 justus”
1323 4675 1476 4732 enim
1525 4677 1561 4708 “
1582 4695 1687 4752 pro
1732 4675 1963 4752 injustis
1990 4695 2197 4753 passus
2224 4679 2366 4751 est,”
2400 4679 2427 4733 1
2478 4676 2605 4735 Pet.
2634 4674 2715 4734 iii.
2750 4676 2844 4735 18.

2188 4831 2217 4848 ἱ
