3234 5192
336 361 567 408 nrsrn'r.
600 343 689 422 x.]
1294 359 1370 398 ns
1402 359 1702 399 scurnum
1735 359 1920 400 muno.
2648 351 2764 408 373

337 502 455 562 Sed
484 521 827 580 quocunque
856 501 1029 561 modo
1058 508 1382 578 exponatur
1408 521 1543 577 vox,
1578 509 1797 562 certum
1819 510 1908 562 est
1929 503 2216 582 malignos
2244 513 2303 564 et
2331 525 2551 566 summe
2581 528 2754 568 vene-

333 591 501 643 natos
524 583 711 642 notari
740 591 1053 660 serpenteS,
1085 581 1185 658 qui
1208 581 1496 640 morsibus
1526 583 1647 640 suis
1675 584 1890 642 multos
1911 604 1986 642 ex
2013 586 2228 662 populo
2257 595 2586 648 enecarunt.

938 662 1014 720 V.
1061 661 1193 720 Non
1230 681 1375 740 opus
1424 669 1513 720 est
1560 671 1754 720 autem
1803 664 1974 722 anxie
2017 685 2290 742 quaerere,
2322 669 2424 724 An
2453 677 2748 746 serpentes

332 729 647 833 Λξαξξξήέζ
670 734 816 832 {iffi-¹2:
856 743 954 802 isti
983 741 1273 801 naturales
1317 741 1547 818 fuerint,
1579 763 1656 802 an
1692 743 2018 803 miraculosi
2042 747 2070 803 P
2123 747 2224 804 An
2251 747 2310 804 in
2340 747 2567 807 deserto
2597 750 2748 810 exti-

389 823 585 892 culosi?
664 875 673 884 .
858 823 1048 897 terint,
1080 842 1155 880 an
1198 822 1431 880 aliunde
1460 822 1672 883 fuerint
1719 825 2032 884 accersiti?
2070 826 2208 886 licet
2237 828 2390 886 enim
2419 837 2646 888 constet
2673 850 2748 888 ex

859 903 1171 980 Scriptura,
1205 902 1493 962 desertum
1544 903 1690 962 tales
1721 913 2014 982 serpentes
2051 907 2245 984 plures
2275 908 2562 986 habuisse,
2593 910 2747 968 unde

333 987 506 1045 Dent.
538 985 659 1044 viii.
694 987 786 1060 15,
818 983 1030 1042 dicitur
1055 984 1219 1042 locus
1247 992 1575 1060 serpentum
1606 991 1665 1044 et
1691 985 2094 1063 scorpionum;
2140 986 2380 1048 dubium
2409 998 2602 1048 tamen
2631 1010 2750 1049 non

329 1075 435 1141 est,
467 1067 609 1144 quin
637 1064 859 1142 aliquid
879 1063 1287 1122 miraculosum
1308 1071 1368 1122 et
1384 1064 1908 1125 extraordinarium
1925 1068 2356 1142 agnoscendum
2385 1069 2477 1144 sit,
2499 1069 2559 1127 in
2587 1079 2750 1130 tanta

331 1147 512 1224 copia,
545 1166 675 1224 quse
694 1154 814 1204 tam
837 1143 1099 1202 celeriter
1118 1143 1413 1202 Israelitas
1437 1143 1667 1220 invasit,
1692 1145 1849 1222 quod
1869 1165 1986 1205 non
2016 1147 2258 1208 obscure
2285 1149 2474 1209 innuit
2503 1150 2748 1228 scriptor

331 1247 510 1302 sacer,
542 1227 681 1286 dum
708 1226 791 1284 ait
818 1225 1026 1283 misisse
1054 1223 1363 1282 Dominum
1384 1223 1443 1282 in
1453 1231 1732 1300 populum
1749 1237 2030 1302 serpentes
2051 1228 2266 1304 iqm‘tos,
2299 1229 2613 1306 insinuans,
2639 1231 2747 1290 hos

330 1314 627 1382 serpentes
656 1306 717 1364 vi
755 1303 1000 1382 quadam
1049 1303 1282 1380 θηλείᾳ
1320 1303 1602 1362 excitatos
1650 1304 1846 1382 fuisse,
1889 1307 1987 1366 vel
2035 1307 2266 1368 aliunde
2314 1309 2640 1384 accersitos,
2672 1311 2748 1370 ad

330 1406 533 1464 poenas
579 1386 651 1446 de
692 1385 905 1462 populo
948 1384 1293 1444 comtumaci
1336 1383 1684 1460 sumendas;
1729 1386 1858 1461 Quo
1899 1387 2072 1446 modo
2104 1389 2164 1446 in
2193 1387 2459 1466 AEgypto
2488 1409 2640 1448 ranae
2669 1411 2746 1450 ex

330 1466 580 1526 naturali
605 1467 735 1525 loco
765 1485 886 1540 su0,
914 1484 989 1522 ex
1018 1463 1227 1539 fluviis,
1252 1464 1394 1522 rivis
1416 1473 1475 1522 et
1500 1465 1812 1542 paludibus
1833 1467 2182 1527 excedentes
2209 1477 2388 1527 totam
2417 1478 2626 1528 terram
2649 1491 2743 1530 co·

328 1555 695 1624 operuerunt,
728 1546 809 1604 ita
850 1553 915 1604 ut
960 1544 1133 1604 etiam
1182 1545 1479 1622 superiora
1520 1545 1734 1604 aedium
1775 1547 2034 1606 tabulata
2062 1549 2528 1610 conscenderent.
2613 1552 2742 1627 Quo

326 1627 575 1704 pertinet
594 1625 751 1704 quod
777 1625 931 1702 Sapi.
956 1626 1077 1684 xvi.
1108 1627 1163 1701 5,
1197 1625 1269 1684 de
1298 1625 1662 1703 serpentibus
1683 1647 1718 1684 a
1742 1626 1868 1686 Deo
1897 1627 2170 1688 immissis
2197 1627 2422 1704 dicitur,
2458 1632 2494 1662 ‘⁴
2511 1631 2743 1708 quando

328 1705 443 1766 illis
474 1707 862 1785 supervenit,'’
892 1705 1113 1765 scilieet
1152 1706 1315 1765 velut
1362 1725 1439 1764 ex
1484 1706 1818 1784 improviso,
1853 1711 1889 1740 ‘⁴
1907 1727 2098 1768 saevus
2125 1709 2439 1768 bestiarum
2481 1709 2654 1787 furor,
2685 1720 2746 1771 et

328 1789 615 1846 morsibus
644 1795 1031 1846 tortuosorum
1076 1787 1353 1864 anguium
1402 1794 1539 1846 sunt
1580 1787 1924 1865 absumpti.⁰’
2014 1789 2146 1848 Scio
2177 1789 2460 1850 Hebraeos
2489 1811 2742 1863 censere,

327 1867 619 1926 naturales
646 1867 823 1926 fuisse
852 1866 995 1925 istos
1024 1875 1335 1944 serpentes,
1367 1877 1427 1926 et
1469 1866 1809 1926 miraculum
1854 1869 1915 1926 in
1957 1889 2026 1928 eo
2065 1878 2287 1929 tantum
2315 1872 2567 1948 positum
2595 1891 2740 1947 esse,

330 1949 487 2024 quod
514 1967 645 2006 cum
674 1947 1037 2024 serpentibus
1083 1954 1141 2005 et
1176 1947 1574 2024 scorpionibus
1602 1947 1895 2008 desertum
1943 1949 2090 2008 illud
2135 1958 2396 2025 scateret,
2427 1951 2514 2008 illi
2551 1960 2745 2012 tamen

326 2029 605 2088 hactenus
634 2029 717 2086 eis
746 2046 951 2084 nocere
980 2045 1096 2084 non
1124 2027 1464 2104 potuissent,
1498 2028 1624 2086 Deo
1669 2048 1769 2087 eos
1798 2029 2100 2090 cohibente
2127 2031 2225 2090 vel
2253 2031 2568 2106 occidente,
2597 2033 2745 2091 adeo

327 2117 393 2167 ut
420 2109 559 2168 totis
587 2111 667 2166 40
694 2106 878 2180 annis,
909 2106 1121 2183 quibus
1151 2107 1433 2166 Israelitae
1461 2116 1724 2166 errarunt
1763 2109 1825 2166 in
1852 2109 2098 2184 desert0,
2129 2131 2200 2169 ne
2229 2131 2379 2170 unus
2407 2111 2640 2188 quidem
2669 2113 2744 2170 ab

327 2188 445 2246 illis
473 2189 648 2246 laesus
692 2186 901 2260 fuerit3
949 2187 1027 2244 Et
1073 2186 1135 2245 in
1184 2206 1310 2246 eam
1354 2205 1474 2244 rem
1520 2187 1774 2248 referunt
1820 2190 2218 2250 Rabbinorum
2263 2190 2648 2268 traditionem,
2681 2193 2742 2250 in

328 2267 645 2326 Bemidhar
668 2266 889 2341 Rabba,
914 2275 1055 2324 sect.
1082 2269 1134 2343 1,
1160 2275 1380 2345 septem
1402 2267 1585 2326 nubes
1607 2269 1860 2330 cinxisse
1885 2271 2180 2330 Israelitas
2209 2272 2270 2328 in
2292 2270 2538 2346 deserto,
2569 2292 2742 2330 unam

326 2367 591 2425 superne,
624 2347 864 2406 alteram
892 2345 1129 2423 inferne,
1155 2356 1403 2424 quatuor
1430 2347 1504 2407 ad
1526 2359 1775 2426 quatuor
1789 2351 1995 2429 plagas
2019 2351 2245 2428 Mundi,
2269 2371 2442 2411 unam
2472 2351 2740 2430 denique,

325 2449 457 2505 quae
486 2449 585 2488 eos
613 2426 975 2505 praecedebat
1002 2429 1417 2505 percutientem
1443 2429 1587 2507 ipsis
1629 2439 1924 2508 serpentes
1951 2440 2011 2491 et
2039 2433 2386 2510 scorpiones,
2417 2443 2742 2510 aequantem

325 2518 551 2570 montes
580 2519 639 2568 et
678 2507 881 2583 valles,
914 2509 1344 2569 comburentem
1390 2511 1585 2588 spinas
1629 2519 1689 2570 et
1735 2521 1944 2588 sentes,
1977 2521 2036 2571 et
2079 2513 2389 2574 ascendere
2437 2513 2742 2572 facientem

323 2589 561 2666 fumum,
593 2609 767 2669 quem
794 2608 925 2648 cum
955 2589 1231 2649 videbant
1258 2611 1427 2668 reges
1455 2591 1692 2651 orientis
1711 2600 1770 2651 et
1797 2592 2130 2670 occidentis,
2164 2593 2449 2668 dicebant,
2481 2593 2626 2668 Quis
2653 2603 2744 2654 est

325 2669 434 2730 iste
463 2673 563 2748 qui
592 2668 853 2730 ascendit
880 2689 912 2727 e
955 2669 1183 2730 deserto
1204 2675 1233 2730 Ρ
1282 2671 1447 2730 Cant.
1478 2671 1558 2730 iii.
1602 2675 1640 2730 6
1673 2693 1688 2746 ;
1734 2673 1814 2730 Et
1853 2673 2003 2730 hanc
2031 2673 2246 2732 nubem
2273 2674 2641 2750 peculiariter
2667 2673 2744 2732 ad

322 2750 433 2810 hoc
462 2751 803 2810 miraculum
832 2747 1009 2809 fuisse
1038 2750 1385 2810 destinatam
1410 2773 1423 2826 3
1474 2750 1591 2810 Sed
1619 2771 1752 2809 cum
1789 2752 2168 2828 protulissent
2195 2760 2254 2810 et
2281 2751 2626 2811 effutiissent
2654 2754 2740 2810 in-

317 2831 542 2907 juriosa
568 2831 765 2904 verba,
796 2827 857 2886 in
885 2848 1007 2887 rem
1034 2850 1163 2907 quae
1191 2831 1446 2888 maximo
1475 2829 1592 2887 illis
1622 2837 1745 2888 erat
1773 2838 1831 2888 et
1859 2839 2193 2889 ornamento
2233 2839 2294 2889 et
2335 2831 2738 2906 emolumentO,

326 2909 514 2970 Deum
543 2909 803 2969 emisisse
830 2908 893 2964 in
920 2909 1051 2966 illos
1080 2917 1375 2986 serpentes
1402 2908 1546 2966 istos
1574 2907 1898 2982 adurentes,
1929 2910 2111 2984 quiin
2141 2909 2369 2968 deserto
2397 2919 2576 2968 erant.
2626 2910 2742 2969 Sed

322 2998 389 3048 ut
416 2991 541 3047 haec
568 2990 866 3066 finguntur
892 2990 1009 3068 ἅτις
1037 2994 1251 3070 ηαφῖς,
1280 3007 1351 3046 ea
1378 2987 1746 3064 proposuisse
1775 2995 1862 3046 est
1890 2988 2186 3046 refutasse.

324 3107 431 3152 Cur
482 3106 617 3152 Deus
680 3108 807 3152 hanc
930 3067 1041 3126 VI.
1077 3069 1139 3126 Si
1159 3069 1283 3145 jam
1306 3067 1597 3143 quaeritur,
1625 3086 1730 3124 cur
1750 3067 1911 3126 Deus
1938 3067 2088 3128 hanc
2114 3087 2344 3144 poenam
2369 3067 2428 3124 in
2455 3067 2614 3145 ipsos
2629 3069 2736 3128 im-

387 3166 579 3268 plagtqn
609 3225 634 3270 1
652 3167 807 3268 imglvii-
848 3147 1117 3240 miserit-¹?
1200 3145 1606 3284 Respgirlildetur
1641 3154 1796 3206 recte
1818 3145 2000 3240 fuisse
2049 3148 2160 3206 hoc
2201 3155 2371 3288 pact<l>
2396 3149 2740 3242 castigatam

388 3237 483 3270 ser!
538 3239 587 3268 ln
639 3239 745 3269 Sl'ae
786 3249 799 3258 ·
2605 3229 2618 3244 ⁸

508 3283 629 3328 ω
845 3245 1053 3366 {aa
1070 3235 2344 3386 assumat?zzegtffizzfsgzffizss‘?
2359 3229 2743 3387 sassi?

330 3391 503 3453 Unde
534 3393 607 3452 ad
636 3413 735 3452 eos
764 3387 1151 3451 humiliandos
1180 3387 1397 3465 optima
1424 3385 1533 3447 fuit
1560 3388 1708 3447 ratio
1736 3389 2070 3448 contemtim
2117 3399 2416 3468 serpentes
2453 3410 2740 3469 opponere

328 3473 405 3532 ad
431 3473 781 3547 conflictum,
810 3469 911 3550 qui
938 3488 1037 3528 eos
1066 3488 1185 3528 suae
1231 3467 1577 3528 infirmitatis
1623 3469 2054 3530 convincerent.
2145 3470 2429 3546 Secund0,
2461 3471 2742 3532 mirabilis

326 3554 503 3613 etiam
532 3553 780 3612 occurrit
809 3549 920 3610 Dei
948 3547 1317 3626 dispensatiO,
1348 3568 1579 3626 poenam
1627 3557 1864 3627 peccato
1913 3550 2356 3628 respondentem
2393 3551 2738 3628 inducend0,

327 3641 395 3691 ut
422 3633 785 3709 serpentibus
812 3629 1167 3710 punirentur,
1198 3629 1299 3706 qui
1327 3638 1657 3707 serpentum
1685 3630 2055 3690 virulentiam
2076 3630 2284 3692 imitati
2313 3641 2492 3690 erant.
2577 3633 2740 3690 Mur·

322 3721 647 3772 muratores
674 3713 827 3771 enim
854 3720 913 3771 ct
940 3710 1292 3770 detractores
1320 3709 1588 3769 dicuntur
1637 3713 1675 3743 ‘⁴
1695 3731 1900 3770 acuere
1941 3712 2202 3789 linguam
2247 3731 2408 3770 suam
2438 3711 2588 3769 sicut
2616 3731 2740 3770 sur·

327 3800 547 3870 pentes,
580 3801 636 3852 et
663 3793 942 3868 mordere,
974 3799 1033 3850 et
1061 3809 1348 3850 venenum
1377 3790 1642 3868 aspidum
1671 3792 1780 3851 sub
1828 3791 2000 3850 labiis
2027 3793 2298 3867 habere,”
2349 3789 2504 3850 Psal.
2533 3790 2650 3849 cxl.
2682 3793 2738 3866 3,

328 3879 387 3931 et
418 3872 641 3932 Eccles.
672 3894 736 3930 x.
782 3876 875 3948 11,
922 3870 1239 3930 maledicus
1290 3890 1391 3930 seu
1430 3871 1804 3948 blasphemus
1833 3891 1868 3930 a
1909 3871 2216 3931 Salomone
2265 3870 2555 3929 confertur
2610 3891 2740 3930 cum

328 3961 609 4030 serpente,
642 3953 741 4030 qui
770 3953 993 4012 mordet
1020 3971 1137 4010 non
1174 3952 1518 4012 incantatus.
1608 3951 1779 4012 Unde
1828 3951 2124 4029 colligitur
2169 3970 2364 4009 morsu
2413 3959 2740 4028 serpentum

320 4033 483 4110 juste
512 4034 769 4110 punitam
800 4033 975 4092 fuisse
1000 4032 1057 4090 in
1086 4033 1303 4110 populo
1332 4031 1653 4092 Israelitico
1697 4031 1982 4090 mordacis
2030 4031 2248 4108 linguae
2293 4029 2700 4106 procacitatem
2727 4053 2741 4090 :

332 4113 429 4172 Sic
460 4113 798 4190 sanguinem
831 4113 1112 4191 sanguine
1142 4113 1323 4191 punit,
1357 4112 1505 4171 Gen.
1537 4112 1638 4188 ix„
1671 4112 1928 4190 gladium
1951 4111 2164 4188 gladio,
2196 4110 2581 4168 vastationem
2609 4129 2741 4168 vas-

325 4193 563 4268 tatione,
616 4193 963 4254 adulterium
1012 4192 1314 4268 adulteri0‚
1346 4197 1382 4250 2
1418 4193 1572 4252 Sam.
1618 4191 1723 4252 xii.
1759 4195 1849 4266 ll,
1884 4191 2000 4249 Isa.
2044 4189 2253 4247 xxxiii.
2306 4193 2378 4266 l;
2425 4189 2582 4248 sitim
2627 4190 2741 4263 siti,

326 4273 741 4350 projectionem
770 4273 1077 4333 infantium
1106 4273 1165 4331 in
1194 4271 1437 4330 fluvium
1465 4271 1789 4348 dejectione
1837 4271 1898 4329 in
1943 4289 2116 4344 mare,
2177 4269 2368 4328 Exod.
2399 4268 2523 4328 xiv.
2551 4279 2618 4329 ut
2645 4291 2748 4348 per

326 4373 459 4430 quse
487 4355 619 4431 quis
645 4364 864 4432 peccat,
896 4374 999 4431 per
1022 4352 1223 4412 eadem
1252 4352 1540 4429 puniatur,
1571 4359 1638 4410 ut
1666 4351 1724 4408 in
1753 4369 1925 4427 poena
1951 4350 2145 4426 imago
2166 4350 2406 4426 peccati,
2438 4358 2499 4408 et
2518 4351 2748 4428 justitia

328 4433 597 4512 supplicii
625 4435 853 4494 facilius
880 4441 1247 4510 agnoscatur.
1335 4430 1451 4488 Sed
1480 4430 1617 4508 quia
1657 4431 1817 4488 Deus
1857 4429 1918 4486 in
1955 4448 2254 4506 poenarum
2293 4429 2606 4490 inflictione
2635 4451 2752 4491 non

326 4515 537 4591 quaerit
576 4515 876 4574 hominum
920 4511 1253 4592 κυκλωθείη,
1299 4509 1403 4570 sed
1444 4509 1573 4568 vult
1600 4519 1668 4569 ut
1693 4509 1854 4568 hisce
1881 4507 2132 4586 flagellis
2160 4509 2364 4570 domiti
2405 4519 2464 4570 et
2512 4513 2753 4574 correcti

328 4613 531 4671 sapere
562 4594 859 4673 incipiant,
890 4603 949 4654 et
978 4593 1037 4650 in
1070 4611 1275 4669 gyrum
1308 4589 1571 4668 obsequii
1600 4589 1787 4649 divini
1815 4599 2135 4666 cogantur:
2180 4591 2324 4649 Ideo
2359 4592 2549 4651 statim
2579 4603 2753 4672 atque

332 4673 631 4733 Israelitas
678 4675 769 4733 sui
814 4673 1037 4752 peccati
1084 4672 1370 4750 poenituit,
1432 4671 1593 4731 Deus
1643 4671 1814 4732 etiam
1859 4670 2174 4730 remedium
2242 4672 2512 4731 sanandis
2558 4693 2752 4732 corum
