3234 5192
488 363 604 423 202
1250 383 1329 424 ns
1358 381 1721 425 uacans-sau
1749 380 2096 424 ssesssronn
2467 361 2729 443 [msrur.
2757 364 2891 425 vnr.

484 538 602 580 non
630 520 845 598 pariter
870 521 945 581 ab
971 520 1090 581 illis
1109 525 1140 582 P
1220 522 1335 582 Vel
1376 520 1427 581 si
1468 539 1601 581 cum
1655 520 1772 580 illis
1812 540 2120 599 possumus
2167 522 2628 581 communionem
2678 524 2886 601 colere,

482 600 686 678 quidni
706 602 878 661 etiam
908 621 1038 661 cum
1058 601 1187 661 istis
1206 605 1237 662 P
1317 603 1492 679 Resp.
1525 602 1738 661 Fateor
1757 600 1971 679 dogma
1989 602 2100 661 hoc
2122 601 2582 662 Lutheranorum
2603 603 2718 661 tale
2741 622 2885 679 esse,

482 680 640 757 quod
678 700 715 739 a
753 681 922 740 nobis
962 681 1194 759 probari
1234 700 1352 741 non
1392 682 1609 758 possit;
1671 679 1776 739 sed
1814 699 2096 758 negamus
2137 681 2398 759 ejusdem
2439 700 2566 739 esse
2608 683 2887 742 momenti

482 779 615 819 cum
658 761 945 819 erroribus
1010 760 1443 819 Pontificiorum
1486 760 1640 819 circa
1691 760 1804 818 hoc
1851 768 2041 837 caput.
2132 764 2184 819 l.
2228 760 2379 835 Quia
2422 759 2715 819 Pontificii
2765 781 2886 821 non

480 846 673 897 errant
714 839 899 898 solum
940 839 1001 896 in
1028 840 1334 917 praesentia
1376 840 1517 898 reali
1560 839 1816 916 corporis
1857 840 2089 915 Christi,
2133 839 2237 899 sed
2289 840 2352 897 in
2404 840 2884 899 transubstantia-

479 917 653 992 tione,
700 918 981 977 sacrificio
1047 919 1358 995 missatico,
1423 918 1756 978 adoratione
1818 918 2044 993 hostiae,
2103 919 2523 978 substractione
2565 919 2779 994 calicis,
2824 928 2884 980 et

477 997 624 1070 aliis,
656 1015 785 1073 quae
807 999 1011 1073 gravia
1038 1006 1173 1057 sunt
1199 1006 1258 1057 et
1285 998 1568 1075 capitalia,
1598 1018 1728 1075 quae
1756 997 1844 1056 illi
1871 1006 2202 1057 constanter
2245 997 2543 1056 nobiscum
2594 1000 2878 1075 rejiciunt.

478 1080 535 1135 2.
582 1075 759 1133 Error
803 1075 1263 1136 Lutheranorum
1310 1086 1399 1137 est
1444 1097 1600 1136 mere
1651 1078 2008 1154 theoreticam
2051 1078 2152 1154 qui
2192 1086 2444 1136 mentem
2473 1077 2708 1154 quidem
2735 1078 2883 1137 falsa

479 1153 749 1234 opinione
775 1155 1001 1231 imbuit,
1032 1156 1136 1216 sed
1162 1157 1264 1234 qui
1290 1157 1702 1216 conscientiam
1743 1165 2046 1235 propterea
2087 1176 2206 1215 non
2248 1156 2449 1231 inficit,
2480 1165 2546 1216 ut
2571 1157 2793 1233 aliquid
2819 1156 2880 1214 in

476 1235 639 1294 cultu
664 1236 1017 1311 admittatur,
1056 1237 1214 1313 quod
1252 1236 1639 1295 idololatriam
1666 1236 1869 1314 sapiat.
1934 1236 2100 1295 Licet
2127 1236 2280 1295 enim
2310 1236 2601 1295 Christum
2628 1254 2879 1314 praesen-

476 1320 592 1373 tem
642 1334 771 1373 esse
812 1316 997 1375 velint
1029 1316 1093 1373 in
1130 1325 1503 1391 sacramento,
1533 1324 1729 1375 tamen
1775 1315 2170 1375 adorationem
2225 1316 2569 1375 sacramenti
2609 1334 2718 1374 nec
2765 1314 2878 1393 ipsi

478 1402 817 1470 agnoscunt,
840 1414 950 1454 nec
976 1395 1107 1454 aliis
1127 1396 1447 1473 imponunt,
1472 1396 1575 1455 sed
1604 1402 1798 1474 aperte
1827 1396 2188 1473 impugnant.
2223 1398 2259 1428 “
2280 1394 2476 1453 Primo
2503 1395 2763 1469 dicunt,'’
2794 1393 2879 1453 sic

472 1472 729 1551 loquitur
750 1474 1108 1534 Chemnitius
1134 1476 1197 1533 in
1226 1476 1433 1534 Exam.
1458 1475 1654 1535 Conci.
1701 1474 1958 1534 Trident.
1981 1494 2038 1551 p.
2069 1478 2125 1547 2,
2170 1474 2244 1531 de
2281 1474 2650 1532 veneratione
2688 1492 2876 1532 sacra-

472 1554 669 1627 menti,
701 1552 773 1611 de
814 1554 1149 1629 Pontificiis‚
1182 1555 1423 1632 “ipsum
1452 1562 1872 1613 sacramentum
1901 1552 2297 1626 Eucharistiae,
2329 1570 2432 1609 seu
2473 1560 2657 1610 totum
2712 1551 2876 1627 illud,

474 1631 632 1708 quod
674 1650 710 1689 a
748 1633 999 1691 Domino
1026 1642 1093 1691 ut
1119 1642 1378 1692 sumatur
1414 1632 1746 1692 institutum
1793 1639 1898 1705 est,
1949 1650 2076 1689 esse
2105 1630 2266 1689 cultu
2291 1630 2475 1687 latriae
2502 1629 2877 1689 adorandum.

475 1710 663 1786 Atqui
691 1710 1076 1785 Eucharistia,
1100 1714 1276 1789 juxta
1316 1711 1535 1770 dictum
1567 1710 1793 1786 Irenaei,
1825 1717 2053 1768 constat
2078 1709 2305 1767 duabus
2332 1708 2522 1783 rebus,
2554 1717 2781 1767 terrena
2817 1716 2878 1767 et

473 1788 714 1847 coelesti.
798 1790 1011 1848 Essent
1032 1791 1211 1867 igitur
1230 1790 1402 1848 etiam
1432 1798 1659 1848 terrena
1679 1790 1964 1847 elementa
1989 1788 2156 1865 panis
2184 1795 2243 1846 et
2269 1787 2394 1844 vini
2419 1786 2480 1844 in
2510 1788 2875 1848 Eucharistia

472 1868 635 1927 cultu
680 1866 865 1927 latriae
913 1868 1219 1943 adoranda,
1260 1867 1416 1946 quod
1444 1889 1480 1926 a
1505 1866 1811 1927 manifesto
1846 1867 2188 1926 idololatriae
2224 1884 2327 1925 seu
2372 1882 2726 1947 ιςτολατςιιας
2764 1867 2874 1927 cri·

471 1948 625 2006 mine
652 1948 919 2006 excusari
946 1956 1005 2007 et
1030 1947 1261 2007 defendi
1288 1948 1449 2006 nullo
1476 1947 1650 2005 modo
1675 1946 1931 2025 posset.'’
1992 1946 2070 2005 Et
2097 1952 2314 2023 postea,
2360 1948 2398 1980 ‘⁴
2419 1945 2522 2004 Ad
2557 1946 2874 2006 cavendam

470 2027 651 2105 igitur
684 2026 1067 2086 idololatriam
1102 2026 1316 2086 diserte
1362 2026 1838 2103 distinguendum
1879 2034 1986 2085 est.
2071 2025 2336 2084 Christus
2381 2025 2542 2084 Deus
2577 2034 2637 2085 et
2675 2026 2871 2086 Homo

472 2108 533 2165 in
577 2105 777 2165 divina
819 2114 879 2166 et
919 2107 1173 2165 humana
1210 2116 1415 2166 natura
1441 2106 1504 2164 in
1530 2107 1756 2165 actione
1781 2124 2036 2183 praesens
2063 2104 2348 2179 adoretur,
2380 2105 2704 2164 substantia
2737 2125 2876 2164 vero

471 2186 568 2244 vel
610 2187 831 2263 species
872 2187 1284 2245 elementorum
1330 2186 1497 2263 panis
1544 2194 1603 2244 et
1649 2186 1772 2244 vini
1819 2206 1938 2244 non
1977 2184 2304 2258 adorentur,
2333 2203 2442 2243 nec
2467 2190 2684 2261 praeter‘
2703 2184 2877 2243 Crea-

472 2274 653 2325 torem
707 2267 879 2325 etiam
937 2274 1256 2325 creaturam
1312 2265 1628 2341 colamuS,'’
1675 2262 1784 2324 διο.
1870 2263 1988 2324 Sed
2043 2263 2335 2323 Pontificii
2387 2284 2504 2322 non
2557 2264 2654 2323 hic
2700 2262 2874 2323 modo

470 2346 776 2420 theoretice,
820 2345 923 2405 sed
959 2353 1019 2404 et
1054 2346 1311 2421 practice
1352 2346 1525 2403 etiam
1568 2352 1775 2420 errant,
1819 2352 1880 2403 et
1915 2343 2148 2421 quidem
2178 2343 2536 2419 gravissime,
2567 2342 2706 2402 dum
2733 2342 2874 2402 ado·-

470 2425 748 2483 rationem
777 2425 982 2483 hostiae
1004 2433 1063 2484 et
1083 2423 1325 2483 credunt
1345 2424 1456 2503 ipsi
1484 2432 1543 2484 et
1570 2423 1864 2498 exhibent,
1897 2432 1954 2483 et
1981 2422 2204 2482 caeteris
2233 2430 2504 2498 tanquam
2533 2442 2752 2481 summe
2775 2442 2875 2482 ne·

470 2504 775 2563 cessariam
817 2504 926 2563 sub
965 2524 1138 2581 poena
1185 2504 1567 2563 anathematis
1608 2504 1875 2563 omnibus
1916 2504 2236 2579 imponunt.
2319 2504 2375 2560 3.
2421 2501 2735 2561 Lutherani
2776 2502 2873 2561 hic

468 2582 747 2642 falluntur
772 2603 922 2661 resp.
952 2585 1071 2659 loci,
1102 2583 1241 2644 dum
1270 2590 1476 2661 putant
1496 2602 1704 2661 corpus
1735 2582 1948 2642 Christi
1973 2582 2058 2641 ibi
2085 2600 2229 2656 esse,
2258 2580 2363 2640 ubi
2388 2601 2504 2640 non
2533 2589 2622 2640 est
2649 2600 2869 2657 revera,

470 2663 573 2722 sed
610 2682 727 2721 non
768 2662 961 2741 quoad
998 2665 1280 2739 objectum,
1304 2672 1371 2722 ut
1411 2682 1515 2740 pro
1558 2682 1794 2740 corpore
1825 2662 2040 2720 Christi
2079 2659 2240 2721 aliud
2265 2660 2503 2736 aliquod
2529 2660 2870 2737 subjectum,

468 2742 848 2802 substantiam
875 2750 1015 2820 puta
1040 2742 1223 2820 panis,
1264 2742 1565 2819 accipiant,
1614 2742 1751 2819 quia
1785 2741 1992 2800 volunt
2009 2760 2236 2817 semper
2261 2757 2492 2798 manere
2519 2759 2726 2816 panem
2753 2739 2871 2798 dis·

468 2822 709 2882 tinctum
739 2843 774 2881 a
814 2842 1049 2900 corpore
1068 2822 1298 2881 Christi.
1386 2821 1504 2881 Sed
1532 2821 1820 2880 Pontificii
1841 2840 1958 2879 non
1979 2819 2152 2878 modo
2169 2826 2410 2896 peccant
2435 2838 2584 2897 resp.
2615 2819 2736 2893 loci,
2767 2819 2872 2878 sed

466 2912 527 2962 et
554 2903 759 2979 objecti,
805 2901 945 2961 dum
970 2921 1088 2960 non
1126 2909 1351 2961 tantum
1382 2900 1595 2960 Christi
1645 2920 1852 2976 corpus
1893 2900 1978 2958 ibi
2025 2918 2152 2957 esse
2200 2898 2461 2956 localiter
2501 2898 2867 2975 pertendunt,

468 2982 572 3041 sed
618 2984 808 3059 ipsum
853 3000 1061 3059 panem
1109 2980 1171 3038 in
1220 3000 1426 3057 corpus
1472 2981 1688 3040 Christi
1727 2988 2010 3039 mutatum
2040 2985 2338 3054 statuunt;
2389 2986 2562 3054 atque
2609 2978 2706 3052 ita,
2731 2978 2870 3036 dum

467 3061 709 3122 credunt
750 3080 812 3120 se
853 3061 1090 3120 adorare
1134 3060 1441 3137 Christum,
1486 3060 1678 3141 reipsa
1719 3059 1865 3117 nihil
1913 3057 2071 3117 aliud
2125 3077 2298 3136 quam
2346 3076 2550 3133 panem
2607 3057 2864 3133 adorant,

466 3148 525 3199 et
552 3141 635 3199 sic
662 3142 866 3199 merito
894 3141 953 3197 in
990 3156 1345 3220 aeream-guas
1386 3140 1601 3199 crimen
1649 3141 1964 3198 incurrunt.
2049 3142 2106 3195 4.
2153 3136 2442 3195 Pontificii
2477 3136 2870 3195 adorationem

465 3219 669 3278 hostiae
717 3239 833 3278 non
882 3219 1054 3278 modo
1101 3221 1162 3277 in
1226 3239 1337 3278 usu
1386 3220 1728 3278 sacramenti
1771 3217 2052 3292 sanciunt,
2099 3216 2200 3275 sed
2249 3215 2423 3274 etiam
2471 3224 2638 3274 extra
2701 3234 2868 3274 usum

464 3316 567 3357 seu
615 3307 780 3357 extra
817 3299 977 3358 illam
1019 3300 1303 3358 actionem
1345 3298 1647 3377 imperant,
1691 3305 1833 3375 puta
1875 3316 2052 3373 quum
2094 3295 2260 3373 panis
2305 3294 2368 3353 in
2407 3294 2870 3371 processionibus

464 3377 941 3454 circumgestatur
966 3387 1024 3438 et
1051 3380 1111 3437 in
1138 3378 1485 3455 repositione
1511 3376 1842 3451 includitur,
1873 3384 1940 3433 ut
1977 3384 2116 3433 tunc
2143 3374 2357 3452 populo
2385 3373 2712 3433 adorandus
2739 3394 2868 3452 pro·

462 3466 726 3533 ponatur.
812 3458 929 3516 Sed
948 3459 1099 3517 Luth
1107 3458 1280 3531 erani,
1310 3458 1449 3515 licet
1474 3457 1694 3515 cultum
1717 3454 1930 3514 Christi
1948 3455 2008 3511 in
2035 3473 2146 3513 usu
2168 3454 2509 3512 sacramenti
2531 3463 2864 3531 agnoscant,

463 3543 628 3595 extra
654 3536 816 3595 illum
846 3545 1039 3596 tamen
1064 3538 1412 3615 peculiarem
1440 3536 1659 3595 cultum
1687 3543 1789 3594 aut
1821 3534 2210 3593 adorationem
2259 3534 2334 3591 ad
2377 3552 2584 3611 panem
2625 3533 2865 3592 circum·

464 3624 752 3693 gestatum
795 3616 893 3675 vel
954 3617 1270 3694 repositum
1336 3615 1511 3674 statui
1574 3634 1692 3673 non
1755 3632 1925 3691 posse
1985 3613 2108 3672 sine
2169 3612 2475 3671 manifesta
2539 3611 2867 3671 idololatria

461 3695 818 3772 profitentur.
904 3698 941 3729 “
959 3695 1113 3770 Quid
1160 3695 1319 3756 aliud
1360 3694 1730 3773 possumus,”
1771 3692 1960 3769 inquit
2003 3691 2143 3751 ibid.
2190 3691 2446 3765 Chemm,
2481 3692 2705 3768 “juxta
2732 3710 2862 3749 nor-

462 3794 615 3832 mam
641 3774 805 3834 verbi
824 3775 1005 3833 divini
1026 3775 1307 3853 judicare,
1338 3793 1510 3851 quam
1551 3774 1729 3833 talem
1749 3772 1967 3831 cultum
1984 3792 2102 3830 non
2149 3790 2276 3829 esse
2302 3783 2730 3850 Χςιπολιτςααι,
2763 3771 2867 3829 sed

460 3870 816 3935 nerea-veum
834 3856 899 3913 ἵν’
972 3856 1027 3913 5.
1074 3854 1239 3913 Licet
1290 3852 1611 3931 praesentiae
1651 3851 1824 3910 realis
1871 3849 2084 3927 dogma
2131 3850 2292 3907 varia
2335 3850 2584 3909 absurda
2624 3858 2760 3927 post
2803 3870 2864 3909 se

460 3935 683 4009 trahat3
726 3934 864 4012 quia
903 3942 1096 3993 tamen
1140 3932 1455 3993 Lutherani
1496 3951 1567 3991 ea
1610 3951 1728 3989 non
1769 3939 2108 4007 agnoscunt,
2140 3936 2198 3988 et
2225 3929 2298 3987 ab
2325 3929 2419 3988 his
2446 3929 2750 3988 abhorrere
2800 3948 2863 3987 se

458 4014 813 4091 profitentur,
845 4022 905 4071 et
930 4020 1217 4073 testantur
1243 4032 1302 4072 se
1331 4011 1564 4071 credere
1590 4010 1913 4089 praesentiae
1939 4010 2108 4068 istius
2134 4007 2368 4066 modum
2407 4028 2532 4067 esse
2573 4008 2744 4085 plane
2771 4013 2865 4085 ,ιρ-

460 4098 591 4171 ρητον
618 4102 676 4152 et
704 4093 1185 4170 inexplicabilem,
1230 4093 1331 4169 qui
1370 4110 1487 4150 non
1532 4092 1741 4165 obstet,
1788 4089 2096 4166 quominus
2137 4108 2346 4165 corpus
2396 4088 2610 4147 Christi
2658 4089 2864 4147 saltem

458 4175 652 4249 quoad
674 4182 860 4231 acham
880 4182 1117 4247 naturoe,
1142 4180 1209 4232 ut
1225 4173 1558 4249 loquuntur,
1580 4170 1816 4229 unicum
1836 4168 2026 4226 locum
2047 4186 2292 4243 eumque
2309 4166 2864 4245 circumscriptivum

455 4260 728 4329 occupet3
774 4253 909 4330 quia
934 4260 1263 4310 naturarum
1312 4252 1376 4309 in
1404 4251 1634 4309 Christo
1669 4249 1970 4307 veritatem
2014 4254 2073 4305 et
2119 4245 2544 4305 distinctionem
2594 4265 2866 4323 expresse

450 4331 751 4389 nobiscum
780 4332 1141 4407 confitentur,
1185 4350 1304 4389 non
1332 4330 1525 4389 statim
1554 4336 1800 4407 possunt
1826 4336 1928 4385 aut
1974 4326 2191 4384 debent
2229 4325 2347 4383 illis
2389 4324 2632 4402 impingi
2662 4345 2863 4385 omnes

454 4408 586 4482 illae,
616 4430 746 4486 quse
776 4430 850 4469 ex
878 4411 989 4469 hoc
1016 4411 1271 4489 ipsorum
1319 4408 1589 4487 dogmate
1637 4414 1879 4485 possunt
1927 4405 2075 4480 elici,
2107 4404 2551 4481 consequentiae,
2593 4405 2758 4480 quasi
2789 4404 2863 4463 de

450 4488 679 4547 illorum
710 4498 903 4550 essent
928 4490 1043 4549 fide
1074 4514 1089 4551 z
1129 4498 1197 4550 ut
1224 4509 1341 4549 non
1366 4495 1610 4567 possunt
1629 4490 1788 4564 juste
1814 4484 1984 4544 nobis
2013 4483 2338 4544 adscribere
2386 4490 2720 4559 portentosa
2759 4484 2866 4543 illa

448 4567 739 4644 dogmata,
770 4588 903 4646 quae
928 4589 1003 4628 ex
1030 4569 1325 4629 nonnullis
1365 4567 1727 4647 quorundam
1771 4565 2070 4625 doctorum
2113 4570 2442 4621 nostrorum
2469 4560 2666 4620 verbis
2707 4564 2862 4623 male

448 4646 757 4707 intellectis
797 4648 985 4708 solent
1026 4668 1323 4726 perperam
1362 4648 1655 4725 colligere.
1741 4645 1860 4707 Sed
1897 4642 2330 4705 Pontificiorum
2379 4639 2496 4699 alia
2541 4646 2632 4699 est
2670 4641 2862 4703 ratioz
