3234 5192
333 344 568 387 msrur.
599 323 738 405 Ἧι]
1088 341 1164 380 m:
1197 340 1488 381 nummo
1514 340 1697 381 ncms
1728 342 1802 381 m-
1832 342 2032 383 nnns·
2636 328 2759 393 327

331 485 508 545 rebus
535 483 934 563 spiritualibus
962 491 1022 543 et
1047 480 1442 541 invisibilibus
1469 484 1663 541 minus
1686 492 1841 543 esset
1868 492 2153 561 assuetus,
2182 504 2329 563 opus
2357 484 2563 546 habuit
2590 488 2759 567 signo

332 566 530 642 aliquo
559 575 818 641 extern0,
865 583 938 623 ne
967 582 1029 623 se
1073 563 1232 621 omni
1281 563 1516 622 numine
1564 563 1907 623 destitutum
1935 572 2182 641 putaret,
2226 566 2333 625 sed
2372 574 2439 625 ut
2476 566 2591 626 fide
2641 569 2755 628 Dei

331 646 588 705 ductoris
616 655 676 705 et
702 644 1043 723 protectoris
1071 642 1336 702 aleretur.
1419 645 1641 702 Nnbem
1690 652 1883 703 autem
1912 664 2031 703 non
2052 645 2175 705 sine
2224 666 2399 706 causa
2428 646 2635 724 selegit
2675 649 2752 707 ad

329 726 392 786 id
420 726 626 803 ipsum,
683 734 808 785 tum
837 724 974 802 quia
1001 723 1352 783 conveniens
1381 732 1504 782 erat
1539 723 1748 783 modus
1774 724 1885 783 iste
1931 726 2303 784 revelationis
2330 726 2596 785 humanae
2640 729 2745 787 im-

331 804 652 882 becillitati,
683 814 806 866 tum
834 802 1112 882 temporis
1157 802 1317 863 illius
1361 802 1795 881 dispensationi.
1882 804 2031 863 Nam
2062 826 2195 865 cum
2240 806 2401 865 Deus
2430 807 2507 867 sit
2527 807 2631 866 lux
2660 808 2747 867 in-

331 906 564 946 accessa
590 896 652 946 et
689 886 846 963 ignis
889 902 1252 959 consumens,
1305 902 1475 942 nemo
1521 884 1887 961 splendorem
1932 886 2133 962 glorias
2160 887 2287 963 ejus
2330 887 2477 945 ferre
2530 898 2745 964 posset,

329 967 443 1025 nisi
479 967 628 1027 radii
663 966 762 1026 isti
807 964 1211 1044 quadantenus
1263 973 1733 1041 temperarentur,
1765 963 2024 1043 adeoque
2072 986 2176 1043 per
2222 966 2426 1025 miram
2472 990 2744 1039 rmuta-

325 1044 476 1106 ssaem
503 1068 566 1107 se
593 1046 762 1107 nobis
789 1044 1266 1119 accommodaret,
1298 1052 1358 1103 et
1383 1044 1580 1121 ignem
1605 1044 1773 1103 illum
1804 1044 2181 1104 devorantem
2208 1046 2381 1105 nubis
2408 1047 2746 1109 umbraculo

329 1128 642 1205 mitigaret.
725 1126 976 1186 Accedit
1019 1125 1194 1184 etiam
1241 1132 1564 1200 temporum
1611 1124 1843 1183 illorum
1872 1124 2037 1201 ratiO,
2088 1146 2221 1185 cum
2250 1126 2405 1187 enim
2448 1128 2747 1189 obscurior

325 1218 484 1268 esset
511 1208 702 1267 adhuc
729 1206 1006 1265 revelatio
1075 1224 1152 1263 τω
1182 1203 1336 1262 Novi
1359 1204 1721 1263 Testamenti
1745 1204 1893 1281 luce,
1937 1204 2069 1264 ideo
2097 1206 2159 1264 in
2206 1206 2359 1265 nube
2408 1215 2468 1266 et
2495 1208 2743 1286 caligine

329 1288 592 1347 exhiberi
621 1286 824 1362 voluit,
869 1305 999 1363 quae
1027 1225 1262 1345 doceret
1307 1292 1534 1361 tempus
1581 1283 1761 1344 fuisse
1798 1284 2057 1343 infantiae
2106 1294 2165 1345 et
2192 1287 2577 1363 obscuritatis,
2624 1308 2742 1365 prae

327 1366 637 1445 splendore
667 1366 994 1441 Evangelii,
1023 1365 1085 1423 in
1112 1384 1228 1443 quo
1255 1384 1372 1423 non
1401 1365 1649 1443 amplius
1678 1365 1841 1424 Deus
1868 1365 1931 1423 in
1958 1364 2208 1442 caligine
2228 1375 2289 1425 et
2314 1367 2467 1425 nube
2496 1368 2743 1427 obscura

331 1466 395 1505 se
421 1446 591 1505 nobis
633 1445 950 1505 videndum
993 1445 1229 1523 praebet‚
1279 1444 1385 1503 sed
1431 1454 1649 1505 retecta
1695 1444 1841 1503 facie
1885 1445 1945 1503 in
1968 1445 2203 1523 speculo
2248 1446 2539 1524 evangelii
2588 1448 2737 1507 clare

321 1526 836 1605 contemplandum
864 1526 1032 1602 sistit,
1064 1529 1102 1583 2
1132 1525 1261 1584 Cor.
1291 1524 1375 1584 iii.
1409 1527 1501 1583 18.

409 1607 557 1667 VII.
601 1613 657 1666 2.
700 1606 1043 1665 Directiomb
1079 1605 1336 1679 medium,
1366 1613 1434 1665 ut
1461 1604 1738 1683 populum
1778 1624 1945 1664 suum
1974 1604 2251 1683 dirigeret
2277 1605 2337 1663 in
2367 1606 2571 1667 itinere
2612 1627 2738 1667 sus-

321 1695 512 1764 cepto,
542 1697 666 1747 tum
693 1688 844 1747 viam
871 1687 1377 1755 commonet-ando,
1417 1706 1520 1763 per
1541 1693 1738 1744 vastas
1776 1685 1907 1745 illas
1936 1693 1994 1745 et
2028 1684 2219 1745 invias
2248 1686 2605 1763 solitudines,
2638 1688 2739 1747 ubi

325 1768 488 1826 nulla
515 1769 738 1827 viarum
769 1768 1122 1845 apparebant
1148 1766 1415 1843 vestigia,
1457 1785 1632 1842 quem
1654 1765 1716 1823 in
1743 1765 1915 1825 finem
1945 1766 2197 1825 viatores
2222 1766 2536 1826 etiamnum
2566 1766 2738 1827 hodie

323 1848 411 1907 uti
439 1857 726 1925 coguntur
752 1847 1149 1907 instrumentis
1176 1845 1540 1923 quibusdam,
1572 1848 1739 1923 quasi
1769 1845 2066 1923 pixidibus
2094 1846 2340 1907 nauticis
2375 1847 2453 1905 ad
2478 1847 2739 1907 indican-

323 1926 431 1987 das
459 1929 660 1987 mundi
684 1929 907 2008 plagas,
940 1936 998 1987 et
1026 1925 1359 2003 dirigendas
1395 1925 1815 2003 profectiones;
1860 1926 2009 1985 Tum
2052 1928 2307 1987 tenebras
2346 1928 2519 1987 noc&
2554 1928 2737 1987 dalocu-

321 2008 528 2083 tiendo,
559 2030 690 2086 quae
715 2010 828 2067 iter
854 2008 1069 2084 alioqui
1110 2006 1410 2083 cognitum
1443 2006 1719 2065 remorari
1735 2006 2074 2084 potuissent,
2100 2006 2272 2083 unde,
2306 2008 2461 2067 Psal.
2502 2008 2733 2067 lxxviii.

330 2090 421 2163 14,
458 2091 494 2122 “
513 2089 854 2148 Deduxerat
873 2106 974 2147 eos
995 2087 1146 2145 nube
1175 2085 1443 2160 interdiu,
1475 2094 1533 2145 et
1569 2094 1695 2145 tota
1730 2095 1899 2147 nocte
1936 2087 2167 2147 lucente
2200 2087 2395 2165 igne.”
2488 2090 2543 2147 3.
2586 2090 2733 2149 Pro·

321 2169 572 2227 lectionis
607 2189 906 2245 oryanum,
951 2174 1074 2225 tum
1124 2164 1404 2225 adversus
1452 2165 1705 2225 hostium
1754 2166 2019 2243 insultus,
2050 2167 2189 2243 quia
2230 2168 2593 2227 intercedens
2641 2189 2737 2227 co·

323 2248 523 2306 lumna
562 2248 676 2307 ista
703 2247 1006 2325 separabat
1036 2246 1332 2305 Israelitas
1359 2245 1434 2304 ab
1463 2246 1787 2323 AEgyptiis,
1832 2267 1940 2306 nec
1967 2248 2294 2324 patiebatur
2330 2248 2473 2307 istos
2500 2248 2574 2306 ad
2604 2248 2737 2309 illos

325 2326 616 2401 accedere,
645 2337 770 2387 tum
797 2326 1080 2387 adversus
1111 2326 1264 2387 Solis
1301 2336 1522 2401 aestum,
1570 2328 1673 2404 qui
1722 2327 1781 2384 in
1808 2327 1955 2386 loeis
2008 2328 2125 2387 illis
2174 2327 2545 2389 calidioribus
2588 2329 2736 2388 solet

319 2427 452 2467 esse
506 2407 946 2485 intensissimus,
1003 2406 1158 2467 unde
1183 2406 1338 2465 Psal.
1387 2427 1478 2467 cv.
1529 2410 1626 2482 39,
1660 2407 2013 2485 “Expendit
2060 2409 2272 2468 nubem
2329 2409 2389 2467 in
2426 2410 2731 2487 protectio-

317 2508 452 2548 nem
523 2490 778 2548 eorum.''
851 2491 907 2547 4.
983 2489 1250 2547 Vindictae
1311 2488 1513 2547 divinoe
1569 2490 1841 2547 adversus
1913 2490 2215 2565 AEyyptios
2283 2500 2673 2565 argumentum
2705 2514 2731 2565 ;

325 2568 473 2627 Nam
497 2589 626 2648 quae
655 2570 839 2629 nubes
867 2568 1062 2629 lucida
1089 2576 1213 2629 erat
1234 2588 1269 2627 a
1296 2577 1457 2646 parte
1490 2568 1902 2643 Israelitarum,
1928 2570 2236 2627 tenebrosa
2256 2578 2379 2629 erat
2409 2570 2731 2648 AEgyptiis,

315 2668 452 2727 quse
481 2650 790 2728 caliginem
817 2650 960 2727 ipsis
987 2649 1314 2723 inducebat,
1346 2667 1462 2706 non
1491 2647 1665 2706 modo
1706 2656 1772 2706 ut
1800 2668 1901 2707 eos
1945 2647 2371 2708 disterminaret
2398 2650 2472 2707 ab
2503 2650 2735 2709 Israeli-

319 2730 413 2805 tis,
446 2731 549 2790 sed
597 2732 770 2790 etiam
814 2738 882 2790 ut
935 2729 1228 2789 horrorem
1284 2727 1507 2787 itineris
1554 2728 1614 2785 in
1662 2727 1909 2785 transitu
1957 2727 2133 2785 maris
2180 2726 2456 2803 tollendo,
2508 2728 2735 2787 facilius

319 2810 620 2870 Israelitas
648 2811 1103 2887 insequerentur,
1135 2816 1195 2867 et
1222 2806 1394 2866 undis
1421 2806 1598 2865 maris
1639 2806 2038 2865 obruerentur.
2126 2804 2317 2878 Quum
2344 2826 2484 2883 ergo
2516 2807 2733 2866 Paulus

197 2900 206 2909 '
317 2888 476 2964 dicit,
508 2893 714 2949 Patres
724 2889 913 2964 fuisse
937 2890 1036 2947 sub
1064 2889 1220 2959 nube,
1265 2906 1382 2944 non
1434 2886 1745 2943 obscurum
1774 2893 1862 2942 est
1904 2884 2161 2943 voluisse
2204 2892 2403 2943 notare
2454 2886 2565 2943 Dei
2595 2906 2735 2962 erga

315 2969 474 3045 ipsos
500 2968 862 3029 beneficium.
951 2968 1102 3025 Sane
1131 2965 1239 3025 sub
1290 2966 1438 3022 coelo
1485 2982 1687 3021 omnes
1725 2981 1941 3037 sumus,
2000 2970 2059 3021 et
2084 2962 2339 3021 nubibus
2376 2963 2643 3039 tegimur,
2674 2975 2733 3023 et

317 3048 368 3105 si
389 3048 536 3107 nibil
557 3048 716 3106 aliud
737 3047 1018 3105 voluisset
1031 3044 1368 3123 Apostolus,
1393 3044 1504 3102 hoe
1521 3052 1798 3118 tanquam
1818 3043 2167 3119 peculiarem
2191 3042 2301 3100 Dei
2322 3042 2567 3119 gratiam
2586 3063 2731 3121 prse-

315 3126 512 3187 dicare
553 3148 670 3186 non
717 3126 1034 3204 potuisset3
1091 3124 1208 3185 Sed
1247 3123 1464 3181 nubem
1490 3121 1651 3180 illam
1679 3122 1957 3199 intelligit
1997 3120 2367 3199 singularem,
2408 3142 2538 3199 quas
2586 3144 2731 3200 prae·

319 3208 537 3283 sentiae,
567 3206 920 3281 directionis,
952 3213 1012 3265 et
1039 3201 1410 3282 protectionis
1465 3202 1576 3261 fuit
1603 3201 1949 3279 symbolum,
2000 3210 2066 3261 ut
2094 3201 2269 3261 corda
2310 3202 2569 3263 fidelium
2597 3224 2731 3265 eve-

317 3288 485 3349 heret
509 3288 585 3350 ad
603 3284 1043 3348 extraordinarii
1073 3284 1240 3343 istius
1269 3282 1532 3342 miraculi
1559 3282 2123 3359 contemplationem.

397 3369 579 3429 VIII.
627 3368 746 3427 Sed
772 3386 888 3425 non
929 3364 1168 3424 minoris
1222 3372 1312 3423 est
1353 3363 1631 3423 momenti
1657 3363 1901 3421 alterum
1940 3362 2097 3439 quod
2138 3362 2386 3439 additur,
2436 3366 2732 3425 Transitus

313 3450 539 3509 scilieet
568 3469 683 3527 per
710 3466 886 3521 mare,
917 3446 1086 3522 cujus
1130 3444 1369 3504 historia
1395 3451 1677 3519 narratur,
1709 3442 1899 3503 Exod.
1930 3444 2071 3517 xiv„
2103 3463 2232 3502 cum
2262 3445 2415 3503 enim
2458 3444 2729 3524 AEgyptii

318 3537 797 3608 persequerentur
825 3526 1138 3597 Israeliten,
1186 3526 1312 3585 Deo
1339 3523 1645 3583 indurante
1686 3542 1787 3583 cor
1828 3522 2163 3599 Pharaonis,
2193 3532 2260 3582 ut
2299 3524 2359 3582 in
2394 3526 2523 3602 ejus
2551 3526 2731 3585 exitio

319 3610 636 3686 potentiam
667 3626 830 3667 suam
858 3615 918 3665 et
950 3606 1238 3683 justitiam
1267 3605 1704 3681 demonstraret,
1739 3603 1908 3663 Rom.
1938 3604 2021 3662 ix.
2056 3606 2147 3679 17,
2192 3612 2251 3663 et
2282 3603 2563 3664 Israelita
2592 3626 2726 3664 con·

319 3689 506 3747 stricti
547 3687 918 3765 undiquaque
959 3694 1169 3761 essent,
1221 3707 1256 3745 a
1283 3693 1466 3762 tergo,
1527 3684 1845 3743 Pharaonis
1893 3683 2171 3757 exercitu,
2216 3704 2251 3743 a
2292 3684 2494 3760 fronte,
2552 3686 2728 3744 maris

321 3767 668 3845 gurgitibus,
713 3788 750 3826 a
803 3767 980 3826 latere
1052 3786 1192 3827 vero
1257 3766 1551 3825 montibus
1605 3764 1931 3839 inaccessis,
2011 3772 2071 3823 et
2140 3765 2223 3823 ita
2265 3764 2453 3823 omnis
2526 3764 2728 3825 salutis

318 3848 417 3907 via
443 3857 726 3925 praerepta
753 3847 1061 3922 videretur,
1108 3846 1306 3905 Moses
1327 3847 1498 3923 jussu
1542 3844 1657 3903 Dei
1684 3864 1839 3903 mare
1861 3845 2031 3921 virga
2078 3863 2183 3902 sua
2211 3844 2439 3916 scindit,
2470 3851 2530 3902 et
2572 3844 2724 3903 viam

315 3929 504 4006 aperit
548 3927 840 4002 Israelitis,
885 3928 984 4005 qui
1012 3947 1115 4004 per
1141 3926 1394 3985 medium
1438 3926 1592 3985 sicco
1646 3925 1794 4002 pede
1822 3932 2204 3998 transeuntes,
2236 3924 2401 4000 aquis
2430 3923 2727 3983 hincinde

315 4009 500 4067 instar
519 4028 812 4068 murorum
841 4009 900 4067 in
927 4027 1202 4084 aggerem
1229 4006 1540 4083 congestis,
1570 4004 1633 4063 in
1672 4005 1839 4065 littus
1882 4004 2213 4081 oppositum
2250 4003 2399 4061 salvi
2420 4012 2479 4061 et
2508 4003 2725 4062 incolu-

315 4108 440 4147 mes
467 4089 724 4149 evadunt
746 4111 761 4165 3
807 4088 1082 4165 AEgyptii
1111 4107 1250 4147 vero
1278 4104 1432 4145 caeco
1453 4085 1675 4162 impetu
1700 4103 1803 4143 eos
1823 4092 2251 4160 persequentes,
2274 4082 2441 4159 aquis
2468 4082 2725 4160 absorpti

313 4170 522 4229 misere
551 4189 750 4229 omnes
777 4177 1035 4247 pereunt,
1067 4166 1224 4244 quod
1252 4166 1518 4225 versibus
1547 4164 1763 4242 optime
1788 4162 2079 4239 expressit
2109 4162 2380 4221 Sedulius
2404 4184 2419 4221 ε

712 4290 923 4348 Pervia
951 4288 1116 4346 divisa·
1129 4294 1446 4363 patuerunt
1471 4286 1684 4342 coerula
1701 4282 1870 4359 ponti

716 4370 790 4427 In
811 4369 1094 4447 yeminum
1121 4368 1375 4424 revoluta
1397 4367 1558 4438 latus,
1587 4364 1915 4436 nudataque
1944 4362 2103 4418 tellus

722 4448 990 4525 Coynatis
1015 4446 1294 4522 spoliatur
1321 4444 1500 4519 aquis,
1532 4464 1602 4501 ac
1631 4442 1797 4499 turba
1820 4440 2093 4515 pedem-123

713 4532 905 4588 Intrat
932 4528 990 4585 in
1017 4525 1254 4585 absentis
1274 4524 1478 4599 Pelayi
1501 4542 1679 4595 mare,
1701 4541 1920 4597 perque
1936 4520 2289 4598 profimdum

719 4610 882 4667 Sicca
899 4605 1240 4685 peregrinas
1269 4611 1580 4663 metuerunt
1605 4621 1901 4659 marmora
1924 4604 2172 4677 plantas,

720 4690 967 4746 ,limavit
995 4695 1203 4745 natura
1221 4686 1386 4759 viam,
1411 4681 1517 4741 &cu
