3234 5192
489 329 607 387 318
1153 344 1228 384 ns
1253 344 1514 398 suarm,
1539 344 1725 398 Aous,
1758 344 1831 383 ET
1862 344 2184 385 sAxGums.
2548 334 2805 407 [msrvr.
2836 352 2913 392 vl.

492 486 614 544 Hic
659 496 864 545 autem
911 491 1049 543 ante
1096 486 1298 544 omnia
1344 486 1785 544 observandum
1830 484 2147 543 discrimen
2207 486 2452 544 unitatis
2507 491 2745 549 testium
2799 513 2912 552 coe-

487 565 730 623 lestium
769 572 832 623 et
869 563 1269 636 terrestrium3
1311 581 1454 622 nam
1493 563 1570 619 de
1609 562 1731 620 illis
1769 561 2005 621 dixerat
2042 562 2089 621 J
2090 582 2312 623 oannes
2336 562 2381 624 ἵν
2404 572 2492 624 nin
2534 588 2716 626 unum
2752 584 2909 645 sunt,

487 645 594 701 sed
621 644 696 701 de
723 643 851 703 istis
877 650 940 710 εἰς
965 649 1020 703 τὶ
1047 642 1090 703 i'v
1116 647 1206 702 εἰσὶ
1233 643 1318 701 ad
1343 662 1526 699 unum
1551 641 1650 698 vel
1676 640 1740 697 in
1766 660 1951 697 unum
1988 653 2146 714 sunt,
2181 645 2343 720 quod
2372 663 2511 703 sane
2536 664 2657 704 non
2686 648 2808 705 alia
2833 653 2908 708 de

484 739 668 781 causa
692 722 922 781 factum
949 722 1286 800 putandum
1309 727 1418 791 est,
1461 718 1578 777 nisi
1605 725 1677 777 ut
1721 718 2087 793 significetur
2130 720 2440 781 diversitas
2480 726 2759 801 quaedam
2786 746 2908 786 me-

487 799 815 873 morabilis,
842 820 978 877 quae
1006 802 1164 859 inter
1187 806 1367 859 testes
1395 799 1539 856 istos
1565 797 1841 867 occurrit,
1864 814 1941 855 ne
1968 798 2127 856 idem
2151 800 2227 857 de
2254 799 2523 875 utrisque
2548 812 2903 879 censeretur,

485 880 592 936 sed
619 878 682 935 in
711 879 831 937 illis
858 880 1102 957 quidem
1122 878 1322 936 unitas
1347 876 1604 935 essentia
1630 882 2067 951 agnosceretur,
2120 876 2185 934 in
2225 878 2354 936 istis
2381 897 2522 936 vcro
2550 881 2749 939 unitas
2770 890 2903 941 tan-

490 963 624 1013 tum
651 976 972 1029 consensus,
1000 976 1136 1034 quse
1163 957 1319 1015 inter
1345 972 1438 1012 res
1464 955 1646 1029 longe
1673 954 1935 1011 diversas
1979 961 2177 1030 potest
2218 974 2525 1017 occurere:
2568 976 2709 1017 cum
2736 962 2900 1021 enim

487 1040 670 1093 testes
695 1036 795 1094 isti
823 1037 1364 1112 quomodocunque
1389 1038 1748 1109 spectentur,
1798 1032 1895 1090 vel
1936 1038 2176 1091 externe
2221 1034 2318 1091 vel
2364 1034 2617 1108 interne,
2644 1038 2898 1098 diversae

487 1112 610 1171 sint
633 1120 886 1185 naturae,
916 1132 1052 1191 quse
1098 1112 1272 1171 aliter
1318 1112 1647 1171 coalescere
1690 1128 1813 1167 non
1862 1118 2129 1185 possunt,
2178 1130 2359 1188 quam
2406 1116 2791 1173 consensione
2818 1121 2897 1177 ad

490 1208 682 1248 unum
705 1191 986 1268 idemque
1011 1190 1424 1250 testimonium
1471 1191 1546 1247 de
1593 1188 1831 1249 Christo
1874 1188 2323 1263 perhibendum,
2372 1191 2655 1250 dicuutur
2680 1201 2743 1261 εἰς
2770 1201 2826 1255 τὶ
2853 1196 2897 1257 i'v

485 1294 604 1329 um
629 1270 698 1327 in
723 1288 915 1329 unum
941 1271 1132 1329 veluti
1157 1271 1425 1341 tendere,
1453 1273 1514 1326 et
1541 1285 1612 1325 eo
1642 1266 1822 1325 simul
1848 1284 2219 1339 concurrere,
2248 1275 2317 1326 ut
2342 1269 2501 1327 idem
2541 1272 2617 1328 de
2662 1273 2895 1334 Christo

487 1348 891 1407 testificentur.
935 1348 1072 1408 Hoc
1099 1356 1302 1409 autem
1328 1346 1785 1405 memorandum
1809 1344 1947 1417 fuit,
1975 1363 2053 1404 ne
2080 1347 2157 1404 ob
2182 1352 2413 1405 naturae
2441 1347 2896 1425 discrepantiam

487 1446 580 1486 res
605 1428 728 1486 iuoe
757 1428 878 1487 alio
906 1436 1168 1503 spectare
1196 1432 1258 1485 et
1283 1424 1347 1483 in
1373 1423 1637 1483 diversas
1662 1428 1861 1499 partes
1882 1424 2117 1483 animos
2132 1424 2444 1483 hominum
2464 1428 2701 1487 trahere
2727 1438 2902 1505 puta-

485 1514 726 1565 rentur:
767 1506 988 1582 quippe
1013 1525 1134 1564 non
1161 1510 1252 1564 est
1278 1520 1510 1579 semper
1534 1504 1610 1560 de
1637 1499 1905 1572 testibus,
1935 1502 2043 1578 qui
2068 1504 2149 1561 ad
2176 1503 2409 1580 aliquid
2426 1507 2901 1567 confirmandum

485 1584 866 1655 adhibentur,
895 1586 1104 1642 eadem
1133 1581 1457 1642 testimonii
1501 1579 1703 1652 dictio,
1730 1581 1835 1637 sed
1881 1598 2288 1656 saepenumero
2331 1582 2581 1656 diversa,
2610 1584 2733 1644 imo
2758 1604 2899 1645 con-

485 1662 672 1719 traria
698 1661 1029 1737 proferunt,
1056 1668 1240 1737 prout
1263 1658 1482 1734 majori
1508 1659 1606 1717 vel
1632 1656 1851 1716 minori
1897 1658 2000 1729 rei,
2043 1660 2119 1717 de
2166 1679 2288 1736 qua
2328 1667 2641 1735 testantur,
2687 1666 2901 1725 notitia

481 1746 628 1798 sunt
650 1739 942 1811 instructi,
968 1741 1068 1797 vel
1093 1737 1406 1798 contrariis
1433 1736 1745 1795 affectibus
1784 1738 2124 1796 ducuntur:
2206 1738 2305 1796 Ne
2332 1758 2475 1815 ergo
2502 1742 2623 1798 tale
2650 1744 2797 1818 quid
2824 1745 2900 1802 de

485 1816 611 1875 istis
639 1816 1129 1891 existimaremus,
1159 1818 1323 1893 quod
1370 1815 1618 1872 dubiam
1662 1820 1723 1873 et
1768 1814 2059 1871 incertam
2104 1816 2285 1891 plane
2326 1818 2682 1878 reddidisset
2722 1822 2900 1879 fidem

485 1900 768 1967 nostram,
797 1894 840 1954 J
845 1912 1065 1953 oannes
1090 1896 1236 1954 dicit
1258 1896 1323 1952 in
1347 1910 1538 1953 unum
1565 1909 1709 1963 esse,
1739 1892 1801 1949 id
1828 1898 1919 1951 est
1942 1893 2121 1967 plane
2168 1894 2324 1952 inter
2350 1914 2411 1953 se
2459 1900 2815 1957 concordare
2842 1907 2903 1958 et

485 1973 551 2030 in
577 1972 736 2031 idem
763 1974 1112 2032 consentire.

567 2051 815 2111 XXXI.
862 2051 1182 2121 Quomodo
1203 2056 1406 2109 autem
1439 2050 1501 2107 in
1523 2050 1687 2109 idem
1702 2049 2077 2109 consentiant
2102 2069 2223 2109 non
2244 2051 2485 2110 difficile
2511 2062 2603 2113 est
2620 2058 2698 2113 ad
2726 2057 2900 2115 intel·

484 2130 816 2206 ligendum.
898 2130 1064 2189 Nam
1100 2131 1642 2205 quomodocunque
1668 2134 2024 2205 spectentur,
2069 2136 2299 2187 certum
2344 2137 2435 2188 est
2478 2150 2683 2192 omnes
2729 2136 2899 2193 colli-

483 2226 650 2267 mare
678 2211 757 2267 ad
803 2208 1368 2267 demonstrationem
1399 2206 1749 2265 Divinitatis
1795 2206 2015 2266 Christi
2042 2214 2104 2265 et
2138 2206 2595 2283 Redemptionis
2638 2213 2714 2270 ab
2762 2214 2893 2289 ipso

483 2286 694 2357 factae3
725 2286 1106 2362 evangelium
1159 2292 1316 2343 certe
1361 2302 1486 2343 non
1529 2285 1650 2343 alio
1702 2284 1913 2353 tendit,
1959 2302 2141 2359 quam
2168 2290 2240 2341 ut
2290 2290 2327 2319 “
2346 2288 2656 2345 credamus
2683 2290 2729 2346 J
2730 2308 2897 2349 esum

485 2382 614 2421 esse
643 2363 866 2421 Filium
893 2364 1026 2435 Dei,
1055 2370 1118 2421 et
1143 2368 1214 2419 ut
1240 2364 1545 2421 credentes
1572 2362 1762 2420 vitam
1808 2362 2136 2419 habeamus
2160 2380 2271 2435 per
2306 2362 2563 2435 ipsum,”
2612 2365 2656 2421 J
2660 2369 2759 2425 oh.
2788 2386 2893 2428 xx.

485 2442 580 2499 31.
663 2441 796 2499 Nec
823 2442 978 2499 alius
1007 2440 1528 2500 Sacramentorum
1553 2440 1707 2510 finis,
1735 2457 1870 2514 quae
1919 2445 2060 2497 sunt
2082 2438 2323 2496 foederis
2368 2438 2586 2512 sigilla,
2616 2460 2798 2515 quam
2825 2454 2898 2505 ut

485 2520 724 2578 easdem
749 2518 1166 2595 promissiones
1186 2518 1250 2575 in
1277 2517 1556 2575 cordibus
1581 2517 1853 2575 fidelium
1880 2516 2226 2590 obsignent:
2269 2534 2389 2573 non
2414 2516 2536 2575 alio
2566 2520 2896 2595 respiciunt

483 2600 646 2655 dona
671 2598 923 2669 iuterna,
953 2615 1090 2673 quae
1143 2596 1206 2653 in
1259 2596 1510 2654 testibus
1563 2595 1691 2653 istis
1736 2593 1966 2653 includi
2020 2594 2318 2665 diximus3
2365 2592 2672 2662 Quorsum
2731 2600 2898 2660 enim
3009 2662 3017 2667 ,

484 2674 748 2752 Spiritus
771 2677 951 2734 fidem
977 2674 1042 2733 iu
1059 2674 1271 2734 animis
1297 2674 1514 2733 nostris
1540 2674 1935 2749 ingeneraret,
1964 2671 2079 2731 nisi
2124 2680 2195 2730 ut
2222 2674 2531 2731 credamus
2560 2674 2895 2753 Evangelio

483 2752 601 2812 Dei
627 2756 702 2813 de
730 2753 773 2813 J
775 2772 885 2813 esu
915 2754 1153 2815 Christo
1191 2752 1594 2827 Redemptore
1636 2759 1843 2809 nostro
1857 2752 1886 2809 Ρ
1968 2749 2273 2819 Quorsum
2319 2751 2419 2808 vel
2444 2752 2713 2812 remissio
2762 2775 2896 2831 pec-

479 2841 758 2891 catorum
799 2840 860 2892 et
896 2832 1245 2909 justificatio
1293 2830 1357 2889 in
1405 2830 1536 2906 ejus
1583 2830 1875 2905 sanguine
1901 2829 2073 2887 nobis
2112 2829 2465 2905 applicatur,
2520 2834 2618 2890 vel
2653 2851 2896 2908 regene-

479 2912 732 2971 rationis
759 2930 911 2988 opus
957 2912 1022 2969 in
1065 2909 1239 2969 nobis
1282 2908 1601 2967 inchoatur
1643 2915 1703 2967 et
1741 2914 2130 2984 promovetur
2164 2908 2229 2965 in
2255 2907 2385 2966 dies
2440 2926 2547 2984 per
2572 2910 2894 2972 efficaciam

481 2991 710 3065 gratiss,
739 2990 854 3049 nisi
879 2997 952 3048 ut
975 3006 1374 3066 agnoscamus
1404 2987 1675 3045 divinam
1700 2987 1986 3044 virtutem
2016 2984 2238 3045 Christi
2282 2986 2345 3043 in
2374 2988 2545 3045 nobis
2572 2992 2892 3064 operantia

477 3075 546 3125 et
571 3070 827 3127 salutem
855 3068 1198 3128 inchoatam
1223 3067 1287 3124 in
1315 3066 1443 3126 dies
1469 3065 1827 3142 perficientis
1845 3068 1875 3124 P

567 3146 858 3206 XXXII.
902 3147 1386 3205 Fundamentum
1414 3152 1620 3203 autem
1644 3144 1816 3203 istius
1844 3141 2109 3215 unitatis,
2138 3160 2259 3200 non
2291 3142 2538 3203 aliunde
2566 3150 2893 3221 petendum

479 3230 592 3295 est,
622 3242 805 3300 quam
831 3224 908 3281 ab
935 3223 1336 3283 indissolubili
1363 3222 1699 3297 gratiarum
1728 3223 2071 3279 divinarum
2096 3229 2158 3280 et
2196 3222 2617 3281 beneficiorum
2666 3224 2889 3283 Christi

485 3301 642 3358 inter
669 3318 729 3357 se
758 3317 952 3358 nexu:
995 3301 1505 3377 quemadmodum
1525 3300 1686 3358 enim
1732 3300 2055 3358 arctissime
2100 3299 2257 3357 inter
2299 3318 2361 3358 se
2404 3302 2689 3376 colligata
2734 3311 2894 3375 sunt,

485 3385 558 3435 ut
583 3396 708 3435 uno
761 3376 976 3451 posito,
1003 3384 1219 3435 caetera
1262 3379 1590 3435 necessario
1640 3386 1985 3453 sequantur,
2034 3379 2199 3452 quod
2245 3378 2579 3453 Apostolus
2620 3382 2683 3438 in
2712 3400 2896 3439 aurea

481 3456 697 3514 salutis
717 3460 944 3527 catena,
958 3454 1132 3513 Rom.
1143 3474 1268 3514 vm
1294 3455 1388 3525 29,
1409 3455 1504 3531 30,
1528 3455 1853 3513 clarissime
1872 3456 2327 3527 demonstravit3
2354 3457 2453 3515 Ita
2472 3458 2536 3515 in
2554 3460 2894 3518 testimonio

483 3534 741 3593 dicendo
769 3550 891 3590 non
923 3541 1173 3609 possunt
1197 3552 1321 3592 non
1349 3534 1534 3592 amice
1561 3532 1914 3607 conspirare,
1943 3538 2004 3590 et
2028 3532 2092 3589 in
2120 3552 2311 3591 unum
2339 3537 2704 3595 consentire:
2761 3538 2895 3597 Nec

477 3611 851 3673 conveniunt
875 3618 1113 3671 tantum
1137 3612 1202 3671 in
1229 3631 1319 3683 ec,
1349 3613 1512 3685 quod
1539 3630 1733 3668 unum
1779 3611 2059 3686 idemque
2086 3611 2388 3687 objectum
2435 3616 2767 3690 respiciant,
2797 3618 2898 3675 cui

481 3690 897 3752 testimonium
923 3691 1252 3766 perhibent,
1282 3708 1492 3747 verum
1519 3690 1702 3748 etiam
1728 3688 1791 3747 in
1834 3708 1907 3748 eo
1935 3690 2098 3765 quod
2146 3691 2261 3747 sibi
2307 3700 2579 3751 mutuam
2608 3701 2893 3770 praestent

477 3790 746 3848 operam,
774 3776 838 3828 et
861 3770 1015 3828 alter
1041 3770 1300 3828 alterum
1335 3770 1681 3827 confirmet:
1736 3766 1903 3827 Nam
1928 3774 2001 3827 ut
2026 3774 2203 3827 testes
2230 3770 2493 3831 coelestes
2534 3780 2749 3830 mutuo
2779 3773 2893 3831 sibi

479 3848 894 3909 testimonium
934 3850 1161 3921 dicunt,
1207 3847 1386 3905 Pater
1429 3854 1686 3905 testatur
1727 3848 1803 3904 de
1831 3846 1972 3905 Filii
2018 3848 2249 3919 merito,
2296 3848 2489 3908 Filius
2532 3858 2787 3909 testatur
2812 3852 2889 3909 de

593 3930 680 3988 tia
715 3926 930 3999 Patris,
979 3933 1041 3985 et
1083 3926 1341 4004 Spiritus
1384 3924 1641 3985 Sanctus
1686 3924 1947 4001 applicat
1987 3924 2160 3983 nobis
2201 3932 2263 3984 et
2308 3927 2586 4003 obsignat
2637 3930 2892 4005 gratiam

536 4008 702 4081 atris,
746 4013 808 4066 et
845 4006 1127 4064 meritum
1173 4004 1352 4065 Filii:
1399 4004 1500 4063 Ita
1547 4005 1611 4061 in
1654 4004 1909 4063 testibus
1951 4004 2080 4063 istis
2130 4022 2225 4063 res
2251 4023 2313 4063 se
2362 4007 2578 4078 habet3
2620 4015 2691 4065 ut
2734 4007 2893 4066 enim

475 4086 864 4163 evangelium
891 4090 1257 4144 sacramenta
1275 4084 1559 4156 illustrat,
1588 4082 1674 4141 sic
1693 4088 2063 4141 sacramenta
2088 4085 2472 4157 evangelium
2498 4088 2852 4145 confirmant
2874 4107 2890 4157 ;

467 4172 554 4224 ἰιι
570 4169 716 4224 fides
741 4164 1032 4242 probatur
1055 4182 1164 4240 per
1189 4164 1563 4222 sanctitatem
1605 4169 1667 4220 et
1712 4163 1874 4219 bona
1908 4180 2107 4237 opera,
2154 4160 2244 4219 ita
2284 4164 2564 4223 sanctitas
2589 4167 2811 4240 pendet
2854 4183 2893 4222 a

479 4244 618 4316 fide,
647 4252 708 4303 et
731 4262 868 4303 eam
895 4261 1126 4318 semper
1153 4242 1491 4313 comitatur,
1521 4247 1582 4298 et
1606 4258 1713 4316 per
1739 4240 2209 4299 consolationem
2235 4248 2295 4299 et
2340 4260 2547 4318 pacem
2588 4241 2887 4301 conscien-

479 4322 582 4379 tiae
609 4323 800 4397 magis
821 4340 892 4379 ac
917 4322 1110 4397 magis
1137 4322 1200 4379 in
1227 4321 1400 4380 nobis
1427 4320 1829 4378 confirmatur.

565 4400 894 4457 XXXIII.
937 4398 1030 4458 Ut
1053 4418 1195 4458 vero
1223 4400 1340 4459 ista
1365 4418 1405 4457 a
1431 4398 1562 4456 Deo
1589 4399 1653 4455 in
1682 4416 1859 4475 opere
1900 4398 2110 4457 salutis
2136 4398 2459 4473 conjuncta
2505 4404 2682 4469 sunt;
2728 4398 2829 4457 Ita
2854 4418 2892 4457 a

480 4476 653 4533 uobis
680 4494 994 4551 nunquam
1020 4486 1164 4536 sunt
1187 4479 1563 4547 divellenda3
1591 4479 1757 4553 quod
1785 4478 1953 4536 Deus
1996 4477 2328 4553 conjunxit,
2358 4478 2541 4535 homo
2567 4496 2687 4535 non
2726 4496 2892 4554 sepa-

483 4562 593 4613 ret.
659 4552 840 4611 Unde
869 4562 1034 4629 patet
1057 4573 1168 4613 nec
1191 4557 1444 4615 verbum
1471 4574 1511 4613 a
1536 4556 1937 4627 sacramentis,
1966 4574 2075 4615 uec
2102 4562 2471 4615 sacramenta
2495 4574 2535 4613 a
2560 4558 2742 4614 verbo
2764 4576 2890 4614 esse

481 4632 834 4709 separanda,
885 4632 936 4689 si
981 4632 1248 4691 fructum
1293 4641 1687 4709 utrorumque
1734 4635 2033 4710 percipere
2086 4635 2405 4707 volumus3
2449 4633 2581 4693 Nec
2628 4636 2806 4693 fidem
2854 4654 2893 4693 a
