3234 5192
820 1069 1457 1189 DISPUTATJO
1526 1068 2208 1174 THEQLOGmA,

372 1362 509 1453 DE
623 1357 1484 1493 SATISFACTIONIS
1598 1358 2043 1512 CHRISTIx
2140 1352 2684 1471 VERITATE,

1198 1674 1420 1742 PARS
1493 1670 1864 1751 QUARTA.

1407 1900 1727 1908 -.—.—-———-——

820 2071 1215 2146 Roepondente
1246 2072 1451 2132 Pmno
1483 2072 1860 2147 Summano,
1897 2072 2270 2130 Lamanensi.

420 2231 471 2291 Ῑ.
515 2226 697 2288 Varia
706 2228 833 2304 jam
858 2226 920 2285 in
938 2228 1411 2290 antecedentibus
1427 2230 1683 2289 vidimus
1703 2236 2042 2306 argumenta
2052 2247 2156 2306 pro
2175 2229 2408 2287 veritate
2425 2228 2758 2304 satisfactio-

340 2312 427 2371 nis
442 2308 667 2382 Offim'sti,
690 2306 1061 2383 potissimum
1084 2328 1223 2367 vero
1244 2329 1313 2369 ea
1334 2330 1463 2389 quae
1476 2330 1553 2370 ex
1569 2310 1766 2369 mortis
1775 2310 2210 2387 passionumque
2225 2308 2437 2368 clarata·
2449 2309 2632 2368 causis
2641 2307 2762 2387 peti

340 2396 645 2470 poterant:
689 2386 859 2446 Nunc
910 2386 1026 2447 alia
1074 2387 1465 2467 depromenda
1492 2398 1630 2451 sunt
1657 2410 1733 2449 ex
1761 2390 1894 2467 ipsis
1910 2390 2284 2467 passionibus,
2323 2409 2629 2467 earumque
2655 2390 2758 2447 ad-

326 2470 564 2549 junctis,
593 2488 725 2545 quae
751 2488 871 2526 non
899 2467 1109 2527 minori
1136 2470 1431 2532 evidentia
1458 2479 1517 2531 et
1544 2470 1889 2532 certitudine
1935 2470 2088 2529 idem
2136 2470 2475 2547 mysterium
2503 2488 2762 2548 compro-

346 2552 504 2611 bant.
589 2548 741 2624 Quia
766 2566 907 2607 vero
948 2548 1099 2611 inter
1146 2570 1216 2611 ea
1259 2553 1453 2612 omnia
1480 2572 1609 2630 quae
1637 2552 1748 2611 hac
1773 2552 1836 2611 in
1863 2559 2024 2630 parte
2053 2551 2128 2609 ab
2155 2550 2532 2627 evangelistis
2567 2568 2764 2608 recen·

349 2640 565 2706 sentur,
610 2628 758 2687 nihil
808 2631 1242 2691 memorabilius
1277 2632 1513 2693 videtur
1539 2632 1638 2692 vel
1666 2631 1956 2691 efficacius
1981 2630 2058 2690 ad
2084 2631 2346 2690 veritatis
2393 2630 2552 2688 illius
2595 2646 2770 2705 quam

349 2710 661 2789 quaerimus
710 2710 1205 2770 confirmationem
1254 2732 1324 2771 ea
1366 2732 1541 2791 quam
1586 2712 1648 2770 in
1691 2712 1861 2771 horto
1907 2710 2088 2771 sensit
2113 2710 2355 2786 Ayom'a,
2401 2718 2460 2767 et
2506 2728 2678 2785 quam
2709 2708 2769 2763 in

352 2811 521 2851 cruce
569 2796 847 2867 expertus
894 2796 985 2848 est
1029 2791 1355 2866 desertione,
1390 2792 1534 2850 Ideo
1573 2790 1942 2869 peculiariter
1981 2789 2211 2865 utrique
2239 2789 2625 2862 immorantes,
2671 2785 2770 2843 de-

350 2878 671 2930 monstrare
691 2868 815 2945 jam
844 2868 1233 2945 aggredimur,
1274 2877 1537 2929 neutram
1581 2870 1644 2926 in
1689 2870 1920 2929 Christo
1967 2868 2158 2927 locum
2201 2865 2528 2925 habituram
2573 2864 2768 2939 fuisse,

354 2950 469 3007 nisi
495 2967 599 3027 pro
627 2946 797 3005 nobis
826 2946 1219 3007 satisfaciendi
1260 2966 1469 3007 munus
1498 2948 1559 3005 in
1587 2967 1651 3007 se
1679 2948 2006 3026 recepisset.
2075 2945 2216 3021 Quae
2245 2946 2441 3022 quinta
2467 2943 2635 3003 nobis
2663 2944 2774 3003 erit

357 3034 827 3105 argumentorum
856 3027 1065 3085 classis.

442 3105 528 3165 II.
572 3104 667 3164 Ac
694 3114 761 3163 ut
788 3103 860 3163 de
888 3106 1113 3182 Aqom'a
1140 3105 1401 3166 dicamus
1428 3106 1697 3185 primum,
1722 3126 1838 3185 qua
1884 3107 2154 3166 inchoata
2196 3104 2306 3165 fuit
2349 3105 2554 3165 animae
2581 3104 2774 3182 passio

360 3195 420 3248 et
448 3205 621 3264 quam
647 3186 709 3243 in
736 3186 899 3244 horto
947 3185 1199 3264 experiri
1239 3186 1443 3263 voluit,
1474 3194 1540 3246 ut
1566 3195 1868 3266 peccatum
1897 3186 2056 3265 quod
2082 3187 2144 3244 in
2171 3188 2340 3246 horto
2370 3185 2632 3245 Paradisi
2659 3184 2774 3263 pri·

362 3288 493 3329 mus
524 3264 717 3325 Adam
746 3266 1111 3325 commiserat
1138 3264 1395 3343 deleret;
1438 3274 1648 3327 natura
1673 3268 1798 3346 ejus
1841 3274 1900 3327 et
1940 3267 2190 3344 qualitas
2217 3267 2417 3345 paucis
2443 3276 2534 3328 est
2561 3285 2776 3344 expen-

365 3346 557 3408 denda
583 3353 893 3423 antequam
921 3365 1121 3404 veram
1148 3366 1216 3406 ac
1245 3348 1556 3424 genuinam
1598 3349 1728 3427 ejus
1769 3368 2000 3408 causam
2029 3348 2465 3427 investigemus,
2514 3356 2582 3408 ut
2623 3346 2780 3406 enim

367 3428 607 3489 maximi
648 3426 757 3486 fuit
798 3425 873 3485 ad
915 3425 1366 3486 consolationem
1408 3436 1665 3488 nostram
1706 3430 1982 3488 momenti
2029 3448 2151 3488 rem
2187 3437 2369 3489 totam
2411 3445 2782 3507 cognoscere,

369 3516 634 3569 accurate
663 3528 697 3565 a
726 3506 975 3587 Spiritu,
992 3506 1051 3566 S.
1082 3507 1251 3566 nobis
1278 3508 1341 3566 in
1368 3510 1674 3586 evangelio
1719 3509 2007 3588 descripta
2049 3508 2196 3585 fuit3
2242 3510 2426 3569 Extat
2470 3527 2611 3567 vero
2655 3508 2782 3584 ejus

370 3588 681 3666 descriptio
702 3596 825 3646 tum
853 3586 1011 3665 apud
1058 3586 1269 3647 Matth.
1292 3590 1458 3648 xxvi.
1490 3593 1587 3662 37,
1620 3592 1715 3667 38,
1749 3594 1843 3667 39,
1875 3600 2000 3650 tum
2027 3588 2182 3667 apud
2202 3588 2390 3648 Marc.
2419 3588 2542 3646 xiv.
2566 3589 2662 3661 33,
2685 3588 2781 3663 34,

374 3670 469 3743 35,
496 3678 625 3727 tum
654 3666 809 3744 apud
836 3666 979 3745 Luc.
1010 3668 1157 3727 xxii.
1187 3673 1283 3745 42,
1315 3672 1413 3745 43,
1444 3673 1541 3747 44,
1572 3680 1696 3731 tum
1725 3669 1880 3749 apud
1904 3670 2167 3745 Paulum,
2194 3668 2349 3727 Heb.
2377 3689 2436 3727 v.
2467 3671 2522 3742 7,
2554 3668 2611 3726 8.
2663 3664 2784 3723 Ubi

374 3756 642 3808 notamus
670 3748 783 3805 tria
806 3770 819 3805 :
888 3750 940 3807 1.
980 3746 1215 3808 Gradus
1242 3757 1303 3809 et
1346 3760 1561 3827 partes·
1645 3755 1702 3809 2.
1739 3752 2043 3827 Ach‘uncta.
2127 3752 2185 3808 3.
2228 3750 2496 3824 Effectus.
2581 3746 2785 3804 Partes

376 3827 507 3886 duae
536 3834 685 3901 sunt,
712 3828 938 3887 ἰνίετίἰία
964 3835 1023 3887 et
1050 3829 1233 3905 timor,
1262 3829 1365 3889 illa
1386 3850 1461 3889 ex
1480 3830 1696 3890 intuitu
1715 3831 1852 3889 mali
1880 3828 2198 3908 praesentis,
2227 3828 2338 3887 iste
2366 3848 2443 3887 ex
2469 3825 2786 3905 apprehen-

378 3908 540 3967 sione
570 3906 707 3964 mali
734 3906 913 3967 futuri
941 3909 1221 3987 originem
1248 3910 1459 3985 trahit3
1508 3910 1762 3969 Tristitia
1811 3909 2150 3988 designatur
2188 3928 2292 3986 per
2340 3907 2526 3984 λύπην,
2570 3904 2790 3965 Matth.

380 3986 544 4046 xxvi.
576 3989 672 4063 3⁷,
703 4007 808 4064 per
834 3988 1071 4066 τάραξιν,
1103 3989 1149 4048 J
1150 3988 1245 4048 oh.
1295 3988 1397 4047 xii.
1442 3992 1537 4065 27,
1568 3997 1628 4049 et
1648 3990 1772 4049 xiii.
1801 3992 1898 4067 21,
1929 4010 2034 4067 per
2061 3992 2308 4066 ἀγωνίαν,
2341 3987 2483 4047 Luc.
2513 3986 2658 4045 xxii.
2688 3988 2786 4060 44,

380 4086 484 4145 per
512 4067 811 4138 ἀδημονίαν,
841 4068 1023 4127 Marc.
1054 4068 1175 4128 xiv.
1206 4071 1283 4129 33
1308 4092 1323 4145 ;
1354 4070 1553 4128 Timor
1578 4090 1682 4147 per
1700 4070 1995 4145 εὐλάζιιαν,
2031 4066 2184 4127 Heb.
2214 4088 2270 4125 v.
2304 4072 2358 4143 7,
2379 4076 2438 4126 et
2459 4067 2792 4141 ἐκθάμῦησιν,

381 4146 569 4205 Marc.
598 4145 721 4205 xiv.
753 4148 850 4206 33.
881 4146 1182 4225 Adjuncta
1208 4148 1341 4226 du0,
1376 4153 1429 4207 1.
1448 4148 1644 4209 Sudor
1662 4150 2014 4226 sanquinem,
2041 4148 2182 4207 Luc.
2212 4148 2358 4205 xxii.
2388 4150 2484 4221 44,
2543 4150 2598 4204 2.
2629 4147 2792 4205 Proe-

380 4226 559 4285 sentia
587 4226 795 4301 Anyeli
817 4246 947 4286 eum
977 4226 1415 4304 corroborantis,
1438 4228 1581 4289 Luc.
1610 4229 1757 4288 xxii.
1789 4232 1886 4289 43.
1971 4228 2230 4286 Effectus
2256 4228 2432 4304 hujus
2459 4226 2708 4285 tristitiae
2737 4234 2797 4286 et

384 4305 607 4365 timoris
651 4306 885 4365 fuerunt
900 4328 1101 4383 preces
1128 4307 1244 4367 illae
1272 4308 1690 4369 ardentissimae
1717 4328 1862 4387 quas
1894 4308 2052 4367 Patri
2081 4315 2170 4366 ter
2200 4305 2410 4367 obtulit
2437 4308 2509 4366 de
2540 4306 2732 4366 Calice
2760 4328 2796 4367 a

386 4406 449 4445 se
477 4385 893 4461 transferendO,
923 4386 1139 4447 Matth.
1170 4389 1336 4447 xxvi.
1380 4390 1475 4463 39,
1527 4388 1716 4447 Marc.
1746 4388 1868 4448 xiv.
1899 4391 1997 4466 36,
2051 4386 2190 4447 Luc.
2221 4387 2364 4445 xxii.
2405 4392 2500 4462 42,
2553 4406 2794 4464 quarum

384 4466 580 4525 fervor
605 4473 840 4525 notatur
866 4486 995 4526 cum
1023 4488 1143 4525 non
1168 4476 1394 4529 tantum
1421 4487 1615 4529 orasse
1643 4468 1857 4529 dicitur
1882 4466 2228 4546 ἔκτενὲοτεςον,
2261 4467 2364 4526 sed
2391 4488 2520 4527 cum
2551 4469 2800 4529 clamore

388 4546 588 4606 valido
616 4556 677 4606 et
701 4546 1035 4624 lachrymis,
1068 4548 1221 4607 Heb.
1252 4570 1307 4607 v.
1341 4553 1397 4608 7.
1485 4548 1583 4609 Sic
1609 4569 1715 4627 per
1741 4549 1934 4609 varios
1970 4546 2186 4626 gradus
2214 4548 2558 4626 gravissima
2586 4548 2802 4609 Christi

384 4626 546 4687 lucta
573 4627 743 4687 nobis
771 4626 845 4686 ob
873 4627 1074 4689 oculos
1100 4630 1333 4709 ponitur
1366 4636 1433 4691 ut
1474 4629 1725 4690 sciamus
1751 4650 1868 4689 non
1897 4628 2272 4691 umbraticam
2301 4640 2359 4689 et
2397 4632 2654 4705 ἀνώδυνον,
2699 4628 2803 4689 sed
