3234 5192
524 348 640 404 684
1072 360 1151 399 ns
1182 360 1662 403 SArismc‘noms
1691 361 1926 403 cnius‘m
1957 360 2380 401 rsus-nemone.
2495 347 2746 419 [meru‘r.
2779 360 2934 408 xxn.

514 504 691 561 venia
718 501 803 559 ibi
830 503 1002 559 nulla
1028 501 1322 577 punitio.”
1408 502 1489 560 Et
1534 504 1613 559 ad
1657 502 1782 561 Col.
1829 503 2011 561 homi.
2041 504 2098 574 6,
2143 508 2177 536 “
2199 504 2382 568 natvm
2419 499 2536 579 ἦμεν
2565 505 2648 575 ὑφ’
2671 509 2932 589 &augutu

513 588 603 641 καὶ
630 582 858 641 κέλησιν·
887 586 1031 647 εὖτ-ὃς
1061 588 1314 648 κολασθιὶς
1345 581 1509 651 ἐ’λυστ,
1538 586 1629 640 καὶ
1656 586 1736 644 τὸν
1764 585 2019 663 ἆμαρ-ίαν
2045 587 2136 640 καὶ
2162 586 2243 646 ‘tin
2269 584 2492 653 κδλαση,
2517 584 2772 643 Eramus
2801 607 2927 645 om-

514 681 621 721 nes
648 662 893 720 obnoxii
922 670 1163 737 peccato
1193 670 1253 719 et
1280 681 1488 738 poenae,
1519 664 1642 736 ipse
1671 664 1918 737 punitus
1945 664 2125 720 solvit
2145 671 2206 719 et
2222 672 2528 738 peccatum
2549 670 2608 720 et
2627 668 2927 739 poenan1.”
2983 668 2998 677 '

516 740 768 803 Hieron.
801 742 860 798 in
910 740 1065 799 Psal.
1105 742 1311 811 xxxii„
1357 750 1390 776 ‘⁶
1419 740 1599 809 Quod
1640 742 1862 815 tegitur
1899 760 2019 798 non
2047 742 2303 813 videtur,
2334 744 2494 818 quod
2524 760 2646 799 non
2667 744 2923 817 videtur,

515 837 639 877 non
682 820 1034 895 imputatur,
1065 822 1229 895 quod
1277 838 1397 876 non
1425 818 1762 893 imputatur
1788 838 1898 877 nec
1923 820 2267 895 punietur.”
2335 822 2598 896 August.
2629 823 2704 879 de
2731 823 2926 880 verbis

517 898 716 956 Domi.
758 898 943 957 Serm.
975 898 1069 968 37,
1116 906 1151 932 “
1176 898 1561 971 Suscipiendo
1602 916 1841 972 poenam
1878 907 1938 955 et
1984 917 2106 955 non
2143 900 2521 975 suscipiendo
2566 902 2820 976 culpam,
2867 908 2928 959 et

513 978 756 1052 culpam
810 978 1032 1034 delevit
1085 985 1145 1034 et
1206 980 1496 1050 poenam.”
1585 976 1726 1044 Quo
1767 976 2023 1052 pertinet
2071 978 2280 1036 tritum
2333 979 2818 1038 scholasticorum
2865 987 2928 1037 et

514 1054 969 1114 Canonistarum
999 1056 1337 1127 distichum,

1036 1218 1241 1292 Larya
1268 1214 1387 1273 Dei
1409 1214 1625 1273 bonitas
1652 1216 1868 1274 reniam
1901 1236 2012 1275 non
2041 1216 2355 1275 dimidiabit
2369 1240 2393 1282 ‚-

1036 1300 1154 1355 Aut
1182 1297 1331 1371 nihil,
1364 1304 1465 1353 aut
1490 1304 1663 1353 totum
1693 1305 1743 1353 te
1773 1298 2154 1371 lachrymante
2182 1298 2356 1356 dabit.

512 1494 522 1497 -
597 1456 922 1515 XXXIII.
969 1458 1163 1528 Dices,
1216 1456 1335 1515 Sed
1377 1455 1425 1513 si
1476 1454 1607 1512 Rex
1655 1455 1812 1511 sonti
1861 1455 2086 1511 crimen
2134 1457 2384 1515 remittit
2411 1476 2482 1515 ea
2509 1459 2642 1533 lege
2669 1465 2740 1516 ut
2764 1458 2920 1533 parti

514 1536 756 1593 offensae
785 1536 1121 1607 satisfaciat,
1145 1535 1377 1605 Quidni
1394 1533 1559 1591 Deus
1580 1533 1779 1608 potuit
1799 1533 2038 1607 culpam
2065 1534 2364 1592 remittere
2393 1555 2464 1593 ea
2490 1538 2623 1610 lege
2652 1545 2722 1595 ut
2749 1536 2922 1595 satis-

446 1678 459 1693 .
514 1614 697 1672 factio
718 1616 994 1687 quaedam
1018 1615 1109 1671 illi
1136 1616 1312 1670 detur
1332 1630 1439 1685 pro
1459 1630 1634 1686 poena
1651 1611 1964 1684 temporali
1989 1613 2012 1667 Ξ
2041 1610 2242 1685 Resp.‚
2269 1613 2386 1669 Sed
2409 1612 2505 1669 hic
2527 1614 2921 1671 conferuntur

514 1692 847 1749 dissimilia.
877 1692 1039 1748 Nam
1065 1692 1197 1748 Rex
1214 1691 1457 1765 quidem
1474 1695 1672 1764 potest
1691 1688 1913 1744 crimen
1933 1688 2231 1745 remittere
2253 1690 2410 1745 sonti
2433 1708 2502 1745 ea
2522 1692 2654 1764 lege
2677 1699 2746 1749 ut
2761 1694 2918 1764 parti

514 1771 755 1826 offensae
777 1768 1114 1838 satisfaciat,
1138 1768 1282 1842 quia
1294 1766 1423 1823 Rex
1448 1775 1509 1822 et
1528 1783 1782 1839 persona
1798 1766 2022 1821 offensa
2041 1773 2183 1821 sunt
2203 1769 2340 1823 duae
2357 1784 2623 1841 personae
2642 1768 2915 1840 diversae,

509 1855 573 1905 et
600 1847 647 1903 si
675 1847 975 1903 condonat
1001 1846 1063 1903 id
1092 1845 1236 1903 facit
1252 1862 1481 1919 semper
1507 1842 1667 1899 salvo
1681 1844 1824 1917 jure
1861 1842 2060 1913 Tertii,
2084 1844 2158 1900 de
2181 1862 2301 1917 quo
2323 1862 2444 1902 non
2467 1851 2665 1919 potest
2681 1845 2917 1921 dispen-

512 1943 659 1983 sare.
713 1925 802 1982 At
843 1925 938 1982 hic
959 1924 1002 1982 J
1006 1926 1163 1981 udex
1185 1930 1245 1980 et
1264 1940 1518 1998 persona
1538 1922 1766 1978 offensa
1787 1920 2151 1992 coincidunt,
2179 1922 2337 1980 Deus
2359 1924 2579 1999 quippe
2603 1924 2915 1999 utriusque

510 2008 677 2083 σχίσιν
714 2004 981 2073 sustinet,
1010 2004 1173 2061 unde
1216 2001 1266 2060 si
1309 2001 1526 2059 crimen
1558 2001 1739 2057 semel
1787 2000 2014 2058 remisit
2041 2006 2255 2072 totum,
2285 2021 2406 2060 non
2435 2009 2631 2079 potest
2658 2004 2918 2078 amplius

511 2084 977 2145 satisfactionem
1007 2084 1195 2140 ullam
1217 2099 1325 2157 pro
1344 2099 1414 2139 co
1436 2080 1692 2154 exigere,
1721 2078 1834 2138 nisi
1865 2087 2200 2139 statuamus
2230 2082 2324 2138 vel
2352 2082 2755 2139 remissionem
2784 2101 2916 2157 pec-

513 2165 629 2224 cati
658 2181 780 2221 non
806 2162 987 2221 fuisse
1029 2162 1288 2237 plenam,
1318 2162 1414 2217 vel
1460 2159 1660 2218 Deum
1687 2159 1988 2235 duplicem
2013 2178 2122 2234 pro
2171 2178 2294 2217 uno
2322 2161 2526 2218 debito
2555 2161 2914 2219 solutionem

510 2246 831 2319 postulare,
854 2243 1016 2317 quod
1040 2248 1363 2315 utrumque
1384 2257 1493 2296 nec
1514 2238 1642 2297 sine
1670 2239 1912 2297 crimine
1935 2238 2204 2312 cogitari,
2234 2258 2343 2297 nec
2363 2240 2480 2297 dici
2509 2240 2734 2315 absque
2761 2240 2915 2298 blas-

556 2324 757 2380 hemia
826 2328 991 2377 otest.

512 2344 555 2398 p
591 2340 904 2456 XXXIV.
952 2396 1100 2453 Inst.
1134 2396 1251 2453 Sed
1279 2395 1327 2451 si
1356 2395 1460 2451 ubi
1490 2396 1684 2451 omnis
1711 2396 1878 2452 abest
1905 2395 2097 2464 venia,
2125 2396 2208 2451 ibi
2238 2398 2433 2463 omnis
2455 2416 2694 2471 quoque
2715 2397 2916 2455 debita

513 2477 681 2535 abest
726 2480 787 2531 et
832 2474 1034 2530 abesse
1082 2474 1259 2528 debet
1304 2490 1496 2545 poena,
1527 2472 1634 2545 qui
1668 2473 1736 2527 fit
1764 2479 1834 2528 ut
1873 2470 2264 2543 Magistratus
2292 2474 2352 2529 in
2382 2474 2562 2545 fures,
2591 2477 2915 2546 adulterOS,

510 2551 836 2611 homicidas
886 2568 1085 2607 severe
1113 2549 1568 2618 animadvertat,
1597 2549 1737 2605 licet
1763 2567 1837 2604 ex
1865 2566 2068 2605 eorum
2107 2550 2457 2622 poenitentia
2486 2552 2753 2624 judicari
2781 2572 2916 2626 pos-

510 2633 587 2690 sit
633 2638 693 2688 et
740 2630 953 2687 debeat
994 2646 1069 2685 ex
1106 2645 1330 2686 canone
1358 2626 1666 2683 charitatis
1691 2625 1828 2683 illos
1869 2626 1932 2682 in
1961 2628 2216 2699 gratiam
2245 2628 2486 2685 rediisse
2509 2646 2642 2685 cum
2673 2629 2822 2700 De0,
2854 2641 2916 2687 et

509 2730 621 2769 sua
668 2709 788 2766 illis
815 2714 1055 2783 peccata
1081 2724 1203 2765 esse
1231 2704 1489 2762 remissa.
1573 2703 1774 2779 Resp.,
1819 2704 1936 2764 Sed
1965 2705 2064 2761 hic
2105 2704 2562 2763 confunduntur
2589 2725 2724 2781 quae
2769 2714 2913 2764 sunt

510 2788 951 2863 distinguenda,
982 2786 1206 2844 Forum
1233 2782 1340 2842 soli
1378 2795 1430 2841 et
1458 2783 1598 2860 poli,
1631 2784 1933 2841 Judicium
1973 2784 2291 2840 humanum
2319 2795 2372 2841 et
2400 2782 2704 2843 Divinum.
2765 2784 2828 2843 N
2833 2804 2912 2843 on

509 2886 801 2943 negamus
846 2866 1260 2939 magistratum
1310 2872 1612 2920 terrenum
1654 2863 1910 2937 plectere
1949 2862 2313 2920 facinorosos
2339 2863 2518 2920 etiam
2547 2863 2913 2937 poenitenteS,

511 2950 655 3024 quia
682 2965 801 3004 non
832 2945 1068 3021 respicit
1092 2942 1517 3021 poenitentiam,
1540 2943 1644 2999 sed
1672 2943 2030 3016 exemplum,
2059 2949 2120 2999 et
2147 2941 2606 2999 satisfactionem
2636 2942 2664 3016 j
2673 2941 2913 3014 ustitiae,

511 3033 581 3084 ut
608 3026 889 3101 majestas
934 3025 1139 3099 legum
1183 3031 1359 3091 sarta,
1390 3028 1663 3096 tectaque
1707 3028 2102 3079 conservetur.
2175 3021 2291 3080 Sed
2321 3020 2494 3078 aliter
2521 3040 2582 3078 se
2610 3039 2702 3078 res
2732 3022 2914 3079 habet

510 3106 575 3162 in
588 3104 822 3178 judicio
852 3102 1073 3171 divino,
1103 3103 1168 3158 in
1194 3119 1334 3175 qu0,
1354 3100 1700 3174 poenitentia
1727 3099 1908 3157 semel
1935 3099 2146 3175 posita,
2166 3100 2344 3157 datur
2371 3100 2637 3157 remissio
2664 3099 2906 3174 peccati,

510 3201 633 3239 non
659 3182 882 3237 virtute
910 3178 1289 3254 poenitentiae,
1318 3180 1419 3235 sed
1450 3178 1646 3235 meriti
1671 3177 1890 3236 Christi
1912 3176 2015 3252 qui
2033 3196 2140 3251 pro
2161 3177 2583 3253 poenitentibus
2611 3178 2908 3235 satisfecit.

510 3259 676 3317 Hinc
702 3258 841 3314 licet
868 3275 1075 3314 verum
1105 3258 1181 3313 sit
1208 3256 1452 3313 dimissa
1478 3258 1657 3330 culpa
1676 3256 1738 3311 in
1758 3257 1956 3313 Deum
1985 3254 2118 3312 tolli
2147 3257 2328 3313 etiam
2355 3274 2594 3330 poenam
2621 3256 2907 3328 divinam,

512 3344 573 3394 et
598 3334 844 3392 remissa
879 3334 1060 3409 culpa
1104 3334 1163 3390 in
1210 3334 1515 3390 hominem
1544 3334 1677 3390 tolli
1704 3352 1938 3407 poenam
1969 3335 2331 3405 humanam3
2375 3351 2494 3391 non
2527 3334 2795 3409 sequitur
2823 3342 2910 3392 ta-

510 3432 649 3471 men
686 3412 931 3468 remissa
957 3412 1135 3486 culpa
1162 3412 1221 3468 in
1254 3410 1470 3479 Deum,
1512 3410 1646 3466 tolli
1675 3411 1852 3467 etiam
1893 3430 2126 3485 poenam
2171 3415 2517 3483 humanam,
2560 3421 2631 3470 ut
2665 3413 2912 3469 remissa

510 3494 691 3567 culpa
732 3491 792 3546 in
838 3489 1141 3547 hominem
1186 3505 1307 3546 non
1352 3488 1585 3545 tollitur
1629 3488 1830 3545 statim
1873 3508 2049 3563 poena
2089 3491 2332 3560 divina3
2376 3490 2522 3565 quia
2547 3498 2689 3549 sunt
2730 3492 2790 3547 in
2820 3492 2909 3547 (li-

509 3590 679 3629 verso
706 3569 839 3627 foro
869 3575 929 3626 et
956 3568 1198 3638 ordine3
1232 3566 1523 3623 Poterunt
1542 3584 1686 3640 ergo
1707 3567 1886 3640 plecti
1913 3566 2039 3623 sine
2057 3568 2354 3643 injustitia
2375 3570 2435 3625 in
2458 3569 2591 3627 foro
2621 3571 2907 3641 human0,

510 3651 729 3726 quibus
758 3649 923 3707 Deus
948 3647 1201 3721 gratiam
1228 3646 1368 3703 fecit
1405 3645 1467 3701 in
1512 3643 1646 3702 foro
1674 3644 1899 3717 divin0,
1929 3662 2038 3701 nec
2063 3653 2264 3705 tamen
2291 3647 2432 3704 inde
2460 3648 2668 3705 confici
2693 3654 2910 3723 potest,

508 3729 752 3787 remissa
768 3729 945 3803 culpa
972 3742 1272 3800 superesse
1300 3740 1531 3799 poenam
1561 3724 1864 3781 luendam.

590 3806 864 3865 XXXV.
910 3804 1197 3880 Ejusdem
1226 3802 1537 3860 commatis
1564 3809 1654 3859 est
1679 3804 1844 3877 quod
1870 3809 2170 3877 reponunt
2197 3804 2416 3875 Terti0‚
2463 3804 2646 3871 Quod
2689 3806 2739 3862 si
2779 3812 2912 3880 post

510 3887 751 3962 culpam
794 3884 1117 3952 dimissam,
1167 3881 1320 3938 nihil
1367 3886 1552 3937 restat
1594 3881 1853 3956 amplius
1895 3900 2004 3956 pro
2047 3901 2168 3957 quo
2197 3883 2326 3941 Deo
2361 3884 2644 3955 satisfiat3
2687 3883 2911 3943 frustra

508 3984 726 4041 preceS,
762 3963 1016 4039 jeju'nia,
1062 3962 1451 4033 eleemosynae
1497 3966 1556 4015 et
1601 3959 1724 4017 alia
1767 3959 2060 4033 ejusmodi
2107 3961 2344 4036 pietatis
2393 3962 2585 4020 officia
2629 3963 2907 4021 fidelibus

507 4044 1025 4121 praescriberentur
1060 4041 1135 4097 ab
1177 4038 1441 4097 Ecclesia
1482 4044 1543 4094 et
1584 4037 1650 4093 in
1685 4038 1993 4113 Scriptura
2034 4048 2492 4098 recenserentur.
2569 4040 2736 4099 Nam
2771 4040 2910 4099 licet

508 4143 617 4182 nec
656 4140 855 4199 preces
895 4138 1003 4177 nec
1033 4118 1272 4193 jejunia
1298 4136 1407 4174 nec
1433 4116 1554 4173 alia
1580 4115 1914 4173 istiusmodi
1952 4118 2188 4191 pietatis
2224 4120 2503 4177 exercitia
2529 4120 2759 4194 possint
2783 4137 2908 4177 esse

508 4201 937 4260 satisfactiones
964 4217 1072 4274 pro
1100 4196 1371 4272 peccatiS,
1414 4194 1557 4270 quia
1597 4194 1749 4251 nihil
1775 4195 2002 4253 habent
2028 4214 2148 4270 quo
2178 4198 2579 4273 compensatio
2607 4200 2714 4255 fiat
2730 4197 2908 4272 justi-

506 4282 605 4337 tiae
634 4280 872 4350 divinae,
918 4296 1025 4335 nec
1068 4276 1131 4334 in
1175 4293 1410 4352 poenam
1454 4273 1866 4347 imponuntur,
1911 4276 2011 4331 sed
2055 4275 2119 4331 in
2163 4276 2436 4347 salutem,
2465 4276 2530 4332 N
2534 4295 2612 4333 on
2641 4276 2908 4351 sequitur
2969 4322 2979 4331 .

505 4365 703 4415 tamen
740 4358 1080 4415 frustranea
1120 4374 1261 4426 esse,
1296 4372 1433 4413 suos
1459 4352 1680 4429 quippe
1709 4369 1852 4409 usus
1879 4353 2128 4411 eximios
2155 4354 2378 4413 habent
2405 4354 2453 4411 si
2481 4373 2600 4411 non
2632 4356 2707 4429 ad
2730 4355 2908 4429 justi-

502 4436 840 4493 ficationem
868 4436 1343 4509 consequendam
1372 4432 1531 4508 quod
1564 4446 1722 4487 unus
1753 4430 2022 4489 Christus
2057 4434 2230 4491 nobis
2257 4433 2454 4508 potuit
2481 4434 2762 4503 obtinere,
2793 4433 2908 4490 sal-

503 4519 625 4571 tem
652 4513 727 4567 ad
756 4513 1281 4570 sanctificationem
1308 4510 1797 4586 promovendam,
1840 4518 1901 4568 et
1939 4511 2366 4584 gratitudinem
2397 4509 2527 4569 Deo
2554 4530 2663 4587 pro
2691 4512 2908 4569 benefi-

501 4592 607 4651 ciis
632 4588 885 4664 acceptis
912 4592 1268 4648 testandam.
1336 4589 1435 4647 Ita
1462 4589 1509 4646 si
1537 4588 1704 4646 Deus
1726 4590 1802 4645 ad
1832 4608 2042 4647 eorum
2071 4592 2448 4666 praesentiam
2469 4590 2746 4648 fidelibus
2773 4607 2908 4663 gra-

498 4672 643 4729 tiam
690 4674 1067 4743 peccatorum
1114 4667 1331 4725 dicitur
1374 4667 1582 4742 facere,
1620 4666 1717 4723 vel
1763 4684 1967 4741 poenas
2011 4669 2277 4726 relaxare
2321 4675 2428 4735 aut
2471 4668 2741 4739 auferre;
2783 4684 2902 4725 nou
