3234 5192
547 356 663 413 516
1141 370 1219 409 m:
1248 341 1724 409 sarrsrxcrroms
1753 368 1986 409 cun1sr1
2015 366 2336 409 vam-rara.
2555 348 2817 432 [msr’ur.
2847 370 2950 413 xv.

556 504 772 573 tionem
800 508 955 585 novi,
988 511 1345 569 aversionem
1368 530 1402 567 a
1429 510 1600 588 male,
1632 510 2067 569 conversionem
2106 509 2180 568 ad
2207 510 2442 585 bonum,
2493 512 2716 588 peccati
2763 512 2960 571 odium

560 600 620 651 et
646 592 861 667 fugam,
894 599 951 650 et
970 590 1214 667 justitiae
1242 610 1492 649 amorem
1517 598 1575 648 et
1603 590 1876 649 studium.
1961 590 2183 648 Verum
2212 610 2352 666 ergo
2381 598 2470 649 est
2495 592 2650 650 hunc
2677 592 2851 651 finem
2873 592 2958 650 in-

558 680 648 732 ter
674 672 819 729 alios
848 670 1075 729 Christo
1103 669 1458 748 propositum
1486 669 1665 728 fuisse
1695 678 1753 728 et
1779 689 1884 727 nos
1907 690 1982 728 ex
2011 669 2212 728 mortis
2230 671 2356 747 ejus
2385 673 2867 749 contemplatione
2887 672 2961 731 ad

559 750 718 810 illius
740 750 1135 810 executionem
1158 750 1402 824 incitari,
1435 750 1539 808 sed
1566 749 1774 832 falsum
1803 749 2144 826 supponitur
2163 748 2237 808 ab
2265 749 2614 810 adversariis
2643 752 2960 811 sanctifica-

460 834 465 837 ’
560 832 777 891 tionem
802 832 954 889 hanc
982 838 1039 889 et
1068 831 1321 889 studium
1348 829 1579 907 pietati-s
1601 830 1865 888 connecti
1881 837 2105 888 tantum
2133 850 2236 907 per
2262 829 2532 889 accidens
2553 839 2612 890 et
2631 851 2748 890 non
2765 852 2961 891 neces-

564 911 714 970 sario
763 930 890 970 cum
922 918 1104 969 morte
1150 910 1363 970 Christi
1392 918 1451 967 et
1477 930 1546 967 ea
1586 930 1716 987 quie
1763 909 1897 967 inde
1943 908 2158 987 pendet
2203 909 2610 987 satisfactione,
2659 931 2791 971 nam
2839 912 2963 971 haec

561 989 841 1050 beneficia
886 998 1005 1047 tam
1050 999 1207 1048 arcto
1236 998 1294 1048 et
1321 989 1709 1048 indissolubili
1750 1008 2013 1048 connexa
2041 997 2175 1048 sunt
2201 988 2353 1048 inter
2395 1010 2456 1049 se
2477 992 2726 1067 vinquO,
2769 999 2834 1051 ut
2875 992 2960 1049 di-

562 1070 705 1130 velli
739 1088 993 1147 unquam
1022 1090 1057 1127 a
1086 1088 1147 1129 se
1190 1070 1438 1129 invicem
1480 1088 1588 1128 nec
1632 1069 1857 1146 possint
1883 1090 1989 1127 nec
2017 1069 2284 1145 debeant,
2326 1090 2459 1128 nam
2513 1071 2666 1129 idem
2697 1071 2960 1130 Christus

564 1151 665 1227 qui
708 1150 875 1208 nobis
924 1148 1108 1208 factus
1156 1158 1245 1208 est
1280 1149 1527 1249 justitia,
1574 1148 1762 1208 factus
1803 1150 1977 1207 etiam
2019 1158 2109 1208 est
2141 1149 2531 1225 sanctificatiO,
2569 1154 2597 1207 l
2631 1150 2761 1209 Cor.
2791 1150 2829 1208 i.
2861 1152 2956 1227 30,

564 1239 622 1290 et
650 1230 851 1289 eadem
878 1249 1032 1287 mors
1061 1250 1190 1307 quae
1233 1246 1406 1310 λντςον
1434 1238 1522 1287 est
1550 1229 1624 1287 ad
1652 1227 1940 1306 expianda
1972 1238 2208 1306 peccata
2255 1250 2446 1288 eoram
2477 1230 2624 1307 De0‚
2669 1236 2760 1289 est
2787 1230 2960 1289 etiam

564 1318 765 1390 λοῢτςον
792 1309 867 1367 ad
894 1329 962 1367 ea
988 1309 1049 1367 in
1074 1310 1243 1368 nobis
1272 1309 1589 1387 purganda,
1619 1330 1738 1368 non
1765 1318 1988 1367 tantum
2012 1308 2119 1370 sub
2141 1309 2360 1368 ratione
2393 1310 2595 1369 Gausae
2622 1310 2961 1387 exemplaris

566 1411 695 1468 quae
724 1410 981 1448 normam
1010 1397 1069 1449 et
1096 1390 1331 1449 modum
1360 1389 1534 1447 officii
1565 1389 1818 1463 exhibet,
1865 1388 1967 1447 sed
2012 1398 2071 1447 et
2113 1389 2221 1448 sub
2259 1390 2481 1450 ratione
2529 1410 2713 1449 causae
2739 1391 2957 1449 merito-

564 1472 671 1529 riae
698 1468 825 1545 quae
848 1470 1116 1529 virtutem
1148 1478 1207 1529 et
1233 1469 1539 1528 efficaciam
1571 1468 1647 1530 ad
1679 1468 1808 1546 ejus
1835 1468 2228 1545 impletionem
2249 1470 2550 1547 impetrat:
2593 1470 2729 1529 hinc
2748 1470 2958 1547 passim

568 1550 843 1610 sanctitas
869 1550 1207 1626 proponitur
1232 1558 1506 1625 tanquam
1532 1550 1666 1607 finis
1693 1548 1895 1607 mortis
1925 1548 2154 1624 Christi,
2188 1548 2329 1607 Lue.
2359 1550 2396 1608 i.
2431 1554 2524 1623 74,
2557 1553 2651 1623 75,
2677 1554 2714 1607 2
2746 1552 2876 1609 Cor.
2899 1568 2953 1608 v.

572 1633 665 1703 143
687 1629 800 1686 Tit.
822 1628 879 1685 ii.
906 1631 995 1704 14,
1026 1632 1055 1685 1
1079 1628 1205 1686 Cor.
1226 1628 1304 1685 vi.
1329 1631 1425 1704 20,
1446 1629 1617 1687 Rom.
1646 1628 1726 1687 vi.
1759 1631 1813 1704 3,
1834 1630 1889 1703 4,
1916 1630 1969 1703 5,
1993 1630 2046 1703 6,
2069 1649 2185 1687 non
2205 1637 2428 1687 tantum
2453 1628 2666 1688 Christi
2687 1629 2790 1687 sed
2818 1638 2876 1687 et
2893 1628 2957 1685 fi-

564 1708 779 1766 delium
823 1716 1103 1785 respectu,
1136 1708 1349 1766 Christi
1392 1708 1626 1783 quidem
1671 1707 1808 1785 quia
1852 1715 2159 1785 utrumque
2188 1708 2433 1767 intendit
2481 1710 2540 1766 in
2581 1716 2764 1766 morte
2792 1707 2962 1767 nobis

564 1786 891 1865 promereri,
918 1796 977 1845 et
990 1787 1420 1864 justificationis
1431 1787 1676 1865 gratiam
1695 1795 1753 1846 et
1771 1788 2237 1848 sanctificationis
2259 1787 2489 1861 donum,
2515 1788 2805 1847 Fidelium
2821 1808 2963 1847 vero

564 1867 701 1945 quia
728 1866 801 1924 ad
830 1866 892 1925 id
917 1866 1279 1944 peculiariter
1308 1876 1607 1943 vocantur,
1653 1887 1842 1945 neque
1876 1867 2029 1926 enim
2059 1888 2175 1943 pro
2219 1868 2287 1926 iis
2333 1876 2593 1928 mortuus
2641 1867 2964 1928 censendus

566 1946 829 2007 Christus
856 1947 967 2005 nisi
996 1968 1119 2005 cum
1162 1968 1225 2005 eo
1272 1946 1352 2005 id.
1402 1947 1478 2005 ad
1519 1947 1955 2007 similitudinem
1999 1949 2128 2025 ejus
2168 1948 2503 2025 moriantur,
2553 1968 2847 2025 nunquam
2889 1968 2964 2007 ex

564 2035 747 2086 morte
776 2028 901 2105 ejus
920 2026 1351 2104 justificationis
1371 2027 1714 2086 beneficium
1745 2028 1855 2086 sibi
1883 2028 2172 2105 applicare
2199 2037 2486 2105 poterunt,
2515 2029 2629 2089 nisi
2657 2049 2732 2087 ex
2759 2028 2823 2086 vi
2850 2028 2962 2106 spi-

559 2108 707 2167 ritus
724 2128 895 2185 quem
922 2108 982 2165 in
1023 2107 1225 2166 eadem
1261 2116 1443 2167 morte
1490 2108 1822 2186 impetravit
1866 2108 2376 2168 sanctificationem
2424 2129 2588 2168 suam
2631 2128 2968 2187 promovere

564 2208 669 2267 pro
697 2187 857 2245 virili
883 2188 1233 2247 annitantur.
1278 2188 1527 2247 Tantum
1556 2188 1722 2247 abest
1742 2206 1881 2265 ergo
1901 2196 1969 2246 ut
1994 2188 2243 2247 liberum
2273 2189 2348 2248 sit
2369 2198 2429 2249 et
2447 2192 2737 2267 integrum
2765 2189 2836 2247 iis
2863 2207 2967 2265 pro

564 2268 775 2345 quibus
803 2276 1063 2327 mortuus
1091 2276 1180 2326 est
1209 2268 1488 2344 Christus,
1520 2267 1709 2327 denuo
1737 2268 1796 2325 in
1813 2275 2052 2345 peccata
2077 2269 2303 2345 prolabi
2329 2278 2388 2329 et
2417 2269 2871 2347 qualemcunque
2899 2268 2966 2324 li-

564 2348 755 2406 buerit
782 2346 918 2405 vitae
945 2348 1223 2405 rationem
1256 2349 1437 2424 sequi,
1467 2347 1625 2425 quod
1651 2348 1824 2424 impie
1871 2347 2155 2424 colligunt
2199 2348 2532 2423 adversarii,
2579 2358 2645 2407 ut
2673 2358 2870 2407 contra
2896 2366 2966 2405 ea

563 2426 694 2503 lege
722 2434 947 2484 tantum
974 2426 1385 2502 redemptionis
1414 2434 1471 2485 et
1498 2427 1852 2486 remissionis
1891 2426 2230 2485 beneficium
2260 2426 2645 2503 indulgeatur,
2697 2435 2762 2485 ut
2787 2426 2963 2502 priori

562 2506 701 2565 vitae
729 2505 993 2564 instituto
1022 2506 1295 2565 nuncium
1332 2506 1690 2566 remittentes
1731 2506 1807 2565 ad
1847 2506 2138 2564 meliorem
2181 2505 2404 2581 frugem
2448 2506 2764 2578 redeamus,
2815 2513 2874 2562 et
2901 2504 2961 2560 in

558 2585 817 2645 novitate
846 2585 982 2643 vitae
1011 2586 1386 2663 ambulemuS,
1411 2594 1476 2645 ut
1498 2587 1759 2646 Christus
1782 2586 2008 2644 dicebat
2022 2584 2356 2663 paralytice,
2377 2585 2422 2643 J
2425 2586 2516 2642 oh.
2547 2604 2603 2642 v.
2628 2587 2719 2657 14,
2747 2585 2783 2616 “
2807 2582 2962 2641 Eece

560 2686 735 2725 sanus
763 2666 949 2725 factus
977 2686 1055 2741 es,
1088 2686 1159 2725 ne
1187 2686 1363 2743 pecca
1390 2668 1638 2743 amplius
1664 2675 1731 2726 ut
1772 2664 1985 2742 nequid
2013 2664 2264 2723 deterius
2293 2664 2399 2723 tibi
2427 2664 2580 2722 fiat.”
2667 2663 2800 2722 Hoc
2827 2683 2960 2741 pos·

559 2746 707 2805 tulat
734 2746 923 2805 foedus
952 2746 1152 2822 gratiae
1182 2747 1335 2823 quod
1365 2746 1589 2805 duabus
1616 2746 1745 2805 istis
1772 2744 2030 2822 partibus
2060 2744 2396 2819 absolvitur,
2426 2744 2804 2821 promissione
2829 2762 2962 2819 gra-

560 2826 655 2885 tiae
680 2826 791 2885 Dei
820 2846 948 2904 quae
972 2846 1031 2884 se
1050 2827 1110 2884 in
1137 2827 1471 2886 remissione
1498 2835 1866 2905 peccatorum
1889 2834 1947 2884 et
1984 2824 2218 2903 spiritus
2246 2824 2399 2882 dono
2444 2824 2646 2897 exerit,
2687 2831 2745 2882 et
2793 2822 2960 2881 resti—

556 2906 851 2985 pulatione
879 2906 1222 2966 obedientiae
1250 2914 1477 2982 nostrae,
1508 2908 1553 2966 J
1556 2926 1635 2965 er.
1666 2906 1854 2965 xxxii.
1886 2907 1982 2965 39.
2070 2905 2201 2963 Hoc
2250 2904 2618 2982 gratitudinis
2664 2902 2963 2962 vinculum

558 3007 673 3065 quo
704 2988 830 3047 Deo
858 2996 916 3046 et
946 2988 1173 3045 Christo
1202 2987 1462 3048 obstricti
1492 3006 1691 3045 sumus
1725 2986 1927 3063 exigit,
1965 2990 1993 3043 l
2022 2986 2152 3044 Cor.
2191 2984 2270 3042 vi.
2301 2988 2398 3043 20.
2481 2982 2617 3044 Hoc
2647 2983 2827 3060 ipsius
2853 2982 2963 3041 Dei

556 3086 678 3124 vox
706 3068 923 3139 statuit,
958 3066 1111 3125 Psal.
1139 3066 1350 3126 lxxxv.
1382 3070 1436 3144 8,
1462 3074 1521 3125 et
1542 3087 1721 3125 cxxx.
1751 3069 1807 3140 4,
1843 3066 1932 3124 De
1954 3085 2096 3143 pace
2113 3064 2386 3141 loquitur,
2409 3063 2512 3123 sed
2531 3073 2597 3123 ut
2623 3082 2740 3121 non
2767 3081 2956 3121 rever-

556 3154 748 3205 tamur
774 3146 851 3203 ad
879 3146 1198 3221 stultitiam,
1229 3148 1401 3205 venia
1428 3155 1516 3205 est
1544 3146 1697 3223 apud
1725 3145 1916 3222 ipsum
1947 3144 2051 3203 sed
2077 3152 2142 3202 ut
2171 3144 2427 3203 colatur:
2470 3143 2552 3203 ita
2578 3144 2679 3220 qui
2706 3142 2872 3201 aliter
2888 3141 2960 3200 de

558 3244 626 3282 eo
656 3233 916 3283 censeret
943 3232 1001 3282 et
1029 3224 1474 3285 evidentissimae
1502 3225 1734 3284 veritati
1761 3225 2156 3299 reluctaretur,
2182 3234 2240 3284 et
2261 3244 2322 3283 se
2350 3222 2654 3301 indignum
2681 3230 2843 3281 tanto
2863 3222 2961 3281 be·

555 3302 762 3361 neficio
790 3303 1223 3363 demonstraret.

644 3382 963 3440 XXXIV.
1037 3382 1300 3460 Denique
1362 3383 1437 3442 ad
1497 3389 1622 3443 4³⁸².
1671 3384 1934 3444 Dicimus
1998 3384 2226 3462 peccari
2287 3382 2494 3443 fallaci.
2540 3386 2682 3465 rago)
2730 3386 2784 3439 τὶ
2846 3381 2955 3440 ἔπι-ὅ-

558 3485 725 3540 μενον;
756 3462 866 3522 etsi
896 3462 1116 3521 sanatio
1161 3462 1435 3539 probetur
1462 3484 1535 3523 ex
1582 3464 1975 3538 conversione,
2005 3484 2123 3522 non
2157 3472 2349 3522 tamen
2379 3484 2446 3522 eo
2475 3464 2600 3541 ipso
2632 3464 2690 3520 in
2720 3482 2957 3521 eonver-

558 3543 719 3603 sione
748 3550 970 3602 tantum
1002 3541 1111 3600 sita
1138 3562 1263 3601 esse
1293 3542 1520 3619 dicitur,
1551 3545 1763 3623 quippe
1786 3564 1912 3603 eam
1937 3544 2035 3601 hic
2057 3540 2224 3602 affert
2249 3551 2522 3620 tanquam
2540 3544 2962 3602 instrumentum

557 3624 865 3684 sanationis
892 3629 1120 3697 nostrie,
1151 3643 1265 3699 quo
1296 3624 1439 3682 scili.
1468 3624 1785 3684 remedium
1814 3644 1849 3681 a
1878 3624 2108 3683 Christo
2135 3623 2194 3681 in
2223 3634 2406 3682 morte
2446 3631 2825 3701 praeparatum
2853 3640 2960 3679 no-

559 3706 650 3764 bis
679 3705 1031 3783 applicatur;
1065 3714 1122 3762 et
1147 3703 1259 3761 hoc
1286 3703 1504 3764 indicat
1532 3726 1607 3763 ex
1636 3705 1752 3763 Isa.
1781 3724 1905 3780 cap.
1935 3702 2060 3779 liii.,
2093 3703 2451 3779 oppositione
2480 3703 2733 3781 eleganti
2760 3700 2964 3760 condi-

560 3786 735 3844 tionis
778 3782 985 3862 prioris
1023 3791 1083 3842 et
1120 3784 1437 3861 praesentis,
1492 3784 1702 3841 “Nam
1730 3782 1964 3857 eratiS,’'
1992 3782 2196 3858 inquit,
2245 3784 2281 3815 ‘⁶
2303 3784 2464 3842 velut
2513 3802 2653 3841 oves
2681 3790 2958 3857 errantes,

554 3886 711 3925 nunc
732 3884 872 3923 vero
901 3864 1165 3923 conversi
1193 3864 1332 3923 estis
1354 3864 1428 3921 ad
1455 3872 1744 3941 pastorem
1773 3870 1830 3921 et
1859 3861 2188 3939 episcopum
2238 3861 2554 3920 animarum
2595 3862 2963 3921 vestrarum”

557 3946 634 4021 id,
667 3945 741 4004 ad
770 3945 1061 4004 Christum
1095 3944 1459 4003 Servatorem
1494 3952 1784 4019 pastorem
1829 3942 1994 4001 illurn
2034 3941 2250 3998 bonum
2279 3941 2379 4017 qui
2422 3943 2604 4001 vitam
2653 3962 2812 4001 suam
2852 3960 2964 4019 pro

558 4024 767 4084 ovibus
794 4023 1004 4103 posuit,
1029 4025 1072 4084 J
1076 4024 1167 4081 oh.
1200 4044 1278 4099 x.,
1311 4031 1369 4082 et
1389 4042 1492 4099 per
1520 4042 1649 4080 eum
1681 4022 1883 4080 sanati.
1969 4020 2148 4077 Porro
2175 4028 2241 4078 ut
2277 4024 2490 4079 malum
2531 4042 2565 4079 a
2602 4030 2838 4099 peccato
2867 4041 2964 4080 or-

556 4114 681 4165 tum
703 4104 921 4183 duplex
949 4101 1074 4178 fuit,
1107 4104 1254 4161 labes
1282 4110 1341 4162 et
1366 4109 1572 4175 reatus,
1605 4102 1688 4160 ita
1709 4100 1925 4177 duplici
1953 4120 2098 4177 opus
2135 4099 2245 4158 fuit
2271 4102 2542 4177 remedio,
2574 4104 2798 4178 justitia
2825 4122 2965 4179 quoe

554 4194 776 4245 reatum
796 4184 1039 4257 tolleret,
1064 4184 1354 4241 sanctitate
1371 4201 1499 4260 quae
1528 4180 1716 4258 labem
1740 4180 1972 4254 elueret,
2001 4180 2320 4257 Utramque
2345 4181 2609 4241 Christus
2631 4182 2799 4241 nobis
2825 4200 2966 4259 pro-

556 4266 765 4325 meruit
786 4265 845 4322 in
872 4272 1073 4337 morte,
1105 4271 1406 4339 utramque
1427 4261 1594 4320 nobis
1623 4270 1755 4319 actu
1783 4259 2002 4320 confert
2024 4260 2083 4317 in
2107 4260 2447 4337 Evangelio,
2471 4261 2616 4321 fides
2645 4262 2796 4321 enim
2827 4281 2967 4339 quae

554 4345 864 4423 respondet
918 4342 1239 4419 evangelio,
1291 4350 1350 4401 et
1367 4342 1808 4401 instrumentum
1837 4350 1926 4400 est
1966 4340 2398 4418 justificationis
2445 4343 2713 4401 meritum
2743 4341 2970 4401 Christi

556 4426 666 4482 sibi
689 4424 1047 4501 applicandO,
1080 4431 1137 4481 et
1166 4422 1332 4480 radix
1362 4431 1420 4481 et
1447 4422 1790 4500 principium
1819 4421 2288 4481 sanctificationis
2317 4422 2491 4480 eorda
2537 4431 2734 4480 nostra
2763 4420 2968 4499 purifi-

555 4503 757 4561 cando.
820 4502 960 4560 Ideo
990 4510 1143 4559 recte
1201 4502 1422 4561 sanatio
1475 4503 1601 4561 haee
1649 4511 1845 4562 nostra
1900 4501 2212 4579 spiritualis
2267 4502 2539 4561 tribuitur
2580 4509 2639 4560 et
2667 4500 2965 4562 vibicibus

554 4581 768 4641 Christi
798 4589 857 4639 et
885 4582 1247 4639 conversioni
1268 4602 1335 4641 ac
1362 4580 1498 4640 fidei
1525 4591 1754 4652 nostrae,
1786 4582 1902 4641 illis
1925 4580 2117 4661 quoad
2144 4584 2401 4641 meritum
2442 4591 2500 4640 et
2522 4582 2758 4641 remedii
2779 4580 2965 4657 ipsius

541 4660 1027 4737 proeparationem
1054 4668 1338 4733 quatenus
1383 4662 1613 4720 suerunt
1667 4681 1840 4720 causa
1887 4661 2177 4721 meritoria
2213 4662 2430 4738 gemini
2475 4660 2641 4720 istius
2687 4660 2966 4721 beneficii
