3234 5192
874 870 1473 948 EXERGITATIO
1541 868 2132 963 THEOLOGIGA‚

634 1124 812 1219 DE
1041 1122 1648 1217 LIBRO
1845 1123 2380 1217 VITAE.

580 1583 973 1659 Respondente
1032 1581 1256 1643 Minoo
1318 1582 1646 1641 chnasns
1709 1580 2042 1641 Mlcnaemo
2109 1580 2430 1645 Genevemi.

382 1738 433 1798 1.
476 1739 627 1800 Cum
674 1740 1139 1818 frequentissima
1186 1738 1357 1799 Lzbri
1415 1737 1559 1799 Vita
1604 1741 1668 1798 in
1715 1738 2027 1817 Scripturis
2071 1745 2335 1799 occurrat
2381 1739 2618 1815 mentio,
2649 1746 2710 1803 et

299 1838 511 1897 graves
538 1819 612 1879 de
642 1841 711 1879 eo
738 1820 961 1879 moveri
988 1819 1211 1879 soleant
1237 1818 1607 1897 quaestiones,
1638 1839 1769 1897 quse
1809 1818 1887 1877 ad
1926 1818 2226 1879 electionis
2267 1818 2706 1879 immutabilita-

298 1908 417 1958 tem
444 1907 504 1957 et
530 1899 935 1961 certitudinem
961 1898 1362 1957 illustrandam
1390 1918 1508 1959 non
1554 1919 1758 1977 parum
1785 1898 2020 1973 faciunt,
2066 1898 2256 1957 fructu
2285 1918 2390 1958 suo
2419 1919 2536 1959 nou
2563 1900 2706 1959 cari·

298 1986 487 2036 turam
543 1998 671 2038 esse
725 1977 881 2057 apud
908 1978 1170 2037 veritatis
1213 1978 1505 2038 studiosos
1547 1998 1781 2057 operam
1821 1987 2076 2037 nostram
2107 1997 2306 2037 sumus
2336 1978 2618 2053 arbitrati,
2648 1978 2700 2037 si

296 2056 535 2115 brevem
564 2058 637 2117 de
665 2078 735 2117 eo
762 2058 1193 2117 institueremus
1235 2057 1727 2135 disceptationem.
1813 2056 1984 2131 Quod
2015 2066 2082 2117 ut
2109 2056 2466 2117 commodius
2495 2056 2707 2135 exequi

298 2136 604 2213 possimus,
648 2137 761 2197 tria
804 2137 901 2195 hic
943 2136 1307 2214 potissimum
1356 2136 1740 2214 expendenda
1801 2136 2057 2195 venient.
2169 2136 2220 2195 Ι.
2265 2134 2420 2211 Quid
2467 2156 2571 2213 per
2599 2136 2700 2193 Li—

298 2214 467 2273 brum
494 2215 633 2274 vitae
662 2216 1105 2293 intelligendum
1133 2215 1225 2293 sit,
1257 2224 1317 2275 et
1362 2236 1479 2293 quo
1523 2236 1698 2275 sensu
1745 2215 1872 2275 Deo
1899 2215 2204 2275 tribuatur.
2287 2214 2374 2277 11.
2417 2214 2518 2273 An
2546 2214 2702 2291 quis·

307 2314 479 2373 quam
509 2314 584 2353 ex
612 2315 683 2354 eo
726 2295 906 2355 deleri
933 2295 1134 2373 possit.
1198 2295 1341 2355 ·111.
1385 2295 1487 2355 An
1524 2303 1583 2354 et
1625 2293 1781 2355 unde
1827 2302 2090 2355 constare
2134 2302 2325 2373 queat,
2355 2313 2463 2355 nos
2505 2292 2568 2352 in
2595 2292 2706 2353 hoc

304 2373 454 2433 libro
484 2394 609 2435 esse
638 2376 901 2455 scriptos.

905 2453 989 2511 11.
1036 2453 1114 2513 Et
1140 2452 1217 2512 ad
1244 2453 1493 2531 primum
1531 2452 1768 2531 quidem
1796 2450 1955 2531 quod
1981 2454 2190 2513 attinet
2211 2473 2227 2529 3
2251 2450 2394 2530 quid
2413 2453 2491 2513 sit
2529 2450 2708 2515 Liber

299 2516 785 2623 αῗζξξξξζωξὲξπ
824 2533 951 2607 iste,
1004 2541 1063 2592 et
1099 2533 1435 2610 quotuplex,
1475 2553 1594 2592 non
1643 2533 1917 2593 convenit
1956 2534 2109 2593 inter
2149 2552 2367 2593 omnes.
2451 2532 2700 2607 Quidam

734 2608 747 2620 '
817 2612 1029 2690 plures,
1059 2612 1293 2689 quidam
1321 2613 1620 2690 pauciores
1641 2614 1769 2690 ejus
1791 2613 2012 2690 species
2039 2612 2418 2671 constituunt.
2503 2612 2708 2673 Sixtus

301 2690 589 2765 Senensis,
616 2691 893 2751 Biblioth.
914 2700 1127 2751 sanctae
1146 2690 1247 2750 lib.
1266 2692 1347 2768 ii„
1368 2692 1463 2751 cui
1481 2691 1700 2771 placuit
1715 2692 1827 2751 ista
1843 2692 2122 2751 minutius
2143 2690 2514 2767 distinguere,
2539 2690 2704 2768 quin-

302 2768 578 2848 tuplicem
604 2770 792 2829 facere
819 2771 1008 2831 voluit
1034 2770 1109 2831 ad
1136 2771 1317 2829 instar
1340 2771 1738 2847 Pentateuchi,
1769 2779 1828 2829 et
1853 2771 2126 2829 volumen
2153 2789 2331 2827 unum
2361 2770 2421 2827 in
2449 2770 2703 2847 quinque

298 2848 465 2925 quasi
511 2858 699 2909 tomos
744 2850 1105 2909 distribuere.
1190 2850 1420 2909 Primus
1462 2850 1551 2909 illi
1595 2859 1686 2909 est
1723 2868 1838 2909 nvn
1879 2870 1990 2923 nnc,
2012 2846 2189 2906 Liber
2229 2848 2542 2921 viventium,
2573 2848 2704 2905 sive

299 2926 835 3004 praedestinatorum
864 2930 1181 3007 catalogue,
1212 2929 1273 2987 in
1313 2949 1429 3007 quo
1470 2930 1800 3006 quicunque
1842 2928 1918 2987 ad
1959 2928 2142 2985 vitam
2175 2923 2344 2983 electi
2385 2934 2536 3000 sunt,
2568 2944 2705 2983 con·

300 3006 499 3085 scripti
526 3015 849 3083 censentur,
879 3008 953 3067 de
993 3027 1110 3086 quo
1153 3008 1372 3068 Paulus
1416 3007 1567 3066 Phil.
1596 3009 1676 3065 iv.
1709 3010 1764 3080 3,
1795 3014 1856 3065 et
1885 3004 2072 3083 Apoc.
2103 3002 2246 3063 xvii.
2277 3006 2332 3079 8,
2364 3012 2423 3063 et
2449 3004 2574 3063 xxi.
2603 3007 2702 3063 2⁷.

304 3084 606 3146 Secundus
655 3095 746 3147 est
816 3085 994 3146 Lt‘ber
1040 3090 1457 3162 mandatorum,
1516 3087 1617 3163 qui
1658 3084 1782 3144 κατ’
1808 3088 1978 3160 ιξοχηυ
2003 3083 2311 3159 Scriptura
2358 3082 2586 3159 dicitur,
2635 3102 2706 3146 eo

297 3165 529 3225 nomine
557 3174 713 3227 recte
740 3166 1019 3245 insignita
1040 3188 1055 3242 ;
1098 3174 1223 3225 tum
1246 3166 1383 3243 quia
1408 3164 1818 3243 promissiones
1840 3166 1976 3223 vitae
1999 3172 2227 3222 aeternae
2255 3182 2372 3222 una
2397 3183 2529 3221 cum
2555 3183 2702 3243 proe·

299 3244 482 3321 ceptis
509 3245 585 3304 ad
632 3246 811 3304 vitam
858 3254 1131 3304 aeternam
1175 3243 1640 3322 consequendam
1681 3242 2022 3303 necessariis
2066 3242 2338 3319 continet,
2370 3262 2486 3319 quo
2530 3262 2703 3303 sensu

298 3324 514 3401 passim
542 3333 787 3385 vocatur
833 3340 982 3397 λογος
1030 3324 1173 3401 (m,
1215 3322 1458 3383 Verbum
1484 3326 1611 3383 vitoe
1656 3331 1715 3383 et
1756 3324 2046 3383 Doctrina
2089 3323 2303 3399 salutas,
2346 3331 2470 3383 tum
2525 3324 2700 3384 etiam

299 3402 437 3479 quia
466 3403 746 3476 Christus,
777 3405 878 3481 qui
905 3424 1079 3463 verus
1110 3405 1270 3463 Deus
1292 3412 1380 3462 est
1402 3412 1461 3463 et
1480 3404 1604 3463 vita
1633 3410 1862 3480 oeterna,
1894 3403 2072 3463 totius
2105 3402 2415 3480 Scripturas
2443 3412 2701 3466 centrum

300 3490 391 3540 est
418 3490 476 3539 et
500 3482 652 3542 finis.
696 3482 926 3543 Tertius
952 3483 1041 3543 illi
1068 3491 1158 3543 est
1185 3482 1364 3541 Liber
1402 3484 1529 3542 vitoe
1554 3484 1722 3560 Aqm‘,
1757 3483 1829 3543 de
1857 3503 1973 3561 quo
2003 3481 2190 3560 Apoc.
2219 3482 2343 3541 xiii.
2374 3484 2430 3542 8.
2478 3486 2513 3517 “
2536 3484 2700 3543 Ado-

296 3560 505 3620 rabant
528 3561 775 3621 bestiam
820 3583 1019 3623 omnes
1068 3562 1271 3622 incolae
1313 3571 1497 3638 terrae,
1527 3582 1772 3641 quorum
1822 3563 2055 3622 nomina
2092 3582 2210 3621 nou
2239 3570 2374 3621 sunt
2401 3563 2614 3639 scripta
2639 3563 2701 3621 in

297 3638 446 3697 libro
468 3640 604 3699 vitae
633 3640 856 3718 Agni,’'
888 3638 997 3701 ἀει.
1082 3642 1176 3701 Ita
1198 3641 1403 3718 dictus,
1428 3662 1545 3700 non
1573 3641 1730 3719 quod
1772 3642 1847 3701 sit
1873 3642 2022 3701 liber
2047 3641 2122 3700 ab
2151 3640 2329 3718 Agno
2358 3641 2696 3717 descriptus,

300 3718 404 3779 sed
432 3720 589 3795 quod
615 3720 741 3797 ipse
768 3720 981 3799 Agnus
1010 3720 1085 3779 ad
1112 3740 1373 3779 normam
1402 3721 1540 3780 vitae
1581 3722 1751 3782 nobis
1779 3729 2155 3799 proponatur,
2186 3720 2373 3779 veluti
2399 3720 2550 3778 liber
2575 3721 2701 3795 qui-

300 3796 431 3856 dam
460 3798 702 3858 illustris
730 3808 789 3858 et
816 3800 1177 3877 conspicuus,
1206 3820 1324 3859 non
1344 3820 1565 3877 papyro
1586 3810 1688 3861 aut
1713 3800 2079 3876 membranis,
2111 3800 2215 3859 sed
2241 3800 2302 3857 in
2331 3799 2456 3876 ipsa
2485 3797 2698 3857 Christi

297 3896 466 3935 carne
495 3886 553 3936 et
580 3878 852 3939 membris
880 3888 1127 3957 aptatus,
1158 3899 1277 3939 non
1319 3888 1639 3939 atramento
1685 3880 1958 3955 miniove,
1990 3878 2094 3938 sed
2135 3879 2387 3957 pretioso
2415 3885 2474 3937 et
2501 3876 2698 3936 incon·

297 3957 576 4016 taminato
604 3958 733 4033 ejus
761 3959 1045 4035 sanguine
1074 3958 1451 4037 conscriptus,
1471 3958 1534 4018 in
1560 3978 1676 4036 quo
1704 3958 1950 4036 quilibet
1978 3958 2337 4017 Christianus
2364 3964 2554 4033 potest
2581 3976 2698 4016 uno

298 4034 460 4095 velut
486 4035 702 4095 intuitu
728 4036 921 4114 legere
951 4045 1010 4097 et
1038 4037 1310 4114 ediscere,
1341 4057 1701 4115 quaecunque
1742 4038 1819 4097 ad
1899 4038 2013 4095 iam
2062 4044 2120 4097 et
2148 4056 2283 4095 vere
2313 4034 2696 4095 Christianam

296 4114 475 4173 vitam
517 4117 856 4190 necessaria,
900 4116 1289 4177 innocentiam
1331 4118 1700 4197 singularem,
1742 4137 1847 4195 pro
1871 4116 2084 4175 undam
2124 4114 2524 4189 humilitatem,
2568 4134 2699 4192 per-

296 4192 668 4253 fectissimam
705 4195 1110 4272 obedientiam,
1139 4197 1476 4274 patientiam
1518 4196 1933 4269 incredibilem,
1965 4194 2423 4255 ardentissimam
2451 4192 2699 4253 eharita-

294 4280 430 4348 tem‚
460 4282 521 4333 et
540 4282 779 4333 caeteras
798 4275 1047 4335 virtutes
1066 4276 1139 4334 ad
1163 4284 1391 4335 aeteruae
1408 4276 1784 4336 beatitudinis
1802 4274 2021 4333 aditum
2038 4275 2288 4333 maxime
2307 4274 2659 4334 necessarias
2677 4298 2694 4353 ;

294 4350 369 4411 ad
390 4372 561 4429 quem
576 4353 790 4413 librum
810 4356 1094 4433 pertinere
1115 4362 1327 4433 posset,
1348 4356 1506 4434 quod
1528 4354 1791 4414 Christus
1813 4353 2024 4412 dicitur
2041 4352 2196 4431 apud
2217 4352 2472 4429 Petrum,
2496 4354 2695 4433 primas

299 4450 424 4509 cap.
452 4432 513 4491 ii.
534 4436 633 4509 21,
652 4433 958 4512 reliquisse
984 4440 1121 4507 tou-oy
1148 4461 1334 4513 ιμμου,
1356 4444 1421 4495 ut
1436 4452 1744 4511 sequamur
1760 4436 1876 4508 qius
1891 4433 2138 4509 vestiqia.
2185 4431 2436 4508 Quartus
2456 4444 2699 4497 vocatur

298 4508 475 4571 Liber·
498 4514 963 4591 vitoeproeteritae,
994 4534 1097 4575 seu
1150 4516 1272 4574 ‘ber
1298 4516 1435 4575 vitae
1456 4513 1929 4589 uniuscuiusque,
1960 4511 2022 4571 iu
2089 4532 2165 4573 uo
2193 4511 2414 4573 scilicet
2441 4513 2700 4593 singulo-

296 4608 423 4649 rum
454 4590 613 4652 dicta
640 4600 700 4653 et
726 4592 881 4653 sacta
909 4600 1278 4673 reponuntur,
1302 4602 1370 4657 ut
1397 4594 1470 4655 de
1511 4592 1629 4651 illis
1672 4591 1952 4651 rationem
1981 4532 2226 4653 reddant
2251 4592 2312 4651 in
2341 4592 2435 4653 die
2471 4594 2698 4678 judicii,
