3234 5192
230 392 465 433 msnur.
494 370 633 453 νει]
958 392 1191 433 Νοετυ
1219 394 1297 432 ΑΒ
1326 392 1607 435 nccnssm
1637 394 1906 437 noxam.
2545 386 2660 445 165

236 533 435 611 quitur
461 532 621 612 quod
664 532 885 593 vellent
934 534 1241 610 Pontificii,
1298 554 1427 595 esse
1471 536 1862 597 characterem
1907 537 2198 599 visibilem
2235 538 2521 602 frontibus
2548 543 2646 603 vel

236 614 494 673 dexteris
521 614 883 691 impressum,
914 614 1075 691 quod
1094 614 1459 693 aenigmatico
1488 622 1547 675 et
1572 616 1911 695 prophetico
1950 618 2106 695 stylo
2125 638 2329 697 parum
2349 622 2641 683 convenit.

239 693 465 754 Sufficit
490 701 557 753 ut
610 702 831 754 tessera
877 694 1073 772 aliqua
1126 694 1297 755 detur
1341 694 1501 755 illius
1554 698 1994 774 communionis,
2037 700 2164 759 sive
2192 719 2324 759 cum
2355 702 2642 779 Dionysio

237 774 619 834 Carthusiano
646 782 706 834 et
744 774 991 835 Alberto
1018 794 1232 853 magno
1278 775 1676 853 intelligamus
1721 777 1850 836 vitoe
1893 788 1948 837 et
1985 779 2258 839 doctr-ime
2312 782 2646 843 Antichristi

234 856 695 931 conformitatem,
727 855 852 915 sive
880 874 1013 915 cum
1060 855 1284 914 Thoma
1294 858 1702 932 professionem
1720 857 1900 917 illiciti
1921 862 2114 935 cultim,
2145 880 2262 937 qua
2289 860 2642 923 Antichristi

235 954 513 1013 sequaces
539 935 613 994 ab
642 934 773 995 aliis
800 934 1249 1013 distinguantur,
1282 943 1340 995 et
1366 955 1483 1013 qua
1509 956 1573 997 se
1601 936 1656 995 ei
1684 945 1960 1015 tanquam
1997 950 2356 1000 sacramento
2402 942 2640 1003 militari

235 1022 295 1075 et
318 1015 648 1075 voluntaria
702 1016 983 1075 servitute
1026 1015 1353 1093 subjiciant,
1410 1015 1487 1075 ad
1530 1016 1716 1095 ipsius
1763 1018 2164 1079 auctoritatem
2193 1020 2554 1081 subeundam
2581 1030 2642 1083 et

232 1096 685 1173 promovendam
711 1094 1066 1173 professione
1089 1104 1148 1155 et
1176 1114 1363 1173 opere.
1449 1096 1539 1155 Eo
1567 1098 1724 1157 enim
1766 1098 2026 1175 refertur,
2077 1100 2236 1177 quod
2283 1100 2358 1161 de
2405 1102 2638 1163 charac-

230 1184 354 1235 tere
381 1176 662 1253 impresso
673 1176 867 1249 fronti
903 1185 963 1236 et
990 1178 1239 1235 deaeteroe
1266 1176 1493 1253 dicitur,
1524 1178 1584 1237 in
1613 1180 1816 1251 fronte
1857 1187 2090 1257 propter
2114 1181 2547 1259 professionem,
2579 1184 2638 1243 in

226 1276 403 1315 manu
422 1264 655 1335 propter
680 1256 1087 1333 operationem.
1176 1256 1259 1316 Ut
1286 1256 1603 1333 Augustin.
1650 1257 1724 1317 de
1751 1258 1927 1318 Civit.
1959 1260 2088 1335 Dei,
2119 1260 2220 1319 lib.
2244 1282 2346 1319 xx.
2377 1282 2502 1340 cap.
2530 1262 2634 1340 ix.,

234 1335 553 1395 Primasius
608 1334 671 1393 in
698 1334 885 1413 Apoc.
934 1356 1059 1415 cap.
1114 1336 1259 1411 xiii„
1290 1345 1349 1396 et
1396 1336 1497 1395 alii
1550 1345 1754 1397 notant
1778 1360 1794 1398 z
1838 1339 2140 1414 Quomodo
2190 1340 2455 1401 Christus
2503 1362 2639 1403 suos

231 1416 540 1493 obsignat3
624 1415 795 1475 artim
822 1416 1147 1476 charactere
1174 1416 1420 1493 intern0,
1448 1416 1668 1496 Spiritu
1697 1418 1919 1478 scilicet
1945 1426 2005 1478 et
2030 1418 2144 1479 fide
2207 1440 2269 1479 er
2296 1422 2636 1481 charitatem

231 1496 469 1569 efficaci,
494 1499 531 1553 2
571 1436 719 1555 fim.
768 1494 827 1554 ii.
882 1498 973 1571 19,
1026 1496 1177 1573 Eph.
1220 1496 1301 1556 iv.
1352 1499 1448 1571 30,
1492 1498 1702 1576 partim
1752 1506 2010 1575 externo,
2058 1500 2118 1557 in
2215 1509 2367 1577 onte,
2417 1502 2634 1561 Ezeeh.

228 1576 313 1635 ix.
342 1578 399 1651 4,
426 1574 613 1653 Apoc.
642 1576 725 1633 ix.
754 1578 811 1650 4,
856 1596 959 1654 per
1000 1576 1138 1635 fidei
1183 1578 1603 1653 professionem,
1635 1578 1698 1635 in
1751 1598 1927 1638 manu
1973 1600 2077 1657 per
2120 1582 2518 1658 operationem,
2549 1591 2634 1659 ut,

230 1655 563 1734 profitentes
590 1656 821 1733 publice
849 1658 1169 1732 veritatem,
1198 1677 1315 1715 non
1342 1656 1559 1735 pudeat
1586 1658 1744 1734 ipsos
1771 1660 2078 1737 evangelii,
2111 1660 2281 1720 Rom.
2311 1660 2350 1721 i.
2385 1664 2478 1721 16.

308 1734 569 1794 XXXI.
614 1736 741 1811 Quo
768 1738 976 1815 posito,
1006 1757 1123 1796 non
1171 1736 1403 1797 difficile
1446 1746 1537 1797 est
1562 1740 1946 1799 characterem
1984 1740 2160 1801 istum
2207 1740 2364 1819 apud
2393 1741 2634 1801 Pontifi-

225 1816 348 1875 cios
370 1815 648 1876 invenire.
732 1816 881 1875 Nam
910 1826 977 1877 ut
1003 1817 1149 1875 nihil
1176 1817 1437 1877 dicamus
1482 1818 1557 1877 de
1602 1820 1762 1895 signo
1790 1820 1985 1895 crucis,
2010 1840 2128 1897 quo
2155 1840 2452 1899 perperam
2483 1822 2638 1881 Pon·

220 1896 386 1955 tificii
412 1916 449 1955 a
476 1896 826 1956 Reformatis
852 1898 1059 1957 volunt
1091 1898 1215 1974 jam
1263 1898 1545 1975 dignosci,
1574 1899 1732 1976 quod
1777 1919 1952 1959 manu
1979 1900 2221 1960 dextera
2245 1900 2422 1961 fronti
2451 1903 2642 1963 solent

222 1977 587 2056 imprimere;
630 1977 777 2035 nihil
830 1978 1001 2037 etiam
1032 1978 1105 2037 de
1153 1979 1587 2058 confirmationis
1612 1978 1928 2055 chrismate,
1959 1980 2116 2058 quod
2171 2000 2370 2041 omnes
2424 1982 2640 2041 debent

226 2057 299 2116 ab
324 2056 613 2136 Episcopo
642 2057 933 2135 suscipere
962 2058 1020 2115 in
1049 2057 1253 2133 fronte,
1286 2067 1344 2119 et
1371 2059 1541 2135 cujus
1566 2067 1788 2119 tantam
1829 2080 1958 2121 esse
1985 2062 2386 2121 necessitatem
2415 2060 2633 2138 dicunt,

222 2144 290 2197 ut
334 2139 369 2170 “
392 2136 753 2196 Christianus
806 2157 1101 2215 nunquam
1144 2158 1271 2197 esse
1314 2139 1515 2216 possit,
1546 2140 1648 2216 qui
1691 2140 2122 2199 confirmatione
2167 2141 2479 2221 episcopali
2519 2161 2638 2201 non

222 2216 397 2277 fuerit
422 2216 826 2294 chrismatuS,''
860 2218 949 2277 De
980 2218 1217 2277 Consec.
1248 2218 1381 2278 dist.
1414 2221 1468 2293 5,
1502 2219 1579 2277 A.
1629 2219 1712 2279 Ut
1759 2220 1959 2299 Jejun.
1985 2242 1999 2295 ;
2042 2220 2188 2279 nihil
2243 2222 2416 2281 etiam
2444 2219 2518 2281 de
2543 2242 2639 2281 sa-

222 2306 509 2356 cramento
538 2298 770 2373 ordinis,
802 2297 863 2355 in
892 2317 1007 2375 quo
1036 2298 1333 2357 character
1358 2298 1572 2358 dicitur
1588 2299 1840 2378 imprimi
1877 2320 1979 2379 per
2017 2301 2350 2361 unctionem
2371 2302 2428 2359 in
2449 2301 2636 2379 capite

221 2386 281 2437 et
309 2397 482 2437 manu
510 2376 733 2453 dextra,
766 2378 866 2454 qui
894 2387 1137 2437 vocatur
1160 2380 1479 2455 indelebilis,
1504 2380 1724 2456 absque
1753 2400 1868 2457 quo
1885 2381 2108 2441 nullum
2136 2380 2420 2459 possideri
2447 2390 2640 2459 potest

221 2456 603 2533 beneficium;
634 2457 767 2535 quis
814 2458 999 2517 nescit
1053 2460 1337 2518 neminem
1387 2458 1447 2518 in
1493 2460 1952 2521 communionem
2005 2462 2174 2521 Rom.
2220 2462 2398 2540 recipi
2445 2480 2635 2540 posse,

220 2538 324 2617 qui
370 2538 542 2615 Papae
586 2558 705 2597 non
754 2538 1108 2615 subjiciatur,
1160 2538 1243 2599 ita
1286 2548 1351 2599 ut
1398 2539 1484 2598 illi
1532 2540 1769 2601 subesse
1814 2540 1890 2601 sit
1917 2541 1990 2600 de
2017 2541 2360 2602 necessitate
2389 2541 2594 2601 salutis
2610 2544 2639 2602 P

220 2620 349 2693 Quo
378 2626 599 2697 spectat
624 2618 905 2696 professio
931 2618 1067 2678 fidei
1097 2618 1374 2679 Romanae
1418 2640 1454 2679 a
1499 2621 1606 2680 Pio
1637 2621 1746 2681 IV.
1777 2621 1950 2697 edita,
1980 2640 2097 2700 qua
2138 2641 2356 2680 novum
2405 2621 2637 2699 symbo-

218 2699 341 2758 lum
392 2698 736 2773 Romanum,
785 2718 900 2776 quo
964 2706 1239 2777 tanquam
1287 2700 1615 2761 charactere
1665 2701 2056 2779 insigniuntur
2101 2702 2368 2777 Romani,
2411 2709 2470 2760 et
2535 2720 2640 2779 per

220 2778 380 2856 quod
406 2778 661 2839 solemne
689 2778 1031 2857 obsequium
1058 2788 1327 2839 tenentur
1378 2781 1550 2859 Papae
1579 2800 1794 2841 vovere
1823 2789 1882 2841 et
1908 2782 2258 2859 promittere,
2289 2802 2366 2841 ex
2407 2780 2640 2840 decreto

222 2858 468 2919 Concilii
514 2859 857 2933 Tridentini,
909 2859 1235 2919 continetur
1276 2860 1336 2919 in
1384 2860 1559 2919 Bulla
1590 2860 1684 2918 Pii
1733 2860 1862 2936 IV.,
1895 2880 2066 2938 super
2103 2861 2286 2919 forma
2321 2860 2638 2937 juramenti

216 2938 593 3017 professionis
619 2938 771 3015 fidei,
804 2938 875 2999 de
917 2958 1033 3017 qua
1060 2960 1233 3017 supra
1278 2940 1443 3017 Disp.
1470 2940 1521 3000 I.
1566 2942 1603 2973 “
1623 2940 1754 3017 Ego
1783 2940 1858 2999 N.
1886 2940 2052 2999 firma
2078 2938 2192 2999 fide
2221 2940 2393 2999 credo
2421 2948 2481 2999 et
2505 2958 2637 3015 pro·

216 3018 445 3094 fiteor,’'
477 3016 587 3077 &c.
670 3019 782 3094 Qui
830 3039 969 3097 ergo
1014 3020 1119 3079 tali
1153 3021 1482 3097 juramento
1526 3040 1589 3079 se
1618 3020 1962 3097 obstringit3
2007 3018 2108 3097 qui
2148 3038 2419 3095 expresse
2467 3018 2638 3097 profi-

220 3107 377 3159 tetur
424 3097 839 3175 subjectionem
882 3109 941 3160 et
994 3100 1167 3159 fidem
1215 3100 1387 3177 Papae
1437 3109 1497 3160 et
1524 3100 1984 3159 communionem
2039 3118 2170 3159 cum
2199 3119 2305 3176 eo;
2351 3099 2452 3176 qui
2505 3098 2636 3157 reli-

220 3178 415 3257 gionis
444 3178 661 3237 cultum
689 3180 960 3239 observat
979 3181 1154 3257 juxta
1181 3180 1519 3241 traditiones
1548 3180 1828 3239 Romanae
1859 3179 2045 3254 Sedis,
2089 3180 2290 3258 quales
2319 3188 2456 3239 sunt
2472 3198 2639 3239 sanc·

220 3268 431 3335 torum,
462 3258 796 3337 imaginum,
840 3260 1212 3337 reliquiarum
1251 3261 1459 3337 cultus,
1491 3260 1750 3320 adoratio
1788 3260 1976 3320 crucis
2003 3268 2064 3319 et
2105 3260 2486 3336 eucharistiae,
2525 3260 2636 3319 fre·

222 3339 521 3417 quentatio
570 3340 893 3415 missarum,
924 3340 1417 3418 peregrinationes
1466 3340 1541 3399 ad
1588 3342 1718 3400 loca
1747 3350 1962 3417 sancta,
1994 3338 2122 3417 &c.,
2152 3340 2206 3399 is
2247 3342 2638 3401 characterem

224 3420 553 3479 Romanum
582 3419 777 3479 habet.
848 3420 976 3495 Quo
1006 3440 1178 3479 sensu
1220 3430 1423 3480 auctor
1449 3426 1485 3479 2
1514 3422 1614 3481 lib.
1659 3422 1941 3496 Maccab.,
1973 3442 2098 3499 cap.
2145 3424 2224 3480 iv.
2255 3442 2374 3481 ver.
2411 3424 2503 3496 10,
2534 3421 2637 3479 ob·

220 3500 608 3559 servationem
650 3500 867 3559 rituum
898 3500 1215 3559 Gentilium
1266 3510 1437 3561 vocat
1482 3528 1562 3559 τοι
1602 3504 1849 3566 ἔλλυποι
1889 3507 2208 3583 mcxv-33⁸,
2245 3502 2640 3563 Graecanicum

222 3580 623 3654 characterem,
653 3599 769 3658 quo
798 3580 1021 3639 scilicet
1048 3580 1252 3658 religio
1296 3582 1505 3641 Graeca
1552 3602 1654 3642 seu
1702 3584 1954 3643 Gentilis
1991 3582 2458 3661 dignoscebatur.
2545 3580 2640 3639 Ita

212 3661 494 3736 professio
544 3659 811 3737 Papia-mi,
856 3659 932 3719 ad
978 3680 1151 3737 quam
1190 3680 1326 3719 suos
1364 3681 1563 3721 omnes
1610 3662 1983 3739 stipulatione
2013 3663 2302 3721 communi
2347 3660 2437 3719 vel
2477 3660 2638 3735 jura-

220 3748 416 3798 mento
446 3740 725 3817 singulari
760 3740 1071 3817 obstringit
1101 3740 1277 3818 Papa,
1312 3740 1460 3799 bene
1498 3744 1795 3801 character
1825 3743 2065 3801 Latinus
2095 3741 2324 3801 dicitur.

303 3820 599 3879 XXXII.
645 3820 815 3895 Quod
844 3840 981 3879 vero
1012 3820 1223 3879 dicitur
1250 3821 1648 3881 Antichristus
1669 3823 2080 3899 prohibiturus,
2111 3842 2178 3879 ne
2212 3821 2335 3897 quis
2363 3830 2512 3879 emat
2556 3826 2646 3883 vel

222 3903 443 3975 vendat,
474 3902 575 3977 qui
596 3921 709 3959 non
729 3900 987 3959 habuerit
1011 3902 1409 3975 characterem,
1442 3922 1602 3961 suam
1635 3902 1808 3961 etiam
1859 3902 1916 3961 in
1945 3922 2124 3979 regno
2155 3900 2460 3960 Pontificio
2488 3902 2638 3959 veri·

216 3988 398 4038 tatem
428 3980 510 4039 ita
536 3979 689 4039 clare
717 3980 958 4054 obtinet,
989 3990 1054 4040 ut
1082 4001 1197 4039 non
1228 3991 1343 4039 tam
1374 3982 1486 4041 ista
1512 3982 1810 4059 praedictio
1840 3984 1923 4041 rei
1944 3984 2167 4054 futurae,
2199 4000 2372 4057 quam
2402 3980 2642 4041 historia

208 4060 339 4136 jam
361 4068 541 4135 gestae
572 4058 757 4119 videri
799 4060 1002 4137 possit.
1086 4060 1276 4121 Testis
1324 4060 1419 4121 hic
1447 4062 1617 4121 nobis
1663 4063 1740 4123 sit
1769 4062 2086 4139 Gregorius
2115 4060 2279 4134 vn„
2311 4060 2412 4135 qui
2441 4069 2643 4120 auctor

220 4139 442 4198 Guliel.
475 4140 855 4215 Conquestori
872 4140 997 4216 fuit,
1026 4142 1062 4173 ‘⁴
1084 4160 1155 4199 ne
1174 4141 1425 4218 aliquem
1456 4142 1513 4199 in
1536 4162 1642 4201 sua
1666 4149 1952 4219 potestate
1970 4139 2190 4217 aliquid
2212 4158 2399 4197 emere
2423 4149 2482 4198 et
2498 4160 2640 4199 ven·

218 4218 360 4277 dere
377 4218 751 4295 permitteret,
774 4240 947 4297 quem
969 4220 1324 4297 Apostolicae
1346 4221 1483 4281 sedi
1504 4222 1928 4281 inobedientem
1953 4220 2024 4279 de
2067 4218 2464 4295 rehenderet,”
2489 4220 2644 4298 apud

220 4298 483 4358 Bertold.
514 4300 759 4376 append.
790 4300 865 4359 ad
895 4300 1098 4360 Herm.
1130 4303 1325 4361 Contr.
1356 4321 1508 4360 anno
1542 4304 1715 4361 1084.
1776 4300 2010 4359 Alexan
2053 4319 2115 4357 er
2139 4298 2278 4374 IIL,
2309 4299 2411 4375 qui
2438 4298 2498 4357 in
2532 4300 2642 4379 Sy-

218 4379 375 4437 nodo
403 4379 727 4439 Turonensi
756 4388 957 4439 contra
984 4400 1100 4456 eOS,
1132 4382 1232 4457 qui
1264 4402 1325 4441 se
1354 4402 1388 4441 a
1416 4381 1773 4457 subjectione
1805 4380 1973 4440 Rom.
2029 4378 2196 4438 Sedis
2225 4378 2640 4459 subduxerant,

217 4457 495 4537 decernit,
544 4462 671 4519 “ne
700 4461 803 4519 ubi
830 4460 1051 4537 cogniti
1098 4461 1327 4536 fuerint,
1358 4462 1780 4537 receptaculum
1831 4459 2136 4536 quisquam
2165 4458 2332 4519 eisin
2360 4468 2512 4521 terra
2539 4483 2646 4523 sua

218 4538 491 4617 praebere,
522 4549 625 4600 aut
670 4540 1003 4619 presidium
1032 4540 1313 4618 impertiri
1340 4548 1666 4619 praesumat,
1697 4539 1800 4599 sed
1845 4558 1954 4599 nec
2001 4539 2062 4597 in
2115 4538 2420 4617 emptione,
2452 4544 2648 4621 aliqua

220 4638 353 4677 eum
382 4619 454 4678 iis
482 4620 811 4679 communio
828 4620 1169 4695 habeatur,’'
1202 4620 1330 4696 δια,
1362 4620 1517 4699 apud
1546 4620 1820 4681 Gulielm.
1867 4618 2148 4698 Neubrig.
2173 4641 2360 4681 rerum
2385 4622 2642 4701 Anglic.,

220 4698 261 4756 l.
292 4698 477 4777 ii.cap.
515 4702 609 4759 15.
656 4700 807 4760 Item
837 4700 897 4759 in
928 4700 1103 4760 Cone.
1137 4702 1329 4761 Later.
1360 4709 1561 4760 contra
1580 4700 1936 4779 Albigenses
1963 4700 2182 4778 habito,
2230 4704 2265 4735 ‘⁴
2292 4702 2410 4763 Eos
2437 4711 2497 4761 et
2545 4704 2645 4763 de-
