3234 5192
487 326 599 381 104
1296 339 1373 377 m:
1403 338 1767 379 nscsssamA
1798 336 2144 379 ssesssrona
2551 318 2812 401 [msru'r.
2847 340 2908 381 v.

573 480 697 538 Alii
752 479 974 538 malunt
1050 478 1125 537 ad
1178 479 1353 537 fidem
1411 488 1470 538 et
1524 479 1942 538 confessionem
1993 478 2152 539 Petri
2181 479 2409 539 referre.
2499 480 2713 539 Glossa
2764 481 2906 540 ordi.

490 560 869 634 decretorum,
916 559 1171 617 distinct.
1218 560 1363 634 xix.,
1408 560 1596 637 capite
1641 563 1736 617 Ita
1790 560 2086 631 Dominus,
2131 569 2190 617 et
2245 579 2417 636 super
2456 558 2607 617 hanc
2666 570 2904 637 petram,

492 644 529 673 ‘⁴
552 640 663 697 Per
688 641 838 698 hanc
866 639 1296 697 distinctionem
1328 660 1440 698 non
1470 639 1644 697 credo
1693 640 2006 697 Dominum
2051 639 2208 697 aliud
2259 640 2702 713 demonstrasse,
2735 661 2907 717 quam

487 721 613 777 haec
646 723 841 793 verba,
886 740 1016 795 quae
1062 720 1270 777 Petrus
1312 720 1609 795 respondit
1655 720 1922 791 Domine,
1968 738 2142 796 quum
2188 719 2354 792 dixit,
2393 720 2476 777 Tu
2521 740 2578 777 es
2630 721 2901 794 Christus,

492 800 673 857 Filius
695 802 813 857 Dei
836 800 961 871 vivi,
1013 800 1149 875 quia
1180 819 1351 875 super
1378 800 1479 858 illo
1508 800 1751 857 articulo
1784 799 1914 857 fidei
1945 798 2182 857 fundata
2211 807 2300 857 est
2329 800 2608 874 Ecclesia,
2645 820 2816 877 super
2845 820 2906 858 se

491 882 619 957 ipso
650 879 916 937 fundavit
947 879 1232 937 Dominus
1262 880 1643 937 Ecclesiam.'’
1733 880 1826 937 Sic
1855 880 2146 937 Adrianus
2167 882 2237 954 L,
2262 880 2322 936 in
2347 880 2533 956 Epist.
2563 879 2640 938 ad
2669 880 2908 957 Episco-

494 980 600 1038 pos
632 959 897 1018 Galliciae
926 969 984 1016 et
1016 959 1203 1035 Hisp,
1236 979 1365 1034 quae
1388 968 1476 1017 est
1524 960 1585 1016 in
1614 959 1758 1017 actis
1815 959 2041 1016 concilii
2091 958 2607 1033 Francofurtensis,
2664 962 2698 992 “
2726 960 2912 1036 Super

496 1040 649 1101 hane
696 1048 917 1116 petram
946 1058 1119 1114 quam
1150 1038 1449 1097 confessus
1479 1059 1557 1111 es,
1586 1048 1645 1097 et
1673 1059 1708 1097 a
1735 1059 1850 1115 qua
1879 1039 2150 1097 vocabuli
2180 1038 2416 1098 sortitus
2461 1060 2523 1097 es
2545 1039 2907 1115 dignitatem,

502 1139 675 1196 super
724 1120 873 1175 hanc
926 1118 1275 1176 soliditatem
1333 1118 1469 1177 fidei
1525 1118 1846 1177 Ecclesiam
1897 1138 2083 1175 meam
2133 1118 2448 1177 aedificabo.
2473 1120 2507 1145 '³
2549 1122 2804 1177 Joavmes
2843 1122 2912 1177 de

506 1201 690 1257 Turre
722 1200 992 1259 Cremata
1026 1198 1098 1255 de
1128 1218 1351 1257 summa
1381 1199 1678 1273 Ecclesiae,
1709 1198 1809 1257 lib.
1856 1198 1914 1256 ii.
1947 1218 2070 1274 cap.
2100 1218 2178 1275 x.,
2215 1201 2250 1231 “
2275 1198 2536 1256 Ecclesia
2566 1208 2654 1257 est
2677 1199 2909 1257 fundata

502 1300 675 1357 super
700 1288 940 1356 petram,
972 1277 1034 1335 id
1061 1286 1167 1349 est,
1198 1277 1367 1336 fidem
1402 1279 1675 1354 Christi,’'
1707 1276 1815 1336 &a
1903 1278 2000 1337 Sic
2028 1279 2334 1355 Dionysius
2366 1279 2647 1338 Can-chusi.
2679 1280 2738 1336 in
2765 1278 2822 1336 h.
2869 1279 2910 1353 l,

509 1360 827 1435 Gom-anus,
860 1358 976 1432 alii,
1008 1366 1067 1417 et
1102 1359 1389 1436 praecipue
1419 1360 1619 1434 Ferus,
1652 1358 1750 1435 qui
1782 1359 1996 1436 optimc
2023 1358 2135 1416 loci
2157 1379 2386 1417 sensum
2417 1359 2622 1434 reddit,
2648 1361 2684 1391 ‘⁴
2704 1360 2783 1417 Et
2803 1359 2912 1416 hoc

503 1440 699 1514 claret,
721 1439 880 1515 quod
909 1438 1173 1497 Christus
1202 1439 1523 1497 Ecclesiam
1554 1459 1716 1497 suam
1749 1458 1862 1496 non
1903 1458 2074 1515 super
2104 1439 2336 1496 Petrum
2387 1448 2487 1497 aut
2515 1458 2912 1515 quemcunque

505 1522 681 1578 alium
740 1519 1031 1577 hominem
1088 1518 1413 1593 aedificavit,
1466 1519 1579 1576 alia
1617 1518 1797 1594 igitur
1833 1528 1996 1595 petra
2044 1518 2385 1594 inquirenda
2435 1528 2538 1576 est.
2573 1518 2746 1577 Petra
2775 1538 2914 1594 ergo

504 1602 773 1677 primarie
804 1599 1067 1658 Christus
1096 1607 1202 1673 est,
1234 1600 1327 1656 cui
1355 1607 1477 1657 tota
1506 1598 1772 1656 Ecclesia
1791 1598 2244 1675 superaedificata
2261 1608 2366 1657 est.
2415 1597 2637 1655 Deinde
2660 1598 2796 1673 quia
2813 1616 2916 1673 per

506 1700 701 1737 veram
713 1678 887 1736 fidem
902 1677 1131 1735 Christo
1150 1678 1557 1755 conjungimur
1568 1686 1628 1736 et
1649 1678 1731 1735 sic
1754 1677 2178 1754 quodammodo
2191 1678 2581 1755 petraseimuS,
2598 1678 2646 1735 si
2659 1677 2740 1735 sic
2753 1677 2914 1753 loqui

506 1760 660 1833 licet,
682 1768 741 1817 et
763 1759 887 1835 ipsa
915 1758 1094 1834 igitur
1121 1757 1265 1815 fides
1296 1758 1624 1816 Christiana
1652 1766 1710 1815 et
1737 1758 1952 1816 veritas
1975 1759 2312 1835 evangelica
2339 1759 2504 1816 firma
2531 1767 2588 1815 et
2616 1758 2917 1816 inconcus-

510 1860 575 1899 sa
602 1847 765 1915 petra
807 1838 909 1897 illa
937 1846 1041 1912 est,
1088 1858 1261 1914 super
1289 1858 1459 1914 quam
1494 1838 1760 1896 Christus
1788 1837 2096 1897 aedificavit
2127 1838 2446 1897 Ecclesiam
2479 1838 2699 1896 suam.'’
2791 1874 2808 1881 -

592 1918 783 1977 XIII.
831 1919 963 1976 Duo
992 1918 1277 1994 prae-cipue
1316 1918 1451 1976 huic
1485 1918 1785 1977 sententiae
1835 1926 2217 1993 opponuntur.
2305 1918 2578 1991 Primum,
2629 1916 2919 1976 Christum

510 1999 582 2057 de
611 2019 671 2057 re
701 1999 895 2058 futura
934 1998 1093 2074 loqui
1136 1998 1438 2077 ωᾱξήσαόο.
1524 1998 1610 2057 At
1639 2017 1754 2055 non
1791 1997 2129 2055 aedificanda
2178 2007 2299 2057 erat
2327 2006 2426 2056 aut
2469 1997 2740 2056 aedifieari
2781 2006 2920 2056 tunc

511 2089 763 2156 coeperat
794 2077 1073 2153 Ecclesia,
1101 2078 1201 2135 scd
1226 2078 1410 2136 fuerat
1429 2080 1552 2155 jam
1575 2078 1712 2136 olim
1745 2078 2043 2152 aedifieata,
2110 2078 2305 2154 itaque
2347 2078 2428 2137 ita
2447 2078 2751 2155 loquutum
2774 2096 2917 2150 esse,

508 2160 645 2237 quia
663 2159 917 2218 nondum
940 2159 1315 2217 constituerat
1339 2158 1572 2217 Petrum
1597 2158 2052 2217 fundamentum.
2137 2158 2356 2216 Verum
2377 2158 2522 2216 nihil
2543 2158 2636 2216 hie
2657 2156 2922 2234 estquod

510 2260 618 2297 nos
647 2240 855 2297 morari
886 2238 1111 2297 debeat.
1218 2238 1365 2295 Nam
1397 2238 1477 2297 ita
1498 2238 1781 2296 aedificata
1809 2246 1932 2296 erat
1953 2238 2076 2314 jam
2108 2238 2372 2297 Ecclesia
2401 2258 2573 2315 super
2601 2238 2910 2311 Christum,

509 2329 576 2379 ut
605 2320 793 2378 adhuc
824 2317 1162 2377 aedificanda
1189 2327 1341 2377 esset
1369 2318 1427 2375 in
1457 2328 1768 2395 posterum,
1800 2326 1860 2376 et
1888 2318 2120 2395 quidem
2143 2318 2418 2396 peculiari
2446 2319 2682 2391 ratione,
2714 2337 2830 2375 non
2859 2325 2925 2375 ut

514 2401 777 2458 Ecclesia
805 2398 1167 2476 particularis
1221 2399 1263 2457 J
1269 2397 1488 2473 udaica,
1520 2399 1709 2475 qualis
1736 2399 1924 2457 suerat
1971 2408 2156 2472 antea,
2189 2398 2290 2457 sed
2340 2408 2404 2456 ut
2435 2397 2698 2456 Ecclesia
2727 2396 2920 2455 Chris-

513 2480 671 2540 tiana
694 2479 992 2538 Catholica
1018 2499 1122 2555 per
1148 2486 1331 2537 totum
1360 2479 1556 2537 orbem
1586 2478 1863 2555 dispersa,
1915 2498 2044 2554 quae
2081 2487 2213 2556 post
2263 2478 2664 2536 Pentecostem
2694 2477 2922 2535 demum

516 2560 743 2637 proprie
788 2559 961 2635 coepit
1018 2558 1287 2617 aedificari
1328 2558 1646 2617 ministerio
1688 2559 2096 2636 apostolorum.
2193 2558 2391 2616 Potuit
2435 2578 2573 2633 ergo
2631 2558 2692 2614 in
2735 2556 2926 2615 futuro

514 2640 675 2717 loqui
707 2638 986 2713 ChristuS‚
1018 2640 1127 2697 etsi
1156 2638 1227 2696 de
1261 2638 1432 2697 Petro
1475 2659 1589 2697 non
1633 2640 1932 2716 cogitaret.
2047 2639 2172 2696 Imo
2201 2658 2276 2696 ex
2303 2638 2609 2715 hypothesi
2655 2637 2924 2695 adversa-

516 2722 728 2779 riorum
760 2738 875 2777 non
904 2718 1340 2777 constituendus
1369 2728 1491 2777 erat
1518 2727 1743 2777 tantum
1788 2719 1848 2775 in
1898 2718 2332 2776 fundamentum
2381 2716 2677 2792 Ecclesiae,
2719 2716 2822 2775 sed
2849 2736 2926 2774 ex

516 2800 731 2873 verbis„
768 2802 852 2857 Tu
874 2819 929 2857 es
957 2800 1178 2873 Petra-3,
1209 2818 1480 2876 expresse
1501 2799 1626 2875 jam
1655 2798 2112 2857 constituebatur
2139 2798 2209 2855 de
2238 2798 2524 2874 praesenti.

602 2881 781 2941 XIV.
829 2880 1113 2955 Alterum,
1146 2880 1321 2956 quod,
1352 2879 1541 2956 posita
1568 2879 1681 2937 ista
1709 2879 2011 2953 sententia,
2034 2877 2177 2934 nihil
2206 2878 2299 2935 hic
2322 2877 2492 2936 Petro
2512 2876 2802 2954 singulare
2825 2874 2926 2933 tri-

515 2963 742 3036 buatur,
808 2982 937 3020 cum
981 2969 1175 3019 tamen
1216 2960 1397 3018 verba
1440 2958 1654 3018 Christi
1683 2966 1877 3035 aperte
1919 2958 2030 3015 hoc
2068 2956 2376 3016 videantur
2403 2966 2749 3031 connotare3
2793 2974 2926 3012 nam

519 3044 577 3099 in
606 3043 905 3120 praemium
934 3040 1163 3099 eximia»,
1185 3024 1357 3117 quain
1386 3038 1648 3098 ediderat
1695 3037 2073 3096 consessionis
2130 3038 2322 3095 statim
2353 3036 2530 3111 addit,
2577 3039 2657 3094 Et
2683 3057 2782 3113 eqo
2805 3035 2929 3094 dico

520 3124 631 3194 tibi,
670 3125 752 3179 Ta
782 3143 837 3179 es
865 3124 1087 3195 Petrae,
1121 3119 1230 3178 &c.
1261 3120 1427 3196 quasi
1470 3120 1704 3193 diecret,
1735 3120 1820 3175 Tu
1862 3139 1949 3176 me
1981 3118 2260 3177 Christum
2319 3120 2596 3192 confessus
2624 3138 2696 3191 es,
2749 3126 2802 3174 et
2828 3136 2929 3192 eqo

520 3204 758 3260 vicissim
780 3222 895 3276 pro
924 3202 1025 3257 illa
1081 3210 1178 3257 tua
1226 3201 1402 3257 libera
1438 3200 1777 3272 confi-ssione
1804 3200 1906 3257 Ῐιοσ
1934 3198 2034 3257 tibi
2059 3217 2286 3269 repom,
2333 3198 2420 3255 Tu
2463 3218 2518 3255 es
2561 3198 2787 3270 Petrus,
2819 3194 2928 3254 &a

526 3280 611 3338 At
640 3281 689 3337 si
717 3289 879 3356 petra
908 3279 979 3336 de
1010 3280 1240 3337 Christo
1270 3278 1631 3354 intelligitur,
1681 3278 1820 3353 quid
1849 3278 1960 3336 hoc
2003 3277 2077 3335 ad
2107 3274 2344 3335 Petrum
2389 3278 2612 3350 attinet,
2665 3296 2930 3352 quaenam

522 3380 743 3417 merces
765 3358 993 3436 propria
1022 3356 1196 3416 Petro
1224 3356 1573 3433 rependitur,
1606 3358 1736 3433 quis
1779 3358 1965 3415 honor
2012 3355 2315 3416 defertur?
2399 3356 2516 3415 Sed
2564 3355 2772 3414 frustra
2821 3356 2932 3413 hoe

522 3448 779 3516 urgetur.
868 3438 1078 3509 Primo,
1110 3438 1247 3514 quia
1276 3436 1484 3496 Petrus
1521 3456 1639 3495 non
1660 3457 1765 3495 suo
1793 3447 2035 3512 tantum,
2068 3437 2171 3495 sed
2199 3446 2256 3495 et
2283 3437 2525 3495 aliorum
2552 3436 2784 3494 nomine
2813 3454 2932 3492 res·

525 3520 761 3598 pondet,
808 3519 867 3576 in
899 3518 1127 3595 signum
1158 3526 1217 3576 et
1246 3525 1645 3594 argumentum
1675 3518 1915 3576 unitatis
1936 3518 2072 3575 fidei
2111 3517 2382 3592 omnium,
2431 3525 2496 3575 ut
2525 3515 2787 3575 Christus
2816 3534 2933 3572 non

530 3602 765 3659 Petrum
807 3599 993 3658 solum
1023 3597 1125 3657 sed
1154 3618 1353 3655 omnes
1401 3598 1875 3675 interrogaverat,
1931 3600 1966 3630 “
1992 3598 2068 3655 Et
2096 3616 2221 3671 VOS,
2262 3616 2567 3673 quemnam
2586 3596 2778 3656 dicitis
2806 3614 2933 3653 esse

526 3702 617 3739 me
640 3682 705 3739 ?”
751 3702 807 3741 v.
857 3682 948 3738 15.
1012 3679 1103 3737 Ita
1151 3678 1448 3754 responsio
1496 3677 1712 3736 Christi
1756 3698 1885 3756 quae
1931 3676 2165 3736 additur
2211 3677 2286 3734 ad
2315 3697 2515 3735 omnes
2571 3685 2810 3753 spectat,
2842 3695 2931 3732 ra-

523 3762 681 3822 tione
710 3760 985 3820 doctrinae
1016 3758 1334 3817 communis
1364 3766 1423 3817 et
1449 3758 1689 3834 aequalis
1719 3758 2092 3835 apostolatuS,
2124 3757 2288 3834 quasi
2319 3757 2552 3831 diceret,
2589 3759 2624 3789 ‘⁶
2646 3758 2716 3814 In
2745 3757 2931 3814 vicem

528 3842 905 3901 confessionis
960 3860 1134 3918 quam
1184 3838 1433 3911 edidisti,
1464 3838 1571 3896 tibi
1600 3837 1856 3895 vicissim
1888 3836 2036 3911 dien,
2089 3836 2263 3912 quod,
2296 3837 2445 3895 sicut
2474 3856 2792 3913 cognomen
2829 3836 2932 3891 Pe-

527 3924 599 3982 tri
656 3923 762 3982 tibi
793 3922 1037 3998 imposui
1069 3920 1126 3976 in
1158 3919 1387 3995 signum
1418 3917 1705 3975 firmitatis
1731 3917 1866 3974 fidei
1897 3938 2066 3993 quam
2093 3917 2196 3974 tibi
2237 3918 2476 3975 daturus
2505 3937 2648 3989 sum,
2683 3925 2740 3975 et
2767 3934 2934 3993 apos-

528 4003 743 4061 tolatus
772 4002 845 4060 ad
873 4021 1045 4078 quem
1075 4009 1131 4059 te
1160 4018 1325 4073 von,
1356 3998 1561 4055 faciam
1591 4006 1657 4056 ut
1685 3996 1948 4055 doctrina
1977 3998 2142 4055 istius
2165 3996 2318 4070 fidei,
2351 4018 2385 4055 a
2415 4004 2469 4054 te
2499 3996 2827 4072 praedicata,
2862 3995 2936 4052 sit

528 4082 963 4142 fundamentum
994 4079 1271 4139 Ecclesiae
1319 4097 1480 4151 meae,
1512 4085 1571 4134 et
1614 4076 1946 4135 authentica
1961 4096 2029 4135 ac
2055 4078 2370 4140 θεὸπηυπος
2398 4076 2628 4151 veritaS,
2661 4076 2736 4134 ad
2763 4094 2936 4151 quam

529 4172 749 4222 caeterae
778 4181 977 4220 omnes
1006 4159 1281 4218 doctrinae
1305 4156 1567 4234 componi
1592 4156 1821 4215 debent.
1851 4155 2134 4230 SecundO,
2163 4157 2303 4215 licet
2331 4156 2614 4231 daremuS,
2648 4156 2938 4214 Christum

529 4242 750 4319 aliquid
801 4241 1093 4319 singulare
1139 4240 1312 4297 Petro
1357 4236 1704 4314 promittere,
1750 4256 1823 4293 an
1864 4246 2166 4312 propterea
2208 4236 2515 4294 dicendum
2559 4244 2728 4309 esset,
2774 4235 2935 4292 illum

530 4323 801 4380 constitui
851 4320 1219 4379 monarcham
1258 4327 1316 4376 et
1345 4324 1517 4394 caput
1568 4316 1890 4374 Ecclesiae?
1973 4316 2178 4374 Nonne
2219 4317 2358 4375 satis
2406 4336 2620 4393 magna
2649 4316 2822 4373 Petro
2851 4334 2938 4371 re-

528 4400 802 4477 penditur
827 4420 1045 4458 merces
1074 4419 1177 4475 pro
1206 4398 1362 4457 edita
1390 4395 1766 4468 confessione,
1815 4395 1970 4473 quod
1999 4394 2204 4454 beatus
2247 4395 2608 4473 praedicetur,
2641 4396 2796 4473 quod
2829 4395 2938 4451 Pe-

530 4481 605 4539 tri
633 4498 842 4537 nomen
870 4479 923 4537 ei
952 4478 1169 4537 inditur
1196 4478 1273 4536 ad
1292 4475 1851 4556 praesignificandam
1880 4476 2063 4553 ipsius
2107 4476 2168 4533 in
2197 4476 2310 4535 fide
2360 4476 2759 4548 constantiam,
2797 4474 2935 4533 Luc.

531 4560 675 4618 xxii.
708 4562 803 4631 32,
858 4566 916 4616 et
941 4556 1169 4615 fidelem
1199 4578 1371 4634 quam
1401 4557 1460 4614 in
1490 4556 1778 4633 evangelii
1801 4556 2118 4616 ministerio
2136 4556 2497 4632 praestiturus
2526 4563 2651 4614 erat
2689 4574 2939 4631 operam,

530 4638 687 4717 quod
732 4637 993 4697 doctrina
1034 4638 1160 4712 ejus
1225 4637 1501 4695 Ecclesiae
1554 4636 1988 4694 fundamentum
2034 4636 2322 4709 statuitur,
2355 4634 2511 4711 quod
2551 4635 2747 4693 claves
2776 4634 2942 4711 regni

2173 4800 2184 4831 l
