3234 5192
299 346 541 388 msrur.
570 328 729 402 xm]
900 343 978 385 nr.
1007 342 1500 385 sansncrmms
1529 343 1773 385 cumen
1802 344 2118 385 vannus.
2601 324 2720 383 465

304 488 476 565 cujus
505 486 745 546 effectus
774 485 984 545 dieitur
1010 485 1263 563 perfecta
1304 485 1550 545 salvatio
1591 485 1988 545 accedentium
2016 507 2121 564 per
2167 486 2356 563 ipsum
2385 485 2461 543 ad
2503 485 2712 559 Deum,

298 569 405 627 sed
448 586 567 626 non
610 568 849 626 exclusa
897 565 1285 624 satisfactione
1314 574 1415 625 aut
1441 566 1708 625 sacrificii
1737 568 2044 643 oblatione,
2095 568 2211 626 imo
2255 588 2326 625 ea
2373 566 2715 643 supponitur

299 648 603 707 manifeste
633 667 752 705 ver.
784 650 859 705 27
893 668 908 721 ;
954 654 1020 705 ut
1047 646 1129 703 ita
1156 646 1303 705 duos
1330 647 1504 705 hosce
1532 653 1697 705 actus
1726 648 2112 707 sacerdotales
2134 647 2368 705 minime
2397 667 2432 704 a
2461 666 2522 703 se
2559 644 2712 703 invi-

300 748 426 787 cem
454 727 819 786 divellendos
849 726 1077 785 Christo
1106 726 1359 801 tribuat;
1390 726 1546 804 quod
1568 734 1629 785 et
1654 726 1794 785 alibi
1821 727 1975 804 feeit,
2009 728 2160 787 Heb.
2193 729 2276 786 ix.
2309 730 2402 803 12,
2453 728 2526 783 14
2551 748 2566 801 ;
2599 724 2715 783 Vel

301 828 379 866 ex
410 807 563 866 Heb.
592 807 651 866 ii.
702 810 795 883 17,
828 806 1039 865 dicitur
1066 806 1219 865 enim
1249 808 1443 885 fidelis
1470 808 1740 881 Pontifex
1785 827 1902 867 non
1929 816 2152 867 tantum
2194 829 2264 867 eo
2286 806 2442 885 quod
2471 804 2713 884 promis-

303 908 431 947 sum
460 896 653 947 servet
679 887 1040 961 inviolatum,
1074 886 1177 945 sed
1217 887 1579 963 potissimum
1629 887 1789 964 quod
1833 908 2044 947 munus
2095 908 2262 947 suum
2309 886 2714 946 mediatorium

302 976 625 1045 exequatur
650 968 899 1027 fideliter
924 986 1029 1044 pro
1058 966 1451 1025 misericordia
1478 986 1593 1043 qua
1620 987 1762 1045 erga
1798 988 1905 1027 nos
1934 976 2256 1027 commotus
2284 976 2389 1027 est.

386 1048 591 1107 LVII.
637 1048 905 1125 Denique
953 1046 1028 1104 ad
1078 1050 1159 1102 7¹¹²
1202 1046 1447 1105 dicimus
1498 1048 1680 1123 gratis
1725 1067 2046 1126 supponere
2095 1049 2322 1108 advers.
2352 1045 2508 1126 quod
2538 1052 2626 1105 est
2653 1044 2714 1103 in

301 1129 638 1205 quaestione,
664 1127 929 1187 Verbum
958 1126 1249 1184 iada-oeae
1278 1125 1424 1184 nihil
1450 1126 1611 1186 aliud
1637 1129 1948 1205 importare
1986 1148 2159 1206 quam
2187 1148 2404 1189 meram
2433 1126 2617 1186 veniae
2655 1134 2716 1183 et

302 1208 506 1286 gratiae
534 1207 954 1285 indulgentiam
984 1229 1019 1265 a
1046 1215 1207 1283 parte
1236 1205 1441 1265 offensi
1469 1216 1533 1265 ut
1558 1214 1658 1270 rho
1689 1208 1843 1284 apud
1891 1208 2044 1267 Heb.
2090 1211 2372 1285 iqnoscere
2401 1215 2526 1281 est;
2572 1207 2615 1266 J
2618 1226 2712 1263 am

300 1287 457 1347 enim
474 1296 533 1347 et
550 1307 625 1345 ex
640 1288 702 1345 vi
726 1288 885 1346 vocis
913 1296 972 1346 et
1001 1306 1073 1345 ex
1105 1286 1187 1344 rei
1210 1294 1415 1345 natura
1434 1285 1735 1346 docuimus
1757 1296 2062 1365 utrumque
2093 1287 2550 1347 connectendum
2567 1305 2714 1360 esse,

300 1367 535 1444 quando
552 1366 831 1445 propitius
855 1367 1016 1427 Deus
1034 1386 1160 1425 esse
1182 1366 1383 1443 nequit
1402 1374 1467 1425 ut
1486 1365 1774 1426 condonet
1788 1368 1904 1426 nisi
1913 1368 2157 1446 justitiae
2180 1370 2340 1447 prius
2357 1366 2712 1427 satisfactum

301 1446 493 1506 fuerit.
556 1446 781 1506 Deinde
804 1468 935 1506 cum
963 1466 1077 1506 non
1109 1454 1333 1505 tantum
1365 1447 1525 1505 Deus
1553 1447 1778 1506 dicatur
1800 1448 2162 1524 ἰξελείσκεσθειι,
2183 1448 2287 1507 sed
2310 1448 2572 1507 Christus
2592 1446 2712 1522 ipse

302 1529 520 1603 ἕλειομὸς
548 1535 742 1586 noster
770 1536 829 1587 et
856 1526 1087 1605 quidem
1118 1527 1177 1585 in
1202 1526 1491 1603 sanquine,
1522 1547 1662 1586 sane
1689 1527 1798 1587 iste
1817 1530 2032 1605 ἱλασμὸς
2063 1549 2166 1606 pro
2188 1536 2321 1587 actu
2351 1528 2476 1606 ipso
2518 1526 2712 1585 remit·

302 1608 465 1668 tendi
492 1608 591 1686 qui
618 1628 654 1665 a
684 1608 809 1667 Deo
838 1616 927 1668 est
956 1608 1105 1666 sumi
1134 1627 1247 1665 non
1278 1616 1485 1684 potest,
1519 1607 1622 1666 sed
1649 1628 1755 1685 pro
1785 1628 1959 1667 causa
1985 1609 2277 1668 meritoria
2309 1626 2424 1685 qua
2452 1606 2714 1665 remissio

300 1688 405 1747 illa
430 1708 466 1747 a
494 1688 728 1747 numine
750 1689 977 1765 placato
1007 1688 1331 1762 obtinetur;
1376 1707 1493 1747 non
1522 1696 1640 1747 tam
1671 1688 1846 1747 active
1873 1699 1932 1747 et
1961 1688 2272 1748 efficienter
2299 1687 2456 1766 quod
2478 1694 2716 1764 peccata

301 1767 469 1827 tollat
496 1779 554 1828 et
582 1769 852 1843 remittat,
877 1788 1049 1845 quam
1078 1768 1333 1843 objective
1360 1778 1414 1826 et
1438 1769 1723 1827 meritorie
1738 1768 1876 1845 quia
1894 1778 2165 1847 procurat
2191 1768 2396 1827 merito
2415 1767 2716 1842 sanguinis

302 1857 367 1907 ut
394 1850 775 1908 remittantur.
862 1847 1108 1907 Accedit
1156 1848 1312 1926 quod
1362 1848 1627 1907 Christus
1672 1848 1899 1909 dicatur
1943 1849 2058 1909 ista
2103 1868 2397 1927 peragere,
2437 1856 2714 1923 tanquam

306 1928 577 1987 Pontifex
605 1928 759 2006 apud
781 1928 987 2000 Deum,
1014 1932 1185 1990 voecht
1212 1928 1459 2007 ἇςχιιςιῦς
1479 1930 1547 1986 voi
1569 1933 1689 2009 πρὶς
1710 1934 1788 1987 τὶν
1811 1932 1924 1988 θῐὶν
1952 1936 2014 1997 εἷς
2034 1935 2089 1989 τὶ
2117 1930 2409 1989 ἱλάσκεσθαι
2431 1932 2524 1993 τὰς
2544 1928 2712 2007 ἄμας-

304 2010 416 2073 vlu
441 2016 531 2068 τοῦ
555 2016 701 2081 λαοῦ,
758 2007 911 2065 Heb.
935 2008 993 2065 ii.
1029 2010 1121 2082 17,
1153 2006 1309 2082 quod
1337 2008 1495 2065 aliud
1540 2018 1630 2066 est
1667 2008 1740 2066 ab
1768 2030 1836 2067 eo
1887 2011 2046 2087 quod
2087 2011 2222 2069 inde
2257 2009 2517 2087 sequitur
2561 2007 2717 2085 apud

301 2090 565 2147 homines
594 2097 653 2147 et
678 2086 956 2165 populum
985 2086 1275 2144 remittere
1302 2086 1419 2144 illis
1438 2095 1692 2162 peccata.
1777 2088 2020 2147 Frustra
2047 2110 2188 2148 vero
2225 2089 2320 2147 hic
2341 2097 2547 2166 typum
2569 2090 2710 2163 pro-

296 2169 585 2246 pitiatorii
608 2166 823 2225 veteris
850 2166 1021 2223 nobis
1044 2164 1269 2241 reponit
1289 2164 1453 2241 quasi
1486 2166 1749 2225 Christus
1777 2188 1892 2225 non
1943 2168 2058 2226 alia
2102 2169 2174 2226 de
2203 2187 2378 2227 causa
2405 2166 2575 2227 titulo
2603 2166 2716 2225 hoc

304 2248 417 2306 insi
503 2247 682 2305 iretur
708 2264 881 2322 quam
913 2247 949 2277 ‘⁴
966 2245 1105 2322 quia
1133 2244 1294 2304 Deus
1321 2244 1381 2303 in
1409 2246 1536 2324 ipso
1560 2265 1622 2305 se
1650 2246 1818 2305 nobis
1845 2247 2134 2325 placatum
2159 2248 2428 2321 ostendit,
2461 2256 2519 2307 et
2554 2247 2714 2324 quie-

304 2326 407 2405 qui
470 2346 576 2386 nos
604 2326 750 2385 scire
778 2324 966 2385 voluit
995 2344 1099 2403 per
1140 2324 1331 2403 ipsum
1360 2326 1693 2404 patefecit.’'
1777 2328 1926 2387 Nam
1957 2338 2340 2407 praeterquam
2397 2327 2554 2405 quod
2600 2348 2719 2385 non

306 2426 508 2466 omnes
519 2408 884 2466 consentiunt
905 2405 1167 2481 Paulum,
1186 2406 1355 2466 Rom.
1376 2407 1456 2466 iii.
1482 2410 1576 2482 25,
1591 2410 1688 2483 26,
1715 2410 2042 2488 respexisse
2067 2410 2142 2468 ad
2165 2410 2338 2469 Areae
2361 2408 2712 2486 operculum,

306 2487 411 2547 sed
431 2487 635 2547 volunt
661 2487 855 2564 potius
876 2486 952 2545 ad
980 2486 1259 2546 sacrificia
1284 2488 1541 2547 ἔλασε-σιὰ
1570 2488 1648 2547 V.
1678 2490 1746 2548 T.
1777 2491 2057 2566 attulisse,
2088 2492 2186 2549 vel
2202 2492 2486 2571 ihc-niem
2506 2489 2715 2565 Propi-

306 2569 565 2627 tiatorem
594 2567 885 2627 Christum
914 2567 1133 2627 dixisse
1162 2568 1221 2625 in
1250 2570 1510 2629 masculi.
1543 2589 1756 2647 genere
1803 2591 1921 2629 non
1965 2572 2436 2647 Propitiatorium
2490 2577 2716 2627 neutr0.

308 2648 559 2708 Accedit
597 2648 753 2725 quod
792 2668 866 2707 ne
910 2649 993 2707 sie
1033 2648 1266 2725 quidem
1310 2650 1570 2708 obtinere
1613 2650 1924 2727 quiequam
1972 2660 2252 2728 possunt3
2299 2649 2524 2728 Quippe
2571 2648 2721 2707 inter

307 2728 534 2805 Typum
565 2738 625 2787 et
653 2728 1004 2806 Antitypum
1032 2748 1332 2787 occurrere
1360 2729 1593 2805 quidem
1623 2729 1798 2787 debet
1824 2730 2058 2806 ὅμεὼνες,
2091 2730 2194 2789 sed
2221 2750 2339 2788 non
2373 2730 2566 2787 statim
2589 2753 2714 2785 uv-

304 2808 446 2873 viv'm
477 2810 570 2867 vel
599 2808 772 2880 ἶσόν-ες,
802 2808 1121 2883 similitudo,
1156 2808 1258 2866 sed
1280 2828 1395 2865 non
1418 2809 1666 2883 paritas.
1754 2809 1959 2885 Itaque
2003 2810 2113 2867 etsi
2163 2807 2494 2885 operculum
2546 2807 2718 2865 Areae

305 2888 523 2947 dictum
552 2888 755 2946 fuisset
782 2887 1253 2962 Pmpitiatorium
1280 2895 1504 2945 tantum
1550 2890 1891 2946 declarative
1913 2910 1936 2951 ,·
1977 2908 2094 2946 non
2123 2888 2384 2965 sequitur
2425 2886 2718 2945 Christum

304 2988 423 3026 non
449 2986 621 3043 posse
650 2968 731 3024 ita
758 2964 1037 3043 appellari
1064 2966 1357 3041 efficaciter
1386 2973 1443 3023 et
1470 2966 1770 3040 meritorie,
1802 2967 1939 3043 quia
1965 2966 2114 3025 illud
2135 2968 2244 3025 fuit
2272 2974 2494 3024 tantum
2525 2968 2718 3041 typice

303 3056 361 3105 et
382 3046 688 3122 symbolice,
716 3045 801 3102 At
823 3044 1091 3103 Christus
1106 3064 1243 3103 vere
1261 3054 1319 3103 et
1336 3045 1582 3110 realiter,
1617 3046 1872 3121 Ideoque
1889 3066 2005 3103 non
2028 3046 2240 3108 dieitur
2261 3054 2484 3105 tantum
2504 3046 2720 3109 ἕλω-πί-

306 3153 416 3209 ςιον,
450 3125 551 3184 sed
581 3126 623 3184 ir
648 3130 804 3183 αὑτοῦ
822 3124 1007 3199 αἵματι
1035 3124 1093 3183 in
1119 3144 1219 3183 suo
1246 3125 1533 3201 sanquine,
1565 3124 1710 3183 scili.
1762 3126 1869 3184 sub
1915 3127 2137 3186 ratione
2185 3127 2437 3186 victimae
2485 3147 2616 3205 quae
2643 3128 2720 3186 ad

306 3206 771 3286 propitiationem
821 3203 1240 3282 procurandam
1288 3204 1541 3264 offertur.
1627 3206 1706 3263 Et
1741 3226 1880 3265 vero
1927 3228 2056 3266 eum
2102 3208 2254 3286 'rypi
2297 3227 2496 3267 omncs
2541 3208 2616 3267 V.
2648 3208 2716 3268 Τ.

306 3288 497 3346 inadse
538 3288 662 3347 uati
689 3286 921 3361 fuerint,
951 3305 1068 3344 non
1094 3285 1303 3344 mirum
1347 3285 1534 3343 videri
1562 3285 1738 3346 debet
1765 3288 1815 3345 si
1853 3287 2066 3365 singuli
2097 3289 2334 3349 seorsim
2379 3289 2718 3367 mysterium

308 3368 503 3446 aliquo
571 3368 740 3446 plene
769 3376 828 3427 et
854 3367 1079 3443 integre
1124 3365 1398 3425 exhibere
1444 3386 1559 3426 non
1606 3368 1914 3443 potuerint,
1946 3370 2102 3449 quod
2148 3371 2208 3428 in
2253 3370 2519 3429 omnibus
2547 3369 2718 3429 simul

312 3449 559 3526 sumptis
588 3448 819 3507 demum
848 3454 1326 3523 repraesentatur;
1372 3446 1720 3525 Operculum
1761 3468 1900 3526 ergo
1933 3449 2104 3510 fuerit
2133 3470 2269 3511 sane
2297 3450 2720 3528 propitiationis

308 3536 486 3607 typus
514 3528 741 3606 aliquis,
773 3534 833 3586 at
872 3527 1027 3585 idem
1056 3526 1229 3585 etiam
1278 3526 1388 3586 fuit
1430 3529 1660 3605 sanquis
1688 3529 1937 3589 victimae
1976 3531 2077 3609 qui
2110 3551 2146 3589 a
2172 3551 2396 3591 summo
2437 3532 2717 3589 Pontificc

308 3608 663 3667 inferebatur
691 3608 752 3665 in
780 3606 1107 3679 sacrarium,
1140 3615 1199 3665 et
1225 3607 1301 3666 ad
1341 3609 1673 3685 operculum
1702 3612 2160 3689 respergebatur,
2213 3611 2380 3689 cujus
2423 3611 2484 3667 vi
2513 3618 2572 3668 et
2600 3609 2717 3668 effi-

307 3689 469 3747 cacia
496 3688 864 3746 obtinebatur
899 3686 1226 3746 benedictio
1272 3686 1375 3746 illa
1431 3688 1543 3748 Dei
1584 3697 1643 3748 et
1669 3686 1886 3756 εἰιδοειίεες
1933 3692 2261 3752 testificatio
2311 3711 2440 3768 quse
2469 3708 2500 3748 e
2527 3690 2719 3747 medio

310 3767 767 3827 cherubinorum
812 3767 1057 3827 dabatur
1098 3768 1313 3846 populo
1338 3790 1352 3828 ε
1399 3768 1561 3828 Sicut
1609 3788 1715 3829 suo
1760 3790 1931 3830 sensu
1981 3774 2259 3853 ἱλαστήριον
2286 3770 2363 3829 V.
2409 3771 2477 3829 T.
2529 3770 2720 3828 Deum
2757 3820 2764 3823 .

309 3848 520 3907 iratum
551 3846 829 3905 Israelitis
850 3848 1116 3925 placabat
1162 3868 1369 3925 nempe
1419 3850 1597 3927 typice
1624 3870 1728 3929 per
1767 3852 1926 3909 illam
1969 3852 2270 3928 sanguinis
2315 3849 2720 3927 aspersionem,

314 3927 579 3986 Christus
606 3927 669 3985 id
698 3947 835 3986 vere
864 3936 925 3987 et
950 3929 1181 3987 realiter
1206 3928 1474 4005 praestitit
1519 3950 1624 3989 suo
1670 3933 1950 4009 sanguine
1995 3932 2054 3989 in
2086 3952 2201 4008 quo
2231 3940 2290 3990 et
2333 3950 2436 4007 per
2463 3950 2634 4005 quem
2664 3938 2724 3988 et

310 4014 573 4065 nostrum
596 4008 892 4088 ἱλαστνίςιον,
918 4018 975 4067 et
995 4016 1191 4067 noster
1212 4010 1515 4089 ἔλασε-εἰμες,
1536 4018 1594 4069 et
1616 4019 1814 4071 noster
1832 4014 2053 4087 ἱλωσμὶς
2075 4010 2440 4089 plenissimus
2457 4018 2546 4068 est
2567 4009 2722 4086 apud

314 4088 539 4159 Deum3
586 4087 681 4145 Ita
707 4107 825 4145 non
847 4096 1069 4146 tantum
1093 4090 1433 4148 declarative
1462 4109 1577 4166 qua
1603 4094 1890 4167 propheta
1915 4094 1979 4150 in
2007 4112 2123 4169 quo
2150 4100 2210 4149 et
2237 4110 2338 4167 per
2367 4109 2537 4167 quem
2566 4090 2722 4148 bona

310 4166 491 4226 verba
519 4166 774 4245 loquitur
805 4167 984 4243 Deus,
1018 4168 1121 4226 sed
1168 4176 1227 4227 et
1254 4170 1536 4229 meritorie
1583 4190 1700 4247 qua
1744 4174 2010 4231 sacerdos
2059 4181 2114 4229 et
2153 4171 2376 4229 uictima
2419 4190 2550 4247 quae
2575 4170 2720 4246 iram

308 4246 563 4306 numinis
590 4247 783 4325 placat
812 4267 1021 4306 nomen
1049 4248 1160 4305 hoc
1189 4248 1455 4308 obtinuit.
1521 4249 1692 4324 Quod
1718 4259 1778 4310 et
1805 4271 1880 4309 ex
1907 4270 1978 4309 co
2006 4250 2377 4309 confirmatur
2403 4250 2720 4323 evidenter,
2743 4287 2748 4296 ·

306 4348 425 4387 non
446 4328 619 4386 modo
648 4328 785 4405 quia
811 4327 1025 4387 dicitur
1063 4329 1339 4409 ἱλαστήριον
1366 4330 1425 4387 in
1450 4330 1740 4405 sanquine,
1769 4330 1926 4406 quod
1961 4331 2084 4407 jam
2134 4330 2586 4407 observavimuS,
2619 4330 2723 4390 sed

309 4408 482 4467 ctiam
512 4436 557 4467 π-
584 4414 633 4474 ὶς
657 4405 838 4480 ἵνόειξιν
862 4413 947 4472 τῆς
994 4405 1289 4472 >annuerim
1317 4414 1486 4483 αὑτοῦ,
1520 4429 1639 4467 ver.
1679 4412 1776 4485 26,
1819 4409 1931 4469 hoc
1973 4410 2126 4467 enim
2169 4418 2227 4468 et
2255 4409 2461 4469 falsum
2491 4410 2637 4471 foret
2665 4420 2723 4472 et

309 4487 523 4547 frustra
545 4436 833 4549 diceretur
860 4488 971 4547 uisi
996 4489 1239 4566 justitiae
1268 4489 1481 4547 divinae
1502 4508 1606 4566 pro
1625 4490 1840 4549 nostris
1861 4490 2114 4567 peccatis
2133 4490 2484 4550 satisfactum
2517 4492 2721 4552 fuisset

310 4569 525 4629 Christi
576 4570 891 4648 sanguine;
938 4569 1087 4627 Nam
1137 4569 1293 4647 quod
1343 4569 1654 4629 Volkelius
1701 4572 1761 4629 id
1790 4570 1922 4631 ideo
1949 4572 2130 4631 asseri
2173 4572 2249 4630 ab
2279 4570 2564 4649 Apostolo
2592 4594 2720 4651 pcr-

306 4648 495 4708 tendit
522 4650 681 4727 quod
711 4653 746 4683 “
770 4660 910 4712 tunc
941 4650 1238 4710 verissime
1273 4651 1431 4710 Deus
1459 4672 1521 4710 se
1548 4650 1717 4711 nobis
1745 4652 2034 4730 placatum
2070 4653 2334 4731 praebuit,
2378 4674 2508 4711 cum
2539 4654 2720 4713 filium

2360 4738 2478 4794 20
