3234 5192
472 304 595 363 446.
1068 320 1148 359 nn
1178 318 1670 361 sumrmrroms
1696 316 1940 359 camsi-1
1968 318 2286 362 veturus.
2455 304 2715 379 [msrur.
2747 318 2881 363 xm.

466 469 692 521 tantum
720 461 798 521 ad
825 461 1173 521 servandum
1200 461 1477 540 populum
1496 479 1682 536 suum,
1714 460 1926 521 Matth.
1955 460 1994 519 i.
2015 463 2110 536 21,
2135 469 2194 519 et
2212 460 2517 519 intentioni
2541 461 2756 520 Christi
2783 460 2884 538 qui

470 561 533 601 se
560 562 665 620 pro
695 542 961 601 Ecclesia
989 561 1094 601 sua
1121 541 1283 601 dedit
1309 548 1369 600 et
1395 560 1499 618 pro
1527 540 1682 600 datis
1703 540 1815 599 sibi
1841 561 1878 599 a
1907 542 2096 616 Patre,
2115 541 2258 601 Joh.
2287 541 2430 599 xvii.
2463 543 2518 617 6,
2551 543 2606 617 9,
2640 540 2791 619 Eph.
2819 562 2880 602 v.

468 624 564 698 25,
598 621 701 681 sed
729 623 977 681 omnibus
1002 621 1491 682 indiscriminatim
1516 621 1931 698 cujuscumque
1961 621 2207 698 generis,
2237 619 2601 697 conditionis,
2625 629 2685 680 et
2707 640 2882 681 sexus

467 701 697 761 filerint.
782 701 1053 761 Alterum
1089 721 1247 777 vero,
1279 720 1411 760 cum
1448 699 1611 763 addit
1647 702 1757 759 hoc
1786 720 1914 760 esse
1941 704 2118 777 juxta
2155 701 2520 759 testimonium
2549 702 2882 777 temporibus

459 783 721 858 propriis
752 791 1098 841 reservatum
1126 785 1281 857 cujus
1308 781 1632 841 constitutus
1657 781 1730 839 sit
1747 782 1865 857 ipse
1882 802 2094 857 praeco,
2125 790 2192 840 ut
2212 781 2417 840 innuat
2444 780 2666 840 scilicet
2689 782 2876 839 Deum

466 863 568 939 qui
595 862 727 921 vult
754 863 1009 921 omnium
1052 862 1297 921 salutem
1338 867 1398 920 et
1438 860 1539 937 qui
1582 868 1886 938 propterea
1925 860 2114 920 voluit
2140 859 2432 920 Christum
2473 880 2578 938 pro
2613 861 2880 920 omnibus

466 941 635 1017 tradi,
666 942 818 1001 velle
848 942 1023 1001 etiam
1062 949 1130 1000 ut
1168 961 1273 1019 per
1311 940 1604 1017 evangelii
1643 939 1994 1018 praeconium
2035 939 2195 999 istud
2233 941 2572 1018 mysterium
2613 940 2880 1001 omnibus

466 1022 791 1099 promiscue
816 1021 1151 1080 hominibus
1178 1028 1451 1080 testatum
1480 1019 1598 1096 fiat,
1644 1039 1760 1097 quo
1803 1020 2024 1080 seilicet
2050 1028 2307 1098 tempore
2336 1039 2369 1078 a
2397 1020 2763 1097 providentia
2789 1020 2876 1078 di-

466 1102 606 1160 vina
631 1102 956 1179 praestituto
985 1101 1060 1159 ad
1088 1101 1393 1160 veritatem
1434 1107 1496 1159 et
1535 1119 1642 1178 per
1680 1101 1986 1160 veritatem
2015 1120 2214 1159 omnes
2255 1109 2316 1159 et
2357 1101 2573 1177 singuli
2602 1100 2771 1161 electi
2799 1099 2875 1159 ad

466 1182 713 1240 salutem
740 1181 1118 1241 adducantur.
2867 1232 2874 1237 .

546 1260 703 1319 XX.
724 1261 923 1339 Atque
944 1262 1027 1321 ita
1044 1260 1403 1321 vindicatum
1424 1267 1513 1319 est
1530 1267 1589 1318 et
1605 1268 1890 1319 assertum
1909 1260 2156 1339 primum
2173 1268 2435 1321 nostrum
2453 1268 2874 1337 argumentum,

468 1340 799 1401 Secundum
826 1341 1042 1419 petitur
1068 1361 1105 1399 a
1130 1341 1403 1419 primario
1422 1340 1536 1398 fine
1558 1346 1617 1399 et
1645 1339 1852 1399 effectu
1881 1340 2246 1400 mediationis
2265 1340 2478 1399 Christi
2497 1342 2878 1417 redemptione

466 1421 690 1481 scilicet
714 1441 891 1498 quam
917 1422 1017 1480 ille
1045 1420 1316 1497 indeptus
1344 1428 1450 1479 est.
1513 1419 1664 1478 Nam
1694 1420 1744 1479 si
1775 1420 2038 1479 Christus
2057 1440 2162 1498 pro
2189 1420 2358 1479 nobis
2385 1420 2458 1478 ab
2485 1420 2573 1479 ira
2602 1421 2730 1497 Dei,
2775 1440 2878 1499 po·

463 1507 672 1560 testate
704 1501 954 1577 Diaboli,
1004 1500 1209 1559 mundi
1254 1499 1551 1574 servitute,
1601 1507 1967 1577 peccatorum
2020 1499 2229 1576 laqueo
2283 1508 2342 1558 et
2394 1500 2760 1559 tenebrarum
2809 1520 2878 1560 ae

465 1581 669 1639 mortis
698 1580 948 1657 caligine
975 1579 1293 1639 liberandis
1320 1578 1533 1637 obtulit
1561 1578 1690 1635 Deo
1721 1578 1882 1636 Patri
1908 1578 2158 1655 pretium
2185 1598 2326 1637 auro
2353 1584 2412 1636 et
2429 1585 2669 1654 argento
2696 1578 2874 1655 longe

462 1659 849 1735 praestantius,
880 1658 1131 1717 animam
1158 1666 1300 1735 puta
1316 1666 1375 1715 et
1404 1658 1746 1733 sanguinem
1777 1676 1960 1731 suum,
1981 1658 2180 1734 utique
2209 1676 2326 1715 non
2352 1655 2620 1732 exemplo
2647 1664 2872 1715 tantum

402 1782 414 1794 .
462 1737 566 1797 sed
594 1736 799 1796 merito
832 1738 1105 1796 Ser-vator
1132 1745 1221 1795 est
1248 1735 1545 1809 dicendus,
1588 1755 1697 1794 nec
1737 1735 2046 1813 improprie
2087 1744 2148 1795 et
2187 1736 2574 1812 metaphorice
2602 1734 2708 1793 sed
2734 1756 2874 1795 vere

459 1836 529 1875 ac
555 1816 811 1893 plenarie
840 1836 944 1893 pro
972 1816 1141 1875 nobis
1169 1814 1485 1889 satisfecit;
1530 1813 1822 1873 Christum
1851 1824 2045 1875 autem
2063 1815 2176 1875 hoe
2201 1816 2392 1893 ipsum
2418 1814 2756 1892 praestitisse
2785 1815 2878 1873 in-

459 1914 699 1955 numera
716 1894 927 1971 docent
952 1895 1263 1973 Scripturas
1290 1895 1435 1969 loca,
1459 1894 1586 1953 haec
1606 1914 1747 1954 vero
1768 1895 2050 1973 imprimis
2071 1895 2536 1955 manifestissime
2559 1894 2836 1953 evincunt
2861 1918 2876 1955 ε

460 1975 677 2035 Matth.
703 1994 807 2036 xx.
839 1977 935 2053 28,
986 1977 1021 2009 ‘⁴
1054 1975 1241 2034 Filius
1266 1974 1519 2043 hominis
1545 1974 1710 2033 venit
1749 1983 1816 2033 ut
1856 1974 2020 2034 daret
2061 1976 2312 2034 animam
2353 1994 2516 2034 suam
2555 1972 2732 2054 λῦτςον
2769 1974 2876 2035 nin-i

460 2058 703 2133 πολλὸις
740 2057 771 2114 1
805 2056 935 2115 Cor.
964 2056 1043 2114 vi.
1074 2058 1171 2131 20,
1204 2057 1240 2088 “
1266 2055 1462 2113 Pretio
1483 2054 1664 2131 empti
1683 2054 1825 2113 estis
1849 2056 1904 2129 ;'’
1940 2056 1971 2113 1
2003 2055 2154 2114 Tim.
2178 2055 2237 2113 ii.
2261 2058 2316 2131 6,
2351 2056 2388 2089 “
2417 2053 2598 2114 Dedit
2619 2055 2874 2133 seipsum

456 2136 749 2217 ἅπίλυτςου
773 2155 879 2213 pro
908 2134 1174 2195 omnibus
1196 2134 1253 2211 ;'’
1300 2136 1329 2192 1
1365 2134 1492 2193 Pet.
1522 2132 1560 2193 i.
1608 2135 1698 2210 19,
1727 2135 1768 2167 ⁴‘
1798 2133 2108 2212 Redempti
2135 2135 2276 2194 estis
2301 2134 2554 2211 pretioso
2593 2135 2874 2211 sanguine

462 2217 678 2275 Christi
704 2224 771 2276 ιιι
800 2216 962 2292 Agni
983 2214 1393 2289 immaculati,”
1418 2210 1563 2288 ἄεις
1595 2213 1710 2272 Tit.
1735 2213 1794 2274 ii.
1824 2217 1915 2290 14,
1950 2214 2268 2273 “Christus
2298 2222 2480 2273 semet
2508 2214 2694 2292 ipsum
2713 2214 2876 2274 dedit

458 2316 563 2373 pro
591 2296 760 2355 nobis
789 2304 853 2355 ut
881 2314 987 2353 nos
1015 2295 1322 2353 redimeret
1348 2293 1423 2352 ab
1464 2293 1623 2351 omni
1649 2292 2012 2371 iniquitate,''
2043 2292 2150 2353 δὶα.
2177 2317 2190 2371 ;
2236 2294 2388 2371 Eph.
2419 2295 2456 2353 i.
2488 2298 2542 2369 7,
2590 2296 2626 2327 “
2657 2294 2729 2352 In
2758 2313 2873 2370 quo

457 2376 740 2433 habemus
780 2374 1249 2450 redemptionem,
1294 2374 1355 2431 in
1398 2372 1678 2449 sanguine
1719 2372 1906 2449 ejus.''
1988 2373 2124 2433 Huc
2151 2374 2440 2451 pertinent
2467 2382 2525 2433 ct
2547 2373 2662 2433 alia
2686 2374 2868 2452 plura,

460 2454 630 2513 Rom.
662 2453 743 2511 iii.
773 2456 869 2527 24,
903 2453 1037 2511 Gal.
1065 2452 1147 2513 iii.
1181 2456 1272 2527 13,
1307 2451 1495 2529 Apoe.
1523 2472 1581 2508 v.
1614 2452 1670 2525 9,
1703 2448 1831 2527 δὶα,
1875 2472 2006 2529 quae
2043 2453 2116 2511 de
2146 2453 2566 2531 Redemptione
2594 2453 2745 2513 faeta
2771 2473 2875 2531 per

458 2533 799 2609 sanguinem
826 2540 886 2590 et
912 2540 1155 2591 mortem
1181 2532 1513 2608 loquuntur.

540 2612 731 2671 XXI.
776 2612 860 2671 Ut
880 2618 1072 2669 autem
1099 2612 1210 2670 hoc
1232 2618 1634 2687 argumentum
1655 2609 1717 2668 in
1738 2617 1934 2687 aperta
1952 2610 2082 2670 luce
2105 2612 2420 2671 collocetur
2439 2611 2862 2673 observandum

458 2700 546 2751 est
586 2692 901 2751 redimendi
924 2692 1274 2751 vocabulum
1298 2710 1417 2749 non
1444 2710 1560 2749 uno
1588 2710 1764 2749 sensu
1799 2691 2062 2768 usurpari
2087 2691 2148 2750 in
2181 2691 2508 2770 Scriptura3
2552 2691 2864 2770 aliquando

457 2772 542 2830 rei
568 2772 814 2851 alicujus
842 2780 1226 2849 opportunum
1272 2778 1331 2829 et
1378 2770 1743 2828 commodum
1769 2790 1942 2830 usum
1967 2770 2206 2830 denotat
2231 2780 2297 2831 ut
2333 2792 2512 2849 quum
2541 2771 2862 2850 Apostolus

458 2852 610 2930 Eph.
641 2872 699 2912 v.
734 2854 826 2928 16,
878 2861 937 2911 et
979 2850 1102 2911 Col.
1132 2851 1213 2910 iv.
1243 2852 1297 2927 5,
1344 2850 1609 2909 hortatur
1649 2869 1757 2907 nos
1800 2858 1866 2909 ut
1913 2860 2125 2927 tempus
2171 2852 2530 2929 redimamus,
2575 2852 2864 2929 significat

456 2932 693 3013 scilieet,
738 2941 863 2992 tum
908 2931 1131 2991 solicite
1179 2929 1524 3009 captandam
1572 2948 1699 2989 esse
1741 2929 2138 2991 benefaciendi
2187 2932 2563 3006 occasionem,
2607 2939 2728 2991 tum
2779 2932 2862 2993 ita

454 3012 941 3090 compensandum
970 3019 1198 3090 tempus
1226 3030 1352 3071 esse
1380 3010 1539 3088 quod
1564 3009 1733 3068 nobis
1755 3009 1852 3068 vel
1877 3010 2040 3086 nihil,
2065 3011 2160 3069 vel
2181 3010 2357 3088 aliud,
2382 3011 2480 3069 vel
2505 3011 2655 3069 male
2683 3032 2858 3089 agen-

454 3090 611 3148 tibus
640 3090 878 3166 effluxit,
908 3098 975 3149 ut
1002 3111 1071 3151 eo
1099 3090 1417 3151 ferventius
1443 3089 1845 3149 incumbamus
1871 3089 2040 3149 bonis
2069 3090 2338 3168 operibus
2364 3111 2481 3168 quo
2505 3090 2860 3169 frequentius

452 3176 624 3227 antea
650 3170 819 3227 malis
846 3188 1079 3247 operam
1108 3170 1389 3245 dedimus,
1428 3170 1734 3246 nullasque
1761 3171 2264 3247 praetermittamus
2291 3170 2621 3229 occasiones
2647 3171 2862 3248 quibus

453 3247 742 3323 possimus
770 3248 943 3305 etiam
972 3268 1104 3307 eum
1124 3250 1354 3325 jactura
1378 3256 1704 3307 nostrarum
1723 3249 2087 3326 voluptatum
2116 3250 2360 3327 gloriam
2389 3249 2500 3309 Dei
2523 3260 2582 3310 et
2601 3259 2857 3311 nostram

453 3324 817 3401 proximique
873 3326 1118 3384 salutem
1165 3346 1522 3405 promovere.
1606 3330 1663 3385 2.
1709 3327 2044 3404 Aliquando
2098 3330 2307 3388 laxiori
2354 3337 2413 3389 et
2465 3331 2858 3408 metaphorico

453 3401 705 3481 quodam
734 3402 1357 3482 significatu.dcsignat
1382 3404 1780 3464 liberationem
1826 3425 2226 3486 quamcunque
2255 3409 2430 3469 etiam
2465 3411 2627 3470 nullo
2671 3412 2858 3488 pretio

454 3483 873 3541 interveniente
899 3483 1126 3559 factam,
1152 3504 1268 3561 quo
1297 3503 1471 3542 sensu
1518 3484 1814 3561 Scriptura
1861 3486 2320 3565 frequentissime
2366 3489 2740 3549 Isra'e'liticam
2783 3491 2860 3549 ab

455 3562 774 3641 AEgptiaca
800 3563 1077 3622 servitute
1104 3563 1555 3640 redemptionem
1585 3575 1994 3625 commemorat
2019 3576 2078 3627 et
2107 3568 2332 3628 Mosem
2375 3570 2541 3648 cujus
2583 3590 2758 3649 opera
2798 3569 2862 3628 in

454 3664 583 3703 eam
611 3662 733 3702 rem
760 3662 901 3703 usus
928 3650 1019 3702 est
1048 3644 1209 3703 Deus
1239 3646 1489 3725 λυτςυτῆν
1530 3642 1655 3703 sive
1685 3644 2101 3722 redemptorem
2132 3649 2422 3725 appellare
2459 3668 2578 3707 non
2606 3650 2852 3721 dubitat,

456 3723 591 3783 Aet.
620 3724 723 3783 vii.
752 3726 847 3799 35,
880 3723 963 3783 sic
1002 3724 1218 3801 passim
1266 3725 1327 3782 in
1373 3723 1527 3783 Psal.
1576 3725 1738 3784 Deus
1777 3724 1987 3785 dicitur
2031 3727 2313 3787 redimere
2360 3728 2611 3788 animam
2659 3749 2859 3789 corum

454 3823 600 3881 quos
626 3803 837 3863 liberat
863 3804 936 3862 ab
966 3804 1159 3882 aliquo
1187 3805 1339 3864 malo
1368 3812 1427 3864 et
1452 3804 1726 3883 pericu10,
1771 3806 1844 3863 ab
1873 3806 2067 3885 aliqua
2093 3806 2398 3867 afflictione
2444 3816 2504 3868 et
2545 3810 2816 3887 angustia
2839 3832 2856 3887 ς

453 3884 558 3943 sed
600 3886 655 3943 3.
688 3883 946 3943 Maxime
976 3885 1201 3962 proprie
1230 3886 1509 3963 accipitur
1534 3904 1639 3963 pro
1666 3905 1736 3945 ea
1761 3885 2102 3947 liberatione
2129 3906 2246 3964 qua
2285 3888 2416 3965 quis
2443 3888 2517 3947 ab
2545 3890 2741 3967 aliquo
2767 3890 2856 3947 in-

453 3964 755 4023 commodo
784 3971 885 4023 aut
910 3984 973 4023 re
1001 3964 1178 4024 noxia
1204 3965 1482 4025 liberatur
1506 3964 1897 4025 intercedente
1939 3968 2140 4043 preti0‚
2183 3968 2434 4045 pretium
2474 3976 2668 4027 autem
2709 3968 2859 4029 illud

451 4063 599 4102 voco
628 4063 742 4121 quo
770 4043 992 4122 aliquid
1020 4054 1437 4123 compensatur,
1490 4044 1614 4104 sive
1656 4045 1824 4122 cujus
1871 4046 2162 4123 impendio
2206 4066 2299 4105 res
2343 4056 2444 4107 aut
2478 4048 2580 4125 jus
2621 4047 2859 4126 aliquod

452 4122 781 4200 acquiritur,
813 4132 871 4183 et
898 4124 1065 4202 cujus
1094 4143 1164 4183 ea
1190 4134 1279 4184 est
1306 4134 1512 4185 natura
1538 4132 1598 4184 ct
1624 4124 1944 4202 proprietas
1965 4134 2030 4185 ut
2051 4128 2142 4186 sui
2162 4127 2359 4186 valore
2388 4135 2447 4186 et
2474 4128 2856 4188 aestimatione

449 4202 692 4261 alterum
736 4212 968 4262 moveat
1015 4204 1092 4262 ad
1132 4204 1529 4264 liberationem
1571 4204 1959 4281 praestandam
1999 4207 2097 4265 vel
2131 4207 2232 4283 jus
2277 4205 2726 4285 concedendum,
2772 4208 2858 4269 sie

450 4281 605 4358 apud
632 4282 861 4341 Terent.
892 4282 953 4341 in
983 4284 1268 4360 Eunuch.,
1303 4286 1339 4318 “
1356 4284 1497 4361 quid
1524 4303 1668 4361 agas
1687 4286 1715 4343 2
1754 4284 1869 4342 nisi
1911 4292 1975 4345 ut
2013 4286 2264 4346 redimas
2312 4295 2370 4346 te
2418 4296 2652 4363 captum
2681 4307 2856 4365 quam

448 4378 627 4437 queas
654 4359 909 4437 minimo,
940 4364 991 4421 si
1017 4383 1287 4441 nequeas,
1316 4364 1553 4441 paululo
1580 4383 1649 4422 ac
1677 4364 1880 4441 quanti
1908 4367 2145 4444 queas,’'
2176 4374 2236 4426 et
2261 4366 2419 4445 apud
2446 4366 2780 4445 Virgilium,
2809 4432 2815 4447 Ι

925 4522 1195 4581 Fratrem
1228 4524 1434 4581 Polluce
1459 4526 1686 4581 alterna
1714 4534 1891 4584 morte
1917 4526 2170 4587 redemit.
