3234 5192
571 322 687 380 698
1102 338 1180 378 nr
1209 336 1684 379 sarisracrioms
1711 334 1946 378 cums-1⁸1
1975 330 2399 375 marsei-ross.
2514 311 2789 393 [meru-r.
2825 336 3002 375 xxm.

570 488 736 557 tropo
750 480 991 539 liberare
1010 498 1426 557 nonnunquam
1440 480 1485 538 si
1491 478 1745 556 gnificat,
1761 476 1898 555 quia
1916 476 2019 554 qui
2037 475 2333 551 liberatur,
2354 472 2511 533 abeo
2523 494 2644 551 quo
2653 474 3006 553 implicatus

568 559 873 619 tenebatur
892 560 1316 638 quodammodo
1338 561 1638 618 avellitur:
1685 560 1770 617 At
1785 574 2130 634 quocunque
2157 554 2330 613 modo
2359 563 2624 613 sumatur
2651 557 2890 615 nullam
2909 578 3002 617 sa-

567 637 951 700 tisfactionem
980 641 1331 717 importabit.
1391 640 1542 697 Nam
1570 639 1619 697 si
1649 638 1724 696 ad
1752 638 2124 715 posteriorem
2153 634 2382 709 referaS,
2415 636 2720 693 notabitur
2753 638 3002 713 quidem

566 719 850 796 liberatio,
899 721 1000 779 sed
1044 741 1162 779 non
1196 719 1555 779 liberationis
1598 719 1806 777 modus
1834 738 1938 795 per
1991 714 2442 775 satisfactionem
2469 716 2734 791 aliquam
2765 727 2880 777 aut
2907 720 3006 776 ab·

564 825 673 881 veo·
692 825 710 873 3
760 800 889 858 Imo
935 820 1041 859 ncc
1086 809 1279 879 potest
1325 800 1577 876 quidem,
1609 798 1748 875 quia
1794 798 1886 855 vis
1932 796 2095 855 vocis
2141 793 2314 853 infert
2354 794 2550 872 potius
2577 795 3002 857 liberationem

568 900 671 957 per
714 880 1029 959 potentiam
1058 900 1230 958 quam
1276 900 1377 957 per
1408 880 1699 957 justitiam
1724 900 1739 937 ε
1781 885 2162 955 praeterquam
2190 874 2348 951 quod
2375 894 2450 933 ne
2476 874 2720 951 quidem
2753 876 2834 936 de
2864 898 3004 956 pec-

568 960 712 1019 catis
740 960 856 1017 dici
884 969 1093 1037 potest,
1122 979 1300 1036 quum
1328 980 1446 1018 non
1473 968 1726 1036 peccata,
1759 956 1863 1016 sed
1903 965 2234 1034 peccatores
2261 954 2370 1012 hoc
2399 974 2576 1013 sensu
2603 956 3004 1017 redimantur.

569 1039 653 1097 At
672 1041 722 1099 si
748 1040 925 1117 priori
955 1060 1129 1098 sensu
1160 1059 1279 1097 vox
1307 1040 1686 1116 intelligatur,
1709 1036 1865 1115 quod
1887 1037 2120 1095 omnino
2139 1034 2580 1093 convenientius
2603 1035 2910 1113 ducimus,
2931 1039 3006 1098 de

569 1120 909 1197 abruptione
958 1120 1177 1196 peccati
1208 1128 1266 1179 et
1306 1121 1445 1177 vitae
1493 1118 1910 1192 immutatione,
1941 1116 2136 1175 facilia
2161 1123 2330 1173 erunt
2358 1122 2418 1173 et
2439 1115 2722 1191 expedita
2749 1120 3002 1194 omnia;

569 1199 835 1258 suadebit
864 1200 1084 1259 scilicet
1114 1199 1324 1258 Daniel
1354 1199 1505 1275 Regi
1552 1199 1732 1277 impio
1761 1206 1820 1257 et
1847 1195 2272 1274 superbissimo,
2303 1194 2405 1272 qui
2427 1194 2658 1271 abjecto
2681 1198 2858 1256 omni
2891 1200 3010 1258 Dei

565 1280 977 1357 hominumque
1021 1280 1225 1338 timore
1268 1299 1372 1357 per
1418 1280 1728 1337 immanem
1774 1276 2076 1335 avaritiam
2121 1283 2182 1334 et
2218 1275 2620 1333 crudelitatem
2649 1275 3010 1339 dominatus

566 1359 767 1435 fuerat,
800 1368 865 1419 ut
892 1380 1123 1419 cursum
1150 1360 1289 1418 vitae
1310 1368 1589 1418 anteactae
1618 1359 1938 1435 abrumpat,
1971 1365 2028 1415 et
2043 1356 2214 1433 plane
2242 1355 2588 1413 contrariam
2616 1356 2788 1416 ineat
2817 1360 3006 1435 viam,

567 1460 790 1499 summa
816 1460 932 1499 non
960 1449 1185 1499 tantum
1218 1441 1465 1517 justitia,
1499 1439 1604 1498 sed
1652 1439 1823 1497 etiam
1853 1436 2212 1513 benignitate
2239 1434 2622 1512 praecedentis
2649 1440 3006 1513 tyrannidis

564 1519 727 1578 labes
774 1520 1059 1595 eluendo;
1106 1521 1189 1579 sic
1242 1520 1581 1597 impendens
1611 1518 1854 1578 exitium
1896 1516 2090 1575 forsan
2141 1533 2408 1573 aversum
2451 1516 2524 1573 iri
2550 1528 2610 1573 ct
2649 1516 2864 1577 Deum
2897 1521 3008 1579 hac

566 1599 941 1658 conversione
990 1606 1339 1658 commotum
1366 1619 1459 1659 res
1486 1600 1547 1657 in
1590 1598 1800 1675 melius
1829 1614 2239 1656 conversurum
2264 1616 2279 1654 ε
2323 1595 2451 1668 Quo
2479 1595 2784 1672 pertinent
2817 1602 3010 1659 verba

565 1678 881 1755 sequentia,
917 1681 953 1711 “
973 1681 1023 1737 si
1051 1680 1195 1737 forte
1224 1680 1333 1738 erit
1352 1679 1685 1755 prorogatio
1714 1677 2148 1754 tranquillitatis
2177 1684 2290 1733 tuae
2313 1676 2368 1751 ;'’
2397 1675 2565 1751 quasi
2581 1675 2838 1753 diceret,
2877 1680 3004 1738 Ex-

564 1758 815 1831 ercuisti,
848 1777 881 1815 o
913 1758 1060 1833 Rex,
1092 1759 1404 1817 violentam
1435 1767 1493 1817 et
1536 1759 1812 1835 injustam
1841 1756 2306 1829 dominationem,
2339 1755 2680 1831 oppressisti
2709 1756 3001 1835 humiles,

564 1837 827 1913 spoliasti
875 1856 1171 1913 pauperes,
1202 1847 1261 1897 et
1303 1858 1408 1914 per
1434 1858 1603 1896 omne
1651 1857 1836 1914 genus
1880 1843 2244 1914 peccatorum
2287 1834 2520 1911 impune
2547 1854 2612 1894 es
2640 1849 3002 1913 grassatus:

564 1918 651 1975 At
678 1937 847 1992 nunc,
882 1917 931 1975 si
958 1918 1050 1975 vis
1078 1916 1330 1994 effugere
1380 1918 1521 1975 iram
1568 1918 1684 1975 Dei
1711 1917 2120 1991 imminentem,
2151 1915 2328 1973 debes
2356 1914 2537 1973 vitam
2563 1915 2746 1992 plane
2775 1918 3000 1979 immu-

562 2006 685 2057 tare
708 2006 765 2055 et
788 2016 890 2074 pro
919 1997 1149 2075 injustis
1177 1998 1595 2073 exactionibus,
1623 2017 1727 2075 pro
1755 1997 2032 2055 violentia
2058 2005 2119 2054 et
2145 1995 2530 2073 oppressione,
2561 1996 2782 2056 referre
2816 2001 3004 2059 mise·

560 2077 867 2137 ricordiam
896 2087 954 2137 et
974 2079 1279 2156 justitiam,
1313 2086 1372 2137 et
1416 2080 1499 2138 sic
1542 2078 1784 2157 injurias
1812 2076 2190 2136 beneficentia
2218 2075 2508 2149 resarcire,
2541 2084 2602 2133 et
2629 2076 3000 2157 abrumpere

562 2178 792 2217 cursum
820 2168 1185 2236 peccatorum
1214 2168 1441 2219 tuorum
1469 2168 1535 2218 ut
1562 2159 1771 2217 melius
1798 2157 1907 2215 tibi
1936 2158 2028 2215 sit.
2093 2156 2188 2214 Sic
2210 2155 2434 2213 notabit
2461 2154 2698 2233 quidem
2731 2177 2998 2219 conver-

560 2239 779 2297 sionem
809 2248 869 2298 et
894 2239 1287 2316 poenitentiam
1319 2260 1445 2298 esse
1473 2240 1702 2298 unicam
1733 2236 1991 2296 evitandi
2020 2236 2131 2294 Dei
2164 2234 2372 2313 judicii
2400 2235 2554 2292 viam
2579 2257 2594 2311 ;
2631 2236 2755 2295 Sed
2785 2238 2872 2297 de
2905 2260 2998 2298 sa·

559 2318 884 2377 tisfactione
916 2319 1027 2377 Dei
1047 2320 1291 2395 justitiae
1318 2318 1581 2377 facienda
1608 2338 1682 2376 ne
1703 2316 1972 2395 cogitarit
1988 2316 2238 2393 quidem,
2269 2323 2494 2374 tantum
2523 2315 2692 2373 abest
2721 2328 2791 2377 ut
2821 2318 2998 2378 illam

559 2397 656 2455 hic
684 2397 1115 2455 commendarit.
2169 2411 2172 2415 ’

642 2476 787 2533 XV.
832 2476 954 2534 Nec
982 2476 1096 2533 alio
1124 2475 1439 2554 respiciunt
1480 2476 1609 2536 loca
1638 2497 1767 2554 quae
1795 2477 1948 2555 apud
1992 2476 2311 2554 Prophetas
2337 2476 2552 2555 passim
2583 2474 2656 2535 de
2681 2479 2994 2554 poeniten·

558 2554 641 2613 tia
667 2565 865 2632 agunt,
899 2563 963 2612 ut
988 2555 1312 2614 necessaria
1358 2556 1434 2615 ad
1474 2557 1870 2616 remissionem
1899 2566 2262 2634 peccatorum
2291 2556 2389 2614 vel
2413 2575 2717 2633 poenarum
2748 2559 2994 2618 relaxa·

558 2634 775 2693 tionem
805 2634 1193 2695 obtinendam.
1240 2636 1373 2695 Non
1399 2657 1680 2715 negamus
1709 2638 1860 2696 enim
1890 2636 2284 2714 poenitentiam
2315 2636 2681 2695 conditionem
2712 2656 2852 2697 esse
2883 2640 2990 2700 ab·

558 2715 745 2774 solute
773 2716 1154 2775 necessariam
1182 2716 1257 2775 ad
1303 2716 1367 2775 id
1406 2727 1472 2776 ut
1501 2719 1673 2777 venia
1715 2726 2079 2795 peccatorum
2109 2716 2452 2775 obtineatur.
2521 2715 2655 2775 Non
2681 2736 2991 2795 negamus

556 2794 729 2854 etiam
760 2816 910 2873 saepe
938 2816 1044 2874 per
1068 2816 1194 2856 eam
1222 2797 1348 2855 fieri
1374 2807 1440 2857 ut
1467 2798 1824 2857 calamitates
1851 2797 2216 2855 imminentes
2244 2805 2302 2855 et
2333 2796 2558 2873 judicia
2601 2796 2716 2854 Dei
2745 2798 2854 2856 vel
2883 2800 2990 2859 de-

555 2875 841 2939 clinentur
868 2878 962 2935 vel
990 2876 1344 2955 mitigentur.
1407 2878 1706 2955 Negamus
1734 2885 1956 2935 tantum
1999 2896 2126 2936 esse
2143 2896 2374 2952 poenam
2399 2877 2852 2951 satisfaciet-tam
2881 2890 2992 2940 aut

553 2958 1077 3035 compensationem
1123 2978 1239 3035 qua
1288 2958 1530 3017 satisfiat
1574 2958 1617 3017 J
1623 2957 1833 3017 ustitiae
1861 2955 2075 3015 divinae
2101 2978 2114 3016 ε
2159 2956 2307 3031 Quia
2333 2957 2507 3033 longe
2535 2956 2696 3015 aliud
2726 2968 2822 3017 est
2851 2962 2988 3018 evi-

552 3044 675 3095 tare
704 3045 763 3096 et
811 3036 1098 3096 declinare
1138 3057 1357 3114 poenas,
1388 3037 1549 3097 aliud
1577 3057 1716 3097 vero
1759 3036 2125 3112 satisfacere;
2157 3036 2317 3094 aliud
2343 3055 2463 3095 rem
2492 3036 2772 3109 obtinere,
2807 3038 2986 3098 aliud

552 3134 679 3173 eam
708 3136 811 3192 per
838 3117 994 3173 viam
1043 3118 1211 3192 pretii
1240 3126 1298 3175 et
1336 3117 1642 3176 solutionis
1671 3115 1964 3193 consequi.
2052 3116 2276 3193 Quippe
2315 3135 2501 3193 poenae
2531 3116 2871 3176 istiusmodi
2899 3139 2986 3178 ex

554 3193 925 3252 Adversariis
970 3215 1085 3252 non
1129 3196 1298 3255 mode
1348 3216 1557 3273 graves
1606 3206 1742 3257 sunt
1769 3204 1829 3255 et
1873 3197 2130 3255 molestas
2169 3215 2266 3255 eas
2289 3194 2622 3266 ferentibus,
2654 3196 2761 3255 sed
2788 3199 2984 3257 etiam

553 3281 860 3331 censentur
901 3273 1207 3352 indebitae,
1255 3276 1339 3335 At
1382 3277 1507 3335 haec
1554 3297 1686 3354 quae
1714 3297 1751 3334 a
1799 3276 2104 3353 Prophetis
2130 3276 2581 3353 praescribuntur
2605 3276 2985 3353 poenitentiae

553 3352 831 3411 exercitia
858 3372 973 3411 non
1004 3354 1175 3413 modo
1202 3374 1319 3413 non
1349 3365 1484 3415 sunt
1512 3357 1717 3433 gravia
1763 3364 1822 3415 et
1851 3355 2010 3432 dura,
2044 3356 2148 3415 sed
2176 3354 2380 3414 suavi’a
2407 3362 2466 3413 et
2484 3355 2748 3433 jucunda
2773 3356 2978 3417 fideli-

551 3431 679 3506 buS,
712 3432 811 3508 qui
838 3432 1095 3510 impense
1125 3434 1195 3492 iis
1224 3435 1619 3513 delectantur3
1666 3436 1887 3495 Verum
1916 3436 1998 3493 ita
2025 3444 2160 3495 sunt
2188 3436 2384 3495 debita
2401 3444 2477 3495 'ut
2505 3455 2672 3495 nemo
2695 3436 2826 3495 sine
2857 3440 2982 3496 cri-

550 3511 706 3570 mine
736 3532 804 3571 ea
830 3514 1265 3590 praetermittere
1313 3517 1497 3593 possit
1542 3525 1642 3576 aut
1672 3515 1898 3574 debeat.
1950 3514 2340 3593 Przeterquam
2371 3516 2526 3592 quod
2548 3516 2610 3573 in
2637 3516 2980 3577 misericor·

548 3591 660 3652 diae
690 3594 895 3652 throno
924 3604 1228 3655 versantur
1253 3594 1473 3671 fideles,
1496 3595 1599 3653 ubi
1627 3596 1822 3655 nullus
1850 3594 2023 3653 datur
2048 3596 2145 3653 vel
2173 3595 2442 3673 operibus
2467 3595 2565 3653 vel
2591 3595 2982 3673 passionibus

548 3674 761 3732 nostris
783 3673 856 3731 ad
886 3672 1335 3733 satisfactionem
1363 3675 1543 3749 locuS,
1576 3676 1680 3735 sed
1709 3676 1818 3734 soli
1846 3675 2048 3752 gratiae
2078 3685 2136 3734 et
2163 3677 2366 3734 merito
2404 3675 2651 3751 Christi3
2681 3695 2800 3735 non
2821 3697 2980 3738 vero

548 3750 609 3810 in
639 3753 816 3831 Legis
846 3754 967 3813 foro
994 3754 1096 3813 ubi
1123 3774 1369 3832 persona
1397 3755 1696 3832 judicatur
1721 3774 1797 3813 ex
1825 3774 2014 3832 opere,
2039 3774 2156 3813 non
2177 3775 2322 3832 opus
2344 3774 2418 3813 ex
2441 3774 2702 3832 persona.
2789 3755 2984 3831 Quod

548 3832 599 3890 si
620 3833 930 3910 aliquando
980 3853 1155 3911 opera
1200 3834 1464 3910 quaedam
1511 3835 1801 3894 laboriosa
1828 3854 1956 3893 cum
1989 3835 2326 3911 poenitentia
2353 3834 2624 3893 videntur
2651 3837 2869 3912 urgeri,
2901 3849 2980 3898 ut

541 3912 782 3990 jejunia,
814 3913 1083 3989 cilicium,
1116 3910 1244 3989 &c.,
1274 3934 1390 3972 non
1420 3914 1551 3972 ideo
1580 3914 1649 3973 fit
1675 3924 1741 3974 ut
1768 3934 1870 3991 pro
1899 3914 2128 3973 delictis
2156 3916 2350 3992 aliqua
2383 3914 2539 3991 apud
2567 3914 2759 3973 Deum
2799 3936 2976 3975 com-

546 3993 807 4068 pensatio
835 3992 1199 4067 interveniat,
1231 3993 1335 4052 sed
1360 4001 1585 4053 tantum
1614 4002 1680 4053 ut
1708 4014 1813 4071 per
1851 4014 1920 4053 ca
1948 3996 2162 4054 veritas
2190 4004 2248 4054 et
2275 3994 2576 4053 sinceritas
2601 3995 2974 4073 poenitentiae

550 4091 619 4130 eo
648 4072 855 4133 melius
882 4080 1095 4133 testata
1120 4072 1239 4133 fiat.

630 4152 809 4212 XVI.
855 4156 935 4213 3⁰.
981 4152 1277 4231 Objiciunt
1327 4153 1669 4213 Adversarii
1697 4155 1826 4213 loca
1858 4156 2022 4213 varia
2049 4156 2109 4213 in
2137 4157 2348 4234 quibus
2379 4156 2541 4214 Deus
2567 4162 2699 4234 post
2727 4154 2972 4233 culpam

546 4229 843 4291 dimissam
872 4234 1083 4292 dicitur
1119 4242 1313 4293 tamen
1348 4254 1551 4313 poenas
1579 4235 1771 4293 varias
1815 4234 2085 4293 fidelibus
2112 4236 2454 4295 immisisset
2503 4238 2578 4293 1⁰.
2601 4240 2638 4294 2
2667 4234 2821 4293 Sam.
2853 4236 2968 4297 xii.

550 4310 641 4383 14,
677 4310 985 4372 Peccatum
1013 4314 1370 4373 condonatur
1392 4314 1607 4373 Davidi
1627 4335 1661 4373 a
1683 4314 1736 4372 N
1739 4314 1966 4390 athane,
1991 4324 2264 4375 ettamen
2283 4336 2438 4374 mors
2457 4314 2624 4374 filioli
2645 4314 2734 4372 illi
2755 4314 2816 4372 in
2833 4335 2968 4393 poe-

544 4406 681 4444 nam
703 4389 1045 4469 decernitur,
1097 4397 1132 4426 “
1157 4393 1307 4469 Quia
1332 4394 1730 4471 blasphemare
1760 4393 1949 4454 fecisti
1981 4395 2091 4454 Dei
2133 4416 2344 4455 nomen
2371 4396 2445 4454 ab
2473 4394 2722 4453 inimicis
2753 4394 2966 4453 Domi-

545 4464 624 4541 ni,
656 4466 787 4526 ideo
814 4490 957 4546 puer
982 4473 1082 4549 qui
1104 4474 1211 4532 tibi
1236 4481 1407 4532 natus
1456 4484 1545 4533 est
1592 4475 1920 4534 morietur.”
1963 4480 2043 4533 2⁰.
2077 4476 2248 4535 Num.
2278 4476 2400 4533 xiv.
2431 4478 2528 4549 20,
2555 4474 2716 4533 Deus
2744 4474 2970 4535 dicitur

542 4544 840 4623 ignovisse
872 4548 1147 4609 Israelitis
1174 4554 1682 4631 murmurantibus,
1713 4554 1924 4633 quibus
1952 4562 2146 4614 tamen
2168 4564 2370 4634 postea
2396 4556 2722 4633 ingressum
2749 4554 2811 4612 in
2839 4564 2966 4615 ter-

540 4645 664 4686 ram
695 4624 929 4686 Canaan
956 4628 1295 4693 interdixit:
1323 4633 1462 4691 etin
1490 4652 1716 4710 poenam
1738 4634 1958 4712 peccati
1987 4645 2228 4697 mortem
2258 4636 2318 4694 in
2336 4635 2564 4695 deserto
2581 4634 2698 4693 illis
2719 4632 2964 4711 inflixit,
