3234 5192
524 268 643 326 670
1046 280 1126 322 nr.
1156 277 1648 323 suisnerxoms
1675 278 1921 321 cnmsn
1951 278 2380 320 reni-nenena.
2479 258 2775 341 [msenr.
2813 279 3014 326 xxn.

524 424 653 481 nito
680 422 903 498 peccati
931 422 1221 481 demerito
1250 441 1549 499 opponere
1576 430 1809 497 posset:
1847 422 1986 481 Duo
2013 424 2142 480 haec
2167 420 2590 497 perfectissime
2611 420 2684 477 in
2713 421 3012 481 Christo

524 504 1074 578 deprehenduntur.
1135 500 1300 561 Nam
1340 508 1411 559 ut
1449 503 1630 558 homo
1673 502 1957 560 innocens
1994 501 2114 558 fuit
2149 506 2210 557 et
2235 499 2612 574 impollutuS,
2647 499 2838 558 Heb.
2877 503 3008 559 vii.

525 580 620 651 26,
646 599 767 638 non
795 581 975 637 modo
1002 582 1079 638 ab
1104 581 1267 637 omni
1294 580 1519 656 peccati
1544 580 1683 637 labe
1710 580 2009 651 immunis,
2031 579 2136 654 qui
2161 586 2470 653 peccatum
2489 595 2600 635 nec
2627 580 2838 637 novit
2869 600 3004 638 nec

522 659 681 729 fecit,
713 660 751 716 2
782 658 917 718 Cor.
946 678 1002 717 v.
1028 660 1124 731 21,
1155 661 1256 717 sed
1306 658 1387 716 eti
1412 658 1669 733 perfecte
1697 665 1936 716 sanctus
1965 658 2085 715 imo
2113 658 2392 714 sanctitas
2421 656 2568 731 ipsa,
2601 655 2768 714 Luc.
2799 659 2848 717 i.
2879 658 2996 729 35,

526 736 631 795 Ita
656 744 717 795 et
744 756 919 795 verus
945 755 1015 795 ac
1042 745 1300 796 aeternus
1324 736 1487 795 Deus
1516 736 1622 811 qui
1649 738 1904 811 proinde
1927 753 2161 793 summa
2185 742 2247 791 et
2273 734 2508 793 infinita
2529 734 2774 793 virtute
2811 758 2998 813 prae-

526 817 688 874 ditus
724 817 922 890 potuit
948 817 1229 874 humanis
1258 814 1634 890 passionibus
1661 814 1961 872 infinitum
1989 814 2208 871 addere
2233 814 2500 870 valorem
2535 820 2598 870 et
2633 817 2944 887 pretium
2971 838 2991 885 3

526 914 648 970 quo
676 912 854 953 sensu
874 892 1043 951 Deus
1070 894 1288 951 dicitur
1313 892 1553 968 proprio
1582 894 1876 967 sanguine
1898 892 2223 949 Ecclesiam
2249 891 2652 966 acquisivisse,
2677 894 2841 951 Act.
2865 914 2990 951 xx.

526 974 621 1031 28.
680 973 843 1031 Hinc
868 972 1095 1047 duplex
1114 972 1423 1047 plenitudo
1455 970 1689 1029 Christo
1719 972 1871 1029 solet
1896 972 2098 1027 tribui.
2169 968 2371 1027 Primo
2398 970 2611 1046 pra-tice
2639 982 2698 1028 et
2725 973 2990 1031 sancti-

526 1051 667 1110 tatis
694 1058 993 1127 quatenus
1022 1051 1189 1109 Deus
1216 1051 1412 1108 voluit
1454 1056 1490 1083 “
1513 1057 1583 1106 ut
1610 1049 1806 1107 omnis
1835 1049 2146 1124 plenitudo
2174 1049 2236 1105 in
2264 1048 2394 1122 ipso
2427 1048 2764 1121 habitare,’'
2825 1050 2986 1111 Col.

526 1131 565 1187 i.
598 1130 691 1201 19,
732 1148 808 1187 ex
848 1148 973 1205 qua
1010 1131 1205 1188 factus
1244 1137 1334 1187 est
1371 1128 1577 1204 plenus
1616 1129 1822 1203 qratia
1855 1139 1909 1184 et
1935 1128 2176 1185 veritate
2203 1134 2272 1197 ut
2297 1144 2374 1183 ex
2399 1126 2528 1200 ejus
2555 1128 2984 1202 plenitudine

524 1208 874 1267 hauriamus
902 1225 1107 1267 omnes
1132 1208 1392 1285 yratiam
1414 1227 1529 1284 pro
1554 1206 1775 1283 qratia,
1799 1205 1842 1263 J
1846 1208 1942 1264 ob.
1963 1207 2002 1263 i.
2028 1206 2118 1265 16.
2164 1205 2439 1264 Secundo
2461 1204 2780 1281 plenitudo
2805 1206 2984 1265 Dei-

526 1288 666 1345 tatis
706 1288 782 1344 de
823 1305 947 1361 qua
986 1288 1205 1345 dicitur
1242 1287 1407 1362 quod
1450 1292 1485 1320 “
1508 1286 1572 1343 in
1613 1304 1686 1343 eo
1727 1285 1958 1343 habitet
1984 1285 2370 1359 corporaliter
2398 1282 2590 1341 omnis
2616 1285 2978 1359 plenitudo

525 1365 917 1435 divinitatis‚'’
962 1364 1089 1424 Col.
1119 1366 1179 1423 ii.
1212 1366 1266 1436 9,
1308 1384 1428 1423 non
1471 1364 1706 1441 mystice
1745 1371 1816 1421 ut
1855 1364 1920 1420 in
1957 1362 2254 1435 fidelibus,
2295 1382 2418 1419 non
2445 1362 2752 1439 symbolice
2779 1372 2872 1421 ut
2899 1366 2976 1421 in

522 1445 923 1513 sacramentis,
968 1462 1089 1501 non
1132 1444 1315 1521 typice
1355 1450 1415 1501 et
1456 1444 1771 1501 umbratice
1809 1449 1881 1499 ut
1920 1442 2034 1499 sub
2061 1441 2242 1516 Lege,
2285 1441 2406 1500 Sed
2437 1441 2846 1515 corporaliter
2874 1444 2970 1501 id.

523 1522 761 1580 realiter
800 1529 861 1579 et
947 1522 1305 1591 ersonaliter,
1350 1529 1531 1597 prout
1570 1548 1720 1597 αμα
1754 1522 1852 1578 vel
1896 1522 2114 1579 umbroe
2151 1519 2472 1595 opponitur
2497 1520 2596 1575 vel
2617 1539 2970 1595 personam

523 1602 816 1674 designat.
952 1601 1069 1657 nde
1100 1600 1231 1674 jam
1272 1600 1561 1656 invictum
1598 1602 1838 1658 elicitur
1878 1606 2319 1673 argumentum.
2395 1597 2558 1655 Nam
2587 1598 2637 1653 si
2667 1596 2966 1656 Persona

523 1677 893 1735 satisfaciens
932 1695 1055 1734 non
1096 1679 1278 1734 modo
1320 1684 1525 1735 sancta
1563 1687 1626 1737 et
1663 1678 2146 1747 incontaminata,
2189 1677 2292 1735 sed
2329 1676 2510 1734 etiam
2535 1675 2776 1748 infinita
2803 1677 2962 1747 fuit,

521 1754 815 1815 infinitam
856 1754 1037 1813 etiam
1075 1755 1258 1813 fuisse
1299 1756 1759 1815 satisfactionem
1801 1774 2034 1813 necesse
2073 1764 2198 1815 est:
2240 1754 2283 1812 J
2285 1774 2384 1813 am
2423 1754 2474 1811 si
2514 1754 2754 1813 infinita
2778 1756 2961 1826 suit3

526 1833 678 1903 Quis
698 1832 1021 1908 perfectam
1042 1834 1163 1891 imo
1185 1833 1676 1908 perfectissimam
1697 1843 1756 1894 et
1776 1834 2329 1892 sufficientissimam
2349 1835 2562 1907 neget?
2587 1832 2756 1899 Quid
2773 1835 2954 1891 enim

520 1912 719 1987 majus
746 1912 843 1968 vel
870 1911 1187 1987 perfectius
1213 1912 1449 1971 infinito
1477 1914 1609 1971 dari
1635 1916 1874 1989 potest?
1916 1912 1980 1971 Si
2021 1913 2280 1989 perfecta
2318 1911 2436 1968 fuit
2476 1918 2536 1967 et
2556 1912 2754 1985 plena,
2783 1913 2950 1987 quid

523 2010 675 2067 opus
716 1990 850 2049 aliis
890 1991 1435 2051 satisfactionibus?
1488 1991 1644 2051 Sane
1684 2000 1756 2050 ut
1794 1992 2044 2050 infinitae
2085 1990 2308 2050 Christi
2343 1988 2735 2047 satisfactioni
2779 1991 2949 2048 nihil

524 2070 847 2147 quicquam
874 2077 1067 2145 potest
1094 2071 1254 2143 addi,
1297 2090 1435 2129 cum
1460 2072 1764 2129 infinitum
1789 2090 1912 2128 non
1939 2078 2250 2145 augeatur,
2295 2068 2398 2127 Ita
2431 2087 2540 2125 nec
2567 2085 2719 2143 opus
2747 2076 2844 2125 est
2873 2077 2948 2127 ut

521 2150 751 2225 aliquid
780 2150 1058 2222 addatur,
1086 2151 1229 2225 quia
1256 2169 1331 2207 ex
1358 2168 1420 2207 se
1448 2157 1509 2207 et
1534 2170 1640 2225 per
1667 2169 1729 2209 se
1755 2149 2054 2207 infinitum
2085 2148 2266 2205 habet
2291 2148 2579 2204 valorem.

605 2227 762 2286 VII.
806 2226 950 2285 Non
994 2229 1219 2285 audent
1260 2228 1505 2302 quidem
1542 2227 1894 2287 Adversarii
1933 2227 2272 2285 certissimae
2303 2225 2568 2284 Veritati
2606 2226 2813 2299 palam
2849 2244 2946 2283 re-

520 2305 755 2376 luctari,
803 2304 1125 2371 Quomodo
1170 2306 1330 2361 enim
1366 2312 1607 2379 possent
1651 2307 1768 2363 nisi
1809 2307 1873 2362 in
1907 2313 2098 2364 castra
2135 2304 2334 2363 Socini
2369 2304 2624 2361 transire
2656 2305 2939 2363 vellent?

525 2383 823 2441 Coeterum
864 2398 997 2439 eam
1037 2381 1323 2439 indirecte
1362 2383 1721 2441 labefactare
1762 2391 2072 2441 conantur.
2117 2382 2400 2441 Bellarm.
2439 2382 2598 2439 euim
2633 2382 2737 2439 lib.
2775 2383 2814 2439 i.
2857 2384 2938 2439 de

526 2460 799 2532 Indulg.,
828 2477 953 2533 cap.
983 2460 1041 2530 4,
1070 2460 1389 2534 respondet
1426 2468 1460 2494 ‘⁶
1490 2460 1554 2517 N
1556 2479 1637 2517 on
1665 2479 1790 2519 esse
1819 2462 2064 2536 quidem
2093 2480 2242 2537 opus
2269 2467 2340 2518 ut
2365 2460 2776 2535 adjungantur
2801 2480 2938 2536 pas-

523 2540 716 2597 siones
748 2544 1089 2595 sanctorum
1116 2538 1492 2612 passionibus
1522 2539 1759 2611 Christi,
1788 2539 1960 2615 quasi
1987 2542 2081 2615 hae
2110 2558 2216 2615 per
2243 2558 2304 2597 se
2331 2556 2454 2597 non.
2481 2540 2796 2610 sufficiant,
2823 2541 2934 2597 sed

520 2615 775 2690 adjungi
802 2622 1003 2674 tamen
1030 2616 1173 2692 quia
1198 2636 1441 2691 aequum
1468 2625 1576 2689 est,
1598 2636 1676 2675 ne
1703 2618 2004 2693 passiones
2025 2618 2146 2675 illae
2176 2636 2376 2677 coram
2405 2616 2536 2675 Deo
2563 2617 2683 2675 sint
2702 2618 2930 2690 inanes,

522 2694 849 2772 praesertim
880 2714 1017 2753 cum
1044 2695 1107 2753 id
1135 2698 1211 2753 sit
1236 2697 1567 2771 gloriosum
1598 2696 1833 2756 Christo
1861 2716 1898 2754 a
1925 2714 2048 2772 quo
2075 2703 2282 2755 manat
2308 2714 2484 2754 omne
2511 2696 2736 2753 bonum
2763 2716 2936 2755 sanc-

517 2782 739 2846 torum,
782 2781 915 2833 tum
946 2774 1133 2832 etiam
1174 2775 1318 2851 ipsis
1356 2776 1573 2834 sanctis
1610 2774 2168 2851 perhonorificum.’'
2251 2774 2450 2849 Resp.,
2481 2774 2600 2833 Sed
2627 2793 2818 2849 quum
2843 2776 2932 2833 ita

521 2854 912 2912 ratiocinatur
934 2852 1241 2925 Bellarm.,·
1262 2855 1357 2911 vel
1383 2855 1561 2925 ludit,
1584 2856 1683 2911 vel
1711 2861 1914 2930 aperte
1943 2872 2183 2912 causam
2211 2854 2446 2911 deserit.
2495 2852 2560 2910 N
2563 2871 2660 2909 am
2685 2853 2735 2911 si
2763 2857 2930 2928 quod

521 2932 619 2989 hic
646 2940 899 2991 testatur
924 2950 1131 2990 revera
1158 2932 1361 3003 credit,
1404 2934 1710 3008 passiones
1751 2933 1970 2990 scilicet
2003 2931 2220 2990 Christi
2253 2951 2366 3006 per
2403 2951 2466 2989 se
2503 2932 2770 3007 sufficere,
2803 2931 2929 2990 Cur

520 3011 669 3069 alias
708 3012 906 3069 nescio
948 3029 1097 3085 quas
1136 3010 1258 3069 illis
1298 3011 1716 3087 adjungendas
1749 3030 1872 3069 esse
1903 3014 2143 3069 censet?
2215 3010 2337 3067 Cur
2362 3008 2424 3065 in
2453 3008 2573 3067 illis
2602 3010 2776 3067 unice
2803 3028 2926 3067 non

522 3088 887 3163 acquiescit?
944 3089 1074 3146 Ista
1112 3088 1271 3145 enim
1313 3108 1437 3145 non
1477 3092 1794 3161 cohaerent,
1839 3097 1908 3146 ut
1949 3087 2516 3147 sufficientissimum
2541 3106 2648 3163 per
2675 3107 2736 3146 se
2763 3090 2929 3147 dicas

522 3166 751 3239 aliquid
793 3183 915 3240 quo
955 3172 1157 3223 tamen
1198 3174 1512 3224 contentus
1550 3186 1674 3224 non
1717 3169 1834 3239 sis;
1877 3169 2099 3244 quippe
2135 3185 2210 3223 ex
2249 3183 2370 3240 quo
2409 3168 2486 3223 ad
2523 3166 2688 3224 aliud
2719 3168 2932 3224 consu·-

521 3244 810 3319 giendum
853 3242 963 3298 tibi
1006 3260 1129 3299 esse
1172 3244 1479 3301 arbitraris
1514 3264 1588 3302 eo
1625 3246 1754 3320 ipso
1798 3248 2036 3320 plenam
2078 3244 2490 3317 sufficientiam
2527 3244 2618 3300 illi
2642 3246 2924 3320 denegas.

526 3320 709 3380 Unde
748 3338 985 3377 necesse
1012 3327 1103 3377 est
1128 3338 1269 3377 eum
1295 3322 1401 3396 qui
1427 3322 1513 3379 ita
1538 3323 1763 3395 statuit,
1793 3327 1891 3382 vel
1918 3325 2148 3399 aliquid
2164 3331 2387 3399 putare
2419 3321 2637 3381 Christi
2663 3324 2926 3382 satisfac-

520 3398 675 3458 tioni
714 3399 933 3469 deesse,
961 3399 1059 3455 vel
1096 3407 1251 3457 certe
1287 3400 1541 3457 stultum
1568 3418 1692 3459 esse
1721 3403 1817 3459 cui
1845 3404 1906 3459 id
1935 3405 2099 3477 quod
2126 3403 2366 3460 abunde
2393 3400 2608 3459 sufficit
2634 3402 2773 3459 satis
2799 3420 2924 3461 non

521 3486 643 3549 est3
682 3484 753 3534 ut
780 3476 829 3536 si
856 3475 991 3553 quis
1012 3477 1109 3535 cui
1130 3497 1386 3553 praesens
1412 3485 1501 3536 est
1526 3480 1801 3555 perennis
1827 3489 1888 3539 et
1915 3480 2246 3539 uberrimus
2295 3480 2448 3552 fons,
2478 3499 2548 3537 eo
2588 3480 2922 3555 posthabito

522 3564 755 3615 arentes
782 3563 841 3614 et
868 3574 1130 3614 caenosos
1158 3556 1391 3615 rivulus
1419 3566 1805 3617 consectetur.

604 3634 803 3695 VIII.
849 3635 1033 3704 Quod
1070 3653 1210 3692 vero
1248 3643 1543 3709 causatur,
1592 3638 1732 3695 licet
1773 3656 1878 3713 per
1918 3656 1979 3695 se
2019 3638 2316 3696 sufficiant
2349 3636 2650 3711 passiones
2686 3636 2922 3711 Christi,

524 3714 777 3789 adjungi
804 3722 1006 3772 tamen
1034 3714 1154 3773 illis
1183 3722 1452 3790 oportere
1480 3724 1822 3775 sanctorum
1848 3716 2170 3793 passioneS,
2195 3736 2265 3773 ne
2291 3715 2417 3773 istae
2445 3735 2640 3773 coram
2656 3716 2786 3775 Deo
2806 3718 2928 3776 sint

522 3794 744 3864 inanes,
772 3792 981 3851 multis
1007 3794 1201 3851 modis
1228 3795 1556 3852 absurdum
1584 3802 1688 3852 est.
1762 3794 1982 3871 Prim0‚
2016 3796 2068 3853 si
2093 3795 2229 3853 ideo
2259 3802 2496 3853 tantum
2523 3796 2922 3869 adjungendae

523 3880 667 3931 sunt
694 3891 768 3929 ne
796 3872 1003 3929 inanes
1033 3873 1377 3942 reddantur,
1410 3872 1499 3930 At
1524 3891 1637 3948 ego
1665 3872 1924 3933 vicissim
1965 3874 2260 3932 contendo
2301 3892 2423 3932 non
2464 3874 2768 3931 addendas
2800 3892 2924 3932 esse

524 3970 599 4009 ne
639 3950 835 4027 passio
866 3949 1084 4009 Christi
1124 3950 1317 4009 inanis
1355 3950 1661 4008 reddatur.
1723 3950 1862 4019 Quo
1901 3959 2075 4028 pacto
2117 3952 2276 4009 enim
2302 3952 2397 4009 vel
2433 3952 2774 4027 plenissima
2799 3971 2920 4011 esse

524 4030 861 4088 censebitur
885 4029 985 4085 vel
1010 4047 1118 4105 per
1144 4047 1206 4085 se
1233 4030 1514 4099 sufficere,
1545 4029 1595 4085 si
1623 4047 1774 4104 opus
1801 4037 1894 4088 est
1920 4032 2064 4089 alias
2091 4030 2183 4087 illi
2209 4031 2572 4105 superaddi?
2631 4030 2918 4103 Secundo,

521 4108 675 4166 falso
704 4108 990 4184 supponit
1015 4107 1313 4182 passiones
1336 4107 1693 4165 Sanctorum
1718 4107 1924 4167 inanes
1951 4109 2078 4167 fore
2107 4110 2156 4166 si
2183 4110 2257 4167 ad
2288 4108 2775 4166 satisfaciendum
2802 4128 2920 4167 non

524 4187 941 4247 adhibeantur.
1000 4186 1089 4244 At
1112 4184 1411 4243 innumeri
1433 4186 1538 4243 alii
1556 4187 1705 4243 fines
1733 4194 1873 4245 sunt
1899 4189 2149 4245 istarum
2171 4187 2512 4262 passionum
2535 4186 2638 4262 qui
2663 4185 2774 4244 Dei
2795 4188 2918 4261 glo-

524 4265 694 4335 riam,
724 4264 1001 4323 Ecclesiae
1031 4264 1502 4335 aedificationem,
1548 4272 1609 4322 et
1648 4265 1917 4323 fidelium
1962 4267 2217 4324 salutem
2253 4272 2534 4340 spectant.
2611 4266 2712 4323 An
2748 4265 2918 4324 inane

523 4359 647 4399 esse
673 4341 893 4399 dicitur
920 4344 1083 4419 quod
1119 4362 1193 4401 ex
1230 4344 1421 4401 officio
1458 4341 1689 4402 factum
1725 4350 1834 4415 est,
1877 4346 2038 4421 quod
2079 4346 2158 4402 ad
2199 4362 2481 4418 magnam
2519 4344 2631 4401 Dei
2673 4344 2920 4419 gloriam

523 4420 697 4489 cedit,
736 4420 899 4494 quod
929 4420 1205 4479 Ecclesiae
1235 4422 1691 4481 aedificationem
1719 4442 1842 4480 non
1868 4442 2084 4499 parum
2109 4430 2441 4499 promovet,
2484 4424 2649 4497 quod
2678 4422 2918 4481 Sanctos

523 4499 681 4572 ipsos
708 4498 785 4553 ad
812 4498 1069 4570 gloriam
1096 4507 1155 4557 et
1182 4500 1436 4559 salutem
1464 4501 1749 4560 deducit?
1787 4502 1929 4561 istos
1957 4502 2116 4561 enim
2143 4501 2488 4575 passionum
2513 4502 2782 4558 fidelium
2803 4502 2920 4558 exi-

520 4575 672 4635 mios
698 4592 821 4631 esse
850 4574 1078 4633 fructus
1115 4578 1324 4651 negari
1352 4597 1471 4636 non
1500 4585 1713 4653 potest.
1783 4580 2002 4651 TertiO,
2041 4586 2276 4637 tantum
2307 4580 2472 4636 abest
2499 4586 2570 4636 ut
2594 4580 2912 4653 gloriosum
