3234 5192
311 368 547 411 msrur.
578 352 731 425 xm]
930 366 1011 406 1111
1042 363 1533 406 ssa-Isrscrroms
1561 363 1807 405 cnmsn
1837 364 2154 406 vam-rus.
2611 352 2728 412 477

314 513 459 572 Ideo
492 515 568 569 1⁰.
600 510 847 569 Causam
876 507 1106 569 finalem
1146 506 1244 566 hic
1269 514 1481 585 urgent
1501 507 1670 584 quasi
1687 506 1952 566 Christus
1983 526 2102 565 non
2139 508 2255 567 alio
2299 526 2474 568 sensu
2510 509 2738 571 dicatur
2771 522 2779 527 “

314 610 521 671 passus
549 598 607 651 et
634 588 883 649 traditus
909 608 1014 665 pro
1034 588 1288 666 peccatis
1310 607 1483 665 quam
1511 595 1578 646 ut
1603 607 1713 645 nos
1741 587 1814 646 ab
1842 587 1960 646 illis
1988 587 2364 663 abstraheret,
2396 589 2473 648 ad
2501 592 2736 651 sceleris

316 672 530 743 odium,
564 678 623 729 et
650 668 1115 728 ardentissimum
1142 667 1377 727 virtutis
1405 667 1661 726 studium
1690 668 1800 725 hoc
1821 674 1992 745 pacto
2013 688 2122 727 nos
2142 669 2454 745 incitandO,
2485 671 2644 747 quod
2661 692 2736 731 ex

316 752 391 811 iis
429 751 664 810 videtur
702 748 937 828 probari
974 748 1119 807 locis
1160 747 1373 825 quibus
1414 748 1646 825 pietatis
1673 755 1731 807 et
1757 768 1927 806 novae
1954 748 2093 807 vitae
2115 749 2370 809 studium
2397 752 2740 828 proponitur

319 840 593 910 tanquam
622 829 826 889 mortis
848 828 1063 888 Christi
1084 828 1218 887 finis
1238 836 1297 887 et
1318 827 1537 887 fructus
1563 828 1907 905 praecipuuS,
1937 836 2004 887 ut
2033 848 2164 887 cum
2193 829 2406 889 dicitur
2436 832 2738 891 “traditus

317 932 423 992 pro
444 911 697 989 peccatis
713 917 781 968 ut
795 908 1067 987 praesenti
1090 908 1283 967 seculo
1302 908 1455 966 malo
1479 928 1585 966 nos
1606 908 1912 985 eriperet,’'
1937 908 2070 967 Gal.
2099 909 2139 967 i.
2168 912 2206 967 4
2231 932 2246 984 3
2280 911 2317 942 “
2338 910 2412 969 ab
2441 912 2596 969 omni
2625 912 2736 970 ini·

318 992 540 1071 quitate
588 988 900 1049 redemisse
943 997 1003 1049 et
1044 987 1379 1067 purificasse
1423 996 1490 1047 ut
1538 988 1718 1047 simus
1765 988 2014 1066 populus
2056 990 2328 1067 peculii,'’
2385 990 2500 1049 Tit.
2531 992 2590 1050 ii,
2626 995 2735 1068 143

325 1076 361 1105 “
382 1080 645 1131 mortuus
671 1090 775 1149 pro
804 1069 974 1128 nobis
1016 1076 1083 1128 ut
1126 1088 1243 1127 non
1292 1068 1540 1145 amplius
1576 1068 1748 1127 nobis
1792 1069 2114 1145 vivamus‚”
2143 1067 2272 1144 &c.,
2304 1074 2340 1127 2
2373 1072 2502 1129 Cor.
2532 1091 2590 1130 v.
2626 1074 2735 1148 153

324 1155 361 1186 “
380 1171 585 1230 passus
601 1170 705 1228 pro
723 1149 993 1228 peccatis,
1017 1149 1215 1225 justus
1235 1167 1341 1225 pro
1358 1148 1608 1225 injustis,
1635 1155 1700 1206 ut
1728 1168 1834 1207 nos
1855 1148 1931 1207 ad
1961 1148 2148 1207 Deum
2179 1149 2507 1226 adduceret,
2544 1154 2574 1209 l
2609 1153 2736 1211 Pet.

319 1233 403 1291 iii.
439 1234 531 1306 18,
573 1239 633 1289 et
676 1230 736 1287 ii.
770 1230 866 1304 24,
915 1231 951 1262 “
973 1228 1177 1287 tulisse
1220 1236 1459 1305 peccata
1483 1228 1546 1284 in
1574 1247 1810 1305 corpore
1841 1248 1944 1287 suo
1975 1247 2147 1306 super
2172 1230 2414 1307 lignum,
2438 1239 2505 1290 ut
2525 1233 2739 1291 mortui

327 1319 569 1390 peccato
595 1310 867 1368 vivamus
900 1307 1146 1385 justitiae
1170 1307 1221 1384 ;”
1254 1307 1337 1366 sic
1368 1308 1523 1367 Heb.
1545 1308 1628 1365 ix.
1664 1311 1756 1385 14,
1788 1306 1896 1366 &c.
1981 1313 2061 1366 2⁰.
2093 1309 2375 1368 Finaliter
2401 1310 2518 1369 dici
2545 1320 2740 1389 potest

324 1411 429 1468 pro
450 1390 523 1448 iis
544 1398 821 1463 mortuus,
847 1388 985 1464 quia
1003 1386 1246 1446 moritur
1266 1394 1332 1447 ut
1351 1387 1425 1446 de
1446 1406 1643 1446 eorum
1666 1387 2087 1447 condonatione
2114 1408 2222 1447 nos
2250 1399 2438 1449 certos
2459 1391 2648 1467 faciat,
2681 1402 2741 1451 ct

325 1468 591 1548 ejusdem
618 1468 787 1527 nobis
813 1466 1129 1545 largiendae
1156 1466 1569 1545 amplissimam
1590 1474 1936 1545 potestatem
1979 1476 2380 1547 consequatur.
2463 1474 2542 1530 3⁰.
2575 1472 2742 1533 Licet

323 1569 499 1609 causa
526 1547 873 1607 antecedens
901 1547 995 1605 hic
1035 1554 1191 1607 esset
1234 1547 1630 1625 intelligenda,
1673 1547 1900 1607 occasio
1929 1556 2152 1607 tantum
2182 1558 2601 1626 connotaretur,
2635 1552 2740 1611 sed

322 1650 453 1709 quae
481 1648 589 1689 nec
617 1627 1068 1688 satisfactionem
1094 1627 1367 1705 importat
1386 1648 1493 1687 nec
1520 1648 1750 1706 poenam
1778 1628 2006 1707 proprie
2035 1628 2250 1688 dictam
2273 1652 2289 1706 3
2332 1650 2448 1689 non
2478 1631 2738 1691 satisfac·

321 1710 539 1771 tionem
566 1716 634 1768 ut
659 1708 758 1768 vel
784 1728 861 1767 ex
887 1708 1015 1783 hoc,
1046 1711 1075 1767 1
1109 1708 1258 1785 Reg.
1288 1707 1411 1767 xiv.
1447 1710 1538 1785 16,
1561 1707 1696 1767 1000
1712 1716 1872 1786 patet
1899 1707 2000 1769 ubi
2028 1709 2240 1769 dicitur
2269 1712 2306 1743 “
2327 1710 2371 1769 J
2374 1712 2601 1770 ehovah
2621 1720 2738 1771 tra·

325 1790 553 1850 diturus
582 1788 855 1847 Israelem
884 1796 1119 1867 propter
1146 1795 1385 1866 peccata
1411 1787 1455 1848 J
1458 1788 1729 1847 eroboam
1757 1788 1857 1867 qui
1902 1789 2166 1867 peccavit
2211 1800 2271 1849 et
2316 1810 2557 1868 peecare
2604 1792 2744 1852 fecit

328 1869 664 1945 Israelem,”
694 1888 883 1945 neque
914 1868 1064 1927 enim
1094 1868 1367 1945 plectitur
1388 1868 1575 1927 Israel
1595 1876 1662 1927 ut
1679 1870 1992 1929 satisfaciat
2017 1890 2122 1947 pro
2150 1871 2404 1949 peccatis
2424 1872 2467 1929 J
2471 1872 2740 1931 eroboam

326 1950 428 2009 sed
446 1956 671 2009 tantum
690 1949 821 2026 ejus
844 1956 1208 2025 peccatorum
1226 1948 1526 2007 occasione
1548 1956 1606 2008 et
1624 1968 1816 2007 causa.
1861 1948 2032 2023 Quod
2053 1950 2104 2009 si
2125 1950 2256 2028 quis
2277 1959 2506 2028 regerat
2534 1952 2740 2011 saltem

326 2030 593 2108 punitum
620 2048 791 2107 posse
813 2027 930 2086 dici
958 2027 1232 2086 Israelem
1260 2036 1495 2105 propter
1519 2036 1758 2105 peccata
1785 2028 1830 2088 J
1832 2028 2119 2104 eroboam,
2149 2030 2530 2106 respondetur
2545 2033 2742 2091 statim

328 2112 438 2169 hoe
456 2130 573 2168 non
602 2128 678 2167 ex
705 2108 767 2166 vi
786 2108 1065 2185 phraseos
1086 2126 1257 2184 posse
1277 2106 1557 2183 exsculpi,
1590 2107 1694 2165 sed
1722 2126 1798 2165 ex
1817 2108 2060 2166 materia
2087 2108 2346 2185 subjecta
2369 2132 2383 2185 ;
2426 2130 2559 2168 nam
2585 2130 2738 2189 saepe

329 2188 741 2265 castigationes
760 2186 1097 2263 hujusmodi
1118 2193 1353 2263 propter
1388 2192 1629 2263 peccata
1647 2185 1863 2258 inferri,
1885 2206 2014 2264 quae
2036 2206 2143 2246 nec
2165 2188 2612 2248 satisfactionem
2635 2210 2742 2250 nee

327 2288 559 2347 poenam
588 2266 912 2338 involvunt,
943 2274 1010 2324 ut
1040 2264 1235 2324 David
1263 2284 1380 2323 non
1412 2265 1622 2325 leviter
1647 2274 1882 2344 propter
1907 2266 2254 2327 adulterium
2283 2276 2342 2327 et
2368 2269 2744 2330 homicidium

330 2370 367 2408 a
400 2348 529 2407 Deo
556 2346 795 2425 punitus
822 2354 927 2422 est,
958 2346 1061 2425 qui
1086 2352 1279 2405 tamen
1307 2366 1412 2424 pro
1438 2346 1583 2425 ipsis
1608 2366 1727 2405 non
1756 2346 2072 2424 satisfecit3
2103 2348 2187 2407 sic
2217 2348 2372 2408 Psal.
2401 2350 2613 2409 xxxix.
2647 2352 2740 2427 11,

333 2431 369 2462 “
388 2428 462 2487 In
490 2426 979 2506 increpationibus
1022 2434 1257 2506 propter
1292 2425 1658 2505 iniquitatem
1687 2428 1926 2507 corripis
1952 2428 2303 2505 hominem,’'
2333 2450 2452 2489 non
2472 2431 2584 2490 hoe
2613 2432 2744 2491 vult

328 2508 522 2589 puniri
548 2507 839 2567 hominem
869 2527 905 2565 a
932 2506 1061 2568 Deo
1088 2516 1155 2569 ut
1183 2508 1397 2567 divinae
1418 2508 1664 2587 justitiae
1687 2508 2002 2569 satisfaciat
2029 2528 2132 2587 pro
2161 2510 2466 2589 iniquitate
2495 2531 2614 2585 sua,
2641 2512 2747 2572 scd

328 2598 557 2649 tantum
587 2609 719 2649 eum
748 2608 923 2648 causa
944 2596 1001 2648 et
1030 2588 1333 2649 occasione
1361 2590 1686 2667 iniquitatis
1715 2610 1750 2649 a
1772 2590 1900 2649 Deo
1921 2589 2100 2668 affligi
2128 2600 2194 2650 ut
2221 2590 2410 2666 discat
2431 2591 2504 2650 ab
2531 2592 2743 2670 iniqui-

330 2678 449 2729 tate
478 2669 781 2745 rcccdere3
826 2669 911 2728 sic
943 2669 1094 2729 Soci.
1124 2669 1226 2728 lib.
1258 2670 1317 2727 ii.
1349 2690 1399 2729 c.
1431 2674 1487 2745 7,
1516 2670 1754 2729 Volkel.
1784 2670 1886 2728 lib.
1915 2669 1997 2728 iii.
2029 2690 2153 2747 cap.
2184 2670 2282 2729 28.

410 2750 593 2808 XVI.
641 2747 759 2809 Sed
786 2752 919 2826 quis
945 2769 1064 2808 non
1090 2749 1289 2808 videat
1315 2767 1475 2808 mera
1502 2768 1629 2808 esse
1659 2749 2020 2826 subterfugia
2045 2750 2258 2826 quibus
2285 2749 2488 2809 eadem
2517 2770 2744 2827 semper

328 2832 599 2889 oberrant
626 2828 859 2903 chorda,
906 2829 1071 2905 quasi
1120 2847 1357 2887 necesse
1398 2828 1475 2886 sit
1513 2829 1772 2906 phrasim
1813 2828 2066 2905 aliquam
2095 2828 2308 2905 ubique
2337 2830 2540 2888 eodem
2571 2849 2744 2889 sensu

328 2907 611 2985 usurpari,
662 2905 819 2984 quod
866 2907 1183 2965 innumeris
1230 2906 1515 2983 exemplis
1557 2906 1842 2964 confutari
1890 2916 2088 2983 posset
2111 2928 2124 2979 ;
2171 2906 2376 2981 Neque
2403 2926 2542 2966 vero
2572 2928 2748 2966 causa

326 2986 518 3045 finalis
545 3005 615 3044 eo
644 3004 816 3062 quem
844 2985 1153 3044 intendunt
1182 3004 1356 3044 sensu
1385 2986 1509 3041 sine
1537 2984 1884 3059 gravissima
1912 2983 2269 3042 absurditate
2297 2986 2492 3061 urgeri
2533 2994 2744 3063 potest.

332 3070 386 3125 1.
431 3064 581 3140 Quia
608 3083 725 3122 non
753 3062 1033 3123 dicendus
1076 3071 1230 3123 esset
1271 3082 1376 3139 pro
1412 3063 1667 3139 peccatis
1693 3080 1916 3140 passus,
1949 3062 2052 3121 sed
2079 3082 2183 3139 pro
2210 3083 2281 3122 eo
2308 3064 2466 3140 quod
2493 3066 2744 3127 maxime

328 3152 567 3224 peccato
594 3151 882 3220 repugnat
908 3144 1035 3221 ejus
1065 3142 1210 3201 scili.
1240 3141 1632 3200 destructione
1672 3142 1768 3200 vel
1815 3142 2170 3218 remissione,
2202 3144 2333 3221 quis
2360 3164 2500 3205 vero
2530 3145 2745 3207 dixerit

327 3244 583 3304 unquam
612 3224 983 3301 pharmacum
1012 3222 1163 3281 sumi
1188 3230 1423 3300 propter
1449 3221 1731 3297 morbum,
1775 3222 1837 3281 id
1878 3230 1968 3282 est
1995 3223 2258 3283 morbum
2287 3244 2414 3285 esse
2441 3226 2617 3285 finem
2647 3227 2743 3286 vel

327 3304 735 3365 medicamenti
759 3304 857 3363 vel
884 3301 1111 3379 medici,
1136 3303 1247 3362 etsi
1273 3301 1420 3361 inud
1448 3302 1758 3361 misceatur
1785 3303 2050 3363 sanitatis
2075 3305 2446 3365 restituendae
2473 3315 2532 3366 et
2560 3308 2747 3366 morbi

328 3385 660 3466 expellendi
702 3383 923 3464 gratia;
966 3403 1084 3442 non
1125 3383 1338 3443 dicitur
1362 3402 1535 3461 agere
1578 3393 1814 3462 propter
1855 3384 2121 3443 morbum
2161 3386 2421 3446 medicus
2457 3388 2519 3446 in
2548 3388 2748 3449 ordine

328 3488 521 3527 causae
542 3465 749 3541 finalis,
776 3464 879 3525 sed
901 3485 933 3523 e
955 3472 1155 3523 contra
1174 3472 1407 3543 propter
1426 3463 1614 3523 morbi
1637 3465 2038 3543 expulsionem
2055 3474 2116 3524 et
2137 3466 2442 3527 sanitatem
2465 3468 2512 3527 si
2535 3468 2670 3527 finis
2691 3466 2750 3529 οὗ

331 3554 639 3625 spectetur,
670 3554 730 3604 et
771 3552 1005 3623 propter
1052 3564 1271 3622 aegrum
1300 3543 1349 3603 si
1378 3544 1511 3603 finis
1548 3541 1591 3621 ᾇ
1625 3546 1973 3605 attendatur.
2057 3550 2115 3604 2.
2162 3546 2364 3607 Omnis
2391 3548 2524 3607 finis
2571 3548 2749 3607 habet

330 3628 612 3687 rationem
640 3625 795 3701 boni,
828 3632 887 3683 et
914 3624 1025 3684 sub
1054 3624 1156 3683 illa
1181 3625 1403 3684 ratione
1431 3624 1764 3703 expetibilis
1793 3634 1896 3701 est,
1929 3634 1990 3685 at
2025 3634 2264 3704 peccata
2305 3628 2524 3685 nullam
2569 3627 2746 3685 talem

327 3708 496 3783 σχίσιν
516 3705 753 3764 induere
780 3714 1024 3782 possunt
1041 3726 1173 3765 cum
1195 3705 1459 3765 Christus
1486 3704 1700 3765 dicitur
1724 3725 1829 3783 pro
1867 3706 1938 3765 iis
1965 3715 2246 3766 mortuus.
2331 3710 2386 3766 3.
2418 3705 2584 3765 Finis
2603 3726 2746 3765 non·

328 3787 469 3844 dum
498 3792 588 3844 est
614 3792 749 3844 actu
776 3804 955 3862 quum
982 3784 1235 3845 efficiens
1276 3794 1512 3863 propter
1551 3805 1684 3845 eum
1723 3794 2010 3864 operatur,
2041 3794 2103 3845 at
2122 3794 2361 3865 peccata
2380 3787 2504 3863 jam
2534 3786 2746 3845 existe·

330 3866 488 3941 bant,
520 3864 619 3924 vel
646 3872 713 3923 ut
738 3866 1047 3925 existentia
1074 3865 1585 3925 considerabantur
1604 3866 1667 3923 in
1689 3886 1876 3925 causae
1896 3866 2140 3942 ratione,
2161 3886 2269 3925 nec
2297 3866 2452 3925 enim
2489 3872 2749 3924 mortuus

329 3953 419 4005 est
447 3952 512 4004 ut
540 3944 657 4003 sint
682 3944 780 4003 vel
795 3945 938 4005 fiant
958 3955 1212 4022 peccata,
1238 3946 1340 4005 sed
1367 3946 1505 4023 quia
1532 3955 1714 4020 erant,
1744 3955 1811 4006 ut
1838 3946 2224 4005 destruantur.
2309 3948 2365 4003 4.
2397 3945 2530 4003 Non
2567 3964 2744 4021 nega-

326 4044 457 4083 mus
486 4022 741 4084 studium
770 4045 941 4085 novae
966 4026 1105 4086 vitae
1124 4034 1184 4085 et
1206 4026 1678 4085 sanctificationis
1705 4046 1832 4085 esse
1861 4033 2306 4104 consequentem
2328 4024 2577 4083 fructum
2595 4044 2745 4083 mor-

328 4104 405 4164 tis
444 4103 675 4180 Christi,
722 4124 858 4163 nam
898 4126 1029 4165 cum
1072 4106 1298 4165 venerit
1340 4105 1417 4165 ad
1460 4105 1810 4166 destruenda
1837 4124 2011 4183 opera
2039 4105 2256 4165 diaboli
2281 4124 2398 4163 non
2424 4111 2652 4182 poterat
2679 4124 2748 4163 ea

328 4184 533 4243 tollere
560 4183 731 4261 plane
758 4186 873 4244 nisi
900 4206 1028 4245 cum
1052 4195 1215 4246 reatu
1241 4186 1474 4245 tolleret
1500 4186 1674 4245 etiam
1700 4186 1891 4245 labem
1919 4194 1979 4245 et
2005 4185 2307 4260 maculam,
2331 4184 2464 4243 ideo
2479 4203 2596 4242 non
2615 4204 2746 4243 cum

330 4264 613 4343 sanguine
640 4272 867 4325 tantum
898 4265 1111 4325 dicitur
1136 4265 1384 4342 venisse,
1418 4265 1522 4324 sed
1560 4273 1619 4325 et
1664 4285 1796 4324 cum
1825 4286 1990 4342 aqua,
2029 4268 2059 4323 l
2091 4264 2136 4324 J
2139 4265 2232 4323 oh.
2262 4284 2319 4321 v.
2353 4266 2408 4337 6,
2441 4284 2571 4322 cum
2615 4284 2743 4323 san-

328 4344 506 4423 guine
547 4344 913 4424 expiationis,
944 4355 1004 4406 et
1031 4365 1163 4404 cum
1192 4365 1342 4422 aqua
1370 4345 1700 4420 ablutionis,
1731 4344 1815 4403 ita
1851 4353 1917 4403 ut
1955 4345 2017 4402 in
2065 4346 2194 4421 ejus
2220 4350 2404 4403 morte
2430 4344 2748 4404 habeamus

328 4434 389 4485 et
416 4424 590 4506 >dagon
618 4433 676 4485 et
705 4432 943 4508 λοῢτςοις
980 4426 1211 4504 justitia
1236 4426 1423 4484 factus
1450 4432 1537 4484 est
1570 4432 1631 4483 et
1673 4424 2065 4498 sanctificatio,
2107 4432 2280 4501 atque
2321 4444 2391 4483 eo
2431 4424 2748 4502 respiciunt

328 4505 430 4564 illa
460 4506 653 4565 omnia
688 4505 819 4565 loca
846 4528 977 4585 quae
1006 4506 1236 4584 pietatis
1266 4505 1519 4565 studium
1548 4503 1844 4563 deducunt
1870 4524 1944 4563 ex
1975 4504 2190 4564 Christi
2215 4511 2436 4563 morte:
2485 4504 2602 4563 Sed
2628 4526 2746 4563 non

331 4586 607 4664 sequitur,
632 4586 743 4646 etsi
770 4608 927 4647 mors
948 4587 1161 4647 Christi
1188 4585 1362 4645 etiam
1390 4586 1469 4645 ad
1496 4583 1877 4662 praecavenda
1903 4592 2140 4662 peccata
2167 4606 2297 4662 quae
2324 4594 2562 4663 possent
2589 4606 2742 4644 com-

330 4666 482 4726 mitti
504 4667 854 4745 extenditur,
877 4669 947 4728 E.
965 4673 1330 4747 peccatorum
1350 4665 1786 4726 commissorum
1816 4665 1919 4724 illa
1945 4686 2064 4725 non
2085 4665 2198 4726 fuit
2218 4665 2546 4726 Satisfactio
2567 4674 2627 4725 et
2644 4686 2747 4725 cx—
