3234 5192
502 330 616 388 374
1312 344 1389 384 οε
1420 345 1722 385 snnrss‘rn
1755 345 1946 386 flesso.
2557 321 2818 404 [Dtspu'r.
2850 342 2912 384 x.

500 489 835 549 vulneribus
878 487 1053 562 dedit,
1104 495 1171 546 ut
1220 507 1279 545 sc
1330 487 1758 546 misericordem
1799 495 1858 546 et
1906 487 2246 546 clementem
2302 505 2435 564 erga
2493 485 2773 563 populum
2826 485 2914 542 in-

502 578 730 645 gratum
790 578 847 629 et
906 569 1346 648 exangngaz‘xnaor
1386 568 1704 626 exhiberet.
1811 568 1889 626 Et
1941 576 2010 626 ut
2065 575 2234 625 antea
2287 566 2348 624 in
2403 566 2688 642 baptismo
2745 565 2918 625 nubis

503 659 561 708 ct
616 651 790 708 maris
839 649 1167 726 symbolum
1222 649 1600 728 vz'vg‘fi'cationts
1649 658 1708 706 et
1761 647 2063 724 cujusdam
2107 647 2291 705 veluti
2339 644 2772 705 resurrectionis
2818 646 2918 704 de-

504 731 667 789 derat
707 753 723 806 ;
795 730 866 787 In
921 749 1134 787 manna
1174 749 1313 787 vero
1369 739 1428 786 et
1482 737 1646 806 petra
1699 729 1912 806 pignus
1961 728 2391 788 comer-cationis
2446 735 2505 785 ct
2558 726 2876 784 nutritionis
2899 751 2920 785 .·

507 812 601 870 Ita
669 811 731 869 in
788 819 1050 887 serpente
1124 829 1283 867 aeneo
1360 811 1588 886 signum
1657 809 1966 867 sanationis
2034 808 2171 866 dare
2237 807 2440 882 voluit,
2509 826 2624 884 quo
2697 807 2920 866 scilicet

506 900 777 952 testatum
834 890 1064 962 faceret,
1107 890 1166 946 in
1212 910 1273 948 se
1324 889 1559 967 reperiri
1608 908 1966 965 quaecunque
2014 888 2337 946 necessaria
2385 895 2548 946 erant
2589 885 2664 944 ad
2719 886 2920 964 populi

506 971 868 1029 commodum
918 978 976 1028 et
1023 969 1233 1046 αὖζυιόιν,
1284 969 1357 1026 ad
1406 970 1585 1028 vitam
1643 967 2031 1044 obtinendam,
2090 967 2563 1042 conservandam,
2611 974 2669 1024 et
2715 985 2924 1024 sanan·

510 1051 662 1109 dam.

512 1171 797 1216 Remedium
881 1171 989 1216 Ser·
1112 1130 1258 1188 VII.
1306 1131 1649 1189 Remedium
1679 1138 1871 1189 autem
1900 1149 1936 1188 a
1966 1131 2092 1188 Deo
2120 1129 2514 1207 praescriptum
2553 1127 2661 1185 fuit
2689 1146 2920 1204 serpen-

572 1211 711 1288 ⁴pens
730 1243 911 1276 aeneus.
1030 1211 1108 1269 tis
1136 1211 1280 1269 aenei
1310 1211 1609 1285 confecti0‚
1643 1219 1700 1270 et
1728 1211 1788 1268 in
1818 1210 2092 1288 perticam
2141 1210 2369 1282 erecti0,
2421 1216 2486 1267 ut
2529 1207 2603 1265 ab
2653 1207 2922 1265 omnibus

1032 1301 1227 1368 posset
1250 1291 1523 1369 conspici.
1610 1291 1770 1349 Nihil
1794 1291 1983 1348 minus
2005 1298 2452 1348 consentaneum
2481 1288 2664 1365 primo
2687 1287 2918 1364 intuitu,

510 1377 568 1428 ct
597 1391 632 1428 a
657 1369 879 1430 ratione
924 1370 1185 1444 alienius,
1234 1391 1406 1449 quam
1462 1381 1784 1450 serpentem
1832 1391 2052 1429 aeneum
2109 1370 2391 1444 fabricari,
2443 1370 2608 1445 cujus
2653 1377 2920 1444 aspectus

508 1450 723 1509 lethale
752 1471 1038 1509 venenum
1069 1453 1452 1529 extingueret.
1542 1451 1655 1510 Sed
1687 1453 1812 1510 haec
1840 1471 1970 1528 quae
1997 1449 2230 1509 videtur
2269 1448 2612 1524 absurditaS,
2641 1448 2816 1524 longe
2843 1447 2920 1505 ad

509 1531 909 1588 illustrandam
942 1532 1054 1590 Dei
1084 1532 1327 1609 gratiam
1357 1531 1466 1590 fuit
1494 1533 1697 1609 aptior,
1729 1551 1904 1608 quam
1933 1531 1983 1589 si
2026 1531 2168 1607 quid
2209 1529 2470 1589 naturale
2517 1528 2722 1587 fuisset
2749 1529 2809 1585 in
2829 1547 2918 1586 re-

510 1611 719 1669 medio.
807 1611 1041 1670 Poterat
1069 1612 1301 1688 quidem
1336 1612 1495 1671 Deus
1522 1632 1640 1670 uno
1669 1613 1847 1670 verbo
1895 1619 2187 1688 serpentes
2237 1610 2368 1668 illos
2409 1609 2610 1686 fugare
2659 1617 2718 1667 et
2745 1607 2922 1666 confi-

510 1710 637 1748 cere
660 1712 675 1763 3
722 1689 825 1748 sed
854 1691 902 1748 si
931 1691 1192 1768 protinus
1221 1692 1431 1751 sublati
1462 1690 1722 1768 fuissent,
1765 1691 1932 1750 facile
1961 1698 2260 1768 putassent
2287 1689 2584 1748 fortuitum
2631 1688 2805 1747 fuisse
2833 1687 2922 1746 in-

510 1789 759 1843 cursum,
792 1779 849 1828 et
878 1770 1089 1828 malum
1114 1771 1260 1829 illud
1288 1773 1627 1832 naturaliter
1653 1772 1974 1832 evanuisse.
2061 1771 2354 1830 Potuisset
2379 1770 2496 1828 alia
2539 1769 2710 1828 etiam
2739 1787 2920 1827 reme-

512 1850 609 1908 dia
657 1849 1125 1910 convenientiora
1178 1871 1378 1928 parare
1425 1853 1561 1910 huic
1608 1853 1811 1910 morbo
1859 1851 2146 1923 curand03
2193 1850 2295 1909 scd
2344 1850 2480 1909 siin
2527 1869 2634 1926 ope
2689 1847 2924 1907 ferenda

512 1930 819 2008 quicquam
848 1930 1053 1990 fuisset
1080 1932 1231 2008 aptis
1280 1941 1339 1990 et
1387 1933 1688 1991 concinnis
1731 1931 2002 1990 remediis
2056 1931 2257 2006 affine3
2302 1931 2532 1989 obtecta
2576 1929 2778 1988 fuisset
2813 1929 2924 1987 hoc

511 2009 685 2069 modo
718 2010 829 2068 Dei
856 2011 1043 2069 virtus
1072 2020 1130 2070 et
1156 2011 1403 2071 bonitas
1482 2013 1566 2072 Ut
1594 2033 1733 2089 crgo
1763 2012 2041 2072 sentirent
2063 2031 2124 2070 se
2155 2011 2278 2070 sola
2307 2011 2419 2069 Dei
2449 2009 2654 2068 Gratia
2681 2029 2715 2066 a
2740 2017 2926 2067 morte

514 2091 674 2168 eripi,
706 2090 913 2150 modus
942 2091 1258 2150 sanationis
1288 2093 1505 2152 electus
1534 2101 1623 2152 est
1650 2103 1768 2152 tam
1798 2113 1832 2150 a
1859 2101 2065 2151 natura
2107 2092 2191 2150 rei
2239 2098 2297 2151 et
2323 2091 2398 2149 ab
2424 2091 2678 2149 humana
2704 2089 2925 2147 ratione

513 2170 752 2247 alienuS,
784 2182 849 2231 ut
877 2182 1029 2230 esset
1057 2192 1233 2249 prope
1262 2173 1467 2231 similis
1494 2173 1781 2232 ludibrio=
1827 2173 2025 2249 Atque
2075 2172 2156 2231 ita
2198 2171 2385 2230 voluit
2431 2170 2606 2230 etiam
2655 2169 2929 2229 obedien-

513 2253 653 2310 tiam
684 2252 880 2329 populi
909 2250 1168 2328 probare,
1200 2253 1434 2311 modum
1466 2254 1668 2312 salutis
1698 2253 2022 2331 quaerendae
2063 2250 2504 2330 praescribendo,
2535 2252 2636 2328 qui
2665 2250 2927 2327 captivos

513 2339 734 2390 teneret
779 2351 978 2390 omnes
1022 2351 1259 2408 sensus;
1306 2332 1446 2409 quid
1491 2334 1644 2392 enim
1691 2335 1973 2411 serpentis
2019 2341 2286 2409 aspectus
2336 2332 2522 2408 potuit
2565 2331 2820 2390 conferre
2849 2329 2928 2388 ad

516 2412 869 2469 sanationem
902 2431 1125 2470 morsus
1158 2412 1451 2489 Serpentis
1472 2415 1501 2471 ‘?
1586 2413 1703 2472 Sed
1730 2415 1854 2472 haec
1882 2421 1971 2472 est
2017 2413 2248 2490 propria
2273 2412 2410 2470 fidei
2437 2411 2635 2485 virtus,
2676 2410 2930 2468 libenter

516 2491 868 2566 stultescere,
916 2499 982 2549 ut
1030 2511 1105 2549 ex
1134 2511 1249 2550 uno
1298 2493 1409 2551 Dei
1455 2513 1551 2552 ore
1610 2513 1809 2570 sapere
1855 2493 2161 2552 discamus,
2251 2491 2347 2550 Sic
2395 2491 2654 2550 videmus
2710 2488 2924 2566 saepius

517 2572 708 2629 Deum
736 2571 797 2629 in
826 2571 1096 2649 operibus
1126 2574 1245 2631 suis
1274 2573 1346 2632 iis
1372 2593 1539 2632 usum
1572 2573 1750 2631 fuisse
1795 2573 2018 2647 mediiS,
2059 2593 2188 2650 quae
2219 2573 2316 2630 vel
2359 2573 2582 2630 infirma
2625 2569 2720 2629 vel
2749 2569 2924 2646 plane

513 2651 711 2729 inepta
737 2652 1009 2712 videntur
1056 2653 1131 2711 ad
1180 2673 1324 2730 opus
1370 2653 1525 2730 quod
1573 2653 1822 2714 intendit
1864 2653 2333 2730 producendum:
2383 2653 2477 2710 Sic
2523 2650 2705 2710 Tubis
2730 2668 2930 2707 muros

514 2733 911 2792 Jcricuntinos
941 2733 1133 2808 diruit,
1166 2735 1249 2792 sic
1278 2735 1435 2792 vasis
1462 2734 1732 2792 testaceis
1762 2743 1820 2793 et
1847 2733 2210 2811 lampadibus
2255 2732 2606 2790 Madianitas
2645 2729 2811 2804 fudit,
2845 2730 2929 2787 sic

512 2814 636 2872 luto
666 2813 935 2891 imposito
983 2815 1151 2874 caecis
1177 2815 1369 2873 visum
1396 2813 1665 2874 restituit.
1751 2813 2036 2872 Nimirum
2086 2821 2149 2872 ut
2178 2813 2278 2871 uni
2320 2812 2464 2886 Deo,
2511 2831 2628 2870 non
2656 2810 2842 2884 nobis,
2871 2809 2932 2867 in

517 2893 765 2952 solidum
794 2894 1036 2972 gloriam
1066 2905 1358 2973 acceptam
1388 2895 1672 2970 feramus;
1717 2915 1824 2953 nec
1853 2894 2114 2952 homines
2158 2913 2262 2951 sua
2309 2891 2592 2952 industria
2638 2891 2700 2949 id
2729 2909 2929 2950 conse-

517 2975 635 3033 cuti
662 2974 985 3050 videantur‚
1018 2975 1121 3034 sed
1151 2977 1274 3034 sola
1304 2976 1416 3033 Dei
1445 2976 1676 3050 virtute,
1710 2995 1838 3052 quae
1867 2995 1936 3033 eo
1973 2974 2160 3052 major
2186 2974 2534 3050 agnoscitur,
2566 2993 2682 3050 quo
2709 2971 2932 3029 minora

518 3064 652 3113 sunt
680 3063 737 3114 et
764 3056 972 3114 viliora
998 3077 1129 3132 quae
1162 3055 1510 3116 adhibentur
1537 3055 1806 3114 remedia.

598 3134 775 3192 VIII.
826 3135 949 3194 Nec
1004 3137 1127 3194 sine
1181 3136 1403 3194 ratione
1460 3136 1697 3194 Hebraei
1753 3143 1956 3194 notant
1985 3135 2076 3194 hic
2126 3134 2464 3194 miraculum
2519 3134 2576 3192 in
2633 3131 2929 3208 miracu10,

521 3214 827 3289 Deumque
856 3234 958 3290 per
984 3216 1269 3273 contraria
1318 3235 1532 3292 curare,
1565 3216 1853 3293 quomodo
1901 3216 2126 3294 lignum
2175 3235 2432 3274 amarum
2477 3213 2670 3273 reddit
2724 3231 2933 3289 aquam

522 3292 767 3366 dulcem,
828 3293 1019 3351 Exod.
1062 3315 1162 3352 xv.
1208 3298 1303 3368 25,
1354 3295 1453 3354 Sal
1507 3297 1608 3373 qui
1665 3296 2026 3355 sterilitatem
2074 3295 2314 3370 inducit,
2372 3294 2667 3353 foecundat
2719 3301 2932 3352 terram

522 3371 793 3442 sterilem,
825 3377 861 3431 2
894 3373 1041 3449 Reg.
1098 3374 1158 3432 ii.
1210 3378 1306 3434 21.
1390 3376 1505 3433 AEs
1552 3376 1891 3435 naturaliter
1943 3385 2113 3434 nocet
2141 3395 2176 3434 a
2219 3384 2482 3453 serpente
2525 3373 2770 3449 morsis3
2815 3372 2934 3431 imo

522 3473 621 3512 eos
651 3461 867 3526 enecat,
901 3452 948 3510 si
980 3473 1059 3511 aes
1087 3452 1340 3514 candens
1368 3455 1665 3532 aspiciant,
1695 3465 1762 3516 ut
1789 3464 2054 3516 asserunt
2095 3455 2331 3516 Medici.
2415 3454 2762 3514 Miraculum
2791 3471 2934 3530 ergo

522 3541 663 3606 erat,
693 3531 849 3608 quod
877 3553 1163 3592 venenum
1194 3532 1346 3592 idem
1374 3536 1475 3612 qui
1501 3535 1884 3614 inspiraverat
1911 3545 2152 3611 curaret,
2184 3544 2249 3594 ut
2291 3556 2358 3595 eo
2387 3535 2598 3594 clarius
2625 3541 2934 3608 constaret,

526 3615 713 3672 Deum
745 3613 927 3672 solum
960 3633 1086 3674 csse
1115 3614 1212 3692 qui
1252 3626 1497 3691 sanaret,
1544 3617 1701 3694 quod
1747 3617 2084 3677 Abarbanel
2131 3624 2331 3676 notat:
2378 3619 2414 3649 ‘⁸
2444 3616 2680 3675 Nullum
2713 3623 2800 3672 est
2827 3613 2938 3671 du-

521 3694 740 3769 bium,'’
768 3694 971 3771 inquit,
1008 3697 1043 3728 “
1064 3695 1203 3773 quin
1234 3695 1307 3754 ad
1336 3697 1650 3756 orationem
1695 3698 1881 3757 Mosis
1909 3717 1940 3756 e
1969 3696 2160 3754 medio
2205 3696 2417 3755 sublati
2460 3695 2673 3754 fuerint
2701 3713 2936 3770 serpen-

522 3787 629 3850 tes,
660 3783 1057 3834 remanserunt
1084 3785 1273 3836 autem
1304 3777 1363 3834 in
1400 3778 1615 3854 populo
1665 3778 1805 3854 aegri
1833 3778 2000 3836 multi
2044 3777 2142 3853 qui
2170 3777 2342 3835 morsi
2375 3775 2616 3834 fuerant.
2701 3774 2802 3832 Ad
2829 3773 2940 3832 hos

524 3857 706 3933 igitur
732 3856 1021 3914 sanandos
1049 3857 1199 3916 dixit
1248 3857 1408 3915 Deus
1446 3856 1649 3933 MosiS,
1685 3858 1804 3916 Fac
1843 3857 1952 3916 tibi
1998 3864 2329 3934 presterem,
2382 3863 2441 3914 et
2488 3875 2637 3933 pone
2681 3853 2938 3913 illumin

522 3937 767 4012 lignum,
798 3945 864 3996 ut
892 3937 1078 3995 omnis
1118 3937 1217 4014 qui
1273 3957 1499 3996 morsus
1548 3946 1638 3997 est
1685 3936 1926 4014 aspiciat
1974 3945 2032 3995 et
2076 3937 2259 3995 vivat.
2343 3936 2584 3994 Constat
2631 3943 2824 3994 autem
2871 3942 2942 3992 ut

526 4017 954 4076 Nachmanides
1002 4016 1247 4094 scripsit,
1286 4017 1397 4076 hoc
1440 4017 1635 4095 potius
1683 4017 1951 4076 debuisse
1979 4036 2192 4093 augere
2235 4016 2485 4090 morbos,
2517 4016 2652 4093 quia
2700 4014 2876 4073 morsi
2903 4033 2942 4072 a

526 4097 828 4156 venenatis
855 4096 1058 4155 bestiis
1106 4117 1223 4155 non
1268 4097 1482 4156 debent
1518 4098 1774 4174 aspicere
1819 4096 2128 4174 imaginem
2177 4097 2323 4173 ejuS,
2355 4115 2390 4153 a
2416 4116 2532 4173 qua
2579 4095 2754 4154 morsi
2784 4103 2938 4154 sunt.

528 4177 662 4237 Hoc
691 4197 829 4235 vero
858 4177 989 4236 ideo
1018 4177 1229 4236 sactum
1261 4187 1366 4245 est,
1397 4188 1463 4236 ut
1490 4187 1870 4254 agnoscerent
1897 4186 1957 4235 et
1985 4177 2217 4251 scirent,
2251 4187 2308 4235 et
2335 4177 2566 4234 morbos
2615 4185 2674 4234 et
2701 4173 2940 4234 medici-

526 4279 659 4316 nam
692 4258 944 4336 ipsorum
973 4257 1095 4316 fieri
1120 4258 1475 4330 miraculose,
1507 4277 1624 4317 non
1652 4258 2004 4332 naturaliter,
2035 4257 2170 4315 hinc
2199 4277 2301 4334 per
2328 4266 2620 4334 aspectum
2651 4255 2809 4314 illius
2835 4255 2939 4331 rei,

528 4358 657 4415 quae
686 4338 901 4412 nocuit,
932 4346 1276 4414 acceperunt
1310 4338 1714 4396 medicinam.’'
1801 4339 1898 4398 Sic
1937 4337 2252 4413 Chaskuni,
2302 4341 2338 4371 “
2363 4338 2432 4396 In
2463 4337 2652 4415 specie
2680 4335 2946 4414 praecipit

528 4418 715 4476 facere
774 4427 1112 4494 serpentem,
1172 4438 1287 4476 non
1343 4419 1511 4476 aliam
1560 4419 1823 4495 bestiam,
1881 4418 1957 4476 ad
2011 4427 2148 4476 nota
2195 4417 2461 4476 facienda
2515 4417 2776 4476 miranda
2833 4415 2946 4475 Dei

530 4497 935 4634 opcrztt„’q110d
991 4497 1113 4556 scil.
1171 4497 1371 4556 eadem
1428 4499 1729 4573 novacula,
1782 4519 1898 4576 qua
1949 4499 2164 4557 vulnus
2221 4497 2448 4574 infligit,
2509 4498 2654 4556 illud
2711 4515 2946 4574 quoque

530 4595 668 4638 sane
698 4621 712 4635 .

614 4657 731 4717 IX.
766 4655 953 4729 Quaeri
1006 4677 1142 4714 vero
1172 4677 1369 4716 rursus
1392 4677 1503 4716 non
1530 4659 1631 4716 abs
1661 4678 1720 4715 re
1743 4659 1969 4736 poterit,
2003 4659 2119 4717 Cur
2147 4659 2347 4716 Moses
2379 4666 2695 4734 serpentem
2723 4675 2950 4714 aeneum
