3234 5192
328 382 569 425 maru-r.
598 361 672 444 1.]
1294 372 1375 419 'ns
1404 378 1581 419 muno
1610 378 1786 421 wrm.
2635 362 2750 427 227

324 524 569 583 tentiam
610 520 1025 581 absolutoriam
1068 519 1141 579 de
1182 520 1351 581 nobis
1391 520 1662 599 ferentis;
1709 520 1912 597 Filius,
1959 518 2148 579 Vadis
2187 528 2247 581 et
2291 520 2616 601 Sponsoris‚
2649 526 2752 603 qui

322 624 429 682 pro
482 603 653 663 nobis
681 600 1001 676 satisfecit3
1048 601 1143 659 Ita
1172 600 1421 679 Spiritus
1453 602 1700 661 Sanctus
1743 602 1819 662 sit
1859 601 2022 660 velut
2059 602 2450 662 Cancellarius
2477 605 2747 682 coelestis,

324 685 375 743 si
406 683 493 742 fas
518 685 603 743 ita
628 683 809 761 loqui,
840 681 944 760 qui
970 682 1031 739 in
1059 682 1227 741 nobis
1257 682 1575 741 Electionis
1616 692 1676 741 et
1717 682 1760 742 J
1763 680 2164 741 ustificationis
2203 702 2240 741 a
2316 684 2600 761 graphum
2641 705 2744 745 ex-

325 764 528 823 scribit
548 773 608 824 et
636 763 893 823 insinuat
909 783 926 838 ς
974 760 1143 821 Adeo
1162 770 1227 821 ut
1244 762 1599 821 conscientia
1615 762 1693 821 sit
1720 762 1902 821 instar
1919 761 2138 839 speculi
2159 782 2232 821 ve
2277 762 2404 821 coeli
2423 765 2744 841 cujusdam,

320 844 385 902 in
414 864 527 921 quo
556 852 795 903 exarata
822 842 1090 901 videmus
1112 850 1170 901 et
1196 841 1486 919 descripta
1527 842 1722 919 legere
1765 860 2090 920 possumne,
2121 861 2479 921 quascunque
2507 864 2544 903 a
2573 846 2744 905 Patre

324 924 389 983 in
414 925 598 983 nostri
642 924 891 1002 gratiam
920 921 1151 981 decreta
1192 930 1365 996 sunt;
1420 922 1554 981 Non
1602 942 1772 983 secus
1808 942 1877 981 ac
1931 922 1994 981 in
2036 923 2392 983 conscientia
2437 924 2744 1002 impiorum

326 1004 601 1063 scribitur
618 1004 799 1082 Legis
830 1002 1115 1061 sententia
1142 1001 1435 1077 terribilis,
1466 1022 1597 1080 quse
1627 1022 1728 1063 eos
1755 1010 1992 1063 accusat
2018 1009 2078 1061 et
2104 1003 2358 1064 damnat.
2405 1003 2504 1065 Sic
2525 1006 2742 1083 optime

324 1083 465 1143 libri
486 1085 581 1143 isti
610 1084 725 1144 duo
756 1083 871 1143 sibi
891 1082 1142 1141 invicem
1179 1082 1548 1159 respondent,
1578 1082 1753 1142 Liber
1788 1084 1930 1159 vitae,
1962 1091 2022 1142 et
2041 1084 2216 1142 Liber
2243 1085 2601 1145 conscientia.
2673 1086 2743 1145 In

324 1164 429 1223 illo
458 1166 743 1224 sententia
760 1162 1116 1223 absolutoria
1144 1161 1413 1221 scribitur
1438 1182 1541 1240 per
1561 1162 1891 1240 decretum;
1923 1163 1997 1221 In
2025 1162 2138 1223 isto
2167 1163 2369 1223 eadem
2395 1166 2746 1227 exact-ibitur

322 1263 433 1323 per
464 1244 709 1321 Spiritus
743 1242 937 1303 Sancti
978 1242 1431 1319 impressionem.

412 1324 657 1384 XLIII.
704 1325 929 1383 sivero
958 1322 1235 1400 quaeritur
1280 1322 1539 1397 ulterius,
1572 1322 1876 1398 Quomodo
1927 1322 2177 1399 Spiritus
2223 1322 2470 1381 Sanctus
2497 1342 2740 1401 apogra-

326 1404 517 1481 phum
536 1401 680 1461 illud
700 1403 759 1461 in
780 1402 1049 1463 cordibus
1070 1402 1283 1463 nostris
1306 1402 1597 1462 exscribat
1615 1405 1645 1461 P
1673 1402 1850 1480 Resp.
1880 1401 2100 1479 duplici
2125 1401 2408 1480 scriptura
2435 1401 2536 1479 uti,
2561 1402 2744 1462 altera

327 1501 465 1560 quae
492 1483 861 1543 remissionem
878 1492 1245 1560 peccatorum
1272 1482 1557 1561 obsigmt,
1588 1482 1770 1542 altera
1815 1502 1948 1560 quae
1973 1482 2390 1542 renovationem
2417 1482 2607 1541 cordis
2635 1482 2742 1541 im-

320 1562 575 1643 primat:
604 1564 747 1623 Cum
776 1564 929 1624 enim
958 1562 1147 1624 foedus
1175 1562 1395 1641 gratiae,
1426 1561 1584 1641 quod
1610 1582 1688 1621 ex
1715 1562 1864 1621 libro
1891 1562 2030 1621 vitae
2057 1562 2288 1641 pendet,
2309 1560 2536 1623 duabus
2563 1565 2739 1641 parti-

322 1644 435 1703 bus
464 1642 815 1718 absolvatur,
844 1644 1225 1722 promissione
1272 1642 1537 1703 beneficii
1580 1663 1617 1702 a
1657 1652 1820 1721 parte
1863 1642 1992 1719 Dei,
2023 1651 2084 1703 et
2109 1642 2479 1721 stipulatione
2508 1642 2680 1705 officii
2705 1665 2743 1703 a

318 1733 485 1802 parte
532 1725 731 1800 nostri,
779 1722 871 1783 Ut
898 1724 1059 1783 Deus
1098 1744 1217 1783 non
1258 1722 1589 1783 recordetur
1628 1730 1994 1802 peccatorum
2035 1731 2360 1783 nostrorum
2389 1724 2654 1803 amplius,
2685 1734 2744 1785 et

320 1805 545 1882 Legem
565 1804 843 1865 inscribat
860 1804 921 1863 in
942 1804 1213 1863 cordibus
1234 1804 1465 1879 nostris,
1488 1802 1533 1863 J
1534 1824 1615 1863 er.
1639 1804 1835 1879 xxxi.;
1867 1802 1968 1861 Ad
1985 1812 2292 1881 utrumque
2311 1802 2531 1882 duplici
2540 1824 2738 1883 opera-

320 1884 479 1943 tione
532 1884 781 1963 Spiritus
818 1904 965 1962 opus
1006 1883 1132 1960 fuit,
1168 1887 1221 1943 1.
1255 1885 1662 1959 Consolatione,
1694 1888 1752 1943 2.
1779 1884 2244 1964 Sanctzficationc,
2275 1904 2392 1963 qua
2419 1894 2480 1945 et
2497 1885 2738 1963 promis-

319 1966 545 2023 sionem
572 1965 773 2042 gratiae
796 1966 855 2023 in
875 1964 1041 2023 nobis
1068 1964 1419 2041 obsignaret,
1440 1973 1499 2023 et
1522 1964 1740 2041 Legem
1769 1962 2076 2024 scribendo
2103 1964 2166 2023 in
2193 1964 2378 2041 nobis,
2399 1964 2738 2024 fidelitatem

318 2044 665 2105 obedientiae
694 2044 863 2103 nobis
910 2045 1293 2122 ingeneraret.
1378 2044 1535 2103 Hinc
1562 2052 1806 2103 vocatur
1853 2044 2103 2121 Spiritus
2144 2044 2354 2121 qratioe
2395 2053 2450 2104 et
2478 2064 2737 2121 precum,

318 2125 497 2185 Zach.
526 2125 629 2183 xii.
654 2127 745 2199 10,
771 2125 981 2201 qratioe
1008 2144 1043 2183 a
1062 2132 1225 2203 parte
1249 2124 1377 2199 Dei,
1402 2124 1539 2202 quia
1558 2144 1686 2183 eam
1716 2123 2002 2202 obsignat,
2023 2144 2260 2201 precum
2282 2144 2318 2183 a
2343 2132 2506 2201 parte
2528 2124 2734 2198 nostri,

318 2205 461 2283 quia
484 2204 561 2263 ad
589 2224 687 2265 eas
714 2224 823 2264 nos
849 2204 1103 2280 excitat3
1148 2212 1207 2263 et
1248 2204 1399 2263 Rom
1441 2204 1563 2263 viii.
1611 2206 1704 2279 15,
1739 2202 1832 2280 16,
1878 2204 2046 2263 Idem
2078 2204 2344 2283 Spiritus,
2376 2204 2476 2281 qui
2504 2212 2741 2263 testatur

314 2305 421 2345 nos
437 2286 713 2361 essefilios
735 2282 868 2360 Dei,
889 2304 993 2362 per
1010 2284 1453 2362 promissionum
1473 2283 1800 2343 divinarum
1821 2284 2262 2362 applicationem
2278 2285 2342 2343 in
2357 2304 2458 2343 cor
2475 2293 2738 2345 nostrum

315 2364 741 2440 descendend0‚
758 2365 913 2440 facit
928 2374 992 2423 ut
1010 2367 1311 2423 clamemus
1326 2364 1497 2423 Abba
1516 2366 1712 2440 Pater,
1735 2364 2102 2425 ascendendo
2124 2364 2200 2425 ad
2222 2364 2411 2425 Deum
2433 2384 2538 2444 per
2553 2366 2736 2443 gemi-

318 2454 417 2505 tus
443 2445 801 2505 ineffabiles:
848 2444 965 2505 Sed
992 2463 1063 2503 eo
1090 2446 1377 2523 praecipue
1406 2444 1642 2523 respicit
1662 2444 1912 2505 eximius
1931 2445 2096 2506 locus
2115 2446 2284 2506 Pauli
2311 2450 2348 2505 2
2372 2446 2520 2507 Tim.
2551 2446 2612 2505 ii.
2639 2450 2733 2523 19,

316 2525 419 2585 ubi
448 2525 589 2585 dicit
617 2524 1051 2585 fundamentum
1098 2525 1225 2599 Dei,
1258 2524 1415 2603 quod
1462 2525 1804 2585 electionem
1849 2526 2176 2587 necessario
2223 2527 2486 2601 includit,
2519 2526 2736 2605 duplici

312 2606 505 2665 -veluti
534 2606 727 2684 sigillo
754 2606 1039 2665 munitum
1068 2614 1128 2664 et
1154 2605 1525 2683 obsignatum
1552 2624 1697 2681 esse,
1727 2606 1864 2665 inde
1904 2626 1941 2665 a
1965 2616 2128 2684 parte
2159 2607 2272 2666 Dei
2297 2626 2492 2667 amore
2519 2616 2579 2666 et
2603 2628 2734 2668 cus-

316 2686 479 2745 todia
504 2687 649 2763 ejus,
680 2687 817 2765 quia
844 2684 1008 2745 Deus
1034 2687 1187 2745 novit
1210 2686 1310 2763 qui
1332 2687 1424 2744 sui
1447 2694 1591 2759 sunt,
1620 2686 1757 2745 hinc
1785 2706 1924 2746 vero
1953 2687 2146 2746 studio
2173 2686 2406 2763 pietatis
2434 2700 2494 2746 et
2521 2690 2732 2747 sancti-

318 2766 605 2825 ficationis
631 2787 668 2826 a
710 2775 872 2845 parte
919 2766 1119 2841 nostri,
1171 2768 1427 2825 Rea-edat
1459 2767 1531 2825 ab
1558 2766 1852 2843 iniquitate
1895 2766 1995 2841 qui
2031 2767 2252 2825 invocat
2275 2786 2476 2825 nomen
2507 2768 2734 2827 oleo-isti.

317 2845 459 2905 Istis
486 2846 639 2905 enim
668 2845 895 2905 duobus
922 2846 1279 2924 argumentis
1307 2855 1367 2905 et
1407 2845 1834 2905 characteribus
1879 2846 2130 2923 Spiritus
2174 2844 2421 2903 Sanctus
2460 2844 2523 2902 in
2565 2844 2734 2905 nobis

315 2926 615 2985 electionis
659 2935 871 2986 nostrae
918 2927 1325 2986 certitudinem
1368 2926 1683 3003 imprimit3
1727 2924 1877 2984 Tum
1921 2942 2028 2983 nos
2071 2923 2310 2983 solando
2339 2922 2734 2983 recordatione

316 3007 529 3067 amoris
556 3016 616 3066 et
640 3006 1060 3066 benevolentiae
1091 3007 1203 3065 Dei
1228 3014 1499 3084 paternas,
1531 3024 1662 3082 quse
1693 3022 1989 3082 nunquam
2015 3023 2124 3063 nos
2151 3002 2402 3077 deserit3
2447 3002 2598 3061 Tum
2623 3023 2732 3063 nos

316 3086 729 3147 sanctificando
756 3106 861 3165 per
906 3104 1195 3147 recessum
1224 3086 1299 3145 ab
1345 3084 1650 3163 iniquitate
1698 3092 1758 3143 et
1783 3083 2014 3162 pietatis
2043 3082 2296 3143 studium
2323 3105 2337 3143 ε
2385 3082 2730 3161 Ubicunque

312 3168 467 3226 euim
496 3166 677 3243 adest,
708 3176 829 3226 tum
860 3186 1065 3227 sensns
1092 3166 1305 3226 amoris
1333 3164 1535 3239 divini,
1564 3172 1626 3223 et
1650 3182 1770 3243 pax
1795 3171 1856 3223 et
1882 3162 2154 3241 gaudium
2185 3163 2321 3223 inde
2347 3162 2728 3242 efflorescens,

310 3256 437 3307 tum
464 3247 747 3307 bonorum
775 3268 1011 3325 opernm
1042 3248 1335 3323 studium;
1376 3245 1461 3304 ibi
1508 3242 1834 3303 indubitata
1877 3244 2178 3305 electionis
2218 3253 2278 3305 et
2298 3244 2732 3323 justificationis

314 3338 628 3389 occurrunt
666 3330 1028 3407 syrach-mu
1076 3326 1238 3387 Nihil
1282 3326 1436 3385 enim
1484 3325 1600 3384 tale
1649 3324 1709 3383 in
1755 3324 2000 3403 reprobo
2047 3342 2300 3404 unquam
2347 3344 2476 3386 esse
2517 3334 2726 3406 potest.

314 3408 515 3486 Atque
542 3428 611 3467 eo
639 3410 873 3487 respicit
900 3407 1058 3486 quod
1080 3408 1267 3486 Apoc.
1298 3406 1421 3465 xiii.
1454 3408 1509 3482 8,
1549 3424 1750 3464 omnes
1799 3405 2004 3464 incolae
2031 3412 2198 3466 terrm
2227 3406 2500 3467 dicuntur
2524 3406 2727 3467 adora-

312 3489 427 3548 turi
454 3488 717 3563 bestiam,
748 3498 957 3567 praeter
982 3490 1290 3565 inscriptos
1306 3487 1369 3545 in
1388 3486 1539 3544 libro
1564 3486 1722 3561 vitm,
1753 3482 1909 3563 quod
1937 3495 2277 3563 argumento
2300 3496 2405 3563 est,
2437 3487 2582 3547 tales
2610 3506 2727 3547 non

311 3586 693 3629 consensuros
720 3570 780 3628 in
808 3570 919 3629 hoc
946 3578 1263 3647 peccatum,
1295 3576 1354 3627 et
1387 3573 1587 3625 sancta
1610 3565 1722 3624 hac
1749 3566 2053 3644 apostasia,
2085 3568 2340 3645 vitaeque
2365 3586 2524 3645 purte
2553 3576 2612 3625 et
2639 3568 2725 3625 in-

306 3650 601 3709 taminatae
629 3649 823 3709 studio
850 3658 1125 3727 tanquam
1154 3648 1479 3707 indubitato
1506 3645 1838 3705 testimonio
1863 3646 2281 3721 agnoscendos.

391 3727 632 3789 XLIV.
678 3730 814 3788 Huc
842 3729 981 3789 facit
1006 3728 1165 3807 quod
1188 3728 1397 3788 Petrus
1413 3746 1537 3804 cap.
1568 3726 1607 3785 i.
1639 3730 1726 3801 2¹³,
1757 3744 1880 3784 ver.
1913 3728 2005 3799 10,
2028 3725 2201 3802 jubet
2225 3724 2428 3784 fideles
2467 3725 2723 3784 Vocatio-

308 3828 434 3869 nem
462 3819 517 3867 ct
553 3810 897 3869 Electionem
922 3830 1085 3869 suam
1107 3811 1373 3888 fimare,
1405 3806 1628 3867 scilicet
1653 3824 1756 3884 per
1801 3806 1956 3864 bona
1983 3824 2172 3883 opera,
2203 3824 2320 3863 non
2347 3810 2612 3883 respectu
2639 3804 2728 3861 sui

310 3898 370 3949 et
391 3909 426 3947 a
438 3898 611 3967 parte
626 3890 727 3965 rei,
750 3888 1033 3967 siquidem
1066 3898 1307 3967 utraque
1324 3886 1700 3965 ἅμπιμίλιιτος
1722 3892 1826 3962 est,
1851 3894 1910 3945 et
1925 3885 2303 3944 immutabilis
2325 3906 2340 3961 3
2373 3884 2475 3944 sed
2503 3884 2722 3942 ratione

306 3990 498 4029 sensus
525 3976 584 4027 et
612 3988 647 4027 a
664 3980 840 4047 parte
860 3970 1054 4029 nostri.
1140 3970 1355 4028 Mirum
1375 3969 1523 4028 enim
1549 3976 1828 4047 quantum
1849 3968 2002 4026 bona
2023 3985 2197 4045 opera
2217 3964 2292 4023 ad
2313 3964 2374 4023 id
2401 3962 2721 4037 conferunt,

306 4049 431 4109 sive
458 4057 526 4108 ut
553 4050 762 4127 effitcta,
793 4070 923 4127 quae
952 4070 1183 4111 causam
1211 4057 1479 4127 arguunt,
1511 4048 1636 4109 sive
1664 4054 1730 4107 ut
1753 4050 1998 4124 fluente,
2029 4047 2130 4126 qui
2157 4045 2420 4105 arborem
2447 4043 2726 4117 indicant,

304 4130 429 4190 sive
457 4138 523 4189 ut
548 4130 736 4207 siqilla
762 4140 821 4189 et
850 4132 1224 4205 characteres,
1244 4128 1345 4208 qui
1366 4130 1676 4207 imaginem
1707 4128 1898 4188 Patris
1925 4128 2194 4202 coelestis,
2225 4146 2260 4184 a
2287 4142 2402 4202 quo
2431 4142 2708 4181 vocamur

306 4210 654 4289 exprimunt,
687 4211 812 4270 sive
840 4220 906 4271 ut
931 4212 1134 4287 media,
1166 4230 1295 4287 quae
1324 4208 1399 4268 ad
1428 4210 1690 4281 salutem,
1723 4207 1798 4267 ad
1845 4228 2018 4287 quam
2048 4208 2418 4280 destinamur,
2450 4202 2722 4263 infallibi-

302 4292 438 4350 liter
464 4310 571 4349 nos
599 4291 835 4350 ducunt.
920 4292 1181 4368 Quatuor
1206 4289 1359 4349 enim
1387 4289 1547 4348 hisee
1563 4288 1752 4347 modis
1772 4290 1926 4348 bona
1945 4306 2120 4365 opera
2146 4286 2295 4343 hanc
2323 4282 2725 4344 certitudinem

305 4372 643 4430 confirmare
669 4379 932 4449 possunt,
963 4371 1127 4430 velut
1153 4370 1457 4428 Electiomh
1485 4372 1696 4445 effecta,
1727 4368 1866 4445 quia
1892 4368 1966 4425 ab
1994 4386 2062 4425 ea
2087 4364 2342 4445 pendent
2369 4371 2428 4424 et
2455 4363 2722 4423 ordinan-

306 4460 417 4524 tur,
450 4450 587 4511 Act.
631 4452 755 4529 xiii.
798 4454 896 4527 48,
943 4450 1112 4510 Rom.
1153 4449 1277 4508 viii.
1308 4451 1405 4523 30,
1452 4448 1602 4525 Eph.
1633 4447 1672 4506 i.
1703 4450 1758 4522 4,
1795 4450 1823 4504 1
1859 4446 1985 4505 Pet.
2015 4446 2053 4505 i.
2084 4449 2140 4521 2,
2169 4444 2362 4504 velut
2409 4440 2726 4507 Vocationis

303 4532 512 4609 siqilkz,
543 4532 757 4609 quibus
784 4552 853 4591 ea
882 4532 941 4591 in
968 4531 1144 4590 nobis
1162 4528 1517 4605 obsignatur,
1550 4530 1585 4585 2
1617 4526 1749 4585 Cor.
1778 4526 1816 4584 i.
1849 4530 1946 4593 21,
1967 4530 2062 4602 22,
2097 4529 2127 4584 1
2163 4525 2289 4585 Pet.
2318 4525 2357 4587 i.
2385 4527 2478 4604 15,
2503 4526 2640 4586 etii.
2665 4531 2720 4601 9,

304 4612 403 4670 vel
432 4620 497 4671 ut
559 4614 653 4671 dei
692 4623 747 4672 et
787 4609 1221 4691 Justtficatt'om‘s
1248 4610 1493 4683 fructus,
1524 4606 1627 4685 qui
1671 4626 1748 4664 ex
1790 4626 1860 4666 ea
1901 4606 2178 4684 oriuntur,
2212 4606 2381 4667 Rom.
2411 4626 2469 4666 v.
2504 4610 2555 4681 1,
2590 4606 2723 4666 Gal.

302 4712 361 4751 v.
394 4694 449 4768 6,
540 4713 652 4752 om.
682 4693 761 4751 vi.
796 4696 848 4767 1,
880 4696 935 4767 2,
967 4691 1059 4751 vel
1092 4698 1157 4749 ut
1182 4689 1377 4748 salutis
1406 4688 1607 4763 media,
1639 4706 1770 4764 quae
1797 4688 1872 4747 ad
1903 4708 2028 4748 eam
2057 4687 2320 4764 tendunt,
2354 4686 2503 4767 Eph.
2537 4688 2595 4746 ii.
2631 4690 2723 4764 10,
