3234 5192
549 347 669 404 634
1144 360 1221 400 nn
1250 359 1727 400 sarrsmc‘rioms
1756 359 1998 399 cums'm
2030 358 2345 399 vamum.
2581 336 2850 421 [msr’c‘r.
2887 362 3006 402 xx.

555 502 751 562 odium
782 512 839 563 et
886 502 1259 580 cupiditatem
1304 502 1576 560 vindictae
1627 501 1859 561 omnino
1897 500 2179 577 deposuit,
2213 520 2492 578 versaque
2540 501 2601 558 in
2647 502 2990 563 misericor-

555 584 705 642 diam
738 585 838 658 ira,
871 585 1143 661 quoniam
1170 583 1477 660 quominus
1506 590 1836 659 peccatores
1865 581 2266 658 resipiscentes
2302 581 2758 659 justificarentur
2783 584 2982 661 impe-

552 664 749 723 diebat
776 664 925 741 legis
954 663 1320 722 comminatio
1350 671 1407 721 et
1444 662 1692 721 officium
1730 659 1964 739 judicis,
1998 662 2296 722 constituit
2330 662 2440 719 hoc
2488 662 2980 739 impedimentum

552 746 773 819 tollere,
799 754 857 803 et
886 764 1015 803 cum
1066 744 1232 803 aliter
1272 743 1395 801 fieri
1425 743 1535 801 hoc
1578 762 1695 799 non
1723 752 1920 818 posset
1961 761 2134 817 quam
2183 741 2577 800 transferendo
2623 762 2852 819 poenam
2913 746 2978 802 in

557 826 772 884 Filium
807 824 915 883 Dei
954 824 1163 883 vadem
1208 832 1483 897 nostrum,
1516 832 1573 881 et
1620 822 1793 880 Pater
1821 821 2214 881 misericordia
2251 830 2440 881 motus
2487 822 2651 879 illum
2701 823 2880 899 misit,
2916 836 2980 883 et

556 907 744 964 Filius
774 904 1053 963 charitate
1084 902 1361 962 ineffabili
1388 902 1660 961 inductus
1705 902 1957 980 seipsum
2003 901 2238 961 tradidit
2263 924 2277 977 ;
2327 901 2430 960 sed
2470 911 2534 961 ut
2562 903 2605 960 J
2610 902 2764 961 udex
2795 914 2856 962 et
2885 905 2974 963 le-

551 1006 691 1063 gum
716 986 924 1043 Custos
943 1004 1059 1042 non
1079 985 1265 1060 potuit
1296 984 1437 1041 iram
1460 983 1763 1061 deponere,
1793 991 2101 1059 antequam
2120 982 2238 1059 legi
2258 982 2490 1041 violatae
2519 981 2731 1041 factum
2756 983 2972 1044 fuisset

554 1066 733 1141 satis3
782 1066 959 1123 Plane
988 1072 1053 1123 ut
1083 1064 1231 1121 inter
1277 1063 1539 1121 homines
1584 1061 1737 1120 idem
1779 1062 2153 1139 magistratus
2202 1070 2261 1121 et
2299 1064 2566 1139 princeps
2594 1064 2693 1139 qui
2741 1064 2818 1121 ab
2845 1065 2971 1124 alio

553 1146 806 1205 offensus
835 1154 939 1221 est,
971 1144 1181 1222 poterit
1209 1152 1267 1203 et
1296 1143 1465 1201 simul
1488 1144 1669 1201 iratus
1697 1162 1823 1200 esse
1847 1163 1943 1201 reo
1966 1162 2080 1220 qua
2097 1144 2353 1218 publicus
2377 1142 2756 1220 Magistratus
2785 1143 2971 1221 legis-

551 1246 663 1304 que
694 1224 911 1285 vindex
938 1246 1011 1283 ne
1056 1223 1330 1283 delictum
1379 1224 1630 1301 patiatur
1677 1222 1836 1280 abire
1878 1222 2130 1299 impune,
2162 1221 2316 1299 quod
2353 1222 2504 1300 legis
2552 1224 2972 1283 authoritatem

550 1308 813 1381 violaret,
846 1315 904 1365 et
933 1306 1103 1365 simul
1134 1304 1456 1363 misericors
1485 1312 1543 1361 et
1590 1302 1874 1380 propitius
1908 1303 1983 1361 ad
1999 1304 2292 1379 privatum
2329 1302 2598 1362 affectum
2641 1323 2758 1361 non
2787 1305 2970 1363 modo

549 1388 819 1465 injuriam
849 1388 961 1445 sibi
987 1387 1205 1444 illatam
1236 1383 1632 1457 condonand0‚
1659 1381 1763 1442 sed
1791 1392 1849 1441 et
1865 1383 2098 1442 modum
2123 1382 2411 1460 sapienter
2439 1383 2825 1461 excogitando
2843 1406 2968 1462 quo

546 1468 665 1544 legi
694 1468 940 1545 publicae
964 1466 1221 1541 satisfiat,
1253 1466 1347 1524 vel
1368 1466 1491 1542 ipse
1523 1464 1916 1541 fidejussorem
1962 1462 2170 1538 dando,
2195 1463 2292 1521 vel
2314 1464 2586 1522 mulctam
2609 1474 2710 1523 aut
2725 1484 2964 1541 poenam

549 1547 801 1606 ferendo·

631 1627 784 1684 XX.
830 1625 1037 1702 Objic.,
1070 1629 1150 1683 2⁰.
1196 1624 1441 1683 Ratione
1475 1624 1690 1683 Chr-aka·
1726 1623 2108 1699 impossibilem
2153 1643 2279 1682 esse
2321 1622 2771 1682 satisfactionem
2821 1644 2960 1701 pro·

548 1708 705 1781 bant,
751 1705 887 1782 quia
928 1725 1032 1782 pro
1074 1724 1135 1763 se
1178 1703 1378 1762 debuit
1420 1723 1545 1761 eam
1587 1704 1706 1780 legi
1749 1703 2152 1777 obedientiam,
2197 1724 2370 1781 quam
2399 1703 2459 1761 in
2487 1704 2750 1763 meritum
2783 1714 2841 1763 et
2868 1724 2962 1763 re-

547 1785 896 1863 demptionis
938 1793 1149 1843 nostrae
1192 1783 1364 1864 λῦτςοι
1406 1783 1736 1860 impendere
1779 1804 2013 1843 necesse
2054 1783 2292 1859 habuit3
2337 1792 2398 1843 at
2433 1784 2480 1841 si
2509 1804 2614 1861 pro
2643 1805 2705 1843 se
2733 1784 2958 1858 debuit,

545 1887 663 1924 non
690 1866 878 1943 potuit
906 1884 1009 1942 pro
1038 1865 1206 1923 nobis
1249 1874 1305 1922 et
1346 1864 1474 1922 loco
1516 1872 1714 1922 nostro
1755 1874 2044 1942 praestare,
2090 1884 2220 1922 nam
2253 1864 2408 1941 quod
2437 1863 2692 1939 debetur,
2730 1884 2801 1923 eo
2829 1865 2962 1941 ipso

546 1967 663 2025 quo
706 1953 1013 2023 praestatur
1056 1954 1112 2004 et
1158 1944 1418 2021 solvitur,
1470 1944 1698 2021 proprie
1743 1945 1885 2003 dicti
1927 1944 2118 2003 meriti
2161 1945 2440 2003 rationem
2481 1944 2693 2003 habere
2733 1946 2958 2022 nequit,

544 2028 756 2106 quippe
783 2028 935 2084 inter
962 2025 1320 2085 conditiones
1350 2026 1538 2084 meriti
1567 2034 1767 2084 notum
1797 2034 1886 2083 est
1914 2044 2036 2083 eam
2069 2044 2294 2102 semper
2319 2025 2605 2083 recenseri
2642 2033 2706 2083 ut
2745 2044 2840 2083 res
2877 2026 2960 2084 sit

546 2108 805 2166 indebita
829 2130 842 2165 :
887 2106 1055 2181 Quod
1084 2115 1275 2165 autem
1307 2106 1569 2165 Christus
1596 2126 1702 2183 pro
1733 2125 1793 2164 se
1822 2106 1932 2163 hoc
1960 2105 2150 2181 ipsum
2179 2104 2442 2163 debuerit
2471 2104 2626 2181 quod
2651 2124 2756 2181 pro
2783 2105 2958 2163 nobis

542 2189 847 2247 tenebatur
872 2187 1139 2264 pendere,
1172 2186 1559 2245 obedientiam
1589 2186 1810 2244 scilicet
1838 2184 1974 2243 vitae
2004 2205 2106 2243 seu
2132 2184 2282 2262 legis
2311 2184 2710 2243 mandatorum
2748 2185 2956 2263 imple·

542 2270 775 2343 tionem,
802 2267 1012 2344 triplici
1042 2268 1261 2325 ratione
1292 2266 1573 2343 probant:
1608 2270 1684 2323 1⁰.
1717 2265 1864 2340 Quia
1891 2267 2051 2323 homo
2079 2264 2189 2323 fuit
2218 2276 2275 2323 et
2303 2264 2457 2323 filius
2479 2265 2646 2339 Adae,
2677 2274 2737 2323 at
2763 2266 2960 2325 omnis

541 2348 818 2406 Creatura
839 2366 953 2423 qua
972 2347 1243 2404 Creatura
1265 2346 1605 2422 obsequium
1635 2355 1862 2405 tenetur
1887 2354 2160 2423 praestare
2181 2344 2436 2403 Creatori
2459 2364 2563 2403 suo
2585 2353 2644 2403 et
2663 2345 2856 2423 legem
2877 2347 2958 2405 ab

540 2446 609 2485 eo
639 2427 885 2503 positam
912 2425 1167 2501 implere.
1198 2429 1279 2483 2⁰.
1304 2424 1452 2499 Quia
1480 2423 1589 2483 fuit
1609 2426 1879 2483 Israelita
1907 2435 1963 2485 et
1974 2426 2136 2504 filius
2151 2426 2415 2500 Abrakae,
2446 2426 2704 2502 adeoque
2732 2423 2956 2486 foedere

539 2506 641 2564 illo
669 2505 869 2582 populi
897 2504 1080 2562 sancti
1110 2504 1555 2580 comprehensus
1598 2513 1657 2562 et
1698 2506 1806 2564 sub
1849 2526 1917 2563 eo
1959 2514 2166 2581 natus3
2212 2505 2364 2564 unde
2393 2505 2603 2564 dicitur
2627 2508 2824 2579 factus
2854 2512 2954 2565 ὑπὸ

542 2584 692 2661 viper,
726 2585 857 2643 Gal.
888 2584 967 2641 iv.
998 2590 1054 2659 4,
1087 2583 1340 2642 siffidicit
1372 2584 1715 2659 implendam
1757 2604 1869 2645 esse
1909 2586 2014 2644 sibi
2051 2606 2266 2645 omnem
2292 2586 2588 2661 justitiam,
2623 2586 2834 2645 Matth.
2864 2588 2950 2645 iii.

543 2666 635 2725 15.
720 2668 799 2724 3⁰.
846 2664 995 2740 Quia
1037 2683 1293 2723 summus
1335 2664 1604 2723 sacerdos
1645 2664 1769 2739 fuit,
1816 2665 1916 2742 qui
1956 2674 2022 2724 ut
2061 2665 2163 2725 illo
2203 2686 2435 2724 munere
2465 2664 2701 2742 defungi
2731 2649 2951 2743 po‘sset,

538 2746 739 2805 debuit
766 2766 893 2805 esse
925 2745 1073 2823 Legi
1100 2744 1349 2823 perfecte
1380 2743 1706 2819 conformis,
1741 2744 1894 2804 Heb.
1924 2745 2024 2803 vii.
2054 2748 2151 2804 26.
2240 2745 2303 2805 Si
2344 2765 2482 2823 ergo
2519 2765 2624 2823 pro
2653 2766 2714 2805 se
2743 2746 2952 2807 debuit

534 2827 726 2904 legem
754 2826 1009 2905 implere,
1038 2846 1157 2883 non
1178 2834 1368 2903 potest
1397 2845 1465 2883 ea
1492 2826 1553 2884 in
1574 2826 1840 2884 meritum
1865 2834 1923 2884 et
1952 2824 2397 2885 satisfactionem
2429 2846 2530 2885 seu
2559 2825 2740 2885 debiti
2761 2828 2950 2885 nostri

535 2908 879 2967 solutionem
909 2906 1195 2984 imputari.
1244 2906 1374 2964 Hoc
1396 2915 1800 2983 argumentum
1822 2913 1991 2982 urget
2019 2905 2298 2983 imprimis
2331 2906 2592 2981 SocinuS,
2624 2926 2678 2983 p.
2704 2909 2759 2981 3,
2791 2928 2842 2966 c.
2865 2927 2945 2983 vn,

538 2991 573 3021 ‘⁴
592 2987 635 3047 J
639 3009 732 3047 am
760 3008 898 3046 vero
926 2987 1293 3046 manifestum
1322 2986 1468 3061 est,''
1499 2986 1704 3063 inquit,
1739 2990 1774 3019 “
1794 2986 2085 3044 Christum
2108 2986 2245 3063 quia
2263 2987 2437 3045 homo
2459 2994 2630 3045 natus
2652 2985 2853 3063 fuerat,
2880 2998 2950 3057 ,et

533 3068 785 3144 quidem,
822 3078 888 3125 ut
916 3068 1103 3145 inquit
1134 3066 1366 3141 PauluS,
1413 3066 1598 3125 factus
1628 3066 1736 3125 sub
1763 3067 1912 3143 lege,
1958 3065 2075 3143 legi
2103 3066 2317 3124 divinae
2347 3086 2475 3143 quae
2505 3076 2718 3125 aeterna
2754 3076 2846 3126 est
2885 3078 2950 3127 et

534 3148 910 3205 immutabilis
940 3146 1255 3219 servandae,
1280 3166 1395 3204 non
1424 3147 1615 3205 minus
1646 3166 1816 3223 quam
1848 3154 2086 3205 caeteros
2115 3148 2375 3205 homines
2399 3147 2712 3215 obnoxium
2743 3146 2944 3223 fuisse,

533 3227 750 3302 alioqui
774 3226 1055 3302 potuisset
1078 3226 1339 3284 Christus
1369 3234 1641 3285 aeternam
1675 3226 1785 3284 Dei
1813 3226 2001 3303 legem
2030 3226 2326 3303 negligere
2357 3226 2479 3285 sive
2509 3226 2678 3284 aliam
2709 3227 2944 3286 univer·

532 3325 653 3363 sam
678 3306 729 3363 si
750 3305 1026 3363 voluisset
1044 3304 1337 3381 intingere,
1353 3306 1760 3383 quodimpium
1773 3316 1861 3364 est
1874 3306 1967 3365 vel
1986 3306 2300 3383 cogitare,”
2321 3315 2378 3365 et
2399 3308 2571 3384 paulo
2583 3316 2729 3384 post,
2749 3312 2942 3385 “quo-

539 3386 692 3443 circa
734 3404 839 3443 nec
882 3384 1053 3442 etiam
1098 3404 1199 3461 pro
1238 3383 1367 3442 aliis
1396 3385 1583 3463 magis
1611 3407 1784 3463 quam
1814 3386 2057 3463 quilibet
2085 3386 2232 3445 alius
2259 3387 2432 3445 homo
2459 3388 2650 3465 legem
2680 3388 2942 3447 divinam

534 3464 819 3525 servando
844 3464 1169 3523 satisfacere
1189 3465 1390 3541 potuit,
1416 3466 1628 3544 quippe
1647 3466 1746 3543 qui
1776 3467 1898 3543 ipse
1927 3486 2052 3524 eam
2073 3486 2302 3525 servare
2331 3468 2563 3526 omnino
2583 3470 2937 3527 teneretur.”

612 3545 801 3603 XXI.
848 3544 1061 3605 Gravis
1103 3544 1197 3603 hic
1234 3544 1293 3601 in
1330 3546 1578 3622 speciem
1608 3547 1913 3624 attingitur
1940 3546 2247 3606 difficultas
2275 3548 2344 3605 de
2370 3548 2696 3623 subjectione
2725 3548 2946 3607 Christi

528 3627 641 3704 leyi
664 3628 867 3685 divinae
898 3646 1025 3703 quae
1056 3622 1425 3684 Orthodoxos
1453 3626 1609 3703 ipsos
1637 3628 1788 3686 inter
1816 3648 1876 3685 se
1905 3646 2022 3684 non
2052 3628 2132 3686 ita
2159 3625 2379 3704 pridem
2411 3627 2468 3685 in
2498 3638 2688 3705 partes
2715 3627 2940 3689 divisit.

534 3708 653 3766 Nos
698 3708 859 3766 litem
906 3708 1053 3764 hanc
1096 3714 1351 3764 nostram
1397 3710 1514 3764 noti
1558 3706 1818 3781 facimuS‚
1870 3707 2069 3784 paucis
2115 3716 2338 3766 tantum
2387 3708 2762 3766 observamus
2805 3729 2938 3785 quse

526 3788 713 3846 facere
754 3794 996 3865 possunt
1038 3786 1177 3843 satis
1220 3794 1558 3863 argumento
1601 3787 1757 3863 quod
1798 3787 1933 3845 hinc
1971 3786 2187 3864 petitur
2228 3787 2301 3846 ab
2338 3786 2693 3847 Adversario
2736 3797 2942 3847 contra

530 3868 951 3927 Satisfactionis
978 3866 1299 3925 veritatem.
1354 3866 1482 3923 Duo
1511 3886 1651 3943 ergo
1681 3868 1774 3925 hic
1805 3866 2253 3925 demonstranda
2275 3867 2528 3927 breviter
2569 3866 2937 3945 suscipimus·

533 3953 583 4006 1.
627 3948 1057 4026 subjectionem
1100 3945 1258 4003 illam
1285 3946 1405 4021 legi
1434 3946 1557 4004 sive
1588 3946 1973 4005 obedientiam
2003 3947 2140 4005 vitae
2169 3947 2422 4005 debitam
2451 3947 2628 4006 fuisse
2671 3969 2705 4005 a
2746 3949 2935 4025 nobis,

525 4037 583 4087 et
626 4028 699 4086 ad
741 4028 1192 4104 redemptionem
1220 4036 1475 4085 nostram
1506 4026 1740 4085 omnino
1770 4027 2168 4087 necessariam.
2243 4032 2299 4085 2.
2347 4026 2611 4087 Potuisse
2641 4028 2798 4085 illam
2828 4049 2936 4105 pro

522 4108 691 4168 nobis
720 4130 755 4167 a
784 4108 1012 4167 Christo
1042 4106 1316 4184 praestari,
1348 4114 1521 4182 atque
1550 4106 1696 4165 adeo
1725 4126 1852 4165 eam
1879 4116 2034 4165 recte
2071 4107 2131 4164 in
2173 4116 2394 4184 partem
2438 4107 2625 4166 meriti
2667 4116 2725 4166 et
2765 4110 2934 4167 satis·

520 4188 789 4248 factionis
817 4191 943 4266 ejus
972 4186 1185 4261 venire,
1218 4194 1276 4245 et
1304 4186 1473 4244 nobis
1500 4187 1788 4263 imputari.
1849 4186 1926 4245 Et
1954 4186 2027 4245 ad
2057 4188 2216 4264 prius
2244 4186 2478 4264 quidem
2507 4187 2662 4265 quod
2690 4188 2933 4264 attinet3

520 4268 666 4326 Cum
699 4270 797 4327 lex
836 4270 950 4328 duo
979 4267 1157 4344 vulgo
1188 4266 1494 4339 contineat,
1540 4269 1815 4325 mandata
1855 4286 1983 4344 quae
2024 4266 2289 4325 facienda
2331 4276 2480 4342 sunt,
2527 4276 2586 4327 et
2623 4270 2938 4327 sanctiones

512 4350 761 4422 poenales
802 4370 931 4425 quae
974 4347 1259 4425 peccatori
1300 4346 1549 4405 ferendae
1592 4347 1979 4424 imponuntur,
2026 4346 2254 4406 duobus
2288 4347 2460 4407 etiam
2491 4348 2676 4407 modis
2703 4348 2931 4425 impleri

519 4436 822 4485 censetur:
869 4427 1069 4505 prim0,
1115 4430 1309 4505 quoad
1347 4430 1622 4486 mandata
1663 4426 1992 4486 obedientia
2032 4427 2169 4486 vitae
2213 4448 2316 4487 seu
2359 4428 2681 4488 actionibus
2721 4448 2757 4485 a
2795 4428 2932 4506 lege

517 4506 901 4582 praescriptis:
946 4507 1215 4577 secundo,
1248 4510 1441 4584 quoad
1462 4510 1802 4567 sanctionem
1829 4507 2100 4584 passione
2127 4508 2331 4567 mortis
2360 4528 2461 4567 seu
2488 4508 2701 4567 latione
2729 4527 2928 4585 poena-

518 4604 663 4659 rum,
695 4603 822 4661 quae
852 4604 885 4642 a
912 4584 1041 4662 lege
1069 4588 1593 4664 transgressoribus
1622 4588 2058 4646 denunciantur.
2113 4587 2375 4665 Utraque
2405 4608 2543 4647 vero
2572 4589 2694 4647 haec
2724 4588 2926 4665 imple·

517 4664 597 4723 tio
628 4673 888 4743 respectu
917 4664 1167 4723 hominis
1193 4668 1513 4742 peccatoris
1540 4668 1936 4745 requirebatur
1965 4667 2038 4726 ad
2067 4667 2248 4745 ipsius
2281 4668 2698 4727 liberationem.
2772 4668 2922 4727 Nam
