3234 5192
431 337 536 399 xiv
1075 356 1448 402 PRAEFA'rm
1481 356 1576 401 AD
1613 352 2173 403 DISPUTATIONES

431 541 616 609 esset,
649 535 1039 614 quamplures
1073 535 1238 599 viros
1289 535 1717 600 celeberrimos
1768 541 1835 598 et
1867 541 2191 598 veteranos
2220 533 2536 616 theologos
2568 534 2684 600 hoc
2734 556 2828 598 ar-

431 639 789 711 gumentum
840 634 934 696 ita
983 633 1176 698 solide
1225 641 1663 715 pertractasse,
1715 640 1790 695 ut
1827 639 1971 712 post
2010 652 2221 696 eorum
2272 652 2530 696 messem
2580 633 2685 696 vix
2718 635 2827 697 ulli

429 728 741 812 spicilegio
770 730 936 794 locus
982 751 1117 797 esse
1168 733 1403 812 possit3
1458 733 1522 794 N
1524 754 1606 795 on
1658 732 1752 794 ita
1791 731 1941 793 mihi
1985 730 2269 794 Suffenus
2324 751 2459 795 esse
2506 731 2703 815 potui,
2754 740 2829 795 ut

429 827 770 892 arbitrarer
802 851 882 892 ex
915 850 1096 911 opere
1134 831 1250 894 hoc
1291 829 1716 906 tumultuario,
1747 836 1814 893 ct
1849 829 2310 892 velitationibus
2342 829 2485 892 istis
2520 829 2829 894 academi-

431 925 541 1001 cis,
575 947 710 1007 quae
743 947 856 991 nec
889 929 1152 992 excultae
1181 928 1449 1010 ingeni0,
1485 949 1597 991 nec
1640 927 1966 991 elaboratae
2018 934 2161 991 sunt
2204 927 2529 1003 industria,
2564 928 2827 991 multum

434 1023 729 1088 utilitatis
758 1032 824 1088 et
850 1027 1091 1090 fructus
1137 1027 1215 1089 ad
1248 1026 1590 1090 Ecclesiam
1619 1026 1823 1090 redire
1854 1045 2050 1105 posse.
2128 1023 2364 1087 Verum
2401 1046 2538 1088 cum
2571 1046 2612 1087 a
2641 1027 2827 1091 variis

433 1142 557 1184 non
595 1123 776 1202 plane
806 1123 1186 1204 improbatos
1218 1125 1408 1187 fuisse
1440 1125 1626 1187 hosce
1647 1130 1892 1187 nostros
1915 1130 2171 1186 conatus
2202 1123 2608 1204 intelligerem
2633 1146 2650 1198 ;
2710 1145 2823 1188 nec

429 1221 694 1300 amplius
747 1223 866 1284 mei
890 1222 1056 1301 juris
1098 1228 1307 1286 essent
1349 1243 1484 1302 quae
1523 1222 1659 1302 jam
1693 1222 1759 1285 in
1807 1221 2121 1302 publicum
2150 1221 2375 1284 emissa
2412 1228 2631 1295 erant;
2682 1225 2825 1286 effe-

433 1326 656 1382 cerunt
684 1319 1018 1383 amicorum
1045 1327 1111 1384 et
1132 1341 1344 1383 eorum
1363 1321 1466 1400 qui
1489 1321 1657 1400 apud
1681 1341 1779 1383 me
1802 1319 2133 1400 plurimum
2159 1328 2419 1399 possunt
2442 1319 2826 1384 hortationes

431 1423 499 1480 et
541 1416 864 1494 desideria,
904 1426 979 1481 ut
1024 1418 1290 1498 primum
1337 1419 1502 1482 hunc
1553 1418 1786 1500 ingenii
1828 1420 2065 1499 foetum,
2111 1424 2178 1480 et
2227 1417 2342 1482 hoc
2386 1417 2676 1498 quicquid
2730 1425 2828 1482 est

432 1516 638 1595 operis
671 1517 910 1596 petenti
936 1517 1326 1598 typographo
1361 1517 1637 1596 quamvis
1669 1536 1829 1598 aegre
1862 1516 2308 1595 permitterem.

532 1614 680 1677 Non
735 1621 835 1678 est
883 1635 1068 1695 porro
1099 1613 1260 1694 quod
1313 1634 1551 1693 quaeras
1598 1634 1710 1678 cur
1758 1614 1874 1678 hoc
1918 1619 2345 1694 argumentum
2397 1613 2605 1693 potius
2641 1633 2822 1693 quam

429 1713 750 1792 quodlibet
778 1712 945 1775 aliud
979 1712 1276 1776 selectum
1305 1713 1511 1776 fuerit.
1591 1712 2014 1791 Praeterquam
2048 1711 2212 1790 quod
2241 1710 2403 1774 enim
2448 1732 2571 1773 non
2606 1719 2825 1792 sponte

429 1832 468 1875 a
501 1831 599 1874 me
632 1817 1006 1890 susceptum,
1033 1811 1141 1875 sed
1175 1831 1214 1872 a
1239 1810 1362 1891 piis
1395 1809 1693 1875 studiosis
1722 1809 1802 1873 ad
1830 1814 2109 1894 συζῆτησιν
2137 1809 2561 1890 propositum;
2613 1809 2668 1872 si
2688 1831 2820 1873 rem

427 1909 626 1990 ipsam
653 1908 972 1991 expendis,
996 1909 1175 1973 facile
1203 1929 1440 1973 mecum
1473 1909 1769 1973 fateberis
1794 1909 2031 1972 nullum
2062 1907 2230 1971 aliud
2256 1907 2324 1970 in
2350 1913 2488 1970 tota
2516 1908 2825 1990 theologia

425 2015 642 2071 nostra
671 2007 1110 2071 momentosius
1143 2027 1300 2089 esse,
1338 2013 1406 2070 et
1438 2006 1537 2086 cuj
1544 2027 1618 2070 us
1652 2005 1925 2088 cognitio
1956 2005 2240 2070 fidelibus
2274 2006 2468 2086 magis
2494 2006 2579 2069 sit
2611 2027 2819 2070 neces-

423 2105 626 2181 saria;
681 2105 938 2168 Nullum
995 2125 1143 2169 sane
1183 2106 1347 2185 quod
1396 2106 1620 2185 majori
1668 2107 1907 2185 impetu
1949 2103 2144 2167 Satan
2179 2103 2376 2168 hostis
2432 2103 2535 2168 ille
2570 2107 2822 2175 ἄσπονδος

417 2203 636 2267 salutis
685 2210 910 2267 nostrae
944 2211 1222 2268 evertere
1261 2223 1502 2283 semper
1531 2203 1614 2266 sit
1658 2209 1956 2268 conatus:
2008 2201 2475 2282 novissimisque
2523 2203 2824 2283 imprimis

415 2301 585 2365 hisce
641 2300 1046 2392 temporibus,
1097 2322 1209 2382 per
1241 2301 1777 2382 pestilentissimos
1816 2301 2164 2382 haereticos,
2199 2302 2302 2380 qui
2347 2309 2419 2362 ut
2467 2301 2823 2382 religionem

421 2399 822 2463 christianam
851 2400 1323 2481 pessundarent,
1345 2399 1468 2463 duo
1489 2400 1785 2479 primaria
1814 2399 1948 2479 ejus
1973 2399 2395 2479 fundamenta,
2424 2399 2823 2463 divinitatem

417 2496 673 2560 Domini
705 2498 904 2561 nostri
933 2497 978 2559 J
981 2517 1090 2560 esu
1141 2495 1395 2579 Christi,
1449 2504 1515 2561 et
1571 2498 1707 2576 ejus
1740 2499 2247 2580 satisfactionem
2280 2497 2620 2561 convellere
2654 2499 2821 2562 omni

417 2615 536 2676 ope
586 2601 965 2676 sategerunt.
1071 2595 1428 2675 Optandum
1461 2597 1741 2676 equidem
1790 2598 2015 2671 fuerat,
2046 2603 2119 2657 ut
2150 2595 2497 2675 hujusmodi
2548 2605 2827 2660 monstra

425 2695 504 2757 ab
535 2693 671 2774 ipso
703 2701 844 2756 ortu
876 2700 1264 2770 necarentur,
1297 2715 1412 2757 nec
1445 2701 1577 2756 tam
1624 2694 1877 2756 infausti
1926 2695 2111 2757 foetus
2164 2693 2668 2758 nanciscerentur
2717 2697 2821 2776 qui

419 2791 792 2858 obstetrices
839 2813 1058 2856 manus
1109 2792 1234 2856 illis
1279 2791 1691 2873 porrigerent.
1772 2791 1895 2856 Sed
1940 2813 2079 2855 cum
2111 2791 2294 2855 nimis
2348 2791 2475 2856 late
2524 2813 2823 2856 venenum

420 2891 538 2955 hoc
569 2910 818 2970 serpere
838 2891 972 2971 jam
1007 2891 1162 2954 satis
1190 2897 1454 2966 constet,
1485 2897 1555 2955 et
1590 2890 1872 2954 exitialia
1902 2891 2033 2953 haec
2084 2890 2319 2970 scripta
2366 2889 2635 2970 plurium
2686 2913 2823 2954 ma-

421 2988 604 3051 nibus
652 2989 834 3053 hodie
887 2996 1211 3065 terantur;
1269 2989 1548 3070 AEquum
1597 2989 1787 3052 etiam
1838 2989 1961 3051 fuit
2014 2988 2513 3067 alexipharmaca
2560 2989 2821 3054 subinde

423 3086 655 3166 parari,
709 3088 929 3166 quibus
972 3088 1254 3167 juniores
1305 3089 1602 3151 adversus
1653 3087 1815 3152 luem
1850 3087 2035 3150 istam
2092 3085 2449 3166 pestiferam
2495 3088 2823 3165 praemuni-

423 3190 664 3258 rentur,
700 3190 767 3246 et
799 3184 988 3248 animi
1021 3185 1261 3266 piorum
1295 3185 1360 3247 in
1409 3185 1676 3248 veritate
1708 3184 1903 3266 magis
1952 3185 2267 3266 magisque
2294 3185 2820 3249 confirmarentur.

429 3279 566 3344 Hoc
601 3280 856 3344 consilio
888 3282 1008 3344 viri
1052 3282 1414 3362 doctissimi,
1451 3301 1605 3361 quos
1637 3281 1811 3345 Deus
1856 3282 2117 3346 subinde
2166 3283 2465 3345 excitavit
2492 3291 2567 3345 ut
2612 3285 2821 3347 ortho-

429 3379 608 3442 doxae
638 3379 922 3442 veritatis
955 3379 1022 3442 in
1055 3379 1338 3444 Ecclesia
1369 3385 1578 3443 essent
1622 3388 1900 3464 πρόμαχοι
1948 3379 2289 3457 fortissimi,
2324 3380 2389 3443 in
2420 3402 2495 3446 eo
2523 3382 2823 3446 hactenus

427 3497 678 3558 operam
705 3495 874 3540 suam
892 3477 1218 3542 utilissime
1239 3477 1622 3542 collocarunt
1646 3498 1661 3552 ;
1711 3477 1950 3541 Horum
1973 3486 2039 3542 et
2060 3498 2173 3542 nos
2193 3487 2543 3558 prementes
2564 3479 2825 3560 vestigia

430 3574 579 3639 licet
611 3595 734 3638 non
763 3575 1048 3656 passibus
1097 3577 1314 3659 aequiS,
1350 3577 1514 3639 haud
1545 3577 1656 3640 abs
1686 3597 1755 3640 re
1784 3597 1897 3640 nos
1937 3579 2211 3640 facturos
2256 3597 2464 3640 sumus
2507 3577 2819 3657 arbitrati,

433 3673 484 3738 si
517 3673 583 3735 in
612 3675 1060 3754 propugnanda
1085 3674 1210 3738 ista
1241 3673 1506 3738 veritate
1538 3675 1830 3738 adversus
1864 3675 2063 3757 ignita
2092 3673 2340 3737 Satanae
2378 3676 2506 3738 tela
2540 3681 2819 3740 nostram

433 3772 916 3852 qualemcunque
945 3772 1390 3853 explicaremus
1419 3772 1809 3837 industriam.

529 3869 910 3934 Cumautem
947 3872 1072 3934 tria
1101 3871 1284 3952 vulgo
1317 3871 1394 3934 de
1427 3887 1979 3934 SATISFAOTIONE
2013 3887 2301 3934 cnms'n
2332 3871 2529 3951 quaeri
2562 3869 2819 3951 possint,

438 3969 502 4030 1.
557 3969 666 4031 An
721 3972 1084 4033 necessaria
1137 3969 1348 4051 fuerit,
1453 3970 1518 4030 2.
1585 3969 1694 4031 An
1744 3991 1919 4044 vera,
2024 3971 2091 4033 3.
2148 3969 2257 4032 An
2308 3972 2623 4052 perfecta,
2725 3968 2823 4031 De

433 4065 632 4130 tribus
673 4066 812 4130 istis
843 4067 1288 4147 quaestionibus
1323 4067 1616 4132 distincte
1646 4069 1949 4150 agendum
1976 4067 2155 4131 nobis
2198 4087 2333 4131 esse
2366 4067 2691 4141 duximus3
2744 4066 2823 4130 In

436 4164 673 4227 duabus
731 4165 1044 4245 prioribus
1115 4185 1251 4229 cum
1317 4165 1703 4240 Socinianis3
1781 4166 1858 4228 In
1923 4173 2237 4246 postrema
2290 4186 2428 4228 cum
2478 4163 2821 4228 Pontificiis

435 4281 652 4324 manus
682 4265 1070 4328 conserendae
1099 4266 1370 4328 fuerunt.
1473 4262 1598 4326 Sed
1632 4265 1725 4328 ita
1764 4271 1973 4328 tamen
2004 4263 2067 4325 in
2104 4264 2181 4328 iis
2215 4285 2424 4328 sumus
2454 4263 2703 4337 versati,
2752 4269 2825 4324 ut

435 4359 698 4440 primam
720 4369 786 4424 et
807 4362 1058 4424 tertiam
1077 4364 1154 4427 de
1180 4363 1550 4427 necessitate
1571 4368 1639 4426 et
1652 4365 2049 4446 perfectione
2078 4363 2327 4427 brevius
2353 4361 2793 4426 absolverimus
2804 4382 2821 4433 ;

433 4457 762 4521 secundam
813 4479 960 4522 vero
991 4461 1068 4524 de
1109 4465 1380 4527 veritate
1411 4482 1546 4542 quae
1583 4460 1945 4542 ampliorem
1974 4461 2473 4542 explanationem
2505 4459 2825 4540 requirere

429 4555 774 4634 videbatur,
831 4578 1134 4638 quamque
1191 4559 1408 4641 majori
1473 4559 1785 4624 molimine
1832 4560 2140 4642 impetunt
2196 4557 2559 4638 adversarii,
2626 4556 2822 4621 fusius

430 4655 614 4733 paulo
647 4655 834 4719 simus
885 4658 1216 4740 persecuti,
1249 4665 1314 4722 et
1361 4658 1510 4721 nihil
1545 4666 1845 4738 quantum
1876 4659 2119 4737 quidem
2152 4679 2191 4720 a
2236 4657 2414 4722 nobis
2452 4656 2587 4720 fieri
2618 4655 2823 4735 potuit
