3234 5192
9 4655 19 4957 -—--‘--
10 4527 17 4618 .w
9 4367 25 4490 vv*
10 4307 13 4330 -

533 367 612 424 44
1335 375 1414 415 m:
1457 373 1819 414 uscsssama
1862 372 2206 412 secressxoxa
2582 353 2839 436 [martyr.
2873 377 2936 417 ιι.

534 523 750 597 tione,''
783 519 890 580 810.
945 519 1086 594 Quae
1116 518 1308 577 omnia
1347 516 1671 575 luculenter
1712 514 1935 589 docent,
1966 513 2358 572 adorationem
2388 514 2542 591 apud
2571 515 2729 593 ipsos
2754 517 2932 576 tribui

429 618 435 626 ·
533 603 706 661 etiam
736 601 1030 672 ereaturiS,
1060 619 1178 656 non
1205 605 1428 656 tantum
1459 617 1533 654 ex
1561 595 1746 672 praxi,
1780 595 1883 651 sed
1910 614 1985 652 ex
2014 594 2295 652 instituto.

617 681 804 739 XXI.
851 681 934 738 ΙΙ.
981 680 1188 755 Excip.
1258 679 1293 708 “
1319 676 1733 734 Adorationem
1796 674 1967 730 aliam
2017 693 2142 730 esse
2188 693 2527 748 supremam,
2576 674 2749 733 aliam
2802 678 2929 734 aub-

535 764 833 820 alternam.
883 761 1052 817 Illam
1086 759 1192 816 soli
1238 757 1364 813 Deo
1413 753 1839 826 reservandam,
1886 753 2052 811 istam
2098 753 2269 810 etiam
2311 753 2539 812 Sanctis
2596 765 2653 813 et
2683 755 2932 832 Angelis

531 861 701 918 posse
731 839 984 917 impendi
1015 838 1138 895 sine
1167 836 1508 893 idololatriae
1555 841 1709 905 nota,
1740 833 1876 907 quia
1904 832 2228 890 idololatria
2256 841 2360 908 est,
2402 853 2532 892 eum
2562 833 2752 893 cultus
2782 835 2929 892 divi-

529 941 640 979 nus
669 930 944 979 creaturae
973 917 1280 975 exhibetur
1323 915 1472 972 sicut
1502 913 1646 986 De0,
1695 931 1755 969 se
1804 920 1993 968 autem
2044 913 2261 970 cultum
2284 933 2400 970 non
2428 913 2701 972 exhibere
2754 915 2928 973 Sanc-

531 1001 607 1059 tis
663 1000 813 1058 sicut
843 998 986 1071 De0,
1045 995 1148 1053 sed
1193 994 1341 1051 sicut
1378 991 1578 1050 amicis
1626 990 1793 1049 Dei.'’
1841 991 2129 1050 Valentia.
2179 992 2280 1049 lib.
2336 993 2395 1050 ii.
2454 996 2524 1051 de
2576 996 2759 1052 Idolo.
2792 1015 2841 1054 c.
2876 998 2929 1053 1.

537 1080 608 1137 R.
645 1082 695 1136 1.
741 1078 858 1135 Hic
879 1076 997 1154 peti
1025 1073 1366 1151 principium
1387 1080 1444 1128 et
1472 1074 1659 1152 vrga‘iuv
1685 1067 1864 1142 ψιῢδος
1886 1071 2101 1147 retegi;
2146 1070 2269 1128 dari
2300 1072 2423 1130 scil.
2454 1072 2669 1149 gradus
2696 1074 2929 1150 religio-

535 1159 582 1216 si
612 1157 819 1232 cultuS,
853 1165 910 1214 et
937 1155 1324 1213 adorationem
1345 1151 1516 1208 aliam
1545 1171 1671 1209 esse
1688 1153 2083 1225 subalternam,
2115 1151 2286 1208 aliam
2312 1172 2649 1227 supremam,
2680 1154 2836 1229 quod
2864 1163 2931 1212 ut

529 1245 961 1296 controversum
1005 1233 1233 1310 probari
1264 1232 1480 1304 debuit,
1511 1250 1626 1287 non
1657 1230 1918 1308 supponi.
2006 1230 2147 1287 Dari
2173 1231 2404 1306 quidem
2436 1233 2625 1290 cultus
2652 1241 2710 1290 et
2736 1252 2927 1291 rever-

530 1317 699 1375 entiae
729 1316 918 1374 civilis
947 1313 1160 1390 gradus
1188 1331 1304 1370 non
1331 1331 1629 1388 negamus,
1661 1331 1763 1387 pro
1806 1310 2027 1368 ratione
2071 1309 2286 1386 gradus
2334 1312 2690 1370 excellentiae
2736 1313 2926 1389 cujus-

527 1417 658 1474 que,
691 1395 794 1454 sed
823 1396 882 1453 in
911 1395 1068 1452 cultu
1097 1392 1370 1469 religioso
1399 1411 1512 1448 non
1569 1391 1726 1448 item.
1812 1390 2015 1449 Gloria
2062 1389 2169 1447 Dei
2214 1399 2489 1466 punctum
2519 1399 2625 1466 est,
2656 1393 2813 1467 quod
2840 1393 2925 1450 di·

527 1475 651 1534 vidi
679 1475 895 1552 nequit,
929 1483 986 1532 et
1005 1474 1219 1530 cultum
1245 1471 1578 1547 religiosum
1607 1469 1907 1545 concipere
1936 1478 2023 1526 est
2046 1488 2332 1527 summum
2360 1470 2578 1528 cultum
2608 1472 2925 1548 concipere.

527 1559 584 1614 2.
671 1556 815 1613 Haee
845 1555 970 1630 ipsa
998 1552 1104 1609 fuit
1135 1551 1454 1609 Gentilium
1482 1549 1763 1625 excepti0‚
1812 1549 1869 1605 in
1913 1549 2071 1606 cultu
2121 1548 2421 1624 idolorum,
2467 1550 2566 1626 qui
2608 1550 2929 1628 distingue-

527 1635 668 1692 bant
696 1635 846 1692 inter
894 1631 1130 1689 numina
1157 1629 1432 1702 coelestia,
1464 1629 1772 1698 terrestria,
1793 1635 1851 1684 et
1878 1627 2083 1702 media,
2115 1628 2264 1686 inter
2310 1629 2701 1688 adorationem
2732 1649 2927 1707 supre-

529 1733 682 1770 mam
711 1721 769 1770 et
798 1712 1182 1770 subalternam
1205 1731 1220 1783 ς
1251 1708 1409 1765 illam
1433 1707 1542 1764 soli
1573 1707 1699 1764 Deo
1728 1706 1941 1780 deberi,
1974 1707 2141 1764 istam
2175 1707 2303 1765 Diis
2346 1708 2712 1768 inferioribus
2740 1719 2799 1770 et
2825 1731 2929 1787 per

525 1791 1020 1869 participationem
1043 1788 1290 1847 talibus:
1323 1787 1403 1845 sic
1421 1787 1650 1844 Marsil.
1681 1786 1925 1860 Ficinus,
1959 1785 2018 1842 in
2046 1807 2167 1862 arg.
2189 1786 2288 1844 lib.
2312 1788 2390 1845 iv.
2421 1797 2478 1846 et
2506 1789 2627 1846 viii.
2658 1789 2729 1848 de
2760 1790 2923 1866 Leg.‚

531 1877 566 1904 “
583 1870 942 1944 Platonem,’'
969 1868 1169 1944 inquit,
1194 1867 1568 1925 “universam
1590 1866 1843 1924 Deorum
1864 1862 2220 1942 synagogam
2238 1867 2337 1925 uni
2358 1867 2601 1926 subdere
2618 1870 2739 1945 regi
2761 1879 2931 1946 prout

528 1950 658 2009 vult
687 1950 932 2026 singulis
961 1947 1280 2026 imperanti,
1307 1946 1510 2024 jubere
1539 1944 1770 2022 quidem
1820 1947 2068 2022 primum
2116 1947 2302 2004 Deum
2332 1957 2564 2025 propter
2592 1969 2653 2007 se
2682 1949 2924 2024 adorari,

529 2039 836 2106 sequentes
863 2048 1003 2087 vero
1031 2029 1130 2104 qui
1158 2027 1464 2103 participes
1494 2027 1622 2103 ejus
1654 2025 1750 2082 Dii
1774 2045 2003 2102 quoque
2032 2025 2315 2100 dicuntur,
2339 2027 2516 2084 amari
2546 2037 2815 2104 tanquam
2840 2029 2927 2087 illi

528 2109 850 2184 similiores,
881 2107 1148 2166 honorari
1177 2106 1348 2166 etiam
1398 2115 1465 2164 ut
1517 2105 1784 2178 vicerim,
1842 2104 1959 2164 imo
2008 2113 2065 2163 et
2092 2105 2362 2164 advocari
2400 2108 2564 2183 quasi
2595 2109 2925 2166 conciliato-

528 2189 679 2248 reS.'’
725 2189 930 2247 Nonne
959 2188 1084 2246 haec
1123 2187 1410 2264 ipsissima
1455 2195 1544 2244 est
1593 2184 2027 2242 Pontificiorum
2057 2185 2423 2260 Theologia?
2464 2189 2519 2245 3.
2566 2187 2777 2245 Glossa
2806 2189 2923 2246 Va-

525 2268 858 2344 lentiniana,
889 2289 1018 2345 quae
1047 2277 1220 2343 negat
1259 2266 1642 2323 idololatriam
1674 2264 1971 2339 committi,
2010 2265 2119 2321 etsi
2157 2265 2347 2322 cultus
2377 2265 2608 2324 divinus
2638 2266 2926 2326 deseratur

525 2359 817 2423 creaturae,
849 2348 1020 2405 modo
1049 2365 1164 2402 non
1207 2345 1494 2403 deferatur
1519 2345 1663 2402 sicut
1690 2345 1833 2417 De0‚
1864 2363 2021 2401 mera
2050 2352 2137 2401 est
2173 2344 2548 2420 vitilitigatio.
2634 2346 2782 2404 Nam
2814 2347 2922 2427 (1.)

523 2428 1034 2486 contradictionem
1055 2425 1328 2501 implicat,
1351 2424 1568 2482 cultum
1597 2423 1857 2480 divinum
1889 2423 2062 2480 alicui
2090 2421 2299 2480 deferri
2328 2445 2439 2481 non
2459 2425 2599 2483 sicut
2624 2428 2767 2500 De0,
2790 2428 2925 2503 quia

527 2507 575 2564 si
605 2526 720 2563 non
749 2505 1003 2562 defertur
1031 2504 1180 2562 sicut
1211 2503 1353 2576 De0,
1385 2521 1501 2559 non
1520 2510 1608 2559 est
1639 2502 1828 2560 cultus
1856 2501 2106 2558 divinus.
2154 2501 2233 2580 (2.
2314 2503 2406 2560 Sic
2438 2514 2770 2580 sequeretur
2796 2506 2919 2564 nul·

524 2585 639 2641 lam
671 2603 795 2642 esse
825 2583 1208 2641 idololatriam
1259 2583 1319 2639 in
1348 2590 1480 2639 actu
1509 2588 1767 2656 externo,
1800 2588 1857 2638 et
1886 2581 2172 2639 neminem
2202 2583 2221 2638 i
2263 2583 2562 2642 ololatram
2593 2584 2707 2642 dici
2734 2606 2921 2662 posse,

525 2665 634 2721 nisi
667 2663 767 2739 qui
821 2661 1094 2720 fatebitur
1123 2682 1182 2720 se
1233 2660 1538 2718 conciliare
1592 2661 1847 2718 voluisse
1878 2659 2133 2717 divinam
2178 2661 2347 2738 plane
2378 2664 2810 2722 aestimationem
2841 2667 2921 2724 rei

523 2763 698 2820 quam
728 2741 882 2817 colit,
915 2761 1029 2818 qua
1056 2741 1275 2800 ratione
1303 2739 1448 2796 nulli
1477 2747 1578 2797 aut
1625 2739 1955 2815 paucissimi
2000 2739 2247 2816 fuerunt,
2294 2741 2395 2801 aut
2424 2753 2559 2802 sunt
2586 2744 2921 2804 idololatrae.

525 2821 623 2880 An
641 2822 744 2900 qui
759 2831 1018 2880 ventrem
1041 2841 1145 2898 pro
1170 2821 1295 2878 Deo
1315 2819 1547 2892 habent,
1572 2819 1723 2876 Phil.
1746 2819 1826 2876 iii.
1862 2822 1952 2894 19,
1982 2830 2083 2879 aut
2110 2841 2391 2895 nummos,
2421 2823 2569 2899 Eph.
2600 2844 2656 2882 v.
2681 2827 2735 2898 5,
2768 2825 2925 2902 cogi—

521 2913 648 2962 tant
671 2903 742 2960 de
772 2901 1130 2960 concilianda
1160 2901 1229 2959 iis
1275 2899 1449 2958 rebus
1494 2898 1816 2957 divinitatis
1844 2900 2157 2976 opinione?
2239 2901 2396 2958 Nihil
2442 2903 2647 2978 minus,
2682 2904 2797 2962 imo
2825 2925 2925 2982 pa-

521 2983 634 3040 lam
665 2982 1006 3060 profitentur
1034 3002 1094 3040 se
1124 2982 1183 3039 in
1214 2982 1400 3040 Deum
1429 2978 1544 3038 fide
1571 2979 1921 3054 recumbere,
1966 2987 2025 3038 et
2050 2981 2273 3039 nullum
2312 2981 2469 3038 aliud
2498 3003 2710 3040 numen
2752 3003 2924 3042 vene·-

521 3063 652 3137 rari,
685 3071 743 3120 et
769 3071 963 3120 tamen
1012 3061 1330 3121 idololatrae
1357 3060 1646 3118 dicuntur.
1735 3059 1831 3118 Sic
1882 3059 2159 3119 Israelitae
2208 3080 2323 3120 non
2367 3061 2579 3120 fuerint
2609 3062 2926 3122 idololatrae

521 3140 777 3198 colentes
805 3142 1071 3214 vitulum,
1102 3161 1208 3199 nec
1239 3139 1472 3199 Ethnici
1518 3139 1881 3197 divinitatem
1938 3140 1997 3196 in
2028 3140 2347 3198 simulacris
2392 3141 2663 3214 colentes,
2695 3143 2793 3216 qui
2823 3163 2923 3201 no-

522 3219 754 3275 luerunt
781 3219 898 3274 illis
925 3219 1142 3274 cultum
1172 3219 1446 3276 exhibere
1488 3219 1632 3274 sicut
1676 3221 1822 3275 Deo,
1911 3217 2005 3275 Sic
2054 3218 2255 3276 Patres
2304 3219 2555 3276 Arianos
2584 3220 2925 3279 idololatriae

523 3295 854 3352 insimulare
882 3313 998 3351 non
1026 3296 1364 3370 potuissent,
1423 3295 1560 3370 quia
1587 3295 1904 3352 adorabant
1950 3296 2257 3368 Christum,
2289 3297 2389 3371 qui
2440 3297 2554 3352 illis
2582 3315 2773 3353 merus
2802 3310 2926 3359 erat

519 3374 712 3447 homn,
732 3373 887 3431 hunc
909 3371 1061 3429 enim
1085 3373 1298 3430 cultum
1322 3391 1438 3428 non
1458 3371 1547 3427 illi
1573 3370 1908 3428 deferebant
1929 3373 2069 3428 sicut
2088 3375 2231 3429 Deo,
2259 3373 2369 3450 (3.)
2404 3373 2533 3430 Hoc
2562 3375 2797 3450 perinde
2816 3390 2921 3454 est,

525 3471 592 3509 ac
621 3451 671 3508 si
699 3451 1020 3528 cujuspiam
1049 3469 1199 3508 uxor
1227 3451 1284 3506 in
1313 3449 1596 3507 adulterio
1624 3449 1997 3526 deprehensa,
2034 3470 2099 3507 os
2130 3470 2293 3508 suum
2334 3452 2705 3530 abstergeret,
2737 3465 2795 3516 et
2822 3477 2923 3517 ne·

523 3538 689 3608 garet
718 3550 780 3588 se
825 3529 1092 3589 adulterii
1123 3549 1294 3604 ream,
1325 3529 1423 3605 qui
1453 3547 1685 3586 usuram
1732 3528 1987 3605 corporis
2017 3529 2104 3586 sui
2148 3529 2284 3588 huic
2306 3532 2525 3590 homini
2554 3539 2921 3614 concesserit,

521 3631 636 3670 mm
663 3619 726 3668 ut
753 3611 971 3682 marito,
993 3611 1097 3668 sed
1112 3619 1176 3667 ut
1191 3609 1388 3666 mariti
1410 3609 1607 3684 amico,
1638 3627 1755 3666 non
1778 3609 2141 3684 conjugalem
2164 3610 2216 3667 ei
2239 3610 2717 3690 benevolentiam,
2750 3637 2921 3692 quam

523 3691 634 3750 soli
659 3690 866 3748 marito
895 3689 1148 3748 debitam
1177 3689 1356 3763 novit,
1389 3687 1489 3746 sed
1519 3689 1809 3746 amicalem
1844 3697 2065 3746 tantum
2094 3689 2457 3768 exhibend03
2487 3693 2618 3769 quis
2646 3714 2785 3752 vero
2814 3696 2922 3754 fer-

519 3780 610 3831 ret
637 3771 954 3828 adulteram
982 3769 1065 3827 ita
1089 3789 1154 3826 se
1183 3771 1594 3826 excusantem?
1663 3768 1760 3825 An
1794 3769 2073 3827 minuitur
2100 3769 2331 3847 crimen,
2364 3775 2629 3848 quamvis
2656 3794 2807 3833 uxor
2834 3776 2923 3834 sui

521 3851 743 3928 copiam
773 3849 948 3908 faciat
975 3849 1237 3907 adultero
1265 3848 1367 3923 illi,
1400 3868 1516 3906 non
1544 3857 1735 3907 tamen
1767 3859 1831 3908 ut
1859 3848 1941 3906 illi
1965 3850 2233 3908 conciliet
2258 3851 2760 3928 existimationem,
2793 3875 2920 3931 quae

519 3930 580 3987 in
610 3932 793 3990 solum
825 3930 1094 3988 maritum
1126 3929 1415 4006 competit.
1471 3928 1614 4002 Quis
1644 3929 1815 3987 etiam
1863 3929 2217 4004 idololatras,
2250 3931 2547 4008 spirituale
2574 3932 2921 3992 adulterium

519 4029 686 4069 suum
716 4011 797 4068 ita
826 4017 1222 4084 extenuanteS,
1265 4007 1575 4067 admittat?
1658 4009 1799 4066 Tam
1819 4008 1971 4066 enim
2018 4010 2124 4066 soli
2158 4011 2282 4068 Deo
2320 4011 2584 4087 proprius
2618 4021 2707 4070 est
2736 4013 2921 4072 omnis

519 4091 816 4168 religionis
838 4091 1043 4163 cultus,
1083 4107 1254 4164 quam
1287 4088 1388 4144 illa
1414 4088 1619 4147 marito
1660 4089 1765 4146 soli
1796 4089 2121 4166 conjugalis
2149 4089 2551 4149 benevolentia
2580 4089 2838 4150 debetur.

535 4207 708 4253 Latris
755 4213 808 4253 ot
856 4210 991 4254 dulia
1176 4168 1398 4225 XXII.
1447 4167 1565 4225 111.
1612 4167 1817 4244 Excip.
1866 4171 1900 4200 ‘⁴
1922 4167 2406 4244 Distinguendam
2452 4189 2577 4227 esse
2606 4173 2836 4250 λιτςιίιν
2864 4181 2923 4230 et

573 4279 668 4309 non
699 4267 944 4313 diff-runt.
1068 4244 1304 4322 δουλείαν,
1353 4247 1570 4306 cultum
1616 4251 1878 4327 λιτςιίιιςς
1917 4247 1995 4303 oli
2038 4247 2163 4305 Deo
2190 4248 2489 4324 vindicari,
2520 4246 2739 4308 δουλείαν
2782 4271 2921 4309 vero

1077 4327 1354 4387 creaturis
1383 4327 1552 4385 etiam
1583 4347 1753 4403 posse
1782 4326 2010 4384 deferri.
2072 4327 2193 4386 Nec
2230 4347 2441 4386 novam
2476 4329 2661 4387 videri
2711 4329 2919 4388 debere

515 4400 684 4459 istam
715 4401 1178 4482 distinctionem;
1225 4406 1620 4482 Augustinum
1662 4406 1873 4482 passim
1933 4425 2001 4462 ea
2029 4425 2214 4480 usum,
2272 4415 2329 4465 et
2380 4418 2623 4482 veteres,
2670 4409 2767 4486 qui
2800 4409 2919 4467 cul—

513 4489 634 4538 tum
667 4479 940 4538 falsorum
973 4485 1224 4542 Deorum
1274 4486 1562 4544 vocabant
1605 4485 1987 4543 idololatriam
2020 4505 2135 4542 non
2176 4486 2567 4562 idoloduliam,
2614 4487 2769 4565 quod
2800 4489 2919 4546 cul-

513 4569 606 4616 tus
639 4559 764 4617 Deo
793 4561 1055 4636 proprius
1085 4573 1324 4622 vocetur
1369 4570 1590 4645 )ατςιῒα,
1622 4585 1737 4623 non
1794 4561 2001 4624 δουλεῖαι.
2106 4565 2381 4624 Naturam
2432 4567 2513 4623 rei
2560 4567 2729 4625 etiam
2772 4569 2921 4626 hanc

511 4637 753 4714 docet-03
797 4659 928 4696 nam
960 4659 1063 4716 pro
1093 4643 1368 4716 gradibus
1397 4644 1755 4702 excellentiae
1799 4645 2021 4702 varium
2072 4645 2243 4702 etiam
2288 4663 2414 4703 esse
2444 4645 2652 4705 debere
2683 4647 2918 4705 cultum.
