3234 5192
291 363 522 405 msrur.
551 342 644 423 v.]
957 360 1036 401 nn
1063 359 1276 401 ramus
1315 358 1594 401 ‘rasa-inus
1636 356 2027 401 emensus.
2594 344 2710 403 297

295 504 745 578 concessionem,
782 502 958 581 juxta
993 509 1246 561 mentem
1273 520 1474 561 eorum
1529 520 1663 560 cum
1706 501 1918 579 quibus
1964 498 2191 578 agebat,
2236 498 2337 577 qui
2384 520 2517 561 eum
2562 500 2717 575 ψιλὴ

299 582 542 666 bognum
570 582 1000 657 existimabant,
1049 582 1114 641 Si
1139 590 1338 655 testor,
1383 580 1590 658 iuquit,
1622 580 1695 639 de
1723 599 1815 640 me
1844 581 1988 658 ipso,
2018 600 2089 639 eo
2116 600 2233 657 quo
2261 580 2495 640 creditis
2522 582 2713 659 modo,

296 666 464 743 quasi
489 666 664 724 homo
711 682 922 737 merus,
952 662 1183 740 proprio
1211 661 1468 736 arbitrie,
1499 668 1560 720 et
1600 660 1724 719 sine
1752 660 2025 719 mandato
2056 660 2284 735 Patris3
2328 660 2513 719 fateor
2552 662 2715 721 testi·

301 745 559 803 monium
586 763 778 803 meum
799 762 918 801 non
966 740 1086 801 fore
1134 761 1356 800 verum.
1443 740 1562 801 Sed
1607 740 1750 800 Joh.
1799 741 1922 799 viii.
1950 740 2209 817 loquitur
2234 759 2311 798 ex
2336 740 2423 799 rei
2450 741 2714 816 veritate,

298 823 554 901 dicitque
595 822 988 883 testimonium
1018 840 1186 881 suum
1213 821 1328 880 fide
1357 819 1602 897 dignum
1628 840 1775 897 esse,
1806 821 1944 899 quia
1970 820 2094 897 ipse
2121 839 2303 878 verax
2331 820 2423 895 sit,
2454 840 2563 880 nec
2590 840 2625 879 a
2652 840 2717 881 se

302 904 430 983 ipso
456 905 698 978 venerit,
731 903 836 963 sed
880 922 916 961 a
961 902 1132 961 Patre
1177 902 1278 979 qui
1307 920 1504 960 secum
1535 908 1801 961 testetur.
1886 900 2019 960 Hoc
2045 920 2187 959 vero
2216 900 2427 959 Christi
2456 900 2714 961 testimo·

299 984 461 1043 nium
509 985 582 1043 de
631 1004 692 1043 se
737 984 865 1062 ipso
909 990 1086 1041 tantas
1129 980 1240 1039 fuit
1267 980 1574 1041 evidentiae
1602 989 1665 1040 et
1707 980 2085 1055 certitudinis,
2116 989 2182 1039 ut
2208 980 2372 1039 nulla
2400 980 2717 1059 sophistica

302 1063 462 1123 eludi
489 1063 756 1141 potuerit.
841 1062 992 1123 Nam
1039 1062 1092 1121 si
1136 1060 1400 1121 Christus
1441 1080 1560 1119 non
1586 1059 1792 1121 fuisset
1818 1080 1992 1119 verus
2016 1060 2129 1119 Dei
2158 1060 2363 1136 Filius,
2394 1062 2626 1138 qualem
2653 1081 2717 1121 se

301 1143 694 1221 profitebatur,
725 1143 982 1202 omnium
1026 1141 1128 1218 qui
1176 1141 1466 1216 vixerunt,
1499 1140 1655 1199 absit
1690 1140 2065 1218 blasphemia,
2093 1140 2384 1217 Impostor
2408 1142 2717 1217 maximus,

304 1232 364 1283 et
414 1224 542 1283 Deo
570 1221 1185 1283 contumeliosissimus
1233 1219 1454 1299 fuisset,
1505 1221 1608 1298 qui
1644 1221 1817 1279 toties
1858 1240 1929 1279 ea
1954 1220 2028 1279 de
2059 1219 2204 1296 Dec,
2236 1220 2308 1279 de
2338 1240 2417 1296 se,
2448 1220 2521 1281 de
2548 1222 2719 1281 nobis

306 1323 438 1382 quse
465 1302 776 1361 salsissima
803 1310 938 1361 sunt
965 1309 1262 1361 assereret.
1346 1300 1433 1359 At
1460 1301 1522 1358 in
1548 1300 1812 1359 confesso
1834 1308 1938 1375 est,
1962 1299 2275 1359 fatentibus
2302 1300 2445 1378 ipsis
2471 1300 2516 1360 J
2518 1301 2719 1377 udaeis,

311 1382 596 1456 Ethnicis,
627 1381 1072 1456 Mahumctanis,
1094 1400 1377 1439 summam
1397 1380 1536 1441 vitae
1563 1380 1872 1458 puritatem
1896 1380 2261 1456 conjunctam
2282 1399 2413 1438 cum
2432 1380 2721 1441 constanti

309 1462 489 1521 animi
516 1461 848 1539 integritate
874 1460 936 1519 in
957 1480 1027 1519 eo
1047 1460 1360 1535 refulsisse,
1383 1480 1514 1537 quae
1535 1470 1735 1519 arcent
1756 1479 1985 1519 omnem
2004 1458 2295 1537 ejusmodi
2312 1460 2717 1538 suspicionem.

312 1540 377 1601 Si
420 1541 633 1601 Christi
672 1540 1065 1601 testimonium
1105 1561 1223 1601 non
1262 1540 1468 1601 fuisset
1505 1560 1709 1600 verum
1758 1549 1816 1599 et
1856 1540 2172 1614 ,εὐνόει-εστιν,
2203 1538 2305 1597 An
2334 1540 2607 1600 credibile
2630 1548 2721 1601 est

313 1622 522 1697 Deum,
553 1622 653 1700 qui
702 1621 902 1699 gloriae
947 1642 1066 1681 suae
1110 1621 1332 1681 vindex
1379 1628 1470 1681 est
1523 1621 1855 1695 acerrimus,
1904 1628 2025 1679 tam
2062 1619 2384 1696 impudenti
2420 1620 2720 1681 mendacio

310 1702 596 1763 calculum
617 1722 786 1761 suum
804 1702 1200 1779 appositurum
1217 1701 1413 1776 fuisse,
1439 1708 1498 1761 et
1518 1700 1793 1761 virtutem
1816 1720 1979 1759 suam
1998 1708 2057 1759 et
2084 1700 2489 1759 authoritatem
2520 1701 2721 1778 gloriae

311 1803 431 1843 suae
459 1783 674 1860 raptori
721 1790 782 1843 et
827 1783 1156 1861 usurpatori
1198 1781 1695 1841 commodaturum
1734 1779 1953 1840 fuisse?
2034 1779 2252 1839 Annon
2278 1780 2473 1858 potius
2500 1781 2596 1840 vel
2622 1801 2728 1859 per

310 1864 620 1941 prophetas
647 1862 788 1922 olim
815 1863 1198 1941 praedixisset,
1229 1861 1327 1921 vel
1354 1862 1650 1939 prophetis
1678 1862 1948 1921 excitatis
1975 1860 2350 1938 coarguisset,
2380 1860 2479 1919 vel
2506 1860 2565 1919 in
2594 1870 2722 1921 tan·

310 1951 434 2002 tum
463 1944 652 2002 scelus
679 1942 1026 2020 gravissimo
1067 1942 1263 2019 aliquo
1291 1942 1576 2019 supplicio
1603 1941 2145 2018 animadvertisset;
2190 1950 2255 2001 ut
2282 1940 2421 1999 olim
2450 1942 2723 2019 angelum

313 2022 386 2082 de
407 2022 674 2083 affectata
704 2022 816 2081 Dei
844 2022 1175 2100 aequalitate
1197 2030 1316 2080 tam
1345 2022 1601 2098 graviter
1636 2021 1867 2100 punivit
1886 2024 1915 2079 P
1998 2021 2143 2080 Cum
2186 2028 2385 2079 contra
2412 2030 2607 2098 pateat
2634 2040 2722 2080 se·-

313 2104 575 2161 culorum
603 2102 852 2161 decursu
879 2102 1200 2161 doctrinam
1229 2102 1358 2178 ejus
1385 2102 1655 2177 crevisse,
1686 2109 1746 2160 et
1785 2109 1969 2160 totum
1998 2108 2277 2159 terrarum
2306 2100 2503 2158 orbem
2542 2100 2725 2178 reple·

316 2183 492 2256 visse,
523 2190 589 2241 ut
616 2201 648 2240 e
676 2182 835 2239 fonte
863 2180 1170 2258 prosiliens
1214 2200 1366 2257 aqua
1407 2181 1550 2240 rivis
1605 2180 2047 2254 confluentibus,
2072 2198 2203 2257 quae
2229 2179 2306 2238 ad
2334 2179 2482 2238 talos
2509 2180 2723 2256 pertin·

316 2262 510 2339 gebat,
541 2260 618 2319 ad
645 2280 851 2337 genna,
881 2269 1100 2338 pectus,
1131 2267 1190 2319 et
1218 2268 1391 2339 caput
1418 2260 1606 2337 ipsum
1636 2260 1936 2321 attollitur.
2024 2259 2087 2320 Si
2114 2259 2295 2319 Jesus
2316 2278 2433 2317 non
2460 2258 2665 2319 fuisset
2691 2279 2729 2318 a

318 2340 464 2414 DeO‚
493 2340 784 2417 quomodo
805 2361 1016 2401 nomen
1043 2341 1170 2419 ejus
1198 2348 1258 2400 et
1276 2340 1532 2418 dignitas
1559 2361 1853 2419 emergere
1880 2340 2165 2419 potuisset
2192 2340 2342 2400 inter
2368 2346 2455 2399 tot
2482 2359 2649 2417 reges
2669 2348 2731 2399 et

315 2422 622 2499 principes,
653 2421 755 2499 qui
780 2421 1020 2499 perdere
1041 2422 1230 2499 ipsum
1253 2422 1618 2481 enitebantur
1637 2425 1666 2481 Ρ
1748 2421 2049 2497 Quomodo
2076 2418 2357 2479 suffocata
2382 2440 2501 2479 non
2526 2420 2733 2480 fuisset

317 2510 376 2561 et
403 2504 662 2562 extincta
687 2503 812 2579 ejus
841 2501 1104 2563 doctrina
1117 2502 1342 2579 ingenti
1369 2502 1833 2579 persecutionum
1874 2511 2021 2561 aestu
2040 2502 2069 2559 Ρ
2150 2502 2236 2560 At
2263 2501 2407 2561 fides
2434 2510 2501 2561 ut
2526 2520 2731 2561 aurum

315 2581 451 2659 igne
473 2582 832 2660 excoquitur,
864 2594 923 2644 et
949 2603 1066 2645 non
1094 2582 1467 2657 consumitur,
1491 2583 1552 2640 in
1569 2579 2041 2660 gravissimarum
2070 2580 2452 2640 tentationum
2502 2580 2735 2641 fornace

317 2664 630 2723 constituta
657 2664 986 2740 permansit,
1019 2674 1078 2725 et
1105 2664 1293 2723 evasit
1341 2662 1556 2722 victrix
1579 2671 1639 2721 et
1665 2660 2075 2737 triumphatrix
2101 2681 2116 2735 3
2160 2660 2361 2719 Toties
2389 2660 2641 2720 cribrata
2670 2667 2730 2720 et

317 2752 574 2819 excocta,
605 2750 694 2803 tot
721 2743 1134 2821 experimentis
1159 2742 1420 2820 probata,

965 2899 1084 2959 Ocu
1111 2899 1271 2959 duris
1297 2898 1414 2957 ilex
1435 2906 1595 2955 tonsa
1615 2896 1952 2970 bipennibus,

965 2979 1051 3035 Ab
1079 2979 1202 3055 {pso
1230 2977 1396 3035 duxit
1421 2995 1554 3051 opes
1579 2976 1937 3050 animumque
1948 2976 2139 3048 serr-0.

323 3136 467 3211 Quae
509 3135 703 3195 omnia
740 3136 1064 3195 luculenter
1103 3134 1396 3209 evincunt,
1428 3130 1847 3191 Testimonium
1876 3131 2108 3206 Christi,
2152 3131 2311 3207 quod
2350 3150 2455 3209 per
2493 3130 2737 3195 verbum

324 3236 493 3277 suum
535 3215 702 3275 nobis
729 3214 1002 3290 reddidit,
1033 3214 1424 3273 indubitatum
1451 3232 1580 3271 esse
1600 3219 1661 3271 et
1682 3211 1963 3271 divinum.
2049 3210 2206 3270 Huic
2234 3231 2405 3291 porro
2446 3213 2590 3271 orali
2618 3220 2726 3273 tes·

325 3297 585 3373 timoni0,
629 3296 768 3355 addi
822 3304 1067 3374 possunt
1105 3294 1284 3353 variae
1326 3292 1543 3353 Christi
1603 3292 2007 3371 apparitiones,
2065 3292 2277 3369 quibus
2317 3311 2379 3351 se
2419 3292 2739 3355 videndum

326 3388 386 3439 et
426 3376 778 3437 audiendum
820 3375 1066 3454 praebuit
1107 3374 1183 3433 ad
1222 3373 1715 3435 confirmationem
1758 3372 2051 3451 evangelii
2092 3372 2201 3449 sui,
2246 3381 2311 3433 ut
2350 3393 2529 3452 quum
2568 3375 2735 3435 visus

323 3466 412 3517 est
457 3459 754 3535 Stephano
799 3455 1234 3532 Protomartyri,
1280 3455 1416 3514 Act.
1461 3453 1582 3531 vii„
1616 3452 1803 3512 Paulo
1844 3473 2021 3530 quum
2064 3473 2193 3512 eum
2238 3454 2542 3530 convertit,
2594 3455 2731 3516 Act.

323 3538 404 3597 ix.
439 3542 468 3597 1
504 3538 634 3599 Cor.
659 3556 779 3613 xv„
812 3544 870 3595 et
898 3537 942 3596 J
944 3536 1118 3595 oanni
1145 3536 1446 3612 Theologo
1475 3535 1689 3612 saepius
1715 3534 1778 3592 in
1807 3533 1997 3593 insula
2020 3533 2317 3611 Pathmos,
2344 3534 2532 3612 Apoc.
2562 3534 2602 3594 i.
2634 3540 2691 3595 2.

409 3618 625 3676 XVII.
675 3616 792 3677 Sed
819 3616 1084 3675 Christus
1109 3636 1227 3674 non
1255 3624 1480 3676 tantum
1507 3615 1705 3690 verb0,
1738 3614 1843 3673 sed
1879 3634 2049 3691 opere
2082 3614 2447 3692 potissimum
2492 3622 2739 3675 testatus

328 3705 434 3773 est,
482 3700 518 3730 ‘⁴
542 3695 732 3775 Opera
758 3717 888 3774 quae
932 3696 1078 3756 facio
1125 3704 1413 3756 testantur
1461 3694 1534 3753 de
1559 3714 1671 3768 me,
1696 3694 1853 3771 quod
1884 3694 2057 3753 Pater
2083 3714 2175 3753 me
2202 3694 2481 3769 miserit,”
2506 3694 2550 3753 J
2552 3694 2645 3753 oh.
2677 3714 2735 3755 v,

333 3778 429 3853 36,
478 3779 515 3810 “
542 3776 604 3835 Si
651 3796 770 3835 non
812 3776 992 3836 vultis
1037 3776 1271 3835 credere
1321 3775 1482 3849 mihi,
1533 3774 1752 3834 credite
1802 3774 2132 3852 operibus,''
2184 3774 2325 3834 Joh.
2376 3794 2434 3831 x.
2487 3777 2582 3848 37,
2636 3777 2732 3849 38,

333 3859 369 3891 ‘⁶
393 3856 622 3916 Credite
643 3856 798 3934 quod
829 3858 960 3935 Ego
979 3878 1106 3917 sum
1128 3856 1189 3915 in
1218 3854 1392 3915 Patre
1421 3862 1480 3915 et
1503 3855 1679 3915 Pater
1704 3854 1766 3913 in
1806 3874 1917 3931 me,
1948 3856 2039 3913 sin
2067 3853 2275 3928 minus,
2302 3852 2517 3912 credite
2547 3854 2732 3931 operi-

328 3935 498 4012 bu8,”
543 3937 682 3997 Joh.
713 3938 834 3996 xiv.
869 3941 962 3997 11.
1047 3937 1132 3997 Ut
1175 3936 1328 3995 enim
1377 3934 1618 4013 sanguis
1669 3933 1877 3994 Abelis
1931 3934 2158 4008 clamat,
2212 3933 2365 3992 Heb.
2395 3932 2497 3995 xii.
2548 3936 2643 4008 24,
2675 3942 2736 3994 et

331 4036 506 4095 opera
554 4017 668 4076 Dei
707 4017 952 4095 gloriam
982 4016 1270 4076 Creator-is
1324 4024 1610 4089 enarrant,
1674 4014 1828 4073 Psal.
1884 4014 2010 4073 xix.
2065 4015 2117 4088 1,
2164 4013 2258 4071 Ita
2305 4032 2479 4090 opera
2533 4013 2735 4073 divina

329 4098 542 4156 Christi
569 4097 926 4159 luculentum
951 4097 1040 4155 illi
1068 4096 1373 4174 perhibent
1413 4095 1826 4167 testimonium,
1860 4094 1989 4152 Imo
2018 4093 2321 4151 disertiora
2364 4099 2499 4151 sunt
2526 4095 2735 4170 quavis

330 4178 623 4238 concione.
709 4178 868 4237 Hinc
909 4177 1124 4237 factum
1171 4185 1238 4237 ut
1284 4174 1551 4235 Christus
1597 4175 1709 4232 hoc
1752 4192 1932 4232 unum
1968 4172 2361 4231 testimonium
2408 4172 2479 4230 de
2522 4192 2583 4232 se
2610 4174 2739 4250 ipso

329 4267 604 4335 tanquam
622 4266 1026 4336 argumentum
1043 4256 1426 4317 certissimum
1448 4256 1491 4315 J
1495 4254 1699 4313 oannis
1718 4252 1998 4329 Baptista
2014 4252 2377 4329 proposuerit
2399 4252 2609 4311 Matth.
2632 4254 2734 4331 xi„

329 4358 508 4415 quum
536 4338 854 4415 discipulos
881 4356 917 4394 a
943 4337 986 4396 J
991 4354 1173 4395 oanne
1201 4334 1428 4411 missos,
1457 4343 1525 4393 ut
1551 4332 1907 4410 inquirerent
1927 4351 2000 4389 an
2018 4338 2171 4389 esset
2193 4330 2458 4407 Messias,
2488 4352 2565 4391 an
2592 4334 2740 4394 alius

329 4418 460 4495 quis
488 4410 884 4497 expectandus
933 4424 1101 4489 esset,
1133 4434 1264 4474 cum
1291 4415 1402 4472 hoc
1449 4432 1727 4489 responso
1753 4410 2013 4485 remittit,
2062 4412 2098 4443 ‘⁴
2116 4410 2475 4472 Renunciate
2519 4414 2563 4473 J
2566 4414 2741 4474 oanni

371 4517 460 4557 uae
487 4498 718 4571 videtis,
744 4504 804 4556 et
829 4494 1060 4571 auditis,
1083 4494 1222 4555 caeci
1242 4494 1432 4552 visum
1455 4491 1756 4569 recipiunt,
1782 4490 1974 4549 claudi
1994 4489 2307 4567 ambulant,
2338 4492 2551 4570 leprosi
2571 4514 2737 4555 mun·

407 4586 560 4653 ntur,
591 4576 754 4637 surdi
780 4574 1036 4650 audiunt,
1067 4574 1280 4634 mortui
1309 4572 1662 4633 suscitantur
1689 4579 1749 4630 et
1792 4571 2159 4649 evangelium
2189 4574 2572 4635 annunciatur
2596 4595 2737 4653 pau·

331 4658 627 4734 peribus.”
662 4657 808 4717 Cum
830 4655 982 4715 enim
1012 4654 1350 4733 prophetica
1367 4653 1602 4713 oracula
1631 4650 1909 4711 Messiam
1936 4652 2095 4713 hisce
2123 4652 2279 4712 notis
2306 4662 2365 4713 et
2388 4654 2733 4715 characteri-
