3234 5192
322 375 556 417 msrur.
587 361 740 433 xm]
945 372 1023 412 ns
1054 373 1545 416 sarrsmcnoms
1576 377 1821 419 efflusrr
1852 379 2176 420 vsatrars.
2608 366 2728 422 621

2422 441 2499 456 m

413 517 734 590 Enarratio,
767 516 827 573 in
858 514 1012 574 Psal.
1045 536 1181 574 xcv.

410 601 445 629 ‘⁴
465 596 832 654 Tenebantur
859 595 1121 654 homines
1143 596 1356 674 captivi
1388 598 1494 655 sub
1524 597 1772 671 diabolo,
1794 608 1853 657 et
1870 598 2228 658 daemonibus
2256 600 2602 675 serviebant,
2634 601 2739 660 sed

327 676 610 753 redempti
655 685 789 733 sunt
833 695 866 732 a
915 676 1267 752 captivitate.
1352 677 1623 736 Vendere
1672 679 1823 736 enim
1870 701 1931 738 se
1970 687 2295 756 potuerunt,
2327 679 2429 738 sed
2459 679 2737 738 redimere

327 776 444 815 non
473 763 800 833 potuerunt.
843 755 1024 812 Venit
1050 755 1416 833 Redemptor,
1449 765 1507 816 et
1535 757 1697 816 dedit
1716 760 1979 836 pretium,
2002 759 2150 818 fudit
2179 763 2519 836 sanguinem
2548 779 2734 833 suum,

329 845 388 895 et
416 837 555 894 emit
583 835 780 894 orbem
809 842 1105 894 terrarum.
1191 836 1462 910 Quaeritis
1510 837 1652 915 quid
1695 841 1943 898 emerit?
1984 839 2197 898 Videte
2240 840 2380 916 quid
2410 839 2648 913 dederit,
2680 848 2740 898 et
2814 847 2823 854 ”

331 915 586 974 invenite
631 913 773 992 quid
821 915 1064 990 emerit3
1117 916 1367 991 Sanguis
1418 917 1631 975 Christi
1680 920 1925 995 pretium
1972 927 2077 978 est.
2164 920 2336 978 Tanti
2365 919 2505 997 quid
2534 921 2738 978 valet?

333 996 487 1070 Quid
513 996 626 1054 nisi
653 1003 810 1054 totus
839 993 1040 1053 orbis?
1123 995 1276 1070 Quid
1305 997 1417 1054 nisi
1439 1017 1638 1057 omncs
1666 1008 1869 1074 gentes
1888 999 1953 1057 P'’
1986 997 2094 1058 Sco.

422 1076 497 1134 Et
529 1077 710 1134 Serm.
748 1077 856 1131 141
892 1073 964 1132 de
993 1075 1261 1152 Tempor.

417 1158 452 1189 ‘⁴
478 1156 760 1212 Dominus
787 1162 984 1212 noster
1027 1155 1071 1214 J
1074 1175 1206 1214 esus
1237 1155 1498 1215 Christus
1548 1157 2023 1216 communicando
2068 1159 2368 1218 nobiscum
2420 1160 2542 1218 sinc
2572 1160 2743 1236 culpa

333 1255 579 1312 poenam,
612 1243 670 1292 et
699 1235 926 1311 culpam
955 1235 1133 1294 solvit
1161 1243 1219 1295 et
1247 1237 1534 1312 poenam,”
1566 1235 1674 1295 820.
1732 1293 1742 1306 ,

419 1315 584 1372 Idem
613 1315 712 1374 lib.
744 1314 822 1372 iv.
856 1324 1055 1372 contra
1084 1315 1229 1374 duas
1261 1315 1705 1392 Pelagianorum
1735 1317 2046 1394 Epistolas.
2078 1338 2127 1376 c.
2158 1321 2214 1376 4.

419 1396 455 1427 “
483 1395 644 1452 Sicut
673 1395 831 1452 solus
859 1393 988 1452 ideo
1035 1393 1222 1454 factus
1272 1405 1360 1455 est
1401 1396 1653 1454 hominis
1695 1396 1867 1472 filius,
1896 1405 1963 1456 ut
2006 1417 2112 1455 nos
2153 1417 2255 1473 per
2302 1399 2465 1456 illum
2498 1399 2608 1457 Dei
2638 1399 2743 1457 filii

335 1475 634 1533 fieremus:
680 1475 773 1533 Ita
802 1474 959 1532 solus
987 1495 1090 1552 pro
1119 1476 1288 1535 nobis
1336 1477 1588 1553 suscepit
1638 1477 1761 1534 sinc
1788 1477 1960 1535 malis
2002 1477 2223 1536 meritis
2264 1497 2511 1555 poenam,
2544 1489 2609 1538 ut
2636 1499 2743 1537 nos

335 1575 438 1631 per
465 1555 628 1612 illum
659 1555 782 1613 sine
812 1554 978 1612 bonis
1009 1556 1227 1614 meritis
1257 1575 1738 1633 consequeremur
1766 1557 2029 1634 gratiam.
2076 1557 2224 1631 Quia
2251 1558 2401 1618 sicut
2429 1559 2595 1618 nobis
2626 1579 2743 1616 non

337 1633 656 1692 debebatur
683 1633 905 1711 aliquid
931 1635 1086 1710 boni,
1120 1635 1200 1694 ita
1226 1656 1332 1694 nec
1363 1636 1449 1694 illi
1476 1637 1697 1713 aliquid
1724 1637 1920 1711 mali‚’'
1952 1635 2060 1696 διο.

418 1715 540 1772 Leo
573 1715 824 1791 Magnus
853 1714 953 1790 qui
982 1722 1238 1793 tempore
1267 1716 1578 1775 Theodosii
1597 1717 1846 1794 junioris
1874 1716 2117 1777 florebat
2144 1737 2275 1776 ann.
2307 1719 2443 1776 440.

420 1795 510 1852 De
539 1796 712 1872 passi.
747 1793 927 1853 Serm.
964 1798 1056 1854 13.

422 1878 458 1908 “
481 1875 762 1950 Quamvis
788 1876 850 1932 in
878 1882 1192 1952 conspectu
1222 1876 1460 1934 Domini
1487 1878 1798 1936 multorum
1820 1885 2143 1937 sanctorum
2164 1877 2417 1954 pretiosa
2443 1896 2598 1935 mors
2625 1876 2745 1934 fue-

339 1955 430 2029 rit,
461 1955 680 2013 nullius
708 1961 901 2013 tamen
930 1955 1176 2013 insontis
1205 1957 1417 2014 occisio
1445 1957 1775 2034 propitiatio
1806 1957 1914 2016 fuit
1929 1958 2148 2015 mundi.
2194 1959 2563 2033 Acceperunt
2583 1957 2745 2033 justi,

338 2055 454 2092 non
484 2033 768 2092 dederunt
795 2053 1052 2110 coronaS,
1084 2043 1142 2092 et
1171 2035 1242 2094 de
1270 2035 1527 2095 fidelium
1549 2037 1885 2095 fortitudine
1908 2039 2175 2116 exempla
2201 2045 2337 2096 nata
2366 2045 2499 2096 sunt
2526 2037 2745 2113 patien-

339 2115 434 2172 tiae
462 2133 580 2170 non
608 2113 760 2171 dona
780 2113 1042 2189 justitiae.
1092 2113 1427 2192 Singulares
1469 2116 1681 2194 quippe
1730 2117 1792 2173 in
1821 2117 2067 2194 singulis
2114 2125 2328 2176 mortes
2366 2117 2611 2191 fuerunt,
2644 2137 2749 2175 nec

339 2193 576 2251 alterius
603 2193 909 2273 quisquam
940 2193 1196 2252 debitum
1227 2213 1333 2252 suo
1361 2195 1560 2254 funere
1591 2195 1783 2271 solvit,
1816 2217 1947 2256 cum
1977 2196 2126 2256 inter
2152 2197 2303 2255 filios
2332 2197 2628 2255 hominum
2658 2217 2747 2256 so-

337 2273 430 2331 lus
465 2272 746 2330 Dominus
775 2281 971 2331 noster
998 2273 1041 2331 J
1043 2292 1176 2331 esus
1207 2274 1470 2333 Christus
1498 2276 1772 2352 extiterit,
1794 2276 1853 2334 in
1879 2297 1993 2352 quo
2014 2297 2212 2337 omnes
2240 2277 2519 2352 crucifixi,
2550 2297 2750 2336 omnes

341 2353 568 2426 mortui,
602 2372 800 2410 omnes
830 2352 1057 2429 sepulti,
1088 2374 1288 2412 omnes
1316 2355 1488 2413 etiam
1529 2364 1663 2414 sunt
1692 2357 2010 2416 suscitati.''

425 2432 743 2491 Anselmus
772 2433 872 2509 qui
901 2432 1330 2494 cantuariensis
1361 2433 1850 2515 Archiepiscopus
1878 2436 2065 2497 factus
2093 2444 2183 2496 est
2210 2456 2341 2495 ann.
2374 2437 2449 2495 D.
2484 2439 2655 2496 1093.

426 2511 556 2570 Lib.
587 2513 660 2571 de
691 2513 986 2590 Concepti.
1017 2513 1206 2592 Vix-gi.
1237 2523 1295 2574 et
1321 2536 1515 2592 pecca.
1547 2517 1708 2594 Orig.
1739 2539 1789 2576 c.
1820 2521 1918 2576 21.

427 2595 462 2626 “
488 2593 648 2652 Dicit
675 2593 902 2671 aliquis„
939 2594 1001 2653 Si
1029 2615 1145 2652 non
1173 2596 1389 2656 habent
1417 2597 1634 2674 singuli
1678 2605 1978 2675 peccatum
2028 2596 2516 2675 Adae,.quomodo
2546 2597 2756 2660 asseris

343 2674 566 2733 nullum
597 2674 809 2732 salvari
856 2674 980 2732 sine
1009 2675 1398 2734 satisfactione
1435 2677 1659 2752 peccati
1678 2677 1828 2734 Adae
1849 2680 1878 2735 P
1926 2697 2059 2734 nam
2102 2679 2349 2755 qualiter
2367 2678 2565 2756 justus
2596 2677 2757 2735 Deus

343 2754 529 2830 exigit
557 2755 631 2812 ab
661 2755 777 2812 illis
807 2754 1256 2813 satisfactionem
1285 2755 1442 2832 quod
1469 2776 1587 2813 non
1615 2757 1831 2814 habent
1851 2759 1879 2814 P
1922 2757 2023 2813 Ad
2070 2758 2225 2833 quod
2253 2758 2401 2834 dico,
2436 2755 2599 2817 Deus
2641 2775 2758 2812 non

345 2834 532 2911 exigit
560 2835 633 2891 ab
660 2833 782 2892 ullo
811 2842 1110 2910 peccatore
1139 2834 1269 2911 plus
1297 2855 1470 2911 quam
1501 2835 1706 2909 debet3
1754 2835 1856 2894 sed
1884 2836 2157 2912 quoniam
2186 2839 2381 2896 nullus
2407 2829 2757 2915 potet-{tred-

344 2913 480 2971 dere
509 2921 788 2990 quantum
817 2913 1005 2986 debet,
1038 2913 1196 2974 solus
1245 2914 1508 2974 Christus
1551 2915 1807 2974 reddidit
1832 2936 1935 2992 pro
1982 2916 2249 2974 omnibus
2294 2919 2393 2994 qui
2438 2920 2771 3000 salvantur&

345 2993 651 3070 plusquam
680 2992 977 3050 debetur.''

1063 3160 1466 3208 EHIMETPA
1511 3107 2158 3214 RESPONDENTIS.

428 3310 478 3367 I.
522 3307 623 3367 An
651 3309 710 3367 in
738 3309 1034 3386 probanda
1066 3311 1125 3368 S.
1181 3311 1476 3388 Scriptura
1517 3313 1944 3373 committamus
1974 3314 2283 3392 Circulum,
2331 3337 2403 3376 an
2435 3337 2572 3378 vero
2604 3317 2753 3377 Pon-

347 3390 548 3450 tifieii?
592 3391 668 3448 N.
683 3391 868 3467 prius,
900 3391 972 3448 A.
992 3392 1292 3467 posterius,

430 3471 514 3529 11.
561 3469 658 3528 An
691 3471 797 3529 Dei
831 3471 1142 3530 Decretum
1172 3480 1230 3529 et
1259 3472 1587 3531 Concursus
1608 3473 1774 3531 tollat
1803 3474 2255 3552 contingentiam
2285 3499 2475 3538 rerum
2501 3479 2598 3538 vel
2626 3499 2756 3538 eum

346 3551 571 3628 peccati
597 3551 897 3609 authorem
925 3539 1144 3610 faciatP
1181 3554 1261 3610 N.

428 3631 550 3689 III.
597 3631 696 3688 An
726 3631 988 3690 Christus
1017 3632 1093 3690 sit
1114 3633 1319 3691 unicus
1347 3639 1542 3690 noster
1573 3631 1906 3692 Mediator?
1947 3636 2019 3694 A.

431 3711 542 3768 1V.
588 3709 688 3768 An
718 3710 935 3770 Paulus
964 3712 1036 3770 de
1067 3733 1126 3770 se
1155 3721 1222 3772 ut
1249 3711 1510 3790 regenito
1537 3713 1814 3790 loquutus
1843 3714 1919 3772 sit
1945 3715 2007 3772 in
2035 3725 2323 3793 postrema
2364 3726 2524 3793 parte
2554 3717 2759 3794 capitis

349 3790 580 3868 septimi
611 3791 890 3868 Epistolae
919 3792 992 3849 ad
1024 3793 1190 3852 Rom.
1213 3796 1242 3852 P
1282 3796 1354 3851 A.

429 3871 505 3928 V.
552 3871 651 3927 An
679 3871 858 3928 verba
890 3871 948 3931 S.
982 3872 1191 3946 Coenae,
1226 3873 1358 3931 Hoc
1387 3879 1476 3930 est
1504 3891 1712 3950 corpus
1738 3893 1947 3951 meum,
1972 3875 2189 3953 tropice
2220 3875 2335 3934 sint
2362 3873 2757 3951 intelligenda,

349 3969 423 4008 an
452 3951 796 4009 literaliterP
836 3949 918 4009 A.
943 3954 1131 4028 Prius,
1165 3955 1242 4011 N.
1266 3953 1572 4012 Posterius.

432 4029 548 4089 VI.
592 4030 690 4088 An
721 4031 1014 4090 decretum
1047 4033 1254 4110 synodi
1281 4032 1827 4108 Hierosolymitanae
1857 4033 2029 4092 fuerit
2054 4034 2318 4113 perpetui
2344 4032 2507 4095 Juris
2527 4036 2557 4090 P
2598 4035 2677 4092 D.

347 4109 576 4248 NVII.
623 4111 722 4168 An
751 4112 881 4187 quis
909 4112 1063 4170 bona
1111 4112 1463 4173 conscientia
1493 4111 1927 4171 pontificiorum
1976 4114 2169 4174 Sacris
2211 4117 2487 4174 interesse
2536 4113 2763 4190 possit?
