3234 5192
544 341 661 398 208
1505 359 1584 400 ns
1612 358 1786 401 Lmno
1814 360 1988 402 πτας.
2268 344 2274 355 ’
2616 339 2872 422 [msru’r.
2903 361 2946 401 1.

542 502 615 561 de
643 523 759 580 quo
786 504 915 563 vult
938 501 1188 579 intelligi
1214 502 1407 562 locum
1436 501 1624 579 Apoc.
1653 521 1756 559 xx.
1791 503 1883 576 12,
1914 500 2016 560 ubi
2043 521 2119 560 ex
2161 498 2416 577 August.
2445 499 2547 558 lib.
2577 519 2680 558 xx.
2710 500 2784 559 de
2813 500 2942 559 civ.

543 582 671 657 Dei,
704 603 810 660 cap
842 586 933 658 14,
964 590 1129 660 putat
1155 581 1483 659 legendum,
1503 600 1618 639 non
1649 588 1874 640 tantum
1894 588 1962 640 ut
1985 580 2231 641 habetur
2257 580 2456 657 vulg0,
2488 588 2547 638 et
2578 581 2613 612 ‘⁴
2633 581 2770 638 liber
2795 581 2943 639 alius

538 671 771 739 apertus
799 671 896 737 est,
928 663 1028 739 qui
1050 671 1132 720 cst
1170 662 1307 721 liber
1348 661 1532 737 vitoe,¹'
1565 660 1670 719 sed
1713 663 1751 693 “
1775 661 1914 718 liber
1959 662 2106 718 alius
2149 668 2379 737 apertus
2428 668 2522 733 est,
2554 659 2657 736 qui
2700 670 2781 719 est
2806 661 2943 719 liber

538 744 666 800 vitae
692 742 1177 819 uniuscujusque,”
1206 750 1273 799 ut
1300 749 1533 800 notetur
1578 741 1673 798 vis
1718 740 1982 816 quaedam
2029 739 2244 815 divina,
2277 741 2444 817 cujus
2488 738 2706 798 virtute
2752 740 2814 797 in
2842 739 2938 799 die

528 822 742 899 judicii
768 822 851 880 ita
876 822 1222 881 reducentur
1247 821 1557 898 unicuique
1585 820 1647 877 in
1688 820 2022 877 memoriam
2057 819 2346 896 praeterita
2373 826 2539 896 gesta
2567 838 2688 893 sua,
2719 826 2780 877 et
2805 828 2940 879 ante

537 902 738 960 oculos
764 901 974 959 mentis
1002 909 1301 978 ponentur,
1332 908 1399 959 ut
1426 900 1572 958 nulli
1597 908 1738 957 tunc
1765 898 1988 959 licitum
2015 896 2273 957 futurum
2301 898 2378 957 sit
2405 898 2502 955 vel
2528 898 2812 975 ignorare,
2841 899 2940 958 vel

538 980 917 1054 dissimulare,
948 980 1045 1039 vel
1092 979 1444 1039 abscondere
1486 986 1726 1056 peccata
1768 998 1890 1037 sua.
1975 978 2224 1053 Quintus
2263 985 2322 1037 et
2363 976 2602 1036 ultimus
2647 986 2736 1037 est
2760 977 2940 1037 Liber

537 1061 665 1119 vitoe
691 1070 928 1135 ωεστ-πω,
957 1060 1128 1119 beata
1156 1059 1377 1118 scilicet
1402 1068 1460 1118 et
1488 1066 1702 1117 aeterna
1731 1058 1944 1116 Christi
1965 1057 2289 1134 praesentia,
2312 1056 2467 1135 apud
2493 1076 2665 1134 quem
2694 1065 2782 1115 est
2809 1057 2940 1117 fons

535 1139 691 1213 vitas,
720 1139 872 1197 Psal.
902 1140 1135 1215 xxxvi„
1166 1147 1225 1198 et
1250 1138 1313 1196 in
1341 1139 1511 1212 cujus
1530 1137 1758 1197 visione
1774 1136 2119 1196 habebimus
2138 1138 2338 1197 lumen
2359 1138 2514 1211 vitae,
2536 1144 2596 1195 et
2622 1136 2935 1213 assiduam,

538 1226 607 1277 ut
632 1221 713 1277 ita
741 1218 947 1294 dicam,
981 1218 1145 1277 Libri
1173 1218 1309 1276 vitae
1337 1218 1664 1277 lectionem.
1747 1216 1842 1275 Ita
1869 1225 1935 1276 ut
1951 1216 2229 1294 quicquid
2255 1217 2318 1275 in
2344 1217 2528 1294 primo
2558 1215 2942 1276 Praedestina-

538 1298 712 1357 tionis
764 1298 914 1357 libro
963 1299 1233 1373 sancitur,
1278 1297 1341 1356 in
1384 1296 1638 1357 secundo
1694 1295 2004 1373 Scripturas
2053 1297 2424 1373 promittitur,
2455 1296 2515 1352 in
2563 1296 2732 1355 tertio
2776 1295 2940 1373 Agni

534 1385 852 1454 exercetur,
898 1378 959 1436 in
988 1387 1193 1455 quarto
1237 1377 1281 1438 J
1286 1378 1461 1439 udicii
1509 1375 1944 1452 determinatur,
1975 1376 2038 1433 in
2085 1376 2198 1434 hoc
2226 1376 2431 1435 ultimo
2475 1374 2711 1433 tandem
2739 1376 2935 1434 certis·

538 1456 681 1516 sime
710 1458 1114 1535 complendum
1142 1458 1218 1517 sit
1244 1466 1303 1516 et
1328 1456 1725 1515 revelandum.

620 1536 741 1595 III.
785 1537 1064 1611 Quamvis
1104 1545 1298 1596 autem
1338 1556 1457 1595 non
1499 1535 1862 1609 diffiteamur,
1893 1534 2160 1611 quaedam
2200 1533 2297 1593 hic
2344 1553 2379 1591 a
2411 1533 2654 1593 Senensi
2681 1534 2942 1611 apposite

538 1616 825 1677 recenseri
872 1616 949 1675 ad
1001 1616 1280 1674 librorum
1330 1616 1660 1673 divinorum
1709 1614 2118 1690 evolutionem,
2164 1622 2299 1673 sunt
2342 1621 2533 1671 tamen
2577 1633 2694 1671 non
2737 1633 2940 1690 pauca,

536 1714 667 1774 quse
696 1696 900 1754 merito
926 1696 1023 1754 hic
1050 1694 1465 1768 desiderantur,
1498 1693 1637 1752 dum
1665 1694 1765 1751 vel
1808 1693 1933 1752 sine
1976 1694 2320 1756 necessitate
2353 1692 2634 1770 quosdam
2663 1693 2940 1771 multipli-

538 1783 647 1851 cat,
678 1775 773 1834 vel
804 1776 926 1834 sine
953 1775 1174 1833 ratione
1203 1774 1347 1832 alios
1377 1773 1608 1832 omittit.
1694 1772 1836 1847 Quis
1875 1772 2027 1830 enim
2057 1772 2286 1849 ignorat
2313 1771 2702 1831 Providentiae
2729 1771 2943 1831 librum

536 1854 973 1932 amplissimum,
1003 1855 1169 1932 cujus
1196 1860 1389 1912 tamen
1416 1852 1578 1911 nulla
1602 1852 1700 1909 hic
1722 1850 1878 1929 apud
1903 1852 2094 1928 ipsum
2121 1852 2337 1911 mentio
2357 1854 2387 1910 P
2468 1852 2610 1926 Quis
2639 1872 2756 1910 non
2783 1851 2946 1910 videt

536 1933 761 2009 iterum,
829 1952 1130 2012 perperam
1198 1932 1479 2009 distingui
1527 1931 1739 1990 librum
1804 1932 2052 2008 primum
2102 1931 2652 2005 Praedestinationis‚
2704 1950 2740 1989 a
2792 1931 2944 1990 libro

536 2013 740 2072 ultimo
768 2014 967 2090 gloriae
997 2021 1056 2072 et
1095 2011 1404 2087 felicitatis,
1449 2011 1549 2087 qui
1590 2011 1762 2070 titulo
1810 2018 2052 2085 tantum,
2095 2030 2214 2069 non
2267 2010 2456 2089 reipsa
2483 2010 2799 2069 differunt?
2859 2010 2948 2071 Ut

536 2091 683 2149 nihil
705 2094 830 2169 jam
858 2092 1045 2151 dicam
1075 2092 1173 2150 vel
1215 2090 1287 2150 de
1330 2090 1547 2165 subtili,
1580 2090 1682 2149 sed
1723 2110 1926 2167 parum
1973 2090 2159 2148 solida
2197 2090 2331 2149 libri
2362 2089 2525 2168 Agni
2566 2090 2946 2168 expositione,

538 2172 706 2248 cujus
754 2172 978 2231 nullum
1005 2172 1067 2229 in
1099 2170 1394 2250 Scriptura
1420 2190 1616 2229 veram
1647 2170 1895 2228 occurrit
1933 2169 2388 2243 fundamentum,
2428 2170 2526 2228 vel
2552 2170 2626 2228 de
2646 2168 2780 2227 libri
2808 2170 2946 2229 vitae

536 2250 841 2327 praeteritae
880 2258 1220 2326 commento,
1245 2270 1417 2327 quem
1446 2250 1569 2309 sine
1596 2250 1818 2308 ratione
1841 2269 1915 2307 ex
1937 2250 2065 2307 loco
2090 2248 2332 2329 Apocal.
2357 2250 2665 2326 exculpere
2687 2258 2944 2324 conatur,

540 2338 739 2388 contra
767 2332 1021 2388 omnium
1042 2330 1413 2406 probatorum
1456 2328 1723 2389 codicum
1750 2328 1942 2405 fidem,
1973 2320 2074 2407 qui
2116 2329 2324 2407 legunt
2368 2328 2706 2405 simpliciter
2750 2324 2947 2397 βιῦλιοι

534 2425 671 2467 aaa·
697 2417 899 2485 anexeo
928 2412 1075 2467 διο-τι
1101 2435 1184 2475 τις
1211 2408 1354 2485 (aas,
1386 2410 1486 2485 qui
1522 2419 1604 2467 cst
1630 2410 1768 2469 liber
1793 2408 1934 2483 υίίω,
1966 2428 2084 2467 non
2109 2428 2250 2467 vero
2278 2433 2360 2473 της
2387 2407 2513 2485 <aaz
2540 2412 2767 2485 ἕκαστον,
2799 2410 2938 2468 liber

538 2489 665 2547 vitae
692 2490 1134 2567 unitwcujusquc,
1163 2498 1229 2548 ut
1257 2487 1572 2547 contendit.
2095 2488 2098 2493 ’

621 2568 731 2625 IV.
776 2568 862 2627 Ut
890 2588 1028 2647 ergo
1076 2569 1433 2629 enucleatius
1477 2586 1600 2625 rem
1648 2574 1830 2627 totam
1874 2586 2302 2646 persequamur,
2347 2566 2611 2645 quasdam
2640 2568 2702 2624 in
2729 2587 2943 2645 genere

539 2646 613 2705 de
652 2647 817 2706 libris
863 2646 975 2707 Dei
1016 2648 1419 2726 praemittenda
1448 2655 1599 2721 sunt,
1632 2666 1706 2705 ex
1734 2648 1948 2724 quibus
1999 2646 2227 2705 facilius
2273 2644 2350 2705 ad
2397 2647 2788 2723 cognitionem
2813 2647 2952 2706 libri

538 2727 695 2802 vitae,
728 2725 799 2785 de
828 2746 943 2805 quo
972 2747 1126 2785 nunc
1148 2728 1391 2804 agimus,
1411 2726 1712 2804 pervenire
1740 2727 2072 2803 poterimus.
2118 2726 2424 2785 Librorum
2445 2725 2556 2784 Dei
2584 2745 2736 2804 saepe
2760 2726 2949 2803 Serip-

536 2814 667 2865 tura
695 2806 969 2882 meminit,
1002 2806 1105 2866 sed
1132 2827 1251 2865 non
1272 2826 1495 2883 semper
1523 2805 1725 2864 eodem
1766 2825 1956 2865 sensu.
2041 2806 2182 2881 Nos,
2214 2806 2438 2865 eaeteris
2485 2804 2951 2865 distinctionibus

535 2886 747 2961 missis,
770 2886 830 2944 in
859 2886 1006 2945 duos
1024 2886 1257 2945 ordines
1283 2906 1382 2945 eos
1410 2885 1734 2944 tribuimus,
1780 2885 1904 2943 Alii
1932 2893 2067 2944 sunt
2094 2886 2327 2961 externi,
2359 2884 2458 2961 qui
2499 2904 2536 2943 a
2565 2884 2691 2943 Deo
2720 2884 2952 2961 quidem

537 2974 673 3024 sunt
700 2966 1067 3043 oriyinaliter,
1093 2966 1197 3025 sed
1217 2986 1333 3024 non
1361 2966 1422 3024 in
1452 2964 1578 3025 Deo
1599 2966 1888 3041 subjective
1915 2965 2297 3024 continentur.
2382 2964 2506 3021 Alii
2534 2964 2753 3038 interni,
2774 2963 2874 3041 qui
2893 2974 2952 3023 et

535 3066 576 3103 a
602 3048 730 3103 Deo
760 3054 909 3121 sunt,
942 3054 1000 3104 et
1027 3047 1086 3105 in
1112 3049 1258 3121 Dec,
1289 3064 1533 3123 quorum
1555 3045 1680 3122 ipse
1707 3064 1825 3102 non
1852 3053 2077 3103 tantum
2106 3051 2196 3101 est
2223 3042 2475 3101 efficiens
2501 3052 2560 3101 et
2585 3042 2949 3120 principium,

536 3124 640 3183 sed
687 3124 878 3200 etiam,
912 3133 977 3183 ut
1024 3125 1106 3184 ita
1125 3125 1331 3199 dicam,
1380 3124 1722 3201 subjectum.
1769 3122 2014 3182 Externi
2039 3141 2238 3181 rursus
2264 3122 2430 3195 varii,
2461 3122 2563 3181 sed
2590 3121 2950 3199 potissimum

535 3202 807 3278 triplices,
838 3221 942 3279 pro
964 3203 1177 3281 triplici
1200 3203 1311 3262 Dei
1334 3203 1677 3279 scriptione:
1723 3206 1777 3262 1.
1802 3202 1978 3260 Liber
2004 3202 2216 3260 Mundi
2239 3222 2342 3259 seu
2374 3202 2807 3261 C'reaturarum.
2892 3205 2950 3261 2.

537 3281 713 3339 Liber
739 3282 1067 3356 Scm'pturae.
1112 3286 1167 3341 3.
1197 3282 1375 3339 Liber
1421 3281 1799 3341 Conscientioe.
1884 3280 2143 3338 Primum
2192 3282 2422 3357 scripsit
2467 3280 2524 3337 in
2577 3278 2802 3338 Mundo
2849 3300 2955 3358 per

538 3378 713 3497 operg
735 3380 749 3434 ;
796 3358 1109 3419 secundum
1130 3360 1359 3436 scripsit
1379 3360 1439 3416 in
1462 3360 1728 3417 Ecclesia
1760 3378 1864 3438 per
1884 3358 2146 3417 Verbum
2165 3382 2179 3436 ;
2230 3360 2464 3421 tertium
2482 3368 2683 3420 exarat
2699 3359 2759 3419 in
2777 3360 2952 3419 corde

577 3457 640 3496 er
754 3438 966 3497 iritum.
1556 3492 1563 3497 .

535 3460 674 3603 {ibri
704 3458 894 3602 giemi
923 3556 1017 3602 Dei
1137 3517 1214 3577 V.
1260 3518 1489 3576 Primus
1515 3517 1665 3576 liber
1708 3517 1821 3577 Dei
1859 3524 1948 3577 est
1997 3518 2135 3577 liber
2181 3519 2391 3594 mundi,
2421 3518 2601 3578 totius
2647 3538 2725 3578 sc.
2774 3518 2950 3595 hujus

717 3616 852 3660 varii.
1058 3597 1316 3657 universi
1344 3596 1652 3674 opificium,
1684 3598 1745 3656 in
1775 3617 1890 3674 quo
1917 3598 2081 3657 velut
2107 3597 2169 3656 in
2194 3598 2345 3657 libro
2384 3597 2756 3675 amplissimO,
2787 3617 2950 3674 mag-

558 3672 601 3719 l·
632 3673 779 3719 Liber
807 3674 993 3717 muudi.
1057 3677 1149 3735 nis
1177 3676 1411 3753 quidem
1438 3684 1497 3735 et
1524 3678 1750 3754 crassis,
1783 3676 1885 3735 sed
1934 3677 2371 3754 speciosissimis
2419 3686 2610 3736 tamen
2655 3686 2714 3735 et
2740 3696 2955 3753 magna

536 3767 659 3819 arte
688 3758 886 3818 incisis
914 3755 1339 3817 characteribus
1366 3756 1448 3815 ita
1477 3776 1540 3816 se
1586 3756 1778 3834 ipsum
1822 3756 2129 3833 descripsit
2173 3756 2351 3831 Deus,
2401 3764 2468 3815 ut
2503 3757 2723 3832 aperire
2753 3756 2953 3815 oculos

538 3847 827 3917 nequeant
852 3836 1131 3911 homines,
1164 3837 1304 3912 quin
1344 3835 1597 3913 aspicere
1627 3856 1758 3896 eum
1807 3846 2105 3917 cogantur.
2190 3836 2354 3895 Licet
2381 3836 2534 3894 enim
2556 3835 2806 3893 essentia
2827 3836 2952 3911 ejus

540 3920 616 3977 sit
636 3914 1248 3994 incomprehensibilis,
1294 3923 1352 3974 et
1376 3915 1661 3975 humanos
1689 3936 1893 3975 sensus
1921 3916 2119 3992 procul
2149 3914 2404 3992 effugiat,
2435 3922 2552 3972 tam
2581 3914 2836 3973 illustres
2865 3922 2948 3971 ta-

540 4018 689 4072 men,
720 4006 953 4073 tamque
982 3996 1167 4053 claras
1194 3994 1393 4071 gloriae
1423 4014 1542 4054 suae
1587 3996 1834 4073 singulis
1877 3993 2147 4071 operibus
2195 3994 2315 4053 suis
2341 4001 2508 4051 notas
2537 3994 2856 4070 insculpsit,
2888 4000 2953 4050 ut

541 4077 768 4137 sublata
798 4078 872 4135 sit
900 4076 1086 4135 omnis
1128 4075 1550 4152 quantumlibet
1575 4075 1818 4133 rudibus
1862 4084 1921 4133 et
1968 4073 2214 4150 stupidis
2261 4072 2602 4149 ignorantiae
2633 4070 2950 4130 excusatio,

540 4158 693 4231 Quid
738 4157 890 4215 enim
929 4162 1017 4213 est
1055 4155 1425 4229 conspicuum
1470 4154 1644 4231 hujus
1685 4152 1888 4212 mundi
1930 4152 2233 4227 theatrum,
2286 4172 2458 4229 quam
2501 4148 2839 4229 πιιδιυπςιοι
2866 4175 2951 4215 τις

533 4240 844 4313 Suntne-am,
867 4262 955 4294 aaa
981 4233 1168 4311 ψυχυν
1194 4230 1553 4305 Dammana,
1576 4243 1644 4292 ut
1671 4231 1977 4309 magnifice
1997 4231 2267 4308 exprimit
2289 4232 2560 4289 Basilius.
2607 4232 2696 4288 Eo
2718 4231 2953 4307 respicit

535 4316 736 4395 procul
763 4316 941 4375 dubio
971 4315 1205 4390 Paulus,
1234 4332 1430 4391 quum,
1464 4314 1632 4371 Rom.
1662 4313 1700 4371 ἱ.
1751 4314 1842 4387 19,
1873 4312 1967 4385 20,
2000 4310 2141 4369 dicit
2167 4336 2237 4371 τι
2263 4334 2458 4391 nogara
2484 4336 2638 4370 avrov
2680 4336 2785 4368 am
2810 4336 2951 4369 πεπυ·-

535 4422 615 4460 tas
635 4421 823 4469 zoa-pun
839 4421 938 4459 τοις
959 4420 1202 4470 mem-et
1230 4418 1454 4469 ‚nuptm
1480 4400 1804 4474 andegavem,
1835 4394 1870 4423 “
1893 4390 2210 4449 invisibilia
2232 4392 2360 4467 ejus
2381 4410 2417 4449 a
2443 4391 2733 4450 creatione
2753 4388 2954 4448 mundi

538 4474 808 4567 operibus
852 4483 1159 4552 conspecta
1185 4474 1436 4548 videri,”
1482 4472 1627 4532 scili.
1658 4472 1820 4531 velut
1847 4472 1909 4527 in
1935 4470 2102 4546 libro,
2133 4470 2232 4546 qui
2251 4470 2421 4529 nobis
2441 4470 2725 4548 legendus
2745 4488 2950 4547 propo-

534 4561 710 4612 mtur.
794 4552 914 4612 Nec
944 4552 1168 4612 abludit
1199 4554 1508 4629 Scriptura
1534 4570 1712 4629 quum
1753 4550 1862 4609 sub
1885 4550 2016 4608 libri
2047 4549 2384 4626 metaphora
2427 4549 2500 4608 de
2547 4549 2842 4623 creaturis,
2895 4556 2955 4606 et

531 4634 593 4693 in
639 4632 828 4709 specie
876 4632 947 4691 de
996 4631 1137 4691 caelo
1184 4632 1458 4708 loquitur,
1508 4631 1624 4689 Isa.
1671 4630 1882 4690 xxxiv.
1933 4632 1990 4705 4,
2039 4629 2226 4706 Apoc.
2258 4629 2337 4688 vi.
2374 4632 2464 4705 14,
2511 4628 2616 4687 sed
2669 4626 2948 4708 inprimis,
