3234 5192
515 337 636 396 604
1083 351 1164 392 ns
1193 349 1675 392 sarrsracrrours
1704 347 1941 390 cums-rr
1970 347 2291 389 vuar-mre.
2504 327 2767 410 [meru-r.
2798 350 2937 392 xxx.

501 503 605 571 tat,
639 493 794 558 Heb.
821 494 901 554 ix.
939 497 1030 568 13,
1067 496 1158 569 14,
1207 495 1244 527 “
1271 493 1336 553 Si
1365 492 1605 572 sanguis
1653 497 1950 552 taurorum
1997 490 2403 568 hircorumque
2430 497 2491 549 et
2516 489 2663 550 cinis
2704 491 2925 569 juven-

505 595 588 634 cae
617 594 886 653 aspersus
913 574 1316 652 coinquinatos
1343 573 1665 632 sanctificat
1685 572 1760 630 ad
1780 571 2089 650 puritatem
2106 571 2312 646 carnis,
2336 578 2552 647 quanto
2570 571 2757 648 magis
2784 591 2925 630 san-

504 657 637 733 guis
667 655 898 732 Christi,
929 653 1057 731 &c.,
1089 655 1362 732 purgabit
1405 653 1819 713 conscientiam
1846 651 1920 709 ab
1969 650 2240 728 operibus
2286 651 2531 710 mortuis
2548 653 2610 708 ?''
2656 649 2783 727 ἕω,
2816 653 2925 710 uhi

507 739 546 769 “
570 736 792 813 puritas
822 736 1012 795 carnis
1039 743 1098 793 et
1125 737 1346 811 puritas
1373 733 1779 793 conscientiae”
1810 731 2265 808 distinguuntur,
2304 731 2408 789 illa
2452 731 2721 808 sanguini
2747 733 2921 792 victi-

505 835 729 875 marum
752 815 1030 894 legalium
1051 815 1415 890 adscribitur,
1439 815 1552 873 ista
1572 813 1843 891 sanguini
1874 811 2106 886 Christi,
2130 810 2233 869 illa
2254 819 2553 870 externam
2582 821 2641 870 et
2664 811 2921 888 legalem

503 897 666 955 illam
694 894 1118 954 immunditiem
1147 895 1404 968 tollebat,
1435 893 1834 971 efficiebatque
1862 892 2008 951 adeo
2036 900 2101 950 ut
2127 892 2301 950 homo
2330 911 2621 951 sacrorum
2658 911 2919 952 commu-

503 977 669 1035 nioni
694 977 1102 1044 restituereter,
1133 983 1192 1034 et
1237 975 1296 1032 in
1343 975 1588 1052 Templo
1617 993 1747 1033 cum
1777 972 2001 1032 caeteris
2030 971 2213 1030 cultui
2234 971 2435 1030 divino
2461 992 2669 1030 vacare
2697 981 2917 1048 posset,

504 1057 619 1116 ista
639 1076 807 1114 veras
818 1056 1023 1114 animae
1036 1055 1236 1114 sordes
1245 1055 1574 1132 spirituales
1584 1054 1798 1132 quibus
1816 1053 1889 1112 ab
1901 1053 2173 1111 intimaet
2194 1052 2433 1110 salutari
2456 1053 2567 1111 Dei
2587 1053 2915 1130 praesentia,

503 1157 636 1213 quae
665 1137 804 1194 olim
831 1155 934 1214 per
960 1135 1420 1194 Tabernaculum
1449 1143 1508 1193 et
1528 1135 1835 1212 Templum
1862 1131 2329 1208 adumbrabatur,
2358 1133 2781 1207 removebatur,
2812 1133 2917 1192 ab·

503 1216 630 1293 luit,
663 1225 724 1275 et
758 1217 859 1294 jus
901 1216 1092 1274 denuo
1137 1224 1596 1292 potestatemque
1627 1214 1847 1274 confert
1884 1213 1960 1275 ad
1990 1213 2181 1271 Deum
2209 1211 2539 1286 accedendi,
2572 1221 2630 1271 et
2657 1213 2917 1290 gratiosa

503 1297 634 1372 ejus
682 1291 1082 1356 communione
1126 1295 1370 1355 fruendi.
1457 1295 1550 1354 Ita
1597 1315 1701 1373 per
1748 1313 1973 1353 carnem
2020 1293 2095 1351 de
2135 1312 2251 1370 qua
2296 1292 2552 1369 loquitur
2592 1292 2920 1370 Apostolus

503 1397 622 1434 non
649 1385 840 1455 potest
867 1375 1116 1453 intelligi
1143 1395 1352 1454 corpus
1377 1376 1568 1454 ipsum
1597 1395 1701 1434 seu
1728 1376 1911 1434 altera
1925 1373 2179 1432 hominis
2206 1392 2357 1450 parS,
2380 1391 2515 1430 nam
2542 1373 2763 1450 puritas
2790 1373 2920 1433 haec

505 1475 609 1534 per
636 1457 978 1534 sanguinem
1005 1466 1065 1514 et
1110 1457 1361 1515 cinerem
1403 1456 1614 1514 dicitur
1642 1455 1781 1530 fieri,
1813 1475 1943 1531 quae
1986 1453 2275 1512 maculare
2301 1453 2495 1529 potius
2524 1464 2582 1512 et
2609 1453 2917 1531 deturpare

479 1557 714 1614 corpus
754 1557 928 1614 quam
969 1535 1204 1595 abluere
1253 1535 1456 1610 solent,
1503 1535 1608 1594 sed
1648 1543 1881 1594 notatur
1917 1534 2017 1592 lex
2058 1534 2187 1610 ipsa
2229 1533 2631 1592 castimonialis
2672 1535 2917 1612 ejusque

503 1617 650 1675 ritus
679 1617 816 1694 quia
843 1617 902 1674 in
930 1617 1185 1674 externis
1213 1623 1273 1675 et
1299 1615 1628 1674 carnalibus
1671 1625 1737 1676 ut
1780 1615 2091 1692 plurimum
2121 1612 2565 1690 occupabantur,
2594 1635 2710 1690 quo
2740 1633 2915 1673 sensu

505 1695 602 1753 lex
633 1705 874 1833 vocatug·
900 1697 1230 1753 mandatum
1273 1698 1523 1770 carnale,
1577 1696 1731 1754 Heb.
1780 1697 1882 1754 vii.
1918 1697 2008 1769 16,
2038 1703 2099 1753 et
2124 1694 2252 1771 ejus
2278 1703 2566 1772 praecepta
2589 1691 2917 1769 δικαιώματα

510 1791 576 1832 6ae
603 1781 684 1838 εὶς
731 1776 826 1833 He
871 1819 884 1833 .
915 1775 996 1832 ix.
1031 1777 1124 1833 10.

577 1802 742 1914 ‘XI’L
791 1853 1076 1929 Secunde,
1121 1854 1403 1913 sacrificia
1444 1853 1660 1932 legalia
1711 1851 1977 1911 bifariam
2002 1860 2247 1930 possunt
2302 1853 2566 1931 spectari,
2609 1853 2707 1912 vel
2746 1854 2911 1912 abso-

503 1937 614 1994 lute
655 1934 716 1993 in
759 1955 837 2010 sc,
884 1935 980 1992 vel
1019 1936 1198 1993 relate
1239 1933 1313 1992 ad
1355 1933 1532 1993 aliud.
1592 1932 1779 1992 Priori
1818 1943 2086 2010 respectu
2126 1941 2289 1992 erant
2329 1935 2771 1992 instrumentum
2814 1959 2910 1992 ro-

501 2019 690 2081 λιπίας
712 2016 755 2075 J
760 2015 978 2074 udaicae
997 2023 1056 2074 ct
1073 2013 1264 2073 cultus
1286 2013 1394 2073 sub
1417 2033 1485 2073 ea
1500 2012 1836 2092 praescripti,
1860 2023 2146 2090 quatenus
2166 2014 2227 2071 in
2244 2033 2313 2072 ea
2336 2013 2585 2091 Republ.
2614 2033 2743 2091 quse
2770 2033 2911 2073 vere

495 2099 768 2177 θιοκςατίω
796 2095 906 2156 fuit
952 2115 1029 2155 ex
1075 2095 1258 2174 ipsius
1305 2094 1414 2154 Dei
1443 2115 1605 2171 voce,
1663 2097 1693 2152 l
1730 2095 1883 2153 Sam.
1914 2095 2035 2152 viii.
2062 2099 2117 2152 7.
2178 2094 2339 2152 Deus
2366 2093 2535 2153 istius
2562 2094 2720 2152 modi
2745 2094 2913 2171 leges

499 2178 722 2236 sancire
749 2177 953 2252 voluit,
984 2194 1116 2253 quse
1136 2177 1414 2253 populum
1443 2175 1518 2234 ad
1545 2175 1727 2234 instar
1753 2174 1919 2233 fraeni
1946 2182 2005 2233 et
2042 2173 2179 2252 jugi
2204 2174 2265 2231 in
2292 2173 2480 2232 officio
2507 2176 2869 2234 continerent
2891 2198 2909 2250 3

499 2266 676 2334 atque
705 2258 814 2316 sub
843 2259 950 2316 hac
979 2259 1144 2333 σχέο-ιι
1171 2276 1372 2315 verum
1403 2264 1492 2314 est
1520 2255 1812 2333 expiatam
1860 2254 2036 2314 fuisse
2066 2263 2125 2314 et
2152 2254 2437 2313 sublatam
2468 2275 2545 2313 ex
2572 2255 2645 2312 iis
2670 2255 2910 2331 impuri-

501 2345 682 2394 tatem
710 2337 998 2395 carnalem
1025 2338 1099 2394 de
1128 2355 1244 2413 qua
1271 2336 1542 2410 diximuS,
1585 2335 1869 2412 siquidem
1915 2335 1990 2392 ad
2018 2335 2225 2393 horum
2252 2335 2616 2412 praesentiam
2643 2354 2908 2395 remove·

495 2415 708 2474 bantur
737 2416 930 2475 statim
959 2433 1146 2492 poenae
1193 2415 1309 2473 iuae
1339 2435 1468 2492 quae
1513 2415 1574 2472 in
1622 2415 1759 2473 foro
1776 2422 2017 2474 externo
2038 2414 2209 2475 istius
2228 2415 2447 2492 politiae
2480 2414 2909 2474 Ecclesiasticae

497 2495 811 2553 immundis
855 2494 1120 2570 repositae
1169 2503 1351 2554 erant.
1405 2494 1520 2553 Sed
1553 2515 1673 2552 non
1699 2494 1903 2553 eadem
1930 2494 2041 2554 fuit
2066 2486 2212 2553 ratio
2240 2514 2382 2553 usus
2424 2494 2671 2570 relativi,
2704 2515 2911 2571 quem-

495 2573 807 2632 admodum
835 2575 990 2633 enim
1011 2582 1134 2633 tota
1177 2573 1280 2632 illa
1323 2575 1647 2633 oeconomia
1692 2575 1830 2634 Vet.
1860 2575 2019 2634 Test.
2048 2574 2340 2652 duplicem
2370 2595 2595 2652 semper
2620 2574 2787 2652 σχίσιν
2816 2575 2905 2633 in-

495 2655 782 2729 cludebat,
814 2655 1052 2713 alteram
1081 2657 1348 2732 chalem
1392 2663 1679 2732 quatenus
1722 2663 1847 2714 erat
1894 2655 2187 2733 appendix
2214 2654 2445 2714 foederis
2474 2675 2728 2733 operum,
2758 2657 2907 2716 alte-

493 2753 618 2794 ram
661 2736 1067 2812 Evanqelt'cam
1110 2743 1396 2812 quatenus
1440 2735 1841 2795 subserviebat
1888 2735 2093 2794 foederi
2138 2736 2359 2813 gratiae,
2409 2737 2493 2796 ita
2546 2735 2808 2795 bifariam
2838 2737 2903 2794 in

495 2835 622 2875 esse
642 2835 746 2874 suo
763 2815 1006 2875 relativo
1035 2816 1284 2893 spectari
1310 2823 1568 2893 possunt,
1600 2816 1699 2874 vel
1726 2817 1905 2875 relate
1934 2816 2008 2874 ad
2030 2819 2254 2893 Leyem,
2274 2815 2371 2874 vel
2393 2815 2469 2874 ad
2488 2817 2901 2892 Ευαηρείἠιτπς

495 2897 546 2956 si
569 2897 1004 2956 considerentur
1023 2897 1201 2974 priori
1227 2896 1400 2955 modo
1421 2905 1708 2973 quatenus
1730 2896 2171 2955 subserviebant
2188 2896 2367 2973 rigori
2384 2895 2534 2974 legis
2556 2896 2816 2974 urgendo
2846 2906 2909 2956 et

493 2977 856 3053 inculcando,
889 2979 1076 3055 magis
1103 2977 1392 3036 faciebant
1417 2976 1492 3035 ad
1521 2977 1743 3054 peccati
1792 2976 2133 3035 demeritum
2172 2976 2579 3053 explicandum
2608 2984 2667 3034 et
2693 2995 2909 3054 aggra-

496 3057 752 3116 vandum
781 3077 953 3134 quam
983 3057 1060 3116 ad
1085 3057 1232 3116 illud
1259 3056 1651 3132 auferendum,
1682 3055 1895 3134 quippe
1926 3056 2087 3116 Deus
2108 3057 2497 3133 patefacturus
2518 3057 2619 3134 jus
2646 3075 2817 3115 suum
2844 3058 2909 3114 in

495 3146 796 3213 peccatum
823 3146 883 3194 et
908 3145 1239 3215 peccatores
1267 3157 1382 3195 non
1429 3137 1599 3196 modo
1630 3137 2007 3196 atrocioribus
2035 3136 2371 3195 criminibus
2398 3155 2601 3214 poenas
2628 3137 2909 3214 capitales

500 3217 561 3273 in
589 3217 712 3273 foro
735 3215 896 3272 civili
917 3217 1268 3291 decreverat,
1321 3215 1425 3276 sed
1451 3217 1625 3276 etiam
1672 3216 1901 3276 delictis
1928 3215 2278 3294 quotidianae
2306 3216 2653 3275 incursionis
2678 3235 2813 3294 quae
2839 3227 2911 3277 ut

496 3294 808 3371 plurimum
837 3295 934 3352 vel
951 3294 1330 3372 negliguntur
1356 3296 1453 3354 vel
1470 3296 1907 3356 dissimulantur
1932 3297 2007 3354 ab
2036 3296 2166 3355 aliis
2187 3296 2636 3374 legislatoribus,
2668 3297 2905 3356 ordina-

497 3381 664 3432 verat
690 3372 956 3449 quaedam
981 3393 1280 3452 poenarum
1301 3375 1635 3452 capitalium
1662 3376 2010 3436 simulachra
2036 3377 2095 3434 in
2124 3376 2511 3436 destructione
2538 3375 2907 3437 victimarum

499 3473 630 3531 quae
660 3451 966 3512 offerendae
995 3453 1343 3528 veniebant3
1387 3463 1448 3514 et
1474 3456 1582 3514 hac
1612 3455 1685 3514 de
1714 3475 1904 3532 causa,
1938 3457 2060 3515 Col.
2104 3456 2166 3515 ii.
2202 3460 2293 3532 14,
2325 3465 2609 3516 vacantur
2639 3460 2675 3491 “
2702 3458 2909 3516 Chiro-

499 3534 784 3611 graphum
813 3533 873 3591 in
921 3533 1129 3592 ritibus
1176 3533 1335 3611 quod
1381 3535 1551 3594 nobis
1597 3545 1720 3595 erat
1768 3537 2113 3596 contrarium
2138 3537 2189 3596 :¹’
2218 3536 2355 3613 quia
2380 3545 2547 3596 erant
2570 3537 2909 3598 testimonia

500 3625 695 3673 reatus
723 3614 965 3674 humani
995 3614 1054 3672 in
1081 3613 1294 3691 quibus
1341 3624 1464 3676 erat
1507 3616 1701 3694 potius
1746 3616 2031 3676 confessio
2059 3617 2281 3694 peccati
2309 3637 2481 3694 quam
2510 3617 2769 3694 ejusdem
2800 3638 2909 3677 ex-

499 3695 697 3773 piatio,
718 3713 851 3752 nam
869 3694 1230 3754 circumcisio
1255 3694 1445 3774 (verbi
1467 3696 1679 3777 gratia)
1710 3697 2031 3756 testabatur
2049 3697 2303 3756 nativam
2324 3696 2719 3774 pollutionem,
2740 3698 2911 3758 ablu-

497 3777 688 3835 tiones
737 3773 936 3834 sordes
983 3783 1349 3854 peccatorum
1396 3777 1740 3853 fatebantur,
1782 3776 2035 3836 victimae
2084 3777 2387 3854 capitalem
2438 3777 2733 3837 offerentis
2780 3798 2911 3838 rea·

501 3864 624 3914 tum
653 3854 1003 3932 indicabant,
1035 3855 1119 3914 sic
1157 3856 1306 3916 nihil
1349 3856 1507 3916 aliud
1535 3866 1701 3917 erant
1746 3877 1921 3934 quam
1948 3857 2193 3916 miseriae
2222 3859 2486 3916 humanae
2514 3859 2748 3936 publica
2774 3879 2909 3937 pro-

503 3935 699 3996 fessi0.
747 3937 832 3994 At
859 3955 1000 3995 vero
1027 3935 1078 3994 si
1108 3945 1438 4014 spectentur
1463 3937 1770 4014 posteriori
1794 3936 1967 3995 modo
1994 3945 2055 3997 et
2070 3938 2131 3994 in
2150 3958 2254 3997 suo
2272 3959 2375 3996 usu
2398 3940 2758 4016 Evanqelt'co,
2784 3960 2913 3998 cer·

501 4025 626 4076 tum
653 4025 745 4075 est
769 4036 841 4075 ea
867 4018 1045 4093 typice
1071 4025 1132 4076 et
1157 4016 1514 4092 siqnificative
1539 4037 1677 4076 vere
1704 4026 1764 4076 et
1807 4017 2035 4094 proprie
2063 4016 2219 4076 dicta
2244 4027 2483 4095 peccata
2508 4018 2793 4097 expiasse,
2824 4020 2912 4080 id.

500 4115 770 4156 verorum
799 4104 858 4155 et
884 4093 1112 4174 proprie
1155 4096 1441 4156 dictorum
1489 4105 1853 4174 peccatorum
1883 4097 2271 4174 expiationem
2298 4119 2403 4176 per
2431 4099 2725 4159 Christum
2750 4098 2913 4159 futu-

499 4197 624 4236 ram
651 4176 1024 4236 adumbrasse
1069 4184 1128 4236 et
1155 4176 1528 4256 significasse,
1557 4185 1618 4236 et
1652 4177 1715 4234 in
1740 4197 1849 4236 usu
1876 4177 2138 4254 legitimo
2186 4186 2319 4256 post
2346 4199 2408 4238 se
2436 4181 2700 4255 traxisse,
2732 4189 2913 4258 atque

501 4257 614 4315 hoc
643 4275 816 4316 sensu
845 4277 1008 4316 sacra
1033 4257 1159 4316 haec
1187 4257 1458 4317 dicuntur
1487 4257 1614 4316 Deo
1642 4257 2035 4334 acceptabilia,
2070 4258 2213 4318 Lev.
2264 4259 2321 4335 i.,
2352 4268 2413 4318 et
2438 4259 2619 4319 fertur
2648 4261 2810 4319 Deus
2832 4279 2915 4320 ex

501 4335 574 4394 iis
603 4337 831 4394 odorari
859 4337 1092 4396 odorem
1121 4337 1348 4414 quietis,
1369 4337 1584 4397 ibidem
1611 4345 1673 4398 et
1698 4337 1914 4416 passim
1941 4337 2099 4396 alibi.

585 4415 776 4473 XXI.
821 4417 934 4475 His
962 4417 1044 4475 ita
1069 4418 1423 4494 praestructis
1452 4419 1566 4478 duo
1587 4419 1713 4497 jam
1742 4417 2189 4476 demonstranda
2214 4426 2387 4478 suntz
2422 4423 2472 4478 1.
2504 4420 2743 4479 Nullum
2770 4439 2915 4479 vere

501 4501 562 4551 et
586 4494 816 4570 proprie
843 4495 1062 4554 dictum
1109 4508 1406 4573 peccatum
1435 4497 1807 4575 quantumvis
1848 4497 2207 4557 levissimum
2234 4499 2490 4576 potuisse
2545 4500 2703 4560 hisce
2734 4500 2913 4560 sacri-

503 4571 650 4663 ficiis
695 4591 832 4630 vere
872 4575 1095 4650 expiari
1141 4581 1278 4635 κατὰ
1317 4575 1603 4654 confluam,
1636 4583 1691 4637 2.
1738 4579 1883 4636 Haec
1902 4587 2095 4638 tamen
2124 4579 2317 4637 omnia
2358 4580 2616 4658 apposite
2664 4589 2915 4640 mortem

503 4651 720 4710 Christi
769 4659 828 4708 et
873 4653 1002 4726 eJus
1047 4656 1494 4716 satisfactionem
1539 4658 1926 4734 significasse,
1960 4657 2130 4716 Prius
2176 4658 2325 4717 illud
2352 4659 2519 4748 adeo·
2539 4661 2693 4718 clare
2720 4667 2779 4718 et
2806 4681 2915 4719 ex-
