3234 5192
312 337 549 380 msrur.
578 317 739 405 mn]
908 340 989 383 ns
1018 338 1502 381 sarrsrAcrmms
1530 316 1774 382 cuais-n
1803 340 2127 383 vannus.
2607 331 2734 391 44‘1.

395 480 529 539 Hoc
557 500 731 541 sensu
758 482 1271 561 primogenitorum
1316 482 1553 560 quidam
1600 482 1886 561 redempti
1935 490 2070 542 sunt
2097 481 2289 541 soluto
2317 490 2474 542 certo
2517 484 2725 563 preti0,

314 560 599 699 NumLiii.
629 564 726 638 46,
758 565 855 639 47,
885 572 947 622 et
964 565 1065 641 jus
1092 562 1503 640 redemptionis
1529 563 1814 622 bonorum
1842 561 1996 622 inter
2021 570 2301 640 cognatos
2329 563 2628 625 obtinebat
2655 565 2730 625 de

353 660 429 699 uo
512 642 649 701 evit.
678 660 824 700 xxv.

312 659 353 717 q
394 720 622 779 XXII.
681 722 825 781 Cum
854 740 995 799 ergo
1042 720 1499 799 redemptionem
1551 728 1810 779 nostram
1869 720 2099 781 Christo
2148 720 2352 781 tribuit
2409 721 2722 802 Scriptura,

313 818 519 859 vocem
546 801 697 860 hanc
724 821 843 861 non
875 803 934 858 1⁰
960 808 1061 860 aut
1088 806 1151 859 2ο
1180 801 1527 879 significatu,
1560 800 1665 859 sed
1707 803 1770 859 3⁰
1798 801 2030 860 demum
2079 822 2148 859 ac
2195 801 2446 861 maxime
2495 804 2727 881 proprio

318 879 711 958 accipiendam
754 900 881 940 esse
918 880 1348 959 pertendimus:
1392 880 1674 940 Rationes
1717 888 1912 940 autem
1961 901 2090 959 quae
2135 901 2244 940 nos
2291 890 2356 940 ut
2402 882 2484 940 ita
2529 882 2726 942 creda·

316 978 447 1019 mus
496 969 747 1036 movent,
806 961 999 1037 plures
1054 967 1191 1019 sunt
1244 960 1605 1037 gravissimae
1630 982 1646 1021 ε
1717 962 1770 1020 1.
1799 962 2132 1020 Miserrima
2159 962 2392 1019 hominia
2417 963 2735 1023 redimendi

317 1040 576 1114 conditio,
620 1040 983 1118 quadruplici
1011 1040 1167 1099 enim
1208 1041 1485 1099 servitute
1511 1040 1916 1117 premebamur
1955 1041 2202 1116 Peccati,
2255 1040 2450 1118 Legis,
2500 1042 2726 1121 Mortis,

316 1119 587 1196 Diaboli3
629 1128 931 1197 peccatum
960 1119 1068 1179 sub
1093 1121 1305 1197 jugum
1334 1140 1503 1179 suum
1532 1140 1640 1179 nos
1667 1121 1826 1179 misit
1868 1116 1913 1199 ᾆ
1937 1124 2040 1201 γὰρ
2081 1123 2156 1187 τίς
2195 1118 2405 1190 ὅπη-ται
2444 1120 2598 1199 usn-9
2637 1129 2730 1184 nai

316 1195 632 1274 »οὖλοι-αι,
665 1204 701 1259 2
732 1200 859 1259 Pet.
888 1200 948 1259 ii.
982 1201 1075 1275 19,
1123 1208 1183 1259 et
1228 1201 1272 1260 J
1276 1201 1369 1259 oh.
1398 1200 1522 1259 viii.
1554 1202 1650 1275 34,
1698 1203 1733 1234 “
1756 1201 1856 1278 qui
1883 1200 2022 1259 facit
2063 1210 2363 1277 peccatum
2391 1220 2595 1261 servus
2639 1212 2730 1263 est

317 1280 543 1356 peccati
564 1302 577 1356 ;
601 1279 636 1306 ”
683 1299 759 1338 ex
799 1287 1037 1357 peccato
1066 1279 1216 1356 legis
1264 1279 1660 1339 maledictioni
1703 1289 1762 1340 et
1809 1280 1910 1338 irae
1952 1280 2168 1339 divinae
2195 1281 2332 1339 facti
2377 1300 2576 1341 sumus
2625 1282 2728 1341 ob-

319 1358 500 1433 noxii,
549 1361 809 1417 “natura
836 1359 990 1417 enim
1017 1379 1217 1419 sumus
1244 1358 1351 1419 filii
1390 1360 1551 1435 irae,''
1584 1360 1734 1438 Eph.
1765 1360 1825 1419 ii.
1850 1363 1905 1437 3,
1937 1368 1998 1419 et
2040 1362 2075 1394 ‘⁴
2099 1360 2427 1439 quicunque
2456 1369 2593 1421 sunt
2619 1362 2728 1421 sub

321 1437 591 1515 operibus
620 1438 799 1516 Legis
826 1447 961 1498 sunt
988 1439 1099 1498 sub
1126 1437 1494 1510 maledict0,”
1527 1440 1660 1499 Gal.
1689 1439 1772 1499 iii.
1805 1441 1898 1499 10.
1983 1440 2111 1499 Lex
2151 1448 2384 1519 propter
2425 1448 2726 1519 peccatum

318 1516 493 1577 morti
539 1536 647 1577 nos
686 1518 997 1597 mancipat,
1030 1519 1199 1577 Rom.
1243 1519 1322 1579 iv.
1370 1521 1463 1578 15.
1551 1519 1834 1579 Diabolus
1876 1540 1981 1598 per
2023 1528 2322 1599 peccatum
2369 1527 2428 1579 et
2463 1530 2724 1598 mortem,

320 1598 689 1673 tyrannidem
730 1618 893 1657 suam
934 1600 995 1657 in
1036 1619 1143 1659 nos
1171 1608 1419 1675 exercet,
1469 1601 1499 1656 1
1531 1598 1672 1659 Joh.
1701 1599 1784 1657 iii.
1813 1603 1869 1675 8,
1900 1608 1960 1659 et
1989 1600 2142 1659 Heb.
2170 1600 2231 1660 ii.
2265 1604 2358 1677 14,
2394 1602 2486 1659 15.
2572 1600 2730 1660 Hinc

324 1677 541 1755 captivi
568 1678 831 1755 dicimur,
866 1679 980 1738 Isa.
1010 1679 1116 1739 lxi.
1150 1683 1201 1755 1,
1236 1679 1335 1756 qui
1364 1679 1718 1757 captivitatis
1745 1679 2006 1739 miserias
2025 1680 2362 1757 omnigenas
2383 1681 2728 1758 experimur,

322 1776 516 1817 carcer
560 1759 624 1817 in
672 1778 787 1835 quo
836 1758 1159 1819 detinemur
1186 1759 1283 1818 vel
1330 1778 1540 1837 corpus
1583 1766 1674 1818 est
1719 1760 1830 1819 hoc
1876 1760 2246 1837 corruptibile
2274 1760 2434 1838 quod
2479 1760 2729 1819 animam

321 1846 529 1915 gravat
555 1858 590 1895 a
617 1858 735 1916 quo
760 1847 1066 1932 propterea
1090 1840 1325 1899 liberari
1352 1840 1498 1917 petit
1527 1838 1736 1917 Apost.
1768 1840 1938 1898 Rom.
1968 1840 2068 1898 vii.
2101 1844 2194 1915 24,
2226 1841 2322 1899 vel
2345 1841 2536 1917 potius
2564 1860 2729 1899 mun-

324 1916 433 1975 dus
452 1918 563 1977 iste
585 1918 943 1978 miseriarum
964 1920 1171 1996 plenus
1194 1928 1253 1979 et
1264 1939 1403 1978 vera
1418 1919 1847 1996 lachrymarum
1863 1920 2037 1979 vallis
2054 1940 2183 1998 quae
2196 1921 2440 1979 carceris
2462 1920 2536 1979 ad
2559 1940 2730 1997 quem

320 1995 665 2057 damnantur
690 2007 1020 2076 peccatores
1048 1998 1231 2059 veluti
1258 2019 1393 2077 pars
1421 2006 1511 2057 est
1537 1999 1797 2076 superior
1825 2019 1900 2058 ex
1927 2018 2042 2076 qua
2077 2000 2191 2059 nisi
2228 2000 2492 2059 liberatio
2521 2000 2730 2058 divini-

318 2086 415 2135 tus
443 2077 681 2137 accedat
706 2078 769 2135 in
796 2078 1124 2137 inferiorem
1155 2078 1389 2137 tandem
1432 2076 1587 2153 ignis
1628 2085 1688 2136 et
1729 2078 2020 2155 sulphuris
2069 2078 2488 2156 detruduntur3
2537 2080 2735 2139 Lictor

322 2163 382 2215 et
409 2156 955 2217 commentariensis
986 2157 1271 2215 Diabolus
1293 2165 1383 2215 est
1402 2157 1671 2234 princeps
1693 2157 2056 2216 tenebrarum
2068 2166 2128 2215 et
2151 2158 2312 2216 Deus
2333 2160 2508 2235 hujus
2530 2160 2727 2235 seculi,

322 2235 522 2294 sordes
550 2243 609 2295 et
636 2234 889 2294 tenebrae
917 2236 979 2293 in
1006 2236 1217 2311 quibus
1239 2236 1503 2313 jacemus
1532 2243 1667 2294 sunt
1693 2244 1930 2313 peccata
1957 2246 2016 2295 et
2043 2236 2376 2314 iniquitates
2404 2257 2534 2315 quae
2571 2240 2732 2314 μιάν-

319 2338 471 2391 μιτι
505 2323 563 2374 et
584 2319 857 2393 μολυσμοὶ,
888 2320 925 2373 2
956 2316 1085 2375 Cor.
1108 2316 1209 2375 vii.
1238 2320 1289 2391 l,
1310 2324 1369 2375 et
1394 2335 1569 2393 opera
1596 2315 1960 2375 tenebrarum
1980 2316 2250 2376 dicuntur
2281 2318 2450 2376 Rom.
2483 2318 2608 2377 xiii.
2637 2322 2730 2395 12,

322 2396 558 2455 vincula
586 2404 645 2455 et
670 2396 865 2473 laquei
892 2404 1029 2455 sunt
1054 2405 1177 2455 tum
1204 2397 1427 2474 peccati
1468 2394 1788 2455 dominium
1817 2405 1877 2456 et
1906 2396 2109 2457 Carnis
2135 2398 2482 2475 cupiditates
2519 2398 2732 2476 quibus

323 2483 598 2553 tanquam
627 2476 847 2535 diaboli
884 2476 1109 2554 laqueis
1136 2477 1601 2555 constringimur,
1634 2480 1670 2534 2
1701 2476 1849 2537 Tim.
1880 2477 1940 2537 ii.
1971 2480 2066 2553 26,
2117 2487 2240 2537 tum
2289 2486 2483 2538 reatus
2530 2480 2734 2538 mortis

322 2564 381 2615 et
425 2556 811 2616 damnationis
859 2576 933 2615 ex
980 2565 1219 2635 peccato
1267 2576 1643 2635 consequens,
1691 2577 1808 2635 quo
1855 2558 2038 2618 veluti
2087 2558 2362 2637 compede
2411 2560 2733 2619 arctissimo

323 2636 507 2697 vincti
554 2644 831 2713 tenemur,
879 2646 939 2696 et
983 2638 1207 2714 judicio
1252 2637 1451 2695 divino
1508 2638 1809 2713 obstricti;
1875 2637 1962 2697 At
2015 2658 2160 2715 quos
2207 2638 2430 2717 peccati
2467 2659 2730 2716 regnum,

323 2717 525 2776 mortis
579 2718 767 2793 timor,
816 2718 1045 2776 Satanae
1092 2718 1355 2795 tyrannis
1384 2738 1451 2776 ac
1490 2716 1642 2793 legis
1686 2736 1754 2775 ac
1795 2717 2040 2794 justitiae
2077 2718 2292 2776 divinae
2337 2719 2550 2795 jugum
2598 2716 2732 2778 ἀζά-

325 2822 537 2856 uum-ov
565 2817 705 2856 occu
748 2803 850 2855 ant
880 2796 1133 2873 undique
1163 2797 1264 2874 qui
1290 2796 1417 2854 fieri
1464 2803 1658 2873 potest
1685 2803 1750 2854 ut
1795 2795 2135 2871 eluctemur,
2168 2797 2280 2857 nisi
2307 2798 2636 2873 redemptor
2675 2807 2736 2858 et

325 2894 607 2934 summam
796 2875 1107 2934 Diabolum
1136 2884 1195 2933 et
1248 2882 1549 2953 peccatum
1606 2873 2016 2932 debellandum
2069 2874 2385 2952 potentiam
2439 2876 2730 2952 adhibeat,

323 2962 383 3013 et
410 2954 897 3013 absolutissimam
926 2952 1001 3011 ad
1028 2955 1389 3031 majestatem
1418 2953 1677 3011 divinam
1705 2951 2046 3028 placandam
2074 2953 2361 3031 justitiam
2388 2954 2686 3031 impendat
2706 2960 2735 3016 Ρ

390 3032 653 3091 XXIII.
697 3036 753 3091 2.
785 3032 1047 3110 Idipsum
1078 3031 1283 3093 suadet
1308 3034 1437 3110 ipsa
1462 3031 1882 3107 Redemptionis
1910 3033 2306 3105 nomenclatio;
2347 3051 2485 3090 nam
2515 3041 2733 3094 certum

326 3120 416 3170 est
434 3118 656 3192 λυτςοῦν,
686 3118 1015 3192 ἇπολυτςοῢν,
1046 3111 1202 3189 apud
1246 3113 1501 3187 Graecos,
1530 3110 1834 3169 Redimere
1861 3131 2002 3169 vero
2023 3111 2180 3188 quod
2206 3112 2279 3171 iis
2307 3112 2461 3190 apud
2491 3113 2733 3175 Latinos

323 3192 650 3271 respondet,
680 3192 741 3251 in
764 3192 1035 3269 primaria
1054 3212 1123 3249 ac
1144 3192 1395 3249 maxime
1416 3190 1648 3268 propria
1671 3190 2090 3267 significatione
2117 3192 2344 3270 proprie
2372 3192 2584 3253 dicta'm
2615 3194 2731 3255 Re-

326 3270 717 3350 demptionem
759 3272 1013 3347 innuere,
1066 3271 1287 3331 scilicet
1314 3291 1443 3348 quae
1490 3270 1558 3329 fit
1598 3270 1992 3330 intercedente
2033 3271 2226 3349 aliquo
2274 3273 2476 3350 preti0,
2529 3282 2589 3333 et
2635 3276 2731 3337 hic

323 3345 603 3413 habemus
622 3352 991 3413 confitentem
1019 3358 1199 3427 reum,
1223 3352 1527 3411 haereticus
1546 3351 1700 3410 enim
1721 3350 1824 3409 lib.
1845 3351 1905 3411 ii.
1936 3351 2008 3410 de
2042 3352 2204 3411 Serv.
2235 3373 2284 3413 c.
2313 3357 2364 3429 1,
2388 3353 2500 3413 hoc
2517 3354 2730 3417 diserte
2775 3374 2782 3380 ·

327 3430 500 3493 docet
542 3436 577 3468 “
602 3434 909 3494 Redimere
938 3432 1191 3510 aliquem
1218 3432 1364 3491 nihil
1405 3432 1567 3491 aliud
1607 3432 1836 3510 proprie
1883 3432 2186 3525 significat,
2235 3454 2408 3511 quam
2437 3454 2568 3494 cum
2598 3456 2733 3515 cap-

324 3512 511 3573 tivum
542 3534 573 3573 e
599 3514 869 3573 manibus
898 3512 1055 3571 illius
1122 3512 1184 3572 ui
1210 3512 1376 3572 illum
1404 3512 1624 3571 detinet
1651 3512 1835 3589 pretio
1875 3512 1962 3571 ilh
1991 3511 2128 3571 dato
2154 3513 2457 3573 liberare.’'
2542 3515 2628 3575 At
2664 3524 2732 3576 ut

327 3591 484 3669 apud
508 3613 709 3653 omnes
736 3602 827 3652 est
872 3594 935 3651 in
982 3612 1091 3651 con
1117 3612 1246 3652 esso
1291 3613 1328 3651 a
1364 3594 1595 3671 propria
1639 3601 1700 3651 et
1744 3592 1945 3651 nativa
1971 3593 2278 3652 verborum
2307 3594 2728 3671 significatione

324 3691 619 3748 nunquam
649 3680 738 3733 est
763 3671 1147 3731 recedendum
1176 3672 1290 3733 nisi
1318 3673 1680 3750 gravissimae
1701 3680 1947 3751 urgeant
1974 3692 2180 3749 causae,
2213 3684 2278 3733 ut
2305 3694 2436 3733 cum
2463 3676 2730 3752 proprius

324 3769 529 3809 sensus
556 3752 618 3809 in
644 3752 783 3811 fidei
810 3753 1061 3830 aliquem
1083 3753 1388 3813 articulum
1430 3761 1533 3813 aut
1572 3752 1872 3811 charitatis
1899 3762 2251 3831 praeceptum
2277 3753 2468 3831 palam
2497 3774 2566 3813 ac
2592 3774 2730 3815 vere

320 3830 581 3905 incurrit,
611 3833 711 3891 vel
736 3830 1017 3910 figuratus
1060 3852 1248 3893 sermo
1290 3832 1589 3893 evidenter
1616 3852 1692 3891 ex
1720 3832 1922 3891 eodem
1951 3833 2049 3892 vel
2091 3853 2166 3893 ex
2211 3834 2341 3891 aliis
2382 3833 2526 3892 locis
2571 3834 2729 3893 dete-

326 3910 483 3986 gitur
510 3930 577 3969 ac
598 3912 909 3989 probatur:
935 3914 1209 3990 Augusti.
1238 3912 1341 3973 lib.
1364 3913 1445 3972 iii.
1475 3911 1548 3971 de
1577 3912 1758 3972 doctr.
1785 3912 2011 3971 Christi.
2041 3932 2092 3971 c.
2121 3915 2211 3989 10,
2237 3920 2296 3972 et
2318 3915 2408 3987 15,
2439 3913 2550 3971 hoc
2577 3913 2726 3991 figu-

326 3997 465 4048 ratae
494 3990 983 4069 interpretationis
1010 3992 1110 4052 dat
1137 3992 1413 4051 indicium
1465 3993 1501 4025 “
1524 3992 1575 4051 si
1620 3992 1841 4051 dictum
1887 3992 2115 4069 proprie
2166 4002 2462 4069 acceptum
2508 4012 2616 4051 nec
2653 3996 2728 4053 ad

318 4068 497 4128 fidem
524 4090 632 4129 nec
660 4071 737 4129 ad
763 4071 1131 4131 dilectionem
1159 4080 1261 4131 aut
1286 4071 1363 4130 ad
1382 4072 1559 4131 ullam
1590 4072 1825 4131 omnino
1855 4072 2290 4131 aedificationem
2309 4072 2730 4134 accommodari

322 4149 566 4227 possit.''
654 4151 719 4209 Si
746 4170 887 4210 vero
914 4151 991 4209 ad
1018 4159 1323 4229 utrumque
1349 4151 1523 4210 faciat
1550 4170 1724 4228 quam
1751 4152 2002 4210 maxime
2031 4160 2090 4210 et
2115 4158 2238 4210 tum
2281 4171 2356 4209 ex
2397 4152 2579 4228 ipsius
2620 4152 2732 4215 loci

323 4228 789 4305 circumstantiis,
819 4239 944 4290 tum
972 4250 1047 4290 ex
1076 4232 1205 4289 aliis
1232 4231 1525 4309 parallelis
1552 4230 1853 4290 evidenter
1873 4232 2232 4308 comprobari
2252 4230 2452 4308 possit,
2473 4231 2604 4307 quis
2621 4235 2733 4297 nisi

320 4310 380 4367 in
408 4310 599 4387 ipsum
625 4310 905 4388 Spiritum
937 4311 995 4370 S.
1020 4311 1121 4388 qui
1147 4312 1259 4370 hoc
1284 4311 1454 4370 nobis
1479 4310 1708 4369 tradere
1735 4312 1924 4371 voluit
1948 4310 2194 4387 injurius
2219 4310 2459 4387 reJicere
2487 4318 2709 4388 queat?

406 4388 659 4450 XXIV.
722 4390 871 4451 Rem
899 4398 1093 4449 autem
1130 4390 1211 4449 ita
1258 4410 1385 4450 sese
1428 4390 1642 4449 habere
1689 4390 1750 4448 in
1798 4392 1908 4449 hoc
1956 4399 2297 4467 argumento
2341 4410 2458 4448 non
2503 4391 2733 4455 difficile

324 4475 417 4527 est
464 4470 786 4547 ostendere,
837 4490 973 4529 nam
1019 4470 1215 4549 quoad
1252 4468 1383 4529 loca
1430 4469 1709 4548 parallela
1751 4469 2086 4529 docebimus
2115 4470 2174 4528 in
2216 4471 2590 4549 sequentibus
2617 4492 2735 4535 non

208 4610 216 4617 ,
324 4547 500 4609 modo
529 4550 985 4630 redemptionem
1010 4551 1459 4628 metaphoricam
1498 4570 1613 4608 nou
1658 4557 1966 4610 connotare
1995 4550 2099 4609 sed
2138 4551 2368 4629 proprie
2395 4552 2608 4612 dictam
2637 4574 2735 4614 ne·

326 4630 577 4690 cessario
606 4630 833 4707 inferre,
864 4650 1017 4692 nunc
1044 4651 1185 4691 vero
1213 4651 1287 4690 ex
1318 4631 1459 4709 ipsis
1485 4629 1597 4689 loci
1629 4630 2074 4691 circumstantiis
2102 4631 2556 4693 demonstratum
2583 4632 2756 4695 istud·
