3234 5192
290 354 521 395 meror.
550 328 692 413 vin]
1018 346 1247 388 Noenu
1277 346 1355 385 AB
1384 344 1666 387 accensu
1693 344 1964 385 nomam.
2603 328 2715 385 159

298 518 339 555 a
366 494 515 569 cibis,
548 511 678 569 quse
707 489 889 547 verba
914 488 1263 547 intransitive
1290 486 1525 566 quidem
1564 486 1756 545 solent
1795 486 1978 563 vulgo
2023 484 2240 565 exponi
2269 504 2400 545 cum
2441 484 2720 546 relatione

298 576 375 637 ad
394 592 673 653 personas
700 569 995 647 superiore
1024 588 1197 629 versu
1246 586 1571 646 expressas,
1623 566 1894 625 nimirum
1921 586 2021 625 eas
2057 566 2180 625 fore
2224 566 2564 660 falsiloquus
2617 584 2721 643 per

299 653 672 733 hypocrisim,
706 650 1081 709 cauteriatam
1104 648 1403 707 habituras
1421 647 1852 723 conscientiam,
1873 646 2266 725 prohibiturns
2291 646 2721 706 matrimonium

300 734 637 795 contrahere
666 740 726 790 et
764 736 1155 807 praecepturus
1198 726 1609 787 abstinentiam
1637 746 1674 785 a
1699 727 1864 787 cibis.
1951 726 2068 787 Sed
2114 727 2382 804 syntaxis
2414 734 2716 805 repugnat,

303 816 439 893 quia
466 832 727 891 personne
770 808 1083 869 defecturae
1125 828 1247 867 ver.
1281 812 1310 867 1
1344 808 1749 887 exprimuntur
1776 806 1838 864 in
1865 826 2006 867 casu
2025 816 2202 883 recte,
2231 827 2300 866 ac
2327 824 2590 885 personae
2618 806 2718 865 de-

303 897 545 973 signatae
563 893 677 951 hoc
694 909 815 949 ver.
838 890 901 949 in
920 888 1183 966 genitivo
1206 910 1221 964 ς
1249 889 1425 966 longe
1448 888 1807 947 commodius
1828 906 1968 965 ergo
1989 888 2293 947 transitive
2315 895 2635 960 sumuntur,
2655 894 2724 945 ut

303 974 547 1055 genitivi
574 972 661 1030 illi
684 977 959 1048 regantur
985 987 1023 1029 a
1041 969 1239 1029 verbis
1278 993 1320 1027 οι
1348 974 1610 1050 ὕστερον,
1641 976 1708 1028 ut
1749 968 2105 1045 exprimatur
2143 966 2398 1027 medium
2447 967 2572 1025 sive
2599 984 2722 1025 mo-

306 1056 433 1130 dus,
459 1072 574 1131 quo
602 1050 881 1110 doctrinae
910 1049 1027 1109 illue
1054 1049 1468 1108 daemoniorum
1522 1046 1958 1107 introducendae
1986 1054 2167 1123 erant,
2211 1056 2272 1107 et
2298 1064 2415 1125 quo
2447 1047 2722 1107 seducere

304 1135 593 1195 debebant
612 1130 893 1207 homines,
916 1139 983 1190 ut
1010 1130 1083 1187 iis
1102 1127 1483 1197 attenderent,
1502 1128 1772 1187 nimirum
1801 1127 2097 1204 hypocrisi,
2120 1135 2180 1186 et
2197 1128 2504 1202 mendacio,
2529 1150 2571 1185 υ
2601 1132 2722 1187 ὕπο-

306 1239 457 1297 :gau-u
483 1208 804 1285 ψιυδολογω
847 1229 953 1287 per
990 1210 1327 1287 hypocrisim
1356 1208 1452 1267 vel
1490 1208 1747 1267 fraudem
1759 1208 2226 1284 falsiloquorum.
2271 1208 2414 1265 Cum
2437 1208 2590 1265 enim
2619 1207 2724 1264 mi-

310 1316 439 1355 rum
468 1293 655 1351 videri
681 1290 886 1349 merito
914 1298 1126 1367 posset,
1151 1309 1267 1368 qua
1286 1288 1521 1349 tandem
1538 1288 1762 1349 ratione
1791 1287 2122 1362 Christiani,
2145 1306 2264 1345 non
2293 1286 2464 1346 modo
2485 1286 2726 1345 rationis

314 1375 419 1435 sed
446 1380 505 1431 et
532 1371 698 1429 verbi
723 1370 853 1428 luce
882 1368 1125 1447 praediti,
1174 1376 1414 1447 possent
1438 1386 1738 1427 assensum
1767 1368 2022 1446 proebere
2072 1366 2350 1426 doctrinis
2376 1365 2522 1425 adeo
2563 1364 2726 1423 falsis

314 1463 375 1513 et
404 1450 754 1525 exitialibus,
778 1450 979 1526 quales
1004 1461 1168 1507 erant
1220 1449 1497 1508 doctrina
1526 1446 1958 1523 daemoniorum,
2005 1446 2260 1507 ostendit
2283 1447 2556 1506 Satanam
2585 1445 2726 1504 duo-

317 1534 431 1593 bus
470 1530 833 1609 potissimum
864 1549 1099 1589 usurum
1143 1528 1351 1589 mediis
1400 1528 1474 1588 ad
1514 1527 2003 1590 commendandas
2051 1536 2112 1587 et
2157 1525 2586 1604 persuadendas
2627 1544 2730 1603 per

316 1612 613 1673 ministros
640 1628 777 1669 suos
798 1609 944 1669 tales
971 1607 1282 1687 doctrinas,
1312 1609 1597 1686 hypocr-2:³2·
1620 1607 1844 1667 scilicet
1884 1617 1944 1668 et
1991 1608 2279 1667 mendacio
2325 1626 2428 1666 seu
2476 1606 2728 1681 fabulis3

317 1693 422 1753 illa
448 1690 819 1750 devotionem
860 1697 919 1749 et
938 1690 1213 1767 pietatem
1260 1708 1379 1769 prae
1408 1708 1470 1751 se
1498 1688 1626 1765 fert,
1675 1688 1832 1748 istud
1859 1688 2217 1763 miraculum,
2248 1687 2462 1765 quibus
2504 1685 2732 1744 duobus

318 1772 489 1832 facile
518 1770 823 1848 capiuntur
850 1770 1133 1830 homines.
1218 1769 1485 1847 Utroque
1524 1777 1720 1828 autem
1747 1769 1860 1828 isto
1904 1768 2096 1827 medio
2139 1768 2432 1827 doctrinas
2473 1768 2616 1825 istas
2644 1781 2732 1824 er·

318 1872 523 1912 roncas
552 1848 970 1908 daemoniorum
1006 1848 1367 1911 introductas
1388 1858 1447 1909 et
1472 1848 1838 1909 confirmatas
1865 1848 2044 1908 fuisse
2071 1848 2132 1907 in
2162 1846 2428 1907 Ecclesia
2458 1846 2734 1907 Christia-

318 1952 411 2007 na,
442 1930 729 2007 hospitem
757 1928 927 2007 plane
974 1948 1103 1989 esse
1126 1938 1352 2007 oportet
1380 1930 1439 1988 in
1480 1930 1724 1989 historia
1763 1928 2156 1989 ecclesiastica
2183 1930 2284 2006 qui
2311 1927 2514 1988 nescit.
2577 1926 2736 1985 Hinc

320 2012 474 2071 enim
514 2010 653 2069 ficto
674 2008 1019 2069 humilitatis
1066 2018 1125 2069 et
1164 2009 1397 2087 pietatis
1426 2009 1577 2085 velo,
1608 2008 1802 2069 cultus
1847 2008 2242 2068 idololatricos
2283 2016 2612 2067 sanctarum
2647 2024 2736 2065 re-

320 2090 647 2169 liquiarum,
678 2098 735 2149 et
762 2088 1081 2166 imaginum
1108 2089 1375 2149 invaluit.
1488 2089 1634 2149 Inde
1671 2108 1812 2148 vero
1857 2088 2018 2149 falsis
2045 2088 2342 2147 miraculis
2368 2096 2428 2148 et
2453 2084 2738 2165 prodigiis

324 2170 720 2245 mendacibuS,
768 2169 826 2227 le
871 2168 1036 2228 endis
1090 2168 1387 2246 fabulosis,
1440 2169 1670 2247 scriptis
1691 2169 1984 2229 ementitis
2025 2177 2085 2230 et
2127 2167 2510 2248 supposititiis
2550 2166 2740 2242 magis

326 2271 395 2310 ac
424 2248 613 2327 magis
634 2250 697 2307 in
724 2268 824 2308 eor
868 2248 996 2307 ’bus
1022 2248 1325 2309 hominum
1352 2249 1644 2309 radicatus
1672 2257 1778 2325 est,
1809 2269 1913 2328 per
1939 2258 2094 2309 artes
2120 2258 2182 2309 et
2215 2248 2448 2307 fraudes
2475 2246 2736 2305 innume-

326 2350 423 2389 ras
451 2331 828 2408 impostorum
866 2325 1203 2405 ψιυδολογαν,
1254 2330 1355 2409 qui
1403 2329 1864 2407 qualemcunque
1899 2328 2132 2407 pietatis
2159 2337 2219 2388 et
2245 2325 2590 2389 humilitatis
2611 2344 2738 2402 spe-

328 2411 477 2471 ciem
516 2430 621 2487 per
647 2408 1003 2486 hypocrisim
1030 2429 1194 2469 suam
1216 2430 1337 2487 prae
1360 2430 1423 2469 se
1466 2409 1640 2469 laturi
1695 2420 1848 2487 sunt,
1898 2410 2055 2469 intus
2103 2418 2296 2469 tamen
2350 2407 2498 2467 nihil
2551 2406 2742 2465 minus

329 2498 465 2550 sunt
490 2488 687 2563 futuri,
718 2507 891 2566 quam
921 2490 1079 2566 quod
1119 2490 1483 2565 videbantur,
1516 2490 1888 2549 cauteriatam
1925 2490 2140 2569 quippe
2167 2488 2576 2549 conscientiam
2605 2495 2744 2545 sunt

326 2569 599 2644 habituri,
630 2568 693 2627 id
720 2577 825 2642 est,
872 2588 1075 2646 parum
1104 2590 1320 2645 sanam,
1352 2570 1632 2649 pollutam
1671 2578 1732 2629 et
1757 2570 2222 2646 contaminatam,
2254 2578 2314 2628 et
2339 2565 2744 2645 impurissimis

330 2649 652 2723 criminum,
684 2668 929 2725 quorum
960 2650 1177 2708 conscii
1204 2650 1315 2711 sibi
1338 2660 1491 2725 sunt,
1512 2651 1667 2710 notis
1693 2650 1878 2710 veluti
1907 2650 2158 2727 quodam
2187 2648 2442 2709 cauterio
2471 2648 2742 2721 inustam,

330 2738 504 2807 atque
534 2729 678 2787 adeo
708 2728 929 2804 duram,
950 2730 1225 2789 callosam
1254 2740 1313 2789 et
1339 2738 1638 2795 κων-οιτον.
1722 2730 1849 2805 Quo
1879 2734 2102 2808 spectat
2117 2729 2291 2789 etiam
2321 2726 2478 2805 quod
2505 2725 2744 2804 apponi-

334 2817 447 2883 tur,
471 2809 543 2868 de
562 2809 938 2885 prohibitione
956 2810 1317 2885 matrimonii,
1342 2819 1403 2870 et
1428 2810 1812 2871 interdictione
1829 2812 2092 2883 ciborum,
2132 2826 2262 2885 quse
2289 2806 2414 2866 fieri
2441 2806 2645 2865 debuit
2671 2806 2745 2863 ab

333 2889 465 2948 istis
496 2884 835 2963 ψιυδολογοις,
862 2898 927 2949 ut
954 2890 1209 2967 pressius
1236 2890 1575 2968 designetur
1602 2892 1900 2949 character
1927 2908 2142 2963 eorum,
2165 2889 2264 2965 qui
2285 2887 2434 2945 tales
2453 2884 2745 2943 doctrinas

333 2968 721 3028 introducturi
763 2978 944 3040 erant,
988 2978 1049 3029 et
1094 2970 1179 3028 ita
1218 2969 1557 3029 ostendatur
1592 2989 1710 3028 non
1763 2970 1938 3027 modo
1977 2968 2168 3045 legem
2218 2966 2522 3025 coelibatus
2563 2973 2624 3023 et
2655 2964 2744 3040 je·

326 3046 637 3125 juniorum
676 3050 827 3107 inter
854 3069 952 3109 eas
980 3050 1274 3109 doctrinas
1301 3050 1507 3109 merito
1550 3048 1769 3126 reponi,
1801 3069 1930 3126 quae
1959 3048 2280 3106 daemonem
2329 3053 2620 3105 auc-torem
2641 3044 2745 3103 ha-

340 3126 497 3201 bent,
556 3136 614 3185 et
662 3126 873 3187 divinae
916 3129 1262 3189 institutioni
1310 3138 1652 3207 repugnant,
1698 3127 1800 3187 sed
1844 3148 1880 3187 a
1906 3128 2122 3187 talibus
2157 3126 2490 3186 hominibus
2516 3124 2746 3203 potissi-

338 3225 497 3265 mum
542 3206 800 3267 invectas
840 3228 967 3269 esse
1008 3209 1071 3267 in
1115 3210 1435 3269 Ecclesiam
1468 3208 1870 3283 Christianam,
1913 3216 1980 3267 ut
2011 3226 2148 3267 sane
2190 3216 2436 3267 eventus
2471 3206 2748 3265 vaticinio

336 3286 595 3363 apprime
613 3288 927 3365 respondit.
1012 3290 1230 3350 Notum
1276 3290 1490 3367 quippe
1538 3288 1925 3349 idololatriam
1971 3288 2034 3347 in
2083 3289 2348 3349 Ecclesia
2395 3296 2581 3347 ortam
2619 3306 2747 3347 esse

338 3366 547 3425 eodem
571 3375 844 3445 tempore,
876 3388 992 3445 quo
1018 3369 1208 3447 legem
1260 3370 1565 3429 coelibatus
1592 3378 1652 3429 et
1685 3369 1819 3428 vitae
1845 3370 2198 3447 monasticae,
2230 3378 2290 3429 et
2315 3369 2520 3430 iisdem
2550 3378 2746 3428 aucto-

336 3446 517 3585 ribtffi,
580 3446 765 3506 Paulo
820 3448 1043 3507 scilicet
1098 3459 1156 3511 et
1200 3450 1476 3527 Antoni0,
1536 3450 1948 3511 monachorum
2006 3450 2357 3511 Patriarchis
2425 3450 2486 3508 in
2541 3456 2748 3528 quarto

339 3544 436 3585 see
502 3546 555 3585 0.

420 3604 610 3698 3011.
656 3606 819 3665 Nihil
846 3616 1037 3669 autem
1068 3630 1213 3687 opus
1240 3618 1331 3671 est
1356 3611 1457 3671 diu
1484 3610 1776 3671 immorari
1803 3612 1864 3670 in
1884 3612 2146 3671 vaticinii
2173 3612 2342 3671 istius
2363 3611 2746 3689 complemen-

339 3692 401 3777 to
429 3687 856 3765 investigando,
888 3708 1020 3747 cum
1048 3708 1140 3749 res
1168 3692 1295 3767 ipsa
1322 3690 1547 3767 elamet,
1580 3710 1938 3769 quaecunque
1965 3692 2040 3751 de
2083 3694 2373 3770 apostasia
2413 3692 2526 3750 ista
2551 3692 2746 3749 novis·

340 3784 615 3825 simorum
642 3776 965 3845 temporum
996 3789 1031 3827 a
1082 3770 1265 3829 Paulo
1310 3770 1598 3847 dicuntur,
1645 3772 1706 3831 in
1737 3772 2000 3831 Ecclesia
2050 3774 2314 3831 Romana
2355 3770 2744 3849 deprehendi3

341 3852 457 3935 tam
489 3846 681 3921 quoad
725 3846 1107 3909 defectionem
1150 3870 1186 3909 a
1226 3850 1357 3926 fide,
1390 3852 1628 3929 spiritus
1655 3870 1942 3927 erroneos,
1993 3852 2286 3911 doctrinas
2334 3849 2746 3909 daemoniorum

340 3942 403 3981 m
432 3924 737 4001 multiplici
766 3926 1133 4005 idolomania,
1162 3950 1293 4007 quae
1323 3931 1381 3989 in
1410 3951 1480 3990 ea
1515 3932 1754 4006 obtinet,
1785 3952 1960 4009 quam
1988 3932 2178 4009 quoad
2207 3926 2558 4009 hypocrisim
2587 3930 2745 3989 falsi-

338 4002 665 4097 loquo-rum,
694 4007 795 4083 qui
852 4009 1223 4070 cauteriatam
1271 4010 1489 4071 habent
1532 4012 1960 4087 conscientiam,
2009 4020 2066 4071 et
2093 4012 2195 4089 qui
2230 4012 2393 4089 leges
2441 4011 2746 4070 coelibatus

346 4088 407 4140 et
442 4102 794 4160 jejuniorum
822 4087 1285 4149 introduxerunt.
1370 4092 1511 4166 Quae
1535 4092 1730 4151 omnia
1774 4112 1893 4151 non
1939 4093 1997 4149 in
2028 4092 2206 4152 alium
2255 4108 2426 4169 quam
2455 4092 2516 4149 in
2547 4091 2744 4150 Ponti-

340 4161 527 4255 ficem,
559 4172 618 4222 et
648 4164 969 4227 Ecclesiam
1000 4169 1319 4229 Romanam
1348 4171 1652 4247 quadrare,
1693 4182 1910 4232 certum
1941 4180 2046 4231 est.
2131 4172 2316 4231 Nobis
2353 4191 2491 4231 sane
2518 4180 2746 4231 constat

339 4240 520 4335 tribm
548 4262 665 4302 non
690 4265 877 4322 posse,
903 4250 1003 4326 qui
1022 4270 1132 4309 nee
1152 4270 1189 4309 a
1214 4250 1328 4310 fide
1358 4252 1535 4311 semel
1568 4253 1798 4313 Sanctis
1841 4252 2054 4311 tradita
2094 4251 2427 4327 defecimus,
2457 4272 2562 4311 nec
2607 4251 2742 4312 doc-

340 4328 527 4415 trin-as
556 4342 823 4385 erroneas
851 4337 910 4388 et
936 4327 1325 4391 idololatricae
1353 4332 1708 4407 induximus,
1737 4352 1846 4391 nec
1883 4332 2217 4409 conjugium
2246 4332 2514 4409 cuiquam
2571 4332 2742 4391 inter-

341 4400 617 4496 diximus,
649 4424 755 4464 nec
784 4426 955 4466 usum
998 4409 1255 4470 ciborum
1285 4412 1593 4471 vetuimus.
1681 4412 1800 4471 Sed
1826 4411 1899 4471 de
1927 4411 2272 4470 adversariis
2312 4412 2444 4491 quis
2471 4408 2698 4474 dubitet
2717 4418 2746 4474 P

344 4479 505 4572 Quos
532 4494 648 4543 ista
672 4495 949 4564 praestare
979 4490 1195 4549 clarum
1226 4499 1333 4550 est.
1420 4492 1541 4550 Nec
1561 4492 1735 4569 juvat
1762 4512 1879 4567 eos,
1925 4492 2082 4569 quod
2122 4492 2222 4550 alii
2266 4493 2440 4553 etiam
2468 4492 2741 4573 haeretici,

341 4580 404 4653 in
432 4582 579 4639 quos
636 4567 943 4643 apostasiae
972 4568 1141 4629 istius
1171 4570 1449 4629 invidiam
1498 4570 1760 4632 derivare
1809 4572 2014 4648 solent,
2043 4580 2200 4651 puta,
2249 4573 2494 4651 Tatiani,
2529 4576 2742 4635 Encra-

342 4648 485 4717 titae,
510 4643 891 4723 Marcionitae,
924 4657 983 4708 et
1012 4650 1340 4725 Manichaei,
1370 4651 1796 4712 matrimonium
1825 4660 1885 4712 et
1911 4652 2170 4713 ciborum
2188 4657 2548 4733 quorundam
2577 4676 2744 4719 usum
