3234 5192
553 329 678 388 ‘422
1099 353 1174 395 ns
1207 357 1702 399 sA'rlsucrlor-’ls
1731 355 1977 399 cums'rl
2008 357 2426 400 sscnssrrns.
2560 339 2823 419 [nlsrcr.
2857 355 2968 398 x11.

558 490 759 567 utique
808 503 867 553 et
910 506 1143 574 propter
1188 500 1572 561 Mediatorem
1601 505 1842 580 ejusque
1883 503 2169 578 meritum,
2201 501 2345 560 fides
2367 501 2518 560 enim
2549 499 2809 559 salvifica
2837 518 2968 558 esse

558 573 761 648 nequit
806 575 920 634 nisi
972 578 1061 636 illi
1108 580 1328 641 innixa.
1414 587 1495 641 2⁰.
1528 583 1684 642 Abel
1726 583 1939 642 dicitur
1965 583 2308 642 sacrificium
2335 581 2616 640 obtulisse
2645 589 2704 638 et
2729 579 2966 655 quidem

557 661 874 730 cruentum,
920 666 981 717 at
1021 678 1295 736 quorsum
1336 662 1450 721 nisi
1490 670 1555 722 ut
1596 672 1821 722 reatum
1861 663 2137 723 fateretur
2163 682 2348 736 suum,
2393 661 2680 738 simulque
2709 659 2964 728 medium

554 731 791 809 aliquod
844 739 1268 814 propitiationis
1322 742 1383 801 in
1430 743 1797 802 victimarum
1845 745 2126 820 sanguine
2175 743 2504 820 exquireret
2523 745 2552 800 P
2592 748 2653 799 at
2680 759 2810 799 eum
2839 759 2963 798 cer·

554 819 680 870 tum
734 815 812 874 sit
866 819 1206 895 sanguinem
1259 823 1551 881 hircorum
1606 845 1724 883 non
1771 843 1940 901 posse
1970 824 2172 882 tollere
2208 831 2462 901 peccata,
2491 821 2726 880 omnino
2753 840 2968 896 agnos-

556 893 804 952 cendum
832 904 921 955 est
949 900 1293 960 sacrificium
1322 904 1431 961 hoc
1459 923 1576 960 non
1605 905 1774 963 aliter
1803 904 1929 962 Deo
1958 912 2187 981 gratum
2213 903 2392 961 fuisse
2421 921 2595 979 quam
2622 901 2759 978 quia
2784 910 2964 978 typus

546 980 617 1031 et
664 974 995 1049 symbolum
1044 988 1168 1039 erat
1194 983 1332 1058 agni
1364 984 1476 1042 Dei
1505 985 1784 1062 inculpati
1813 984 1950 1042 olim
1980 985 2041 1042 iu
2066 982 2428 1062 plenitudine
2455 991 2776 1059 temporum
2805 1000 2961 1040 mac-

556 1051 735 1110 tandi.
824 1057 903 1115 3⁰.
950 1056 1095 1117 Cum
1120 1064 1311 1136 justus
1352 1063 1577 1122 dicatur
1608 1084 1722 1141 per
1743 1066 1924 1143 fidem
1966 1085 2034 1123 eo
2075 1065 2203 1141 ipso
2253 1063 2594 1140 supponitur
2621 1060 2966 1138 dignitatem

554 1131 715 1189 illam
774 1135 1109 1216 obtinuisse,
1154 1161 1271 1201 non
1314 1143 1647 1203 inhaerentis
1699 1146 1943 1223 justitiae
1984 1152 2265 1221 respectu,
2309 1142 2414 1201 sed
2453 1143 2747 1219 imputatae
2789 1160 2965 1218 quam

556 1212 703 1271 fides
744 1215 855 1274 sibi
895 1219 1190 1296 applicat3
1237 1224 1316 1282 Et
1356 1244 1493 1284 sane
1538 1225 1737 1283 Moses
1777 1244 1894 1282 non
1951 1225 2192 1283 obscure
2233 1223 2382 1282 illud
2447 1223 2666 1280 indicat
2707 1241 2837 1281 cum
2880 1222 2963 1280 ait

556 1294 747 1353 Deum
772 1300 1081 1373 respexisse
1109 1305 1193 1361 ad
1214 1305 1439 1363 Abelem
1466 1307 1617 1363 etad
1639 1325 1880 1364 munera
1908 1308 2040 1381 ejus,
2091 1303 2276 1381 primo
2311 1303 2387 1361 ad
2427 1321 2748 1380 personam,
2799 1301 2959 1360 dein-

556 1371 629 1432 de
685 1375 760 1432 ad
788 1396 1015 1456 munuS,
1066 1391 1132 1442 ut
1179 1384 1401 1444 scilicet
1446 1384 1800 1462 significaret
1843 1405 1960 1443 non
2012 1403 2316 1461 personam
2357 1393 2593 1461 propter
2619 1382 2959 1441 sacrificium

558 1453 664 1512 sed
691 1457 1033 1518 sacrificium
1080 1473 1315 1541 propter
1360 1484 1666 1541 personam
1714 1465 2017 1543 placuisse,
2049 1464 2187 1542 quia
2213 1465 2336 1541 ipse
2365 1462 2653 1540 gratiosus
2681 1465 2804 1521 erat
2835 1463 2960 1521 Deo

556 1553 662 1610 per
701 1534 891 1612 fidem,
937 1547 1109 1617 atque
1151 1544 1277 1603 haec
1318 1552 1409 1604 est
1447 1546 1593 1604 ratio
1636 1545 1984 1623 procedendi
2027 1544 2259 1602 foederis
2301 1543 2502 1620 gratiae
2542 1542 2604 1600 in
2647 1562 2763 1619 quo
2799 1543 2960 1619 judi-

556 1613 713 1672 cium
740 1634 859 1674 non
885 1617 951 1676 fit
978 1619 1051 1678 de
1078 1642 1323 1699 persona
1354 1645 1427 1682 ex
1471 1645 1660 1702 opere,
1692 1626 1848 1701 quod
1888 1625 1952 1683 in
1997 1624 2213 1683 foedere
2241 1623 2418 1700 legali
2445 1623 2680 1696 obtinet,
2729 1623 2836 1680 sed
2883 1622 2958 1681 de

555 1711 730 1770 opere
759 1715 835 1752 ex
861 1717 1123 1773 persona.
1206 1705 1287 1760 4⁰.
1342 1705 1583 1763 Frustra
1611 1725 1748 1764 vero
1777 1705 1853 1763 ad
1879 1705 2322 1782 descriptionem
2349 1702 2485 1761 fidei
2515 1703 2588 1762 ab
2618 1703 2821 1780 Apost.
2853 1702 2958 1760 da-

558 1781 676 1829 tam
693 1776 935 1835 recurrit
962 1779 1345 1858 adversarius,
1378 1792 1444 1842 ut
1464 1785 1732 1844 ostendat
1751 1786 1974 1844 nullum
2005 1792 2328 1862 respectum
2357 1783 2431 1841 ad
2461 1784 2748 1842 Christum
2776 1782 2962 1841 inclu-

558 1850 712 1928 dere,
742 1855 879 1930 quia
898 1857 1022 1916 haec
1052 1859 1168 1919 duo
1202 1871 1428 1922 tantum
1459 1865 1842 1941 postulantur,
1873 1873 1940 1924 ut
1981 1864 2282 1924 credamus
2322 1864 2510 1923 Deum
2538 1883 2664 1922 esse
2691 1872 2751 1922 et
2787 1863 2960 1921 simul

554 1931 918 2008 moena-him,
958 1943 1349 2016 quaerentibus
1390 1945 1620 2020 ipsum:
1665 1944 1890 2023 Quippe
1916 1945 2054 2004 licet
2082 1944 2354 2022 explicite
2395 1944 2577 2021 ipsius
2603 1963 2721 2001 non
2761 1944 2960 2002 memi-

555 2015 707 2073 nerit
764 2015 926 2094 (quia
980 2019 1051 2079 de
1082 2021 1310 2082 Enochi
1349 2023 1707 2102 aliorumque
1761 2035 1990 2102 patrum
2037 2026 2139 2102 qui
2184 2025 2390 2103 priscis
2435 2024 2553 2082 illis
2608 2024 2962 2100 temporibus

554 2093 835 2157 vivebant
884 2099 995 2158 fide
1042 2103 1407 2180 potissimum
1447 2105 1808 2182 loquebatur,
1840 2125 1969 2183 quae
2010 2112 2244 2184 propter
2271 2105 2658 2163 obscuriorem
2686 2113 2746 2164 et
2771 2103 2962 2163 m'inus

554 2174 786 2251 plenam
840 2181 1249 2242 revelationem
1306 2185 1367 2243 in
1422 2186 1877 2262 generalioribus
1930 2183 2296 2264 versabatur)
2338 2184 2615 2262 implicite
2671 2193 2864 2242 tamen
2902 2195 2962 2243 et

555 2258 879 2316 necessaria
932 2265 1343 2340 consequentia
1398 2285 1529 2324 eum
1571 2265 1971 2343 complectitur
2002 2288 2015 2324 ε
2061 2266 2210 2324 Nam
2256 2285 2366 2323 nec
2409 2265 2538 2343 quis
2580 2264 2844 2341 qualisve
2885 2264 2960 2322 sit

556 2354 730 2394 verus
762 2338 921 2396 Deus
948 2349 1140 2417 potest
1192 2345 1357 2402 nosci
1404 2346 1527 2404 sine
1558 2345 1806 2422 Christe,
1838 2346 1978 2405 Joh.
2007 2345 2153 2404 xvii.
2209 2347 2265 2420 3,
2305 2364 2412 2403 nec
2439 2345 2623 2422 quaeri
2649 2352 2838 2422 potest
2885 2344 2960 2402 ad

556 2415 799 2474 salutem
855 2418 969 2477 nisi
1015 2439 1119 2498 per
1160 2422 1349 2499 ipsum
1394 2425 1494 2500 qui
1542 2425 1641 2483 via
1687 2434 1792 2501 est,
1823 2425 2038 2485 veritas
2087 2433 2144 2484 et
2171 2426 2312 2500 vita,
2342 2445 2449 2484 nee
2477 2430 2958 2484 remuneratorem

554 2511 685 2552 eum
715 2495 845 2573 quis
893 2518 1029 2558 vere
1078 2504 1303 2578 sentiet,
1336 2505 1672 2582 evangelice
1701 2505 1908 2581 nimir„
1946 2514 2004 2564 et
2032 2505 2092 2562 in
2119 2505 2334 2564 foedere
2363 2505 2566 2583 gratiae
2594 2525 2696 2582 per
2743 2523 2956 2564 merce-

556 2571 690 2632 dem
734 2578 1062 2656 gratuitam,
1096 2582 1264 2641 Rom.
1294 2584 1374 2642 iv.
1422 2586 1475 2658 5,
1510 2584 1668 2663 (nam
1699 2605 1801 2662 per
1830 2586 2048 2662 Legem
2077 2587 2264 2644 omnis
2293 2605 2422 2662 spes
2449 2583 2732 2643 mercedis
2761 2604 2956 2643 conse·

555 2655 800 2730 quendae
830 2658 1059 2720 sublata
1085 2662 1252 2722 nobis
1280 2663 1395 2743 est)
1416 2664 1531 2724 nisi
1578 2666 1679 2743 qui
1706 2667 1768 2722 in
1797 2665 2026 2725 Christo
2056 2684 2186 2724 eum
2209 2666 2465 2724 intuetur
2489 2665 2552 2722 in
2579 2685 2694 2742 quo
2722 2664 2956 2724 benedi-

556 2735 740 2794 cimur
796 2737 1199 2802 benedictione
1241 2744 1397 2802 omni
1460 2745 1761 2823 spirituali,
1808 2746 1957 2823 Eph.
2001 2745 2039 2804 i.
2083 2749 2138 2822 4,
2183 2745 2337 2804 unde
2379 2745 2598 2822 duplex
2664 2744 2764 2803 ille
2823 2744 2959 2803 fidei

554 2825 736 2894 aetuS,
781 2827 840 2878 et
881 2840 1020 2881 vera
1063 2823 1175 2882 Dei
1203 2825 1475 2902 cognitiO,
1506 2833 1565 2884 et
1610 2825 1897 2884 fiducialis
1940 2827 2140 2904 gratiae
2167 2825 2350 2902 ipsius
2376 2825 2772 2903 apprehensiO,
2832 2824 2961 2883 Me-

553 2895 791 2958 diatoris
839 2903 1105 2963 notitiam
1152 2925 1347 2965 secum
1396 2907 1720 2966 necessario
1769 2908 2006 2968 trahunt
2049 2905 2110 2964 in
2137 2925 2252 2984 quo
2279 2914 2586 2983 utrumque
2615 2904 2954 2964 beneficium

555 2997 975 3058 consequimur.

634 3060 855 3122 XXV.
899 3065 1096 3126 Tertia
1130 3069 1254 3146 jam
1302 3069 1560 3129 succedit
1585 3070 1734 3129 ratio
1763 3090 1798 3128 a
1823 3071 1904 3128 N.
1935 3070 2190 3128 Foedm‘s
2213 3070 2476 3143 somnula
2517 3067 2699 3143 petita
2727 3085 2801 3124 ex
2828 3065 2873 3124 J
2875 3085 2954 3124 er.

552 3141 718 3198 xxxi.
750 3142 852 3200 sed
880 3164 997 3204 non
1023 3148 1273 3206 validior
1299 3149 1756 3226 praecedentibus
1781 3173 1796 3208 ε
1838 3149 2108 3208 Testatur
2123 3149 2356 3226 quidem
2384 3156 2445 3207 et
2469 3147 2776 3224 pollicetur
2798 3145 2957 3203 Deus

554 3237 615 3278 se
644 3222 954 3298 propitium
982 3225 1103 3285 fore
1128 3228 1343 3304 populo
1372 3248 1495 3303 su0,
1526 3249 1633 3288 nec
1663 3237 2027 3306 peccatorum
2063 3229 2191 3306 ejus
2230 3228 2662 3287 recordaturum
2689 3224 2952 3302 amplius,

554 3299 658 3357 sed
686 3319 1049 3378 nequaquam
1077 3307 1283 3364 asserit
1305 3327 1365 3366 se
1388 3319 1626 3384 peccata
1653 3309 2110 3368 condonaturum
2132 3308 2276 3369 citra
2305 3308 2613 3382 Christum,
2645 3305 2803 3384 quod
2829 3325 2956 3382 per-

552 3379 741 3438 tendit
766 3380 1089 3458 haereticus‚
1130 3403 1244 3443 non
1272 3396 1449 3463 negat
1477 3387 1591 3446 imo
1633 3389 1957 3447 necessario
1987 3389 2258 3466 supponit
2285 3387 2762 3463 satisfactionem3
2795 3386 2956 3444 Deus

553 3459 706 3517 enim
728 3461 1011 3537 propitius
1033 3483 1159 3522 esse
1180 3465 1383 3542 nequit
1408 3466 1524 3524 nisi
1550 3467 1612 3524 in
1636 3467 1864 3527 Christo
1883 3476 1941 3527 et
1963 3478 2194 3546 propter
2213 3469 2504 3528 Christum
2522 3466 2623 3544 qui
2650 3466 2782 3525 ideo
2803 3467 2954 3524 ἱλασ-

548 3544 648 3615 μὸς
688 3539 915 3616 dicitur,
952 3545 981 3600 1
1015 3544 1059 3603 J
1062 3544 1155 3602 oh.
1185 3544 1244 3605 ii.
1276 3549 1331 3621 2,
1375 3546 1529 3605 unde
1569 3548 1864 3624 prophetae
1907 3569 2106 3608 omnes
2152 3549 2240 3629 (in
2287 3548 2497 3627 quibus
2534 3556 2593 3607 et
2639 3545 2955 3626 Jeremias)

554 3623 591 3654 “
613 3621 1005 3681 testimonium
1032 3624 1291 3700 praebent
1317 3626 1712 3686 remissionem
1741 3637 2105 3705 peecatorum
2132 3649 2236 3707 per
2261 3649 2472 3688 nomen
2493 3627 2661 3704 ejus’'
2693 3625 2828 3706 (hoc
2869 3635 2961 3685 est

550 3701 827 3760 virtutem
855 3710 914 3763 et
940 3701 1277 3787 efficaciam)
1339 3709 1754 3786 “accepturum
1809 3729 2037 3768 omnem
2093 3709 2420 3773 credentem
2469 3709 2528 3766 in
2585 3705 2776 3781 eum,''
2817 3705 2957 3765 Act.

550 3801 609 3841 x.
640 3784 737 3841 43.
824 3783 903 3843 Et
928 3784 1248 3862 redemptio
1297 3807 1398 3865 per
1446 3789 1740 3849 Christum
1785 3789 2063 3867 obtigisse
2113 3789 2324 3848 dicitur
2361 3789 2536 3866 juxta
2583 3786 2771 3845 foedus
2799 3785 2958 3863 quod

549 3882 683 3923 eum
727 3862 998 3923 Patribus
1038 3865 1168 3924 iniit
1194 3874 1253 3926 et
1280 3869 1459 3926 verba
1502 3889 1633 3946 quae
1679 3890 1786 3948 per
1827 3871 2136 3948 prophetas
2172 3871 2296 3946 jam
2349 3869 2486 3928 olim
2535 3866 2956 3944 pronunciavit,

552 3944 696 4003 Luc.
720 3945 757 4003 i.
790 3946 885 4004 68.
971 3944 1147 4004 Adde
1175 3947 1333 4024 quod
1360 3969 1489 4008 cum
1520 3951 1683 4010 Deus
1724 3951 1818 4009 hic
1860 3950 2196 4029 profiteatur
2244 3969 2306 4008 se
2355 3948 2478 4007 fore
2525 3948 2715 4006 Deum
2757 3945 2957 4024 populi

550 4024 657 4100 sui,
716 4045 847 4102 qum
901 4026 1204 4103 promissio
1252 4029 1563 4104 gratuitam
1611 4030 1982 4108 adoptionem
2030 4039 2088 4088 et
2135 4030 2474 4106 omnigenas
2527 4026 2960 4086 benedictiones

548 4105 966 4182 complectitur,
1026 4106 1237 4167 Matth.
1284 4109 1431 4167 xxii.
1476 4129 1597 4168 ver.
1645 4113 1741 4184 32,
1798 4130 1915 4168 non
1944 4117 2136 4187 potest
2157 4109 2390 4168 excludi
2421 4107 2762 4167 Mediatoris
2789 4104 2962 4180 σχέσις

547 4185 768 4262 absque
816 4205 933 4264 quo
984 4185 1146 4246 Deus
1194 4196 1283 4247 est
1326 4189 1481 4266 ignis
1509 4209 1854 4249 consumens
1883 4199 1942 4248 et
1967 4190 2072 4249 lux
2100 4190 2432 4265 inaccessa;
2478 4188 2677 4264 Atque
2705 4187 2838 4245 hinc
2867 4195 2961 4244 est

547 4265 713 4342 quod.
738 4265 897 4324 Deus
948 4265 1060 4324 sibi
1107 4268 1479 4328 reconciliare
1528 4269 1756 4328 dicatur
1801 4269 2098 4343 mundum,
2159 4270 2263 4328 sed
2318 4269 2378 4326 in
2436 4268 2684 4342 christo,
2733 4270 2768 4324 2
2821 4267 2956 4324 Cor.

543 4365 603 4404 v.
639 4347 731 4420 19,
779 4346 989 4405 “Deus
1036 4355 1161 4407 erat
1187 4347 1249 4406 in
1279 4349 1509 4409 Christo
1556 4350 1836 4408 mundum
1880 4349 2259 4409 reconcilians
2304 4349 2416 4408 sibi
2456 4368 2575 4407 non
2616 4344 2960 4424 imputando

545 4425 663 4482 illis
693 4444 798 4481 sua
824 4434 1059 4502 peccata
1078 4428 1136 4502 ;”
1165 4427 1323 4505 quod
1350 4431 1401 4488 si
1445 4439 1734 4507 quaeratur
1778 4431 1924 4490 ratio
1973 4438 2033 4490 et
2079 4430 2516 4490 fundamentum
2557 4428 2727 4488 istius
2755 4445 2960 4485 recon-

546 4502 857 4561 ciliationis
902 4504 965 4562 in
1014 4506 1260 4584 Christe,
1312 4511 1545 4586 subjicit
1593 4530 1720 4568 eam
1771 4510 1981 4587 Apost.
2016 4531 2138 4570 ver.
2169 4515 2265 4585 21,
2299 4510 2436 4568 dum
2465 4509 2549 4568 ait
2599 4511 2963 4585 “peccatum

546 4582 761 4640 factum
790 4581 1027 4657 fuisse,’'
1072 4586 1132 4644 id
1181 4597 1271 4646 est
1296 4589 1592 4648 victimam
1635 4610 1740 4667 pro
1789 4599 2026 4667 peccato
2077 4589 2274 4670 (prout
2321 4611 2458 4652 :vn
2509 4599 2569 4648 et
2610 4607 2758 4650 ntum
2799 4585 2966 4663 apud

548 4661 833 4720 Hebraeos
860 4671 1165 4741 utrumque
1194 4667 1483 4740 significat
1510 4677 1630 4726 tam
1669 4669 1959 4746 piaculare
2004 4670 2343 4729 sacrificium
2375 4689 2548 4747 quam
2579 4668 2855 4728 delictum
2897 4675 2966 4726 et
