3234 5192
280 312 527 357 msrur.
558 293 629 377 1.]
1255 312 1333 353 nn
1362 310 1545 354 mano
1574 310 1760 353 Vnus.
2589 297 2708 357 223

285 455 525 534 mystici
556 453 789 531 Christi,
861 473 951 514 use
980 462 1071 514 est
1098 453 1487 533 impossibilis,
1512 453 1628 513 alia
1646 454 1722 514 ab
1742 462 1983 515 externa
2002 454 2384 533 possessione,
2414 474 2546 533 quae
2566 476 2707 534 quo-

289 537 435 597 tidie
462 535 589 595 fieri
616 535 767 595 solet
808 554 842 593 a
908 534 999 609 iis,
1029 534 1131 611 qui
1158 534 1255 593 vel
1283 542 1487 612 sponte
1516 534 1794 594 recedunt
1833 535 1906 594 ab
1947 534 2226 611 Ecclesia,
2257 543 2316 596 et
2343 535 2708 614 naufragium

291 615 431 675 fidei
459 614 695 691 faciunt,
724 614 825 673 vel
851 614 953 691 qui
972 614 1134 692 justo
1164 614 1277 673 Dei
1299 612 1523 691 judicio
1552 633 1627 672 ex
1657 634 1726 673 ea
1753 614 2077 691 ejiciuntur.

376 694 701 755 XXXIV.
746 695 843 753 Ex
870 694 1085 772 quibus
1110 694 1279 753 facile
1301 693 1595 771 colligitur
1614 692 2236 772 quid-respondendum
2266 692 2342 753 sit
2369 693 2444 754 ad
2470 695 2710 755 tertium

294 776 489 834 locum
530 774 771 834 ductum
827 794 905 833 ex
960 773 1402 833 comminatione
1449 772 1803 851 prophetica,
1861 772 2048 852 Apoc.
2105 773 2252 833 xxii.
2286 775 2379 849 19,
2426 775 2548 833 “Si
2575 776 2710 853 quis

296 854 484 914 aufert
511 874 587 913 ex
604 854 801 914 verbis
821 854 995 931 hujus
1018 852 1351 932 prophetiae,
1375 853 1535 911 Deus
1552 850 1773 913 auferet
1793 862 2014 931 partem
2057 852 2187 931 ejus
2207 874 2282 913 ex
2331 854 2480 913 libro
2510 854 2707 915 vitae?

298 934 696 1012 Praeterquam
724 934 883 1011 quod
912 934 1065 991 enim
1094 933 1409 1011 propositio
1437 940 1526 991 est
1574 932 2000 1010 conditionalis,
2029 954 2148 994 non
2193 934 2476 1010 absoluta,
2505 936 2559 993 si
2587 936 2713 1011 quis

298 1016 606 1089 abstula-it,
632 1014 887 1073 conditio
916 1021 1109 1073 autem
1150 1012 1253 1071 illa
1279 1032 1395 1071 non
1418 1012 1588 1072 cadat
1614 1013 1676 1070 in
1703 1014 1948 1092 scriptos
1975 1034 2079 1091 per
2106 1014 2352 1091 gratiam
2389 1014 2707 1092 electionis,

307 1098 339 1153 1
384 1094 525 1155 Joh.
566 1094 647 1154 iii.
693 1097 749 1171 9,
794 1102 1015 1153 certum
1069 1100 1159 1153 est
1203 1091 1548 1151 deletionem
1602 1112 1720 1151 non
1761 1113 1888 1153 esse
1929 1093 2366 1171 intelligendam
2383 1096 2708 1172 positivam,

301 1193 435 1251 quae
462 1174 734 1251 supponit
760 1173 1181 1251 praecedentem
1208 1171 1658 1249 inscriptionem,
1689 1172 1794 1231 sed
1839 1174 2173 1249 neyativam,
2217 1192 2347 1250 quse
2385 1182 2562 1252 negat
2589 1196 2713 1234 om-

301 1273 439 1311 nem
468 1253 853 1331 scriptionem,
881 1261 949 1312 ut
980 1252 1161 1312 deleri
1188 1251 1267 1311 sit
1292 1260 1494 1312 notum
1519 1250 1708 1311 facere
1731 1252 1890 1329 quod
1925 1272 2220 1330 nunquam
2249 1254 2448 1330 scripti
2475 1254 2706 1332 fuerint,

303 1352 419 1391 nec
444 1332 625 1391 ullam
650 1340 868 1409 partem
896 1332 1139 1411 proinde
1168 1331 1285 1391 sint
1332 1332 1583 1391 habituri
1612 1331 1674 1389 in
1699 1331 1813 1391 ista
1855 1332 2014 1407 vita3
2059 1340 2118 1391 et
2159 1332 2271 1391 hoc
2299 1352 2417 1391 non
2464 1333 2710 1395 obscure

306 1418 472 1489 patet
497 1430 532 1468 a
557 1411 697 1488 pari,
726 1432 900 1489 quum
944 1412 1158 1472 dicitur
1180 1431 1325 1488 pars
1372 1412 1688 1486 auferenda
1731 1432 1805 1469 ex
1843 1420 2042 1471 sancta
2085 1411 2319 1487 civitate,
2370 1431 2488 1470 non
2535 1432 2712 1490 quam

308 1490 629 1550 habuerant
654 1492 749 1551 vel
775 1492 1027 1552 habituri
1055 1500 1235 1568 erant,
1260 1490 1365 1551 sed
1390 1510 1463 1550 ne
1492 1491 1672 1549 ullam
1697 1490 1967 1550 habeant.
2053 1491 2148 1550 Ita
2176 1492 2356 1567 Deus,
2378 1500 2446 1551 ut
2473 1491 2713 1569 aequita-

306 1578 427 1629 tem
448 1569 651 1648 judieii
681 1572 773 1631 sui
798 1571 1179 1646 commendet,
1210 1569 1396 1646 docet,
1426 1569 1716 1647 quomodo
1764 1590 1936 1648 poena
1967 1569 2314 1650 respondere
2341 1570 2551 1631 debeat
2576 1591 2711 1650 pec-

304 1658 455 1725 cato,
486 1660 551 1710 ut
596 1651 737 1711 alibi
784 1671 903 1711 non
950 1652 1131 1711 semel
1155 1650 1282 1709 fieri
1322 1650 1489 1709 solet.
1554 1650 1609 1708 N
1611 1670 1704 1709 am
1733 1649 1982 1709 falsariis
2019 1658 2078 1710 et
2132 1652 2581 1729 corruptoribus,
2611 1652 2714 1729 qui

304 1728 519 1789 librum
544 1730 700 1792 hunc
726 1730 1053 1791 adulterare
1082 1730 1373 1790 voluerint
1398 1749 1501 1808 per
1526 1731 1885 1805 additionem,
1941 1732 2102 1790 Deus
2149 1734 2323 1791 addet
2347 1741 2406 1792 et
2433 1732 2713 1809 superim-

304 1818 482 1886 ponet
520 1812 725 1889 plagas
773 1830 973 1871 omnes
999 1811 1170 1869 istius
1197 1809 1349 1868 libri.
1422 1808 1577 1868 Aliis
1604 1829 1744 1869 vero
1773 1811 2202 1889 impostoribus,
2232 1812 2334 1889 qui
2359 1831 2464 1889 per
2490 1814 2710 1871 detrac-

306 1889 509 1949 tionem
534 1890 748 1951 librum
775 1892 930 1950 hunc
958 1889 1373 1964 mutilaverint,
1412 1891 1670 1949 detrahet
1711 1899 1930 1967 partem
1959 1910 1992 1949 e
2030 1891 2178 1950 libro
2208 1892 2366 1967 vitae,
2417 1893 2453 1925 “
2479 1892 2542 1951 Si
2581 1892 2714 1968 quis

303 1968 581 2047 adjecerit
607 1971 682 2029 ad
710 1969 891 2030 verba
917 1969 1233 2047 prophetiae
1258 1968 1452 2046 hujus,
1496 1968 1755 2047 imponet
1799 1970 1853 2028 ei
1881 1970 2086 2047 plagas
2130 1990 2330 2031 omnes
2355 1970 2530 2048 hujus
2556 1970 2708 2049 libri,

301 2047 358 2108 si
384 2049 515 2126 quis
542 2069 682 2109 vero
710 2050 1012 2109 abstulerit
1038 2070 1115 2109 ex
1142 2048 1339 2107 verbis
1364 2048 1499 2107 libri
1542 2048 1718 2126 hujus
1744 2050 2061 2127 prophetiae
2105 2048 2325 2109 auferet
2375 2049 2536 2109 Deus
2581 2070 2713 2128 par-

302 2136 426 2187 tem
452 2130 580 2206 ejus
617 2147 695 2187 ex
734 2128 885 2187 libro
925 2129 1119 2204 vitae,”
1164 2126 1273 2187 ὅτε.
1357 2128 1491 2187 Νοιι
1517 2148 1692 2205 quam
1719 2130 1910 2207 reipsa
1927 2128 2196 2205 habebat,
2222 2128 2325 2187 sed
2352 2148 2524 2206 quam
2545 2137 2710 2206 puta-

302 2208 425 2283 bat,
469 2208 569 2267 vel
596 2206 951 2283 gloriabatur
999 2228 1059 2267 se
1106 2208 1335 2283 habere,
1366 2216 1425 2267 et
1465 2227 1640 2285 quam
1668 2208 1768 2266 alii
1811 2228 1887 2268 ex
1933 2207 2287 2287 professione
2315 2208 2444 2286 ejus
2471 2216 2714 2269 externa

296 2286 528 2365 judicio
556 2286 853 2346 charitatis
878 2286 955 2346 ad
980 2288 1168 2364 ipsum
1194 2287 1481 2366 pertinere
1502 2287 1932 2348 existimabant.

304 2405 391 2451 An
425 2410 479 2450 οι
528 2405 659 2450 unde
678 2418 792 2451 oon-
910 2367 1195 2427 XXXV.
1243 2368 1520 2445 Superest
1545 2368 1717 2427 tertia
1763 2376 1822 2429 et
1867 2376 2160 2447 postrema
2185 2368 2430 2448 quaestio
2456 2367 2713 2429 breviter

364 2470 499 2509 staro
518 2465 677 2521 possit
700 2478 791 2510 nos
832 2446 1208 2525 expedienda,
1239 2467 1319 2505 an
1354 2456 1408 2507 et
1452 2450 1600 2507 unde
1627 2450 1782 2507 nobis
1829 2458 2048 2524 constet,
2095 2470 2196 2511 nos
2229 2451 2372 2509 libro
2418 2450 2544 2508 υἰίω
2597 2469 2712 2509 esse

366 2536 473 2593 esse
500 2522 635 2593 'libro
677 2524 791 2569 ’Μ’
830 2528 1125 2604 ἔπεα-ἐρέω
1144 2529 1172 2586 ‚²
1255 2526 1356 2586 Ad
1375 2547 1567 2604 quam,
1598 2536 1666 2587 ut
1693 2528 1807 2587 duo
1831 2538 1966 2590 sunt
1993 2531 2120 2608 ejus
2139 2529 2414 2604 membra,
2439 2528 2712 2590 distincte

364 2580 662 2639 insumptus?
831 2608 1006 2667 etiam
1034 2605 1497 2685 respondendum
1528 2616 1634 2667 est.
1699 2607 1799 2667 Ad
1819 2610 1998 2687 prius,
2028 2611 2175 2669 ratio
2203 2608 2508 2669 dubitandi
2536 2630 2614 2669 ex
2640 2630 2710 2669 eo

307 2687 506 2748 oritur.
570 2686 741 2763 Quod
768 2708 901 2747 cum
928 2687 1153 2761 electi0,
1184 2706 1313 2762 quae
1342 2706 1444 2764 per
1471 2687 1683 2747 librum
1711 2688 1850 2747 vitae
1894 2688 2248 2766 designatur,
2295 2708 2474 2765 penes
2518 2688 2709 2749 Deum

306 2777 535 2827 maneat
560 2766 901 2827 abscondita
942 2767 1126 2826 instar
1171 2766 1307 2825 libri
1348 2775 1568 2845 septem
1617 2768 1829 2845 sigillis
1873 2768 2180 2844 obsignati,
2231 2768 2328 2826 vel
2382 2787 2498 2825 non
2524 2768 2710 2844 possit

302 2847 419 2905 nisi
444 2856 658 2907 eventu
682 2848 811 2925 ipso
839 2855 996 2906 certo
1024 2847 1315 2924 cognosci,
1371 2865 1489 2906 non
1544 2866 1712 2907 secus
1765 2866 1834 2906 ac
1883 2854 2089 2906 caetera
2117 2846 2232 2905 Dei
2278 2844 2545 2919 decreta;
2590 2864 2710 2905 non

303 2926 539 2985 videtur
564 2927 637 2986 de
659 2947 729 2987 ea
755 2926 1027 3005 cuiquam
1060 2925 1391 2985 mortalium
1428 2935 1692 2987 constare
1719 2945 1909 3003 posse.
1994 2926 2153 2984 Hinc
2182 2922 2473 2982 Pontificii
2499 2931 2560 2982 et
2586 2924 2705 3000 alii,

303 3006 409 3083 qui
436 3006 833 3067 certitudinem
862 3006 1065 3084 gratiae
1086 3005 1469 3082 subjectivam
1496 3025 1613 3065 non
1641 3006 1834 3064 minus
1861 3025 1929 3064 ac
1967 3006 2061 3081 obj
2068 3003 2316 3063 ectivam
2343 3002 2703 3080 impugnant,

302 3092 525 3163 negant
550 3105 893 3164 quemquam
922 3086 1045 3145 sine
1074 3084 1311 3163 speciali
1346 3086 1700 3145 revelatione
1727 3104 1898 3161 posse
1927 3093 2026 3145 aut
2053 3082 2262 3142 debere
2311 3089 2530 3141 certum
2558 3102 2703 3160 esse,

303 3164 647 3225 certitudine
672 3165 811 3227 fidei
838 3165 1069 3242 divinae,
1100 3165 1194 3224 cui
1222 3184 1339 3224 non
1364 3166 1550 3242 possit
1596 3164 1836 3223 subesse
1883 3164 2110 3237 falsum,
2151 3162 2262 3221 sibi
2310 3161 2550 3221 remissa
2577 3182 2706 3223 esse

302 3253 556 3323 peccata,
587 3254 648 3306 et
674 3265 737 3305 se
764 3265 891 3305 esse
918 3245 981 3303 in
1010 3245 1197 3322 gratia
1226 3244 1355 3319 Dei,
1386 3252 1445 3303 et
1464 3245 1515 3303 si
1542 3264 1672 3320 quae
1703 3243 1985 3305 certitudo
2032 3243 2292 3319 habetur,
2323 3262 2451 3303 esse
2479 3251 2704 3303 tantum

304 3326 579 3385 moralem
609 3334 667 3386 et
694 3324 1159 3401 conjecturalem,
1190 3344 1321 3403 quae
1348 3344 1465 3383 non
1513 3323 1591 3383 sit
1618 3324 1836 3401 absque
1885 3323 2244 3385 dubitatione
2271 3331 2331 3384 et
2357 3324 2702 3385 haesitantia.

304 3405 459 3465 Vide
488 3406 637 3465 Bell.
656 3406 758 3465 lib.
786 3405 869 3464 iii.
898 3405 971 3465 de
998 3406 1192 3480 Jusajfi
1222 3425 1272 3463 c.
1302 3407 1361 3465 2.

386 3484 707 3545 XXXVI.
753 3486 972 3545 Verum
1000 3484 1175 3562 longe
1217 3484 1332 3543 alia
1357 3503 1521 3543 mens
1568 3491 1660 3543 est
1706 3483 2178 3563 orthodoxorum,
2207 3484 2308 3563 qui
2349 3486 2703 3564 Scripturam

300 3564 507 3623 ducem
534 3564 629 3624 hic
647 3573 984 3643 sequuntur.
1048 3564 1327 3639 Quamvis
1348 3564 1501 3622 enim
1528 3583 1646 3624 non
1662 3563 2013 3623 diffiteantur
2037 3566 2251 3624 librum
2279 3565 2448 3639 hunc,
2482 3574 2703 3642 septem

302 3644 513 3721 sigillis
542 3644 928 3723 obsignatum,
959 3664 996 3702 a
1020 3644 1249 3703 nemine
1290 3643 1386 3702 vel
1415 3645 1755 3721 angelorum
1783 3644 1878 3701 vel
1916 3644 2217 3703 hominum
2255 3644 2464 3720 aperiri
2489 3662 2698 3719 posse3

303 3724 495 3783 sciunt
520 3732 715 3783 tamen
734 3732 1021 3802 repertum
1052 3742 1179 3783 esse
1209 3724 1463 3782 Leonem
1486 3724 1559 3782 de
1579 3723 1736 3783 tribu
1777 3722 1820 3781 J
1823 3721 1953 3797 uda,
1988 3721 2227 3798 Aguum
2257 3722 2388 3796 Dei,
2419 3721 2518 3797 qui
2539 3722 2696 3795 vicit,

303 3802 379 3861 ad
406 3803 778 3880 aperiendum
832 3804 1062 3880 librum,
1094 3801 1387 3862 Christum
1432 3803 1654 3863 scilicet
1678 3804 1998 3883 &uragu-arev,
2042 3801 2160 3877 qui,
2204 3808 2271 3860 ut
2309 3800 2702 3877 plenissimam

301 3883 429 3961 ejus
456 3883 720 3943 notitiam
739 3884 931 3957 habet,
976 3882 1059 3943 ita
1098 3884 1199 3961 jus
1228 3890 1286 3942 et
1328 3901 1538 3943 munus
1564 3883 1817 3945 obtinuit
1864 3882 1984 3941 suis
2030 3880 2212 3955 illum,
2271 3888 2550 3956 quantum
2603 3899 2704 3938 ne-

302 3981 463 4021 cesse
516 3970 624 4038 est,
671 3962 985 4039 revelandi,
1032 3962 1220 4040 Apoc.
1269 3982 1327 4021 v.
1372 3964 1428 4023 5.
1513 3963 1680 4023 Licet
1719 3963 1894 4023 etiam
1941 3960 2262 4021 concedant
2315 3958 2702 4035 cognitionem

299 4040 455 4099 anm
486 4061 605 4101 non
652 4062 877 4119 semper
928 4043 1147 4119 haberi,
1180 4043 1277 4102 vel
1324 4043 1529 4103 eodem
1573 4044 1756 4122 gradu
1813 4052 1872 4103 et
1919 4050 2118 4101 tenore
2165 4040 2228 4098 in
2274 4047 2467 4099 actum
2521 4038 2699 4114 exire,

271 4128 277 4133 ’
304 4130 629 4197 agnoscunt
670 4130 864 4181 tamen
904 4122 1103 4182 haberi
1138 4142 1309 4199 posse
1331 4122 1475 4183 citra
1502 4124 1810 4201 specialem
1859 4121 2288 4196 revelationem,
2312 4118 2395 4177 ita
2420 4125 2487 4178 ut
2513 4116 2704 4176 fidelis

304 4202 489 4278 possit
515 4201 845 4279 aliquandO,
874 4210 933 4262 et
960 4201 1169 4262 debeat
1196 4211 1355 4263 certo
1382 4210 1652 4279 statuere,
1684 4224 1746 4263 se
1775 4202 1850 4261 ad
1869 4202 2049 4261 vitam
2089 4208 2360 4259 aeternam
2397 4216 2523 4256 esse
2553 4197 2702 4256 elee-

304 4290 429 4339 tum
456 4290 515 4339 ot
541 4282 603 4339 in
631 4282 820 4359 gratia
866 4282 1262 4342 constitutum.
1347 4282 1469 4341 Nec
1523 4282 1776 4341 rationes
1824 4282 2000 4340 variae
2055 4280 2281 4352 desunt,
2339 4276 2550 4355 quibus
2577 4278 2702 4337 hsec

300 4360 591 4423 sententia
623 4362 1007 4421 confirmetur.
1096 4365 1147 4419 1.
1192 4362 1342 4436 Quia
1368 4380 1439 4421 ea
1466 4368 1554 4419 est
1579 4361 1806 4419 indoles
1850 4360 2052 4437 gratiae
2082 4358 2211 4433 Dei,
2241 4366 2307 4415 ut
2333 4376 2451 4415 non
2477 4364 2703 4418 tantum

302 4440 455 4499 bona
482 4440 651 4501 nobis
679 4442 879 4519 largiri
910 4442 1067 4516 velit,
1113 4442 1217 4499 sod
1264 4449 1323 4499 et
1371 4460 1604 4499 sensum
1660 4449 1717 4499 et
1765 4440 2026 4498 notitiam
2064 4458 2262 4496 eorum
2311 4437 2479 4497 nobis
2507 4437 2702 4516 impri-

302 4539 479 4595 mere,
507 4520 653 4579 alias
680 4540 789 4581 nec
816 4521 890 4580 de
919 4521 991 4579 iis
1020 4520 1237 4598 gratias
1290 4538 1481 4595 agere,
1512 4538 1619 4577 nec
1651 4520 1721 4577 iis
1770 4538 1899 4576 cum
1951 4517 2155 4576 solatio
2211 4517 2324 4576 frui
2379 4538 2700 4596 possemus,

300 4599 459 4677 quod
486 4609 793 4680 utrumque
823 4610 1015 4661 tamen
1044 4600 1231 4660 facere
1260 4607 1539 4659 tenemur.
1586 4598 1744 4657 Hinc
1774 4595 2006 4673 Paulus,
2045 4602 2072 4655 l
2109 4598 2236 4658 Cor.
2257 4598 2317 4658 ii.
2343 4602 2434 4675 12,
2461 4607 2706 4661 testatur
