3234 5192
589 344 703 407 676
1110 360 1187 399 ns
1218 358 1694 401 sAr1srAc'mox1s
1725 360 1958 401 cums‘rr
1989 357 2413 402 rsnrscrmxs.
2543 340 2802 423 [msrur.
2834 360 2984 405 xxn.

592 503 793 562 tione’'
822 502 1162 562 dicerentur
1192 510 1228 538 “
1250 503 1313 560 in
1341 508 1698 577 perpetuum
1742 502 2136 561 consummati
2177 502 2281 577 qui
2309 502 2805 573 sanctificantur,”
2825 505 2985 565 Heb.

590 598 649 640 x.
684 583 776 654 14,
818 583 867 639 si
908 584 1245 659 aliquarum
1288 600 1598 657 poeuarum
1627 600 1736 656 pro
1777 581 1996 656 quibus
2049 581 2316 640 Christus
2344 600 2466 638 non
2493 583 2773 641 satisfecit
2813 593 2986 641 reatu

594 663 791 719 adhuc
808 666 1123 720 tenentur?
1146 660 1379 718 Rursus
1392 658 1659 718 Christus
1677 661 1894 734 absque
1905 660 2068 717 omni
2087 660 2271 718 dubio
2295 679 2401 735 pro
2411 661 2482 718 iis
2498 661 2683 737 poenis
2703 662 2990 719 satisfecit

592 760 743 817 quas
770 741 895 817 ipse
924 759 1231 816 perpessus
1259 747 1363 809 est,
1394 757 1514 814 quo
1543 738 1702 796 enim
1727 740 1844 795 fine
1873 745 1963 796 tot
1989 740 2288 814 passiones
2315 740 2602 812 subiisset,
2632 741 2745 798 nisi
2771 747 2842 797 ut
2869 740 2986 799 Dei

583 819 836 894 justitiae
880 820 1275 887 satisfaceret;
1321 819 1412 875 At
1456 836 1661 892 poenas
1709 818 2064 891 temporales
2109 819 2172 874 in
2200 830 2443 893 corpore
2471 838 2580 876 suo
2607 827 2669 877 et
2699 821 2900 877 vivens
2927 826 2988 877 et

593 898 851 956 moriens
878 916 1184 973 perpessus
1206 904 1310 966 est,
1340 904 1411 954 ut
1460 895 1767 969 Scriptura
1808 896 2018 955 docet:
2065 896 2227 971 Ergo
2273 897 2554 955 satisfecit
2576 905 2636 955 et
2661 918 2770 974 pro
2799 899 2985 973 poenis

593 977 1039 1052 temporalibus.
1122 975 1394 1049 Denique
1422 994 1460 1033 a
1498 974 1718 1031 Christi
1759 974 2176 1033 Satisfactione
2223 994 2344 1032 non
2391 978 2827 1035 excludendam
2860 996 2984 1035 esse

592 1056 1004 1114 liberationem
1032 1074 1068 1113 a
1094 1054 1280 1130 poenis
1306 1053 1736 1127 temporalibus
1757 1053 1855 1109 vel
1883 1071 1956 1110 ex
1984 1055 2123 1129 ipsis
2165 1055 2669 1113 Adversariorum
2697 1058 2986 1131 hypothe-

592 1134 755 1193 sibus
783 1134 1103 1209 colligitur.
1170 1132 1377 1201 Quum
1404 1132 1563 1189 enim
1591 1132 1724 1207 quis
1751 1150 1859 1207 per
1880 1131 2254 1208 Baptismum
2283 1132 2568 1208 recipitur
2587 1134 2647 1190 111
2669 1153 2986 1191 numerum

592 1215 851 1272 filiorum
900 1214 1031 1285 Dei,
1080 1213 1178 1269 vel
1225 1214 1467 1288 quando
1516 1210 1651 1287 quis
1687 1210 2052 1285 Martyrium
2087 1230 2196 1287 pro
2225 1212 2464 1269 nomine
2495 1210 2716 1270 Christi
2740 1214 2984 1288 patitur,

593 1294 809 1351 docent
835 1294 889 1351 ei
918 1290 1242 1351 condonari
1270 1292 1541 1349 debitum
1568 1290 1911 1347 universum
1940 1309 2147 1365 poenae,
2191 1290 2278 1348 ita
2319 1298 2389 1347 ut
2424 1309 2534 1366 pro
2561 1292 2814 1367 peccatis
2849 1298 2988 1349 ante

585 1373 955 1448 baptismum
1002 1380 1063 1429 et
1108 1372 1458 1445 martyrium
1488 1369 1811 1427 commissis
1853 1369 2026 1427 nulla
2072 1387 2247 1445 poena
2271 1368 2612 1445 temporalis
2647 1370 2872 1427 luenda
2898 1388 2987 1427 re-

594 1460 849 1521 maneat,
880 1451 1042 1525 quod
1070 1468 1341 1524 expresse
1368 1450 1549 1507 habet
1576 1448 1880 1521 Bellarm.,
1911 1448 2012 1505 lib.
2043 1446 2120 1504 iv.
2152 1449 2226 1505 de
2256 1446 2469 1505 Poenit.
2499 1466 2623 1523 cap.
2659 1449 2708 1505 1.
2770 1449 2987 1524 Super-

592 1538 680 1587 est
708 1548 849 1605 ergo
878 1530 1039 1603 quod
1068 1529 1115 1585 si
1144 1528 1519 1585 condonatur
1542 1544 1720 1600 poena
1740 1525 2097 1599 temporalis,
2126 1526 2499 1583 condonetur
2519 1535 2761 1600 propter
2790 1528 2988 1587 Chris-

590 1616 755 1665 tum:
800 1607 977 1664 Nihil
1020 1614 1221 1663 autem
1264 1605 1587 1661 remittitur
1635 1611 1876 1678 propter
1905 1602 2226 1671 Christum,
2255 1622 2363 1676 pro
2393 1623 2514 1678 quo
2565 1604 2835 1663 Christus
2863 1624 2986 1662 11011

591 1685 951 1743 satisfecerit.
1014 1684 1195 1750 Quod
1224 1681 1660 1740 Bellarminum
1689 1680 1978 1754 compulit
2003 1681 2065 1736 vi
2100 1680 2368 1736 veritatis
2395 1682 2620 1736 victum
2647 1682 2868 1738 ibidem
2898 1684 2989 1741 fa-

590 1762 703 1820 teri
728 1763 925 1831 etiam,
972 1767 1005 1794 “
1028 1760 1303 1817 restituta
1329 1758 1590 1817 amicitia
1625 1776 1730 1833 per
1771 1758 2100 1831 gratuitam
2129 1757 2242 1814 Dei
2271 1757 2749 1827 misericordiam,
2779 1766 2838 1815 et
2879 1778 2988 1833 per

588 1840 1053 1914 redemptionem
1074 1856 1207 1913 quae
1233 1838 1399 1895 estin
1424 1836 1679 1905 Christo,
1700 1853 1870 1911 posse
1899 1835 2096 1893 Deum
2121 1835 2467 1893 universum
2493 1854 2684 1912 poenae
2713 1836 2989 1897 debitum

589 1937 818 1993 semper
844 1917 1240 1985 condonare‚”
1268 1917 1371 1974 lib.
1400 1916 1477 1972 iv.
1508 1916 1582 1971 de
1610 1914 1775 1973 Poen.
1805 1934 1854 1973 c.
1887 1914 1939 1972 1.

669 1996 892 2055 XVII.
934 1995 990 2052 4.
1038 1995 1291 2069 Argum.
1322 1994 1661 2071 suppeditat
1687 1992 1808 2051 Dei
1833 1996 1890 2051 A
1893 1993 2205 2071 pprobatio
2223 2015 2243 2051 .·
2283 1994 2346 2054 Si
2374 1993 2533 2053 enim
2562 1994 2727 2053 Deus
2756 2002 2817 2053 et
2845 1992 2988 2053 Per-

588 2096 797 2135 sonam
852 2083 911 2134 et
967 2075 1349 2134 Oblationem
1400 2073 1617 2133 Christi
1661 2074 1747 2132 ita
1786 2076 2140 2150 approbasse
2205 2074 2448 2149 legitur,
2507 2082 2578 2132 ut
2630 2093 2752 2132 non
2805 2076 2988 2131 modo

586 2164 901 2232 utramque
927 2155 1143 2212 lubens
1170 2154 1487 2229 acceptarit
1528 2154 1605 2211 ad
1657 2153 2151 2229 Redemptionem
2191 2160 2479 2224 nostram,
2509 2154 2613 2211 sed
2641 2154 2820 2212 etiam
2847 2153 2988 2211 inde

586 2236 857 2311 placatus
886 2234 964 2293 sit
990 2240 1051 2291 et
1076 2233 1489 2290 reconciliatus
1514 2232 1880 2301 hominibuS,
1909 2232 2170 2290 dubitari
2213 2233 2423 2307 nequit
2449 2233 2798 2290 sacrificium
2824 2231 2986 2289 istud

586 2322 647 2372 et
693 2311 1153 2371 satisfactionem
1196 2310 1682 2385 perfectissimam
1727 2311 1930 2368 fuisse.
2013 2312 2076 2368 N
2080 2330 2146 2369 ec
2191 2312 2348 2367 enim
2394 2310 2561 2369 Deus
2603 2311 2646 2369 J
2650 2313 2808 2369 udex
2853 2312 2987 2387 jus-

585 2392 847 2460 tissimus
874 2388 1278 2463 imperfectam
1322 2388 1778 2445 satisfactionem
1825 2396 2124 2463 acceptare
2165 2389 2260 2446 vel
2305 2389 2396 2445 illi
2415 2390 2829 2451 ‚testimonium
2855 2390 2987 2465 pla-

584 2469 831 2525 cationis
878 2465 1185 2542 perhibere
1232 2465 1557 2539 potuisset;
1601 2465 1693 2521 At
1721 2464 1938 2521 Christi
1980 2484 2294 2541 personam
2335 2474 2396 2524 et
2443 2470 2809 2525 oblationem
2851 2469 2984 2527 Deo

584 2547 896 2621 probatam
921 2544 1105 2602 fuisse
1132 2542 1454 2600 clarissime
1502 2541 1824 2617 colligitur,
1855 2542 1998 2600 Non
2029 2545 2208 2602 modo
2237 2562 2311 2601 ex
2337 2545 2732 2603 destinatione
2761 2548 2890 2621 ejus
2915 2547 2984 2606 in

586 2626 950 2683 sacerdotem
998 2642 1132 2697 quse
1182 2622 1257 2679 ab
1305 2621 1437 2694 ejus
1483 2622 1854 2696 beneplacito
1897 2622 2090 2693 fiuxit,
2136 2620 2294 2680 Heb.
2327 2622 2407 2680 iii.
2439 2624 2494 2695 2,
2529 2624 2652 2682 Col.
2685 2626 2723 2683 i.
2759 2626 2849 2695 19,
2881 2628 2986 2699 20,

585 2722 659 2761 ex
678 2702 1137 2778 inauguratione
1148 2702 1226 2759 ad
1248 2717 1469 2757 munus
1480 2718 1614 2758 cum
1636 2699 1864 2757 coelitus
1875 2701 2173 2772 clamavit,
2197 2701 2366 2759 “Hic
2385 2709 2479 2760 est
2501 2703 2660 2761 filius
2678 2704 2781 2761 ille
2809 2722 2982 2763 meus

484 2774 501 2789 ‘⁸
584 2782 837 2841 dilectus
854 2784 914 2840 in
936 2799 1056 2858 quo
1074 2779 1439 2856 acquiesco,''
1463 2778 1686 2837 Mattb.
1708 2778 1790 2835 iii.
1819 2778 1910 2851 17,
1933 2798 2054 2837 non
2077 2786 2312 2838 tantum
2333 2781 2759 2841 miraculorum
2785 2785 2984 2843 vario-

583 2880 719 2920 rum
744 2862 1097 2937 patratione‚
1122 2879 1195 2917 ex
1218 2859 1437 2935 quibus
1458 2858 1656 2933 ipsum
1681 2857 1948 2917 Viruma
1964 2857 2095 2917 Deo
2118 2860 2514 2934 approbatum
2534 2860 2716 2921 fuisse
2735 2865 2980 2921 demon-

584 2950 735 3000 strat
762 2940 994 3012 Petrus,
1028 2939 1163 2997 Act.
1194 2939 1253 2997 ii.
1305 2938 1399 3007 22,
1432 2937 1547 2996 Sed
1576 2936 1873 3013 praecipue
1913 2938 2098 3013 ipsius
2129 2936 2348 2997 Christi
2371 2938 2818 3000 Restm-rectione
2844 2960 2978 3016 quae

584 3039 703 3078 non
727 3022 907 3078 modo
935 3020 1312 3077 luculentum
1332 3016 1451 3074 fuit
1478 3015 1735 3074 Deitatis
1757 3015 1886 3091 ejus
1913 3018 2339 3089 testimonium,
2368 3020 2531 3076 unde
2559 3020 2778 3079 dicitur
2805 3022 2980 3103 “igno-u

584 3106 670 3165 οιὶς
721 3100 1058 3156 declaratus
1104 3096 1264 3153 filius
1301 3095 1415 3153 Dei
1457 3101 1733 3171 potenter
1773 3112 1879 3169 per
1925 3096 2414 3155 resurrectionem
2461 3116 2500 3155 a
2541 3100 2846 3171 mortuis,”
2893 3101 2973 3159 id.

582 3177 771 3235 veluti
800 3176 1031 3233 solenni
1058 3176 1294 3232 decreto
1321 3173 1760 3248 pronuntiatus,
1792 3173 1966 3231 Rom.
2002 3175 2053 3245 1,
2081 3175 2138 3245 4,
2169 3176 2270 3232 sed
2292 3175 2472 3233 etiam
2499 3176 2730 3235 illustre
2757 3178 2978 3253 perfec-

580 3256 821 3313 tissimae
845 3252 1260 3311 satisfactionis
1287 3258 1727 3325 argumentum.
1771 3250 1934 3311 Nam
1955 3253 2068 3310 nisi
2096 3255 2560 3313 cumulatissime
2587 3256 2974 3329 satisfecisset,

586 3335 725 3401 Quo
771 3338 946 3407 pacto
991 3332 1157 3388 Deus
1200 3329 1305 3405 qui
1333 3336 1404 3385 ut
1444 3327 1487 3385 J
1492 3330 1652 3386 udex
1678 3348 1816 3387 eum
1843 3332 2020 3389 morti
2047 3332 2375 3391 tradiderat
2403 3336 2481 3391 ad
2510 3336 2978 3411 redemptionem

580 3418 861 3483 nostram,
891 3409 1177 3467 voluisset
1203 3425 1341 3464 eum
1370 3425 1407 3464 a
1432 3414 1624 3464 morte
1653 3408 1906 3465 excitare
1929 3412 1953 3467 ’ἐ
2035 3412 2139 3468 Au
2160 3411 2354 3485 judex
2381 3430 2724 3488 sponsorem
2751 3416 2848 3472 vel
2874 3418 2978 3474 de-

578 3492 833 3550 bitorem
860 3490 1074 3546 liberat
1099 3506 1138 3545 a
1164 3504 1411 3555 carcere,
1434 3484 1548 3541 nisi
1574 3486 1740 3561 prius
1765 3487 1946 3561 plena
1973 3488 2270 3547 solutione
2297 3492 2606 3566 praestita?
2649 3492 2751 3549 An
2778 3494 2978 3569 placa·

578 3578 711 3630 tum
748 3588 809 3628 se
836 3576 897 3627 et
922 3565 1302 3625 conciliatum
1330 3582 1431 3620 reo
1458 3564 1557 3620 vel
1602 3564 1859 3622 debitori
1885 3567 2202 3639 exhibebit,
2233 3569 2282 3625 si
2309 3588 2544 3645 poenam
2571 3571 2836 3646 aliquam
2873 3574 2982 3631 ad-

578 3653 698 3709 huc
746 3650 823 3707 ab
870 3666 941 3705 eo
970 3652 1063 3705 est
1104 3644 1468 3703 exacturus?
1509 3642 1676 3701 Deus
1718 3651 1918 3703 autem
1945 3652 2006 3703 et
2035 3646 2335 3705 Christum
2363 3648 2487 3723 ipse
2513 3650 2809 3727 excitavit,
2840 3652 2977 3712 ideo

580 3728 799 3787 dicitur
840 3733 872 3760 “
897 3726 1210 3783 suscitatus
1256 3740 1361 3797 per
1400 3722 1714 3797 gloriam,''
1743 3723 1824 3781 id.
1863 3724 2192 3799 potentiam
2234 3732 2270 3759 ‘⁴
2294 3725 2551 3797 Patris‚’'
2583 3727 2757 3787 Rom.
2807 3731 2886 3787 vi.
2917 3731 2976 3803 4,

579 3815 656 3879 et,
688 3809 826 3865 Act.
856 3804 915 3862 11.
940 3804 1035 3876 24,
1082 3806 1117 3835 “
1140 3804 1301 3859 1111110
1327 3799 1492 3858 Deus
1529 3801 1835 3861 suscitavit
1861 3802 2070 3860 solutis
2107 3804 2416 3863 doloribus
2443 3807 2670 3879 mortiS,
2699 3810 2840 3883 quia
2865 3809 2978 3867 im-

578 3885 857 3963 possibile
878 3890 1004 3941 erat
1029 3900 1167 3939 eum
1196 3882 1271 3939 ab
1299 3897 1371 3937 ea
1396 3880 1708 3952 detineri,”
1735 3881 1817 3940 Et
1836 3882 2009 3957 plene
2038 3880 2148 3939 sibi
2178 3882 2546 3942 satisfactum
2575 3904 2696 3943 esse
2723 3894 2974 3948 testatus

578 3973 686 4037 est,
716 3983 851 4023 cum
880 3981 1001 4020 non
1029 3968 1266 4019 tantum
1294 3975 1433 4015 eum
1456 3976 1529 4015 ex
1561 3960 1813 4018 mortuis
1849 3960 2144 4033 excitavit,
2189 3963 2292 4019 sed
2319 3970 2380 4021 et
2403 3970 2648 4039 propter
2675 3966 2974 4040 perfectis-

578 4045 791 4105 simam
810 4039 1206 4100 obedientiam
1233 4055 1461 4095 summe
1483 4038 1771 4096 exaltavit
1788 4044 1849 4095 01
1872 4038 2174 4113 passiones
2193 4041 2323 4116 ejus
2344 4043 2706 4117 amplissimo
2726 4045 2973 4120 praemio

578 4122 901 4191 coronavit,
922 4119 1078 4177 Phil.
1108 4118 1168 4174 ii.
1199 4117 1256 4188 6,
1286 4118 1409 4185 &c.,
1439 4114 1688 4188 Heb.ii.,
1721 4114 1902 4174 Unde
1924 4116 2157 4189 dicitur,
2182 4119 2594 4195 “justificatus
2616 4120 2909 4197 Spiritu,”
2937 4126 2968 4183 1

578 4202 729 4261 Tim.
758 4200 841 4258 iii.
868 4202 961 4269 16,
984 4206 1043 4257 01
1065 4204 1099 4231 “
1120 4195 1437 4253 suscitatus
1452 4202 1693 4270 propter
1708 4201 1971 4253 nostram
1993 4197 2536 4271 justificationem,”
2560 4200 2735 4258 Rom.
2764 4201 2842 4259 iv.
2875 4202 2974 4275 25,

578 4282 721 4357 quia
746 4286 806 4338 et
832 4280 957 4355 ipse
989 4276 1348 4352 justificatus
1376 4280 1465 4331 est
1492 4292 1529 4331 a
1556 4272 1754 4346 Patre,
1784 4274 1862 4330 id.
1893 4276 2181 4350 probatus
2208 4284 2495 4353 tanquam
2525 4280 2700 4355 plene
2727 4280 2976 4339 defunc-

575 4366 674 4417 tus
722 4358 913 4416 officio
944 4376 1071 4426 su0,
1121 4361 1182 4411 et
1226 4372 1337 4411 nos
1363 4352 1426 4409 in
1474 4351 1602 4429 ipso
1635 4351 1946 4427 justificati
1973 4373 2198 4428 sumus,
2229 4366 2418 4431 quum
2446 4358 2762 4432 perfectam
2795 4360 2870 4416 ab
2898 4378 2972 4418 eo

572 4442 951 4511 peccatorum
991 4433 1390 4509 expiationem
1430 4431 1783 4503 obtinemus,
1829 4433 2002 4507 cujus
2041 4435 2394 4492 resurrectio
2428 4437 2852 4495 documentum
2884 4447 2976 4498 est

572 4513 999 4573 certissimum„
1066 4512 1305 4586 Quippe
1352 4517 1423 4567 ut
1468 4508 1529 4566 111
1578 4508 1778 4569 Morte
1833 4513 2190 4570 solutionem
2244 4514 2554 4585 habemus,
2609 4514 2695 4575 ita
2739 4515 2800 4571 in
2853 4516 2976 4574 Re-

574 4589 935 4649 surrectione
985 4589 1300 4665 Apocham
1336 4607 1458 4663 qua
1505 4588 1686 4645 Pater
1725 4596 1978 4647 testatur
2014 4590 2125 4647 sibi
2163 4592 2404 4651 abunde
2433 4592 2796 4651 satisfactum
2826 4614 2970 4655 esse.

566 4670 699 4729 Nec·
724 4674 921 4743 posset
944 4666 1274 4743 Apostolus
1301 4665 1492 4725 dicere
1536 4684 1644 4723 nos
1686 4682 1812 4725 esse
1856 4666 1986 4725 Deo
2027 4668 2436 4729 reconciliatos
2461 4689 2567 4747 per
2589 4670 2811 4730 Christi
2837 4692 2976 4733 san-
