3234 5192
519 321 635 378 536
1101 337 1180 376 ns
1210 337 1686 378 sarisi-Ao‘rroms
1714 337 1950 378 cnms'n
1979 337 2298 378 vsmu'rs.
2514 317 2774 400 [nisPu‘r.
2804 341 2930 382 xvi.

528 487 652 538 tum
680 497 797 538 non
829 476 1149 554 deducitur,
1182 477 1305 536 sive
1323 485 1556 556 propter
1581 477 1991 556 impedimenta
2008 477 2241 538 aliunde
2262 478 2610 554 accedentia,
2634 479 2759 539 sive
2786 482 2927 558 quia

523 559 770 636 simplex
801 567 888 616 est
910 558 1006 616 vel
1033 558 1170 616 boni
1199 557 1631 634 complacentia,
1664 558 1761 616 vel
1802 557 2166 636 displicentia
2206 559 2359 635 mali,
2390 579 2497 618 nec
2525 560 2765 620 ulterius
2792 583 2921 638 per-

517 640 605 716 git
625 648 690 696 ut
719 639 794 698 sit
835 639 1108 716 operandi
1149 637 1509 716 principium,
1555 659 1661 696 nec
1710 637 1784 696 ad
1824 637 1909 696 rei
1949 638 2347 698 executionem
2388 658 2450 699 rc
2492 640 2619 718 ipsa
2657 641 2922 718 impellit,

517 739 648 796 qnae
677 717 942 777 vellcitas
987 719 1180 797 potius
1208 738 1381 795 quam
1409 719 1679 777 voluntas
1707 717 1822 776 dici
1854 727 2117 778 merctur.
2204 719 2349 777 Cum
2378 739 2515 797 crgo
2546 721 2807 780 Christus
2836 723 2921 781 di-

515 800 667 858 citur
693 797 948 858 voluisse
996 808 1061 858 ut
1101 799 1368 857 transiret
1409 798 1581 872 calix,
1613 818 1731 857 non
1758 798 1932 858 debet
1960 799 2070 857 hoc
2096 799 2346 876 intelligi
2375 799 2447 858 de
2475 801 2773 860 voluntate
2802 803 2919 861 effi-

517 878 639 938 caci
669 898 796 956 quae
825 879 884 934 in
915 879 1104 956 seipso
1131 877 1468 956 produxerit
1496 878 1747 955 aliquem
1776 879 2063 936 evadendi
2104 890 2370 938 conatum
2400 888 2459 938 et
2486 901 2547 939 se
2576 883 2921 956 expediendi

519 959 743 1017 existis
770 959 1009 1034 laqueiS,
1042 958 1157 1016 imo
1185 958 1450 1016 videmus
1479 978 1609 1016 eum
1652 958 1889 1017 ductum
1935 958 2169 1018 “fuisse
2210 968 2276 1018 ut
2304 979 2470 1019 ovem
2520 961 2591 1019 ad
2616 964 2919 1030 ⁴mactatio·

519 1039 711 1113 nem,’'
757 1039 871 1096 Isa.
903 1038 1006 1097 liii.
1039 1043 1092 1115 7,
1123 1046 1190 1097 ut
1235 1037 1359 1115 ipse
1408 1038 1568 1096 nulla
1623 1039 1845 1097 ratione
1888 1037 2191 1109 obstiterit,
2237 1041 2332 1098 vel
2374 1048 2617 1100 mortem
2660 1043 2921 1121 refugere

515 1118 843 1192 tentaverit,
875 1117 977 1177 sed
1006 1119 1078 1178 de
1106 1118 1404 1177 voluntate
1431 1117 1710 1176 inefficaci
1739 1139 1868 1195 quae
1896 1119 2041 1178 nihil
2070 1118 2225 1177 aliud
2255 1119 2543 1196 significat
2571 1142 2743 1198 quam
2786 1123 2917 1182 sim-

518 1199 726 1276 plicem
767 1197 1189 1276 displicentiam
1231 1209 1415 1258 ortam
1444 1219 1519 1257 ex
1559 1199 1809 1258 naturali
1850 1199 2218 1258 inclinatione
2262 1219 2377 1276 qua
2416 1201 2688 1261 voluntas
2716 1203 2921 1262 abhor-

521 1288 609 1338 ret
635 1279 844 1338 amalo
871 1288 1134 1338 naturam
1165 1279 1513 1338 destruente.
2642 1328 2665 1346 .

601 1359 851 1420 XXVI.
896 1363 952 1419 3.
994 1361 1261 1420 Voluntas
1300 1360 1414 1418 alia
1454 1367 1542 1418 cst
1569 1359 1850 1418 naturalis
1878 1367 1936 1417 et
1963 1359 2345 1436 indeliberata,
2378 1361 2492 1419 alia
2528 1363 2839 1422 deliberata
2865 1373 2923 1422 et

519 1441 762 1499 electiva.
809 1439 921 1498 llla
948 1439 1159 1499 dicitur
1185 1441 1455 1498 voluntas
1481 1459 1584 1516 per
1610 1442 1837 1498 modum
1864 1448 2100 1513 naturae,
2134 1439 2259 1496 Ista
2282 1459 2386 1517 per
2412 1444 2635 1500 modum
2666 1445 2917 1518 rationis,

519 1521 602 1579 sic
630 1521 834 1578 Thom.
865 1541 920 1598 p.
952 1523 1006 1594 3,
1039 1541 1094 1598 q.
1131 1521 1221 1592 18,
1253 1528 1358 1578 art.
1391 1521 1446 1578 5.
1503 1521 1768 1578 Voluntas
1808 1527 1871 1575 ut
1896 1527 2107 1576 natura
2144 1519 2269 1576 sive
2315 1539 2418 1595 per
2444 1521 2677 1578 modum
2702 1532 2919 1580 naturas

517 1609 606 1658 est
634 1599 876 1658 facultas
923 1599 1167 1676 physica
1213 1598 1434 1656 habens
1481 1596 1911 1655 inclinationem
1959 1597 2279 1654 naturalem
2312 1597 2387 1655 ad
2424 1601 2917 1659 conservationem

515 1681 694 1738 totius
723 1677 1040 1754 compositi,
1073 1698 1176 1736 seu
1205 1685 1295 1736 est
1322 1676 1670 1734 desiderium
1713 1675 2015 1748 commodi,
2052 1685 2293 1734 vocatur
2318 1677 2591 1736 voluntas
2638 1678 2915 1738 indelibe-

515 1768 640 1816 rata
668 1757 804 1835 quia
833 1757 1012 1814 fertur
1039 1757 1113 1813 ad
1142 1756 1434 1833 objectum
1477 1755 1742 1814 absolute
1792 1754 2217 1814 consideratum
2262 1756 2405 1814 citra
2432 1757 2609 1815 ullam
2638 1759 2918 1820 rationem

513 1836 1086 1910 circumstantiarum,
1119 1835 1206 1893 At
1231 1837 1483 1894 voluntas
1505 1855 1617 1910 per
1646 1837 1868 1892 modum
1890 1835 2125 1894 rationis
2146 1845 2235 1894 est
2257 1834 2497 1896 facultas
2520 1838 2817 1899 rationalis
2844 1841 2920 1899 ad

509 1914 972 1994 prosequendum
1021 1915 1236 1974 bonum
1285 1915 1552 1992 generale
1596 1915 1777 1974 totius
1820 1915 2088 1990 liominiS,
2118 1925 2185 1974 ut
2226 1917 2399 1976 homo
2442 1927 2548 1994 est,
2579 1919 2677 1978 vel
2704 1919 2781 1978 ad
2828 1941 2917 1980 se·

513 1996 804 2074 quendum
833 1994 1121 2054 dictamen
1169 1994 1498 2054 intellectus
1545 1995 1784 2072 practici
1833 2003 1989 2054 recta
2037 2004 2095 2054 et
2136 1997 2299 2073 justa
2324 1999 2631 2075 monentis,
2679 2010 2920 2060 vocatur

512 2080 765 2137 voluntas
793 2077 1018 2136 electiva
1046 2077 1182 2153 quia
1210 2085 1299 2136 cst
1327 2075 1675 2134 desiderium
1705 2084 1764 2135 et
1792 2075 2030 2135 affectus
2052 2077 2295 2154 justitia}
2324 2079 2517 2156 potius
2561 2099 2735 2156 quam
2762 2082 2917 2140 utili-

509 2159 646 2218 tatis
675 2158 937 2237 propriae,
969 2157 1180 2217 dicitur
1207 2166 1266 2216 et
1294 2159 1546 2216 voluntas
1574 2156 1883 2216 deliberata
1909 2156 2046 2233 quia
2073 2158 2307 2234 respicit
2334 2159 2623 2236 objectum
2654 2161 2919 2220 omnibus

509 2239 629 2297 suis
657 2239 1102 2298 circumstantiis
1131 2237 1421 2314 vestitum,
1452 2246 1509 2296 et
1557 2237 1683 2295 haec
1712 2236 1981 2296 voluntas
2026 2236 2269 2296 refertur
2288 2238 2362 2297 ad
2412 2240 2799 2316 cognitionem
2829 2263 2915 2300 ra-

507 2318 782 2376 tionalem
811 2327 1086 2396 tanquam
1133 2318 1208 2376 ad
1250 2337 1498 2392 causam,
1549 2317 1687 2392 quia
1714 2337 1830 2375 non
1877 2330 2098 2375 naturae
2146 2318 2479 2376 instinctum
2532 2319 2634 2378 sed
2682 2321 2919 2380 rationis

509 2397 798 2456 dictamen
827 2398 1102 2473 sequitur.
1167 2397 1456 2455 Voluntas
1485 2404 1705 2453 naturae
1732 2394 2071 2453 naturaliter
2106 2396 2257 2473 fugit
2284 2417 2353 2455 ea
2380 2418 2509 2474 quoe
2537 2410 2756 2458 natnrae
2786 2411 2921 2460 sunt

509 2477 810 2550 contraria,
835 2484 901 2536 ut
929 2484 1188 2550 mortem,
1221 2476 1525 2546 cruciatus,
1558 2471 1649 2532 &c
1678 2497 1693 2550 ;
1752 2474 2040 2532 Voluntas
2068 2495 2172 2551 per
2208 2477 2441 2535 modum
2464 2478 2703 2538 rationis
2730 2489 2921 2557 potest

509 2556 642 2616 ferri
672 2557 846 2616 etiam
876 2557 935 2614 in
964 2576 1030 2614 ea
1058 2575 1187 2632 quae
1213 2563 1433 2614 naturae
1463 2554 1842 2611 adversantur
1890 2552 2201 2612 dummodo
2239 2556 2400 2630 justa
2448 2567 2506 2616 et
2533 2557 2773 2618 honesta
2802 2562 2919 2621 sint

507 2636 606 2696 vel
633 2637 974 2712 necessaria,
1006 2635 1088 2694 sic
1117 2656 1174 2694 v.
1204 2655 1282 2712 g.,
1312 2635 1363 2693 is
1391 2633 1490 2712 qui
1519 2633 1817 2692 voluntate
1844 2635 2093 2692 naturali
2114 2633 2403 2710 potionem
2424 2655 2677 2694 amaram
2704 2639 2918 2717 refugit

510 2725 568 2778 et
595 2725 909 2793 aversatur,
934 2715 1176 2776 candem
1197 2723 1389 2774 tamen
1411 2713 1709 2773 voluntate
1729 2713 1991 2772 rationali
2022 2714 2277 2791 suscipit,
2310 2715 2447 2791 quia
2468 2715 2576 2774 scit
2603 2736 2719 2775 non
2742 2719 2913 2778 aliam

511 2818 636 2858 csse
668 2797 872 2857 salutis
893 2795 1298 2874 recuperandae
1326 2795 1625 2870 rationem,
1677 2794 1759 2852 ita
1786 2803 2067 2870 martyres
2114 2803 2357 2853 mortem
2406 2803 2611 2854 natura
2638 2817 2751 2855 non
2782 2818 2913 2874 pos-

511 2888 644 2938 sunt
671 2899 788 2937 non
809 2879 1057 2952 horrere,
1090 2877 1190 2936 sed
1209 2875 1381 2934 iidem
1405 2883 1598 2934 tamen
1619 2894 1746 2932 eam
1769 2883 1833 2932 ut
1850 2873 2325 2951 gloriosissimum
2348 2875 2769 2936 benevolentiae
2801 2878 2912 2938 Dei

513 2960 908 3018 testimonium
953 2980 1028 3018 ex
1077 2958 1297 3016 ratione
1347 2957 1566 3014 alacres
1609 2954 1841 3026 adeunt,
1890 2965 1948 3014 et
1995 2954 2055 3012 in
2076 3009 2081 3014 ,
2099 2975 2167 3012 ca
2204 2955 2540 3032 gloriantur.
2583 2957 2717 3016 Pari
2745 2959 2915 3036 plane

507 3049 678 3117 pacto
710 3039 971 3099 Christus
999 3048 1240 3098 mortem
1271 3035 1456 3096 voluit
1484 3043 1542 3094 et
1569 3035 1757 3094 noluit
1784 3033 2013 3093 diverso
2042 3045 2323 3113 respectu,
2350 3035 2636 3096 Voluntas
2664 3059 2767 3116 per
2792 3059 2912 3098 mo-

509 3119 646 3178 dum
677 3128 896 3178 naturae
924 3140 1048 3178 eam
1079 3119 1280 3192 noluit,
1314 3125 1372 3176 at
1401 3117 1601 3175 eadem
1632 3136 1733 3192 per
1760 3114 1993 3173 modum
2022 3115 2261 3174 rationis
2288 3115 2474 3176 voluit
2496 3117 2697 3195 ipsam,
2730 3120 2915 3179 noluit

509 3208 796 3275 quatenus
818 3197 1096 3257 naturalis
1125 3197 1414 3275 appetitus
1443 3195 1791 3256 desiderium
1820 3204 1943 3253 erat
1984 3203 2047 3254 ut
2076 3197 2301 3256 viveret
2347 3208 2701 3274 mortemque
2746 3200 2911 3258 abso·

506 3277 627 3336 lute
657 3285 716 3334 et
743 3277 802 3334 in
851 3297 912 3335 se
959 3286 1024 3336 ut
1071 3286 1290 3335 naturae
1335 3275 1784 3334 destructionem
1825 3275 2174 3345 intuebatur,
2220 3277 2305 3335 At
2353 3284 2635 3354 quatenus
2672 3280 2911 3338 eandem

510 3357 806 3434 spectabat
835 3376 965 3415 cum
994 3356 1438 3414 circumstantiis
1467 3355 1603 3428 suis,
1656 3354 1735 3412 id.
1780 3363 1846 3412 ut
1873 3374 1908 3411 a
1938 3355 2063 3412 Deo
2112 3355 2397 3414 decretam
2448 3365 2505 3416 et
2548 3357 2624 3414 ad
2668 3359 2912 3418 salutem

509 3437 820 3495 electorum
845 3435 1243 3510 necessariam,
1265 3435 1328 3492 in
1347 3436 1532 3512 ipsam
1551 3433 2000 3510 propensissimo
2030 3433 2318 3494 ferebatur
2338 3435 2562 3512 affectu,
2584 3447 2757 3513 prout
2776 3439 2916 3497 alibi

507 3516 828 3576 testabatur
858 3517 893 3548 “
915 3516 1109 3574 cibum
1137 3534 1306 3574 suum
1332 3515 1486 3572 hunc
1516 3533 1643 3572 esse
1671 3522 1737 3572 nt
1764 3513 1977 3572 faceret
2006 3515 2363 3574 voluntatem
2386 3517 2563 3592 patris
2592 3517 2741 3594 sui,''
2770 3517 2911 3578 Joh.

506 3597 585 3656 iv.
618 3601 714 3656 34.

590 3676 879 3739 XXVII.
921 3681 976 3735 4.
1045 3677 1312 3734 Voluntas
1340 3673 1719 3749 distinguitur
1758 3673 1819 3730 in
1846 3672 2144 3750 simplicem
2178 3683 2234 3733 ct
2274 3675 2601 3749 absolutam,
2654 3685 2713 3736 et
2740 3679 2909 3755 hypo·

508 3759 762 3816 theticam
791 3777 892 3816 seu
921 3757 1374 3816 conditionatam.
1459 3753 1570 3811 Illa
1600 3763 1688 3812 est
1716 3773 1830 3831 qua
1858 3753 1988 3830 quis
2016 3753 2237 3830 aliquid
2260 3755 2387 3814 vult
2414 3757 2678 3816 absolute
2708 3767 2766 3817 et
2793 3759 2909 3818 effi-

507 3839 719 3897 caciter
746 3839 827 3897 ita
853 3848 919 3897 ut
946 3837 1092 3894 nihil
1120 3835 1326 3912 reliqui
1355 3833 1526 3893 faciat
1555 3843 1618 3892 ut
1647 3854 1715 3892 ea
1743 3833 2013 3892 voluntas
2042 3833 2102 3890 in
2139 3833 2405 3894 effectum
2436 3835 2769 3913 deducatur,
2801 3840 2913 3898 ista

505 3939 621 3996 qua
649 3920 780 3996 quis
807 3917 1030 3996 aliquid
1056 3915 1184 3976 vult
1213 3915 1321 3974 sub
1350 3914 1697 3988 conditione,
1731 3933 1973 3992 quaeque
2001 3914 2153 3972 intra
2180 3923 2367 3974 certos
2394 3915 2609 3976 limites
2638 3937 2699 3977 se
2729 3920 2910 3978 conti-

505 4007 621 4058 net.
657 3999 754 4058 Sic
783 3998 1049 4057 absoluta
1075 3997 1376 4056 voluntate
1399 4003 1601 4070 petunt
1619 3995 1820 4053 fideles
1842 3994 2237 4052 remissionem
2266 4005 2629 4072 pcccatorum
2652 4019 2902 4074 suorum,

503 4088 563 4139 et
591 4079 640 4137 si
669 4099 798 4157 quse
828 4087 961 4138 sunt
989 4077 1310 4136 necessaria
1358 4075 1432 4134 ad
1461 4095 1658 4133 eorum
1704 4075 1965 4150 salutem,
1998 4081 2057 4132 at
2099 4074 2398 4135 voluntate
2441 4077 2815 4138 conditionali
2842 4099 2913 4138 ea

502 4180 633 4236 quae
663 4159 908 4219 salutem
934 4178 1052 4218 non
1079 4157 1373 4234 attingunt
1399 4175 1503 4234 per
1531 4175 1609 4230 se,
1650 4175 1835 4232 neque
1880 4155 1977 4213 vel
2006 4154 2141 4213 data
2167 4167 2526 4232 promovent,
2575 4159 2672 4217 vel
2699 4168 2912 4236 negata

397 4227 412 4238 ”
503 4248 820 4315 removent,
852 4249 993 4318 puta
1021 4259 1176 4316 opes,
1209 4237 1530 4312 sanitatem,
1551 4235 1742 4310 robur,
1768 4255 1965 4312 pacem
1988 4242 2303 4312 externam,
2336 4235 2395 4293 in
2414 4237 2625 4314 quibus
2647 4239 2910 4317 petendis

501 4340 626 4378 eam
657 4341 883 4398 semper
910 4320 1298 4380 conditionem
1327 4317 1538 4376 addere
1567 4315 1781 4374 debent
1822 4335 2095 4392 expresse
2124 4314 2222 4374 vel
2241 4317 2535 4394 implicite,
2580 4319 2643 4378 Si
2687 4319 2771 4377 ita
2796 4318 2909 4377 fert

503 4399 616 4457 Dei
643 4401 931 4460 voluntaS.
985 4401 1182 4478 Hujus
1211 4397 1616 4458 conditionatae
1646 4395 1963 4455 voluntatis
1992 4395 2285 4474 geminum
2320 4397 2649 4476 exemplum
2699 4418 2905 4474 suppe-

500 4479 647 4537 ditat
675 4481 842 4538 nobis
875 4479 1184 4557 Scriptura,
1216 4480 1457 4538 alterum
1488 4479 1548 4535 in
1573 4477 1757 4550 Mose,
1792 4475 1982 4535 Exod.
2014 4477 2200 4534 xxxii.
2232 4479 2327 4552 32,
2369 4476 2507 4536 dum
2536 4485 2697 4554 optat
2726 4476 2905 4536 deleri

500 4557 572 4615 de
601 4557 748 4615 libro
781 4559 908 4634 Dei,
941 4560 1182 4618 alterum
1212 4560 1272 4616 in
1305 4558 1502 4632 Paulo,
1537 4557 1705 4614 Rom.
1738 4555 1819 4615 ix.
1852 4559 1905 4629 3,
1938 4555 2075 4614 dum
2105 4555 2263 4634 cupit
2306 4557 2611 4616 anathema
2650 4556 2775 4614 fieri
2802 4577 2906 4634 pro

493 4637 786 4711 fratribuS,
817 4645 1122 4714 utrumque
1153 4639 1305 4697 enim
1334 4637 1490 4696 istud
1519 4645 1717 4694 votum
1749 4655 1863 4693 non
1902 4635 2179 4709 absolute,
2214 4635 2315 4694 sed
2360 4635 2749 4696 conditionate
2778 4647 2903 4698 tan·
