3234 5192
208 374 424 417 msrur.
474 357 613 439 111.]
1034 374 1263 417 nosraa
1289 374 1367 413 ΑΒ
1398 372 1678 415 accursu
1708 374 1975 418 nomm.
2573 366 2644 423 ‘11

200 516 311 590 ejus
342 518 731 577 meminerit.
794 516 1087 577 Eusebius
1106 515 1403 593 imprimis,
1434 514 1536 592 qui
1564 514 1650 573 illi
1671 514 1970 575 familiaris
1999 526 2138 593 erat,
2171 520 2386 599 quique
2431 522 2503 582 de
2533 522 2655 583 vita

200 596 567 657 Constantini
604 618 765 677 opus
793 596 1153 673 conscripsit,
1186 598 1245 653 in
1288 596 1455 673 cujus
1494 604 1656 673 parte
1687 596 1856 655 tertia
1882 597 2080 656 multis
2111 600 2353 660 Helcnae
2381 603 2654 679 pietatem

196 674 463 736 laudibus
494 677 709 753 effert,
740 689 801 738 et
841 676 991 736 illud
1020 678 1205 755 ipsum
1234 676 1343 735 iter
1370 676 1499 753 ejus
1540 675 1599 732 in
1629 676 1916 751 Judaeum,
1949 678 2006 735 in
2036 698 2150 754 quo
2180 700 2406 739 crucem
2453 684 2652 740 Domi·

196 754 369 814 nicam
400 758 485 816 ab
520 778 605 816 ea
638 766 931 836 repertam
955 754 1131 816 fuisse
1158 756 1380 829 volunt,
1426 754 1716 829 describit,
1755 776 1958 834 resque
2005 758 2066 816 in
2094 778 2162 817 eo
2191 769 2386 836 gestas
2439 770 2650 837 narrat,

194 836 285 891 sed
306 836 381 895 de
412 858 615 897 61-1166
678 838 917 897 Domini
964 844 1193 914 reperta
1232 856 1349 893 non
1392 834 1565 893 modo
1614 836 1838 895 nullum
1887 838 2130 897 verbum
2171 839 2324 914 facit,
2367 841 2470 899 sed
2507 840 2654 899 nihil

194 916 528 992 quic-quam,
568 918 746 995 quod
773 938 843 977 eo
871 916 1069 976 referri
1111 914 1310 994 possit,
1356 914 1563 973 innuit.
1648 914 1817 989 Quod
1859 917 2220 976 occasionem
2249 920 2449 997 procul
2475 920 2653 979 dubio

195 992 343 1054 dedit
373 998 665 1057 Gelasio
690 996 963 1057 Pontifici
994 996 1258 1055 Romano
1283 994 1331 1053 Ι.
1364 994 1521 1053 A.D.
1552 996 1690 1069 494,
1735 995 2010 1073 scriptum
2058 999 2168 1059 hoc
2197 999 2269 1058 de
2317 1001 2652 1061 inventione

193 1076 371 1133 crucis
401 1077 581 1136 inter
638 1078 825 1137 libros
854 1076 1241 1155 Apocryphos
1270 1084 1328 1133 et
1356 1094 1483 1133 eum
1515 1074 1780 1133 cautione
1823 1074 2119 1153 legendos,
2151 1079 2434 1140 referendi
2465 1081 2524 1139 in
2551 1080 2651 1139 de-

195 1162 341 1213 creto
392 1156 475 1215 de
530 1158 721 1216 libris
770 1156 1161 1235 ApocryphiS,
1207 1153 1359 1232 apud
1404 1153 1746 1213 Gratianum
1791 1156 2062 1218 Distinet.
2112 1162 2205 1219 15.
2290 1161 2459 1235 Quod
2515 1180 2654 1220 vero

192 1232 427 1293 affertur
456 1257 499 1295 a
556 1238 947 1312 Bellarmino,
970 1236 1071 1294 lib.
1122 1238 1178 1294 2.
1222 1234 1295 1293 de
1338 1234 1524 1309 Imag.
1569 1254 1693 1311 cap.
1739 1239 1834 1309 27,
1880 1236 1952 1293 de
2001 1238 2272 1297 chronico
2303 1241 2650 1315 Eusebiano‚

194 1314 343 1387 quod
386 1316 457 1373 in
513 1318 799 1393 vulgatis
862 1315 1333 1395 Hieronymianae
1377 1314 1866 1391 interpretationis
1915 1315 2226 1376 Codicibus
2281 1320 2357 1378 ad
2410 1341 2502 1379 an.
2559 1324 2650 1380 16.

200 1390 589 1455 Constantini
622 1396 799 1455 refert
851 1398 889 1429 “
914 1396 1215 1469 Helenam,
1240 1394 1603 1453 Constantini
1631 1402 1890 1469 matrem,
1922 1394 2138 1455 divinis
2165 1398 2442 1457 monitam
2471 1400 2652 1457 visio·

197 1470 361 1533 nibus
420 1476 855 1536 beatissimum
908 1475 1096 1535 crucis
1142 1475 1383 1552 lignum,
1427 1472 1488 1531 in
1542 1492 1657 1549 quo
1707 1473 1864 1532 salus
1912 1476 2111 1533 mundi
2159 1478 2448 1554 pependit,
2499 1478 2656 1555 apud

204 1548 699 1633 Hierosolymam
726 1555 1070 1634 reperisse,''
1098 1575 1215 1613 non
1244 1553 1477 1628 evincit,
1499 1552 1626 1611 haec
1653 1572 1856 1613 revera
1875 1574 2002 1613 esse
2029 1556 2210 1613 verba
2238 1556 2494 1633 Eusebii,
2525 1576 2654 1634 quae

200 1627 253 1685 in
282 1633 509 1694 Graeca
543 1636 809 1696 editione
845 1635 1123 1713 Scaligeri
1150 1654 1265 1692 non
1296 1641 1620 1708 occurrunt,
1652 1653 1759 1691 nec
1793 1632 1854 1691 in
1873 1636 2326 1696 accuratioribus
2353 1638 2652 1698 codicibus

203 1708 427 1773 Latinis
454 1738 471 1791 3
526 1714 645 1775 sed
672 1715 988 1775 ostendunt
1027 1724 1251 1775 tantum
1279 1733 1315 1772 a
1341 1712 1495 1771 mala
1520 1732 1696 1771 manu
1724 1721 1856 1790 post
1893 1715 2144 1775 auctoris
2171 1726 2415 1777 mortem
2435 1719 2653 1778 inserta

204 1787 376 1851 fuisse
405 1814 494 1853 ex
528 1795 795 1870 RnffinO,
824 1804 892 1855 ut
916 1815 1034 1854 non
1062 1795 1185 1855 sine
1224 1794 1446 1853 ratione
1490 1792 1726 1870 conjicit
1777 1794 2050 1872 Scaliyer,
2081 1797 2220 1873 quia
2243 1798 2446 1857 eadem
2477 1799 2652 1859 ferme

204 1870 377 1929 verba
394 1873 699 1953 leguntur
720 1876 878 1953 apud
906 1874 1218 1949 Ruffinum,
1242 1874 1303 1931 in
1322 1873 1585 1933 Historia
1614 1872 2040 1950 Ecclesiastica,
2069 1895 2186 1952 quo
2212 1877 2359 1951 loce,
2391 1898 2653 1939 sermone

211 1946 275 2005 de
293 1950 547 2013 Helena
568 1956 870 2015 instituto:
917 1958 952 1989 “
973 1955 1263 2029 Divinis,'’
1310 1953 1515 2031 inquit,
1559 1952 1893 2011 “admonita
1929 1955 2268 2031 visionibuS,
2311 1958 2654 2036 Hierosoly·

210 2045 355 2089 1116111
378 2036 563 2109 petit,
592 2043 767 2112 atque
796 2035 877 2094 ibi
898 2036 1091 2095 locum
1112 2034 1170 2092 in
1192 2053 1309 2111 quo
1338 2040 1766 2092 sacrosanctum
1797 2053 2005 2113 corpus
2026 2036 2378 2113 pependerat
2397 2038 2650 2115 affixum,

215 2106 281 2164 ab
301 2109 525 2173 incolis
558 2114 861 2193 perquirit,
891 2124 1013 2174 tum
1042 2122 1289 2193 purgato
1335 2113 1482 2187 1060,
1512 2120 1632 2171 tres
1661 2112 1898 2172 confuso
1927 2115 2126 2175 ordine
2154 2118 2366 2194 reperit
2393 2120 2652 2177 cruces.''

216 2184 393 2259 Quam
432 2194 823 2255 traditionem
869 2194 1153 2269 Ruffinus,
1186 2200 1245 2253 et
1290 2202 1423 2269 post
1448 2212 1582 2251 eum
1614 2191 1977 2270 Ambrosius,
2011 2196 2306 2272 Paulinus,
2336 2206 2394 2255 et
2421 2198 2522 2256 alii
2563 2218 2651 2257 se·

214 2272 525 2341 quentium
548 2276 877 2334 seculorum
908 2276 1215 2351 scriptores
1242 2273 1515 2347 referunt,
1545 2291 1662 2331 non
1693 2290 1728 2331 a
1747 2273 1920 2332 certis
1937 2275 2284 2350 auctoribuS,
2315 2285 2374 2335 et
2395 2277 2640 2337 oculatis

220 2347 295 2403 rei
323 2361 519 2426 gestae
548 2355 797 2413 testibus
826 2363 1139 2433 acceptam,
1172 2353 1276 2413 sed
1303 2372 1379 2411 ex
1422 2352 1676 2429 incertia,
1723 2361 1782 2411 et
1819 2362 2034 2413 temere
2060 2356 2134 2414 ab
2163 2356 2356 2431 aliquo
2379 2357 2650 2433 reliquia·

220 2442 337 2486 rum
368 2434 645 2491 studioso
674 2434 936 2493 confictis
962 2433 1288 2493 rumoribus
1316 2432 1597 2506 haustam,
1629 2440 1694 2491 ut
1723 2433 1956 2493 omnino
1977 2436 2054 2494 sit
2079 2436 2410 2495 verisimile.
2432 2464 2450 2477 ·

226 2582 239 2593 .
296 2507 635 2571 XXXIV.
679 2514 844 2573 Licet
860 2522 1052 2573 autem
1074 2514 1199 2571 haec
1238 2512 1475 2571 traditio
1503 2512 1690 2571 crucis
1716 2513 2034 2589 imaginum
2055 2536 2224 2575 usum
2255 2516 2426 2595 longe
2449 2516 2654 2577 fortius

225 2600 279 2640 111
322 2591 612 2651 ecclesias
660 2593 1062 2668 introduxerit,
1094 2592 1550 2671 repugnantibus
1597 2592 1736 2652 licet
1781 2594 1960 2653 variis
2007 2596 2159 2672 viris,
2196 2598 2326 2674 piis,
2370 2598 2469 2674 qui
2517 2597 2654 2657 huic

226 2670 395 2727 errori
426 2673 707 2749 gliscenti
736 2694 797 2733 se
827 2673 1209 2751 opponebant,
1240 2682 1305 2733 ut
1332 2680 1491 2750 patet
1531 2692 1607 2731 ex
1637 2673 1948 2750 Epiphanii
1989 2676 2234 2752 epistola
2259 2677 2334 2735 ad
2362 2678 2404 2737 J
2409 2697 2654 2737 oannem

234 2740 589 2829 Episcopum
618 2753 1233 2831 Hierosolymitanum,
1278 2761 1496 2811 certum
1526 2762 1613 2811 est
1642 2760 1836 2811 tamen
1863 2754 2119 2815 nondum
2161 2764 2280 2815 tam
2307 2756 2484 2816 fuisse
2513 2757 2650 2817 ado-

230 2827 465 2891 rationis
517 2832 762 2910 objecta‚
792 2853 967 2910 quam
992 2833 1241 2911 mystica
1287 2831 1553 2910 quaedam
1601 2832 1853 2909 insignia
1878 2841 1938 2892 et
1963 2834 2100 2892 fidei
2129 2835 2468 2894 Christianae
2497 2855 2652 2911 sym-

231 2899 373 2983 bola,
428 2932 565 2989 quae
606 2912 681 2971 ad
727 2914 1079 2989 memoriam,
1130 2931 1247 2971 non
1294 2931 1434 2971 vero
1483 2910 1559 2969 ad
1586 2910 1805 2971 cultum
1839 2912 2318 2989 proponebantur,
2351 2914 2535 2972 donec
2563 2933 2651 2973 se·

234 2990 543 3057 (luentibus
568 2993 941 3071 temporibus,
971 3013 1064 3052 res
1090 2993 1153 3051 in
1171 3000 1432 3069 apertum
1454 2990 1696 3049 abusum
1719 2999 1939 3049 mutata
1966 3000 2054 3049 est
2071 2991 2146 3049 ab
2171 2992 2260 3066 iis,
2281 2992 2380 3069 qui
2401 2993 2654 3067 aliquem

236 3068 383 3125 eruci
428 3070 711 3131 honorem
766 3080 827 3132 et
876 3073 1094 3133 cultum
1122 3071 1343 3132 deferre
1386 3077 1702 3146 coeperunt,
1747 3077 1814 3127 ut
1853 3070 2122 3128 Julianus
2169 3070 2324 3148 apud
2369 3071 2652 3149 Cyrillum

238 3141 699 3231 filexandrinum
744 3152 848 3211 lib.
900 3155 955 3227 6,
986 3153 1103 3211 illis
1144 3149 1385 3229 opponit
1410 3148 1562 3207 circa
1589 3166 1804 3206 annum
1834 3149 1907 3207 D.
1957 3152 2095 3226 462,
2126 3171 2244 3209 non
2276 3150 2652 3212 diffitentibus

235 3219 385 3284 illius
435 3232 617 3291 seculi
646 3232 1037 3309 scriptoribus.
1123 3232 1235 3306 Qui
1264 3229 1453 3289 cultus
1480 3227 1802 3287 inveterata
1829 3231 2242 3292 consuetudine
2287 3232 2654 3293 confirmatus

241 3310 337 3377 est,
366 3325 484 3367 non
514 3311 638 3369 sine
666 3312 865 3371 multis
893 3312 1317 3385 certaminibuS,
1348 3315 1407 3367 et
1435 3307 1667 3367 tandem
1713 3309 1908 3369 seculo
1935 3319 2142 3374 octavo
2171 3323 2435 3389 exeunte,
2467 3315 2652 3374 sanci-

238 3384 331 3472 t138
376 3386 437 3447 in
502 3390 957 3451 Pseudonicaena
1008 3392 1245 3470 Synodo
1301 3388 1458 3448 A.D.
1509 3390 1647 3447 797.
1757 3388 1956 3468 Atque
1999 3392 2125 3454 haec
2172 3394 2245 3454 de
2287 3397 2466 3455 crucis
2503 3399 2655 3453 cultu

242 3457 391 3523 ‘heta
435 3478 625 3530 sunt0.
736 3471 1011 3549 Superest
1046 3479 1113 3531 ut
1159 3471 1232 3530 de
1279 3470 1652 3547 reliquiarum
1700 3471 2070 3533 veneratione
2121 3482 2179 3533 et
2233 3476 2393 3535 cultu
2431 3475 2653 3551 aliquid

244 3540 405 3605 etiam
434 3550 711 3625 dicamus,
736 3552 892 3629 quod
920 3573 1035 3611 non
1064 3550 1365 3609 minimum
1392 3556 1483 3608 est
1524 3548 1804 3608 Romanae
1845 3550 2188 3612 idololatriae
2228 3563 2650 3631 argumentum.

838 3632 1123 3691 XXXV.
1166 3630 1561 3708 Reliquiarum
1607 3638 1801 3689 autem
1847 3630 2096 3706 nomine,
2147 3652 2264 3691 non
2305 3634 2432 3693 sola
2477 3634 2654 3692 Sanc-

754 3720 943 3771 torum
965 3710 1363 3771 defunctorum
1392 3728 1632 3787 corpora
1673 3707 1827 3786 apud
1856 3708 2190 3771 Pontificios
2231 3720 2519 3786 notantur,
2552 3711 2655 3771 sed

755 3792 949 3850 omnia
994 3812 1124 3869 quse
1165 3790 1419 3869 ipsorum
1462 3789 1639 3866 fuere,
1669 3789 1808 3849 dum
1855 3790 2136 3865 viverent,
2188 3810 2321 3849 ossa
2365 3791 2652 3866 nimirum,

250 3874 451 3946 Parnes,
489 3869 745 3946 sanguis,
775 3871 995 3947 dentes,
1039 3889 1281 3949 ungues,
1306 3870 1517 3947 capilli,
1549 3870 1786 3947 cineres,
1829 3870 2190 3947 vestimenta,
2221 3877 2391 3947 togae,
2421 3871 2650 3948 tunicae,

250 3948 514 4024 mterulae,
544 3948 737 4027 pallia,
784 3951 1006 4028 caligae,
1035 3950 1301 4027 crepidae,
1332 3949 1527 4025 calcei,
1559 3950 1810 4029 cingula,
1859 3950 2133 4028 pectines,
2166 3950 2369 4025 cilicia,
2399 3948 2648 4026 flagella,

248 4028 299 4077 et
324 4026 436 4086 alia
460 4028 523 4086 id
550 4048 753 4105 genus,
782 4050 913 4107 quae
935 4049 1379 4091 commemorare
1406 4030 1553 4088 nihil
1580 4032 1804 4091 attinet.
1850 4030 2030 4089 Hisce
2058 4050 2196 4089 vero
2225 4030 2492 4089 omnibus
2519 4030 2652 4088 reli-

251 4098 463 4171 giosum
512 4109 731 4168 cultum
779 4110 985 4169 deferri
1028 4129 1121 4169 res
1168 4110 1294 4188 ipsa
1336 4109 1564 4186 clamat,
1616 4120 1677 4169 et
1717 4110 1915 4189 praxis
1958 4111 2190 4188 publica
2235 4109 2387 4169 clare
2415 4108 2650 4169 evincit.

251 4174 478 4246 Constat
504 4188 715 4266 quippe
734 4209 973 4268 corpora
987 4190 1084 4248 vel
1112 4210 1245 4249 ossa
1274 4190 1632 4265 Sanctorum,
1657 4199 1716 4250 et
1735 4209 2090 4268 quaecunque
2119 4190 2194 4249 ad
2220 4190 2352 4247 illos
2380 4196 2657 4267 putantur

250 4266 597 4343 pertinuisse,
644 4287 721 4326 ex
768 4270 1087 4347 sepulchris
1134 4278 1298 4329 eruta
1340 4269 1573 4345 elevari,
1618 4278 1678 4328 et
1718 4270 1779 4327 in
1807 4271 2117 4347 conspicuo
2163 4270 2312 4345 1060,
2354 4270 2470 4328 11110
2500 4288 2652 4348 saepe

252 4352 409 4417 8upra
437 4345 618 4406 altare
647 4348 933 4426 collocari,
964 4368 1121 4425 aur0,
1154 4356 1411 4427 argento,
1444 4350 1628 4409 serico
1657 4348 1960 4424 exornari3
2003 4349 2064 4406 in
2108 4350 2571 4425 processionibus
2592 4360 2652 4412 et

252 4425 755 4501 supplicationibus
790 4429 1064 4507 reliquias
1091 4430 1231 4488 istas
1260 4428 1628 4504 circumferri,
1652 4448 1688 4485 a
1706 4428 1920 4505 populo
1947 4428 2285 4505 tangendas,
2307 4431 2652 4493 osculandas

254 4500 337 4557 Vel
362 4506 741 4584 spectandas;
772 4528 965 4567 coram
992 4508 1111 4567 illis
1139 4517 1307 4587 gestu
1336 4516 1395 4567 et
1422 4507 1613 4567 animo
1643 4506 2046 4567 adorabundos
2072 4509 2368 4587 procidere
2392 4534 2406 4588 3
2449 4513 2511 4571 in
2531 4512 2651 4573 illis

252 4584 483 4650 gratiam
508 4593 573 4645 et
613 4586 895 4647 beneficia
922 4588 1036 4647 Dei
1076 4586 1289 4666 quaeri3
1356 4588 1439 4647 eis
1479 4586 1730 4665 pretiosa
1757 4586 1910 4645 dona
1957 4586 2184 4667 efferri3
2257 4592 2332 4651 ad
2372 4593 2502 4652 loca
2547 4594 2650 4654 ubi

253 4658 495 4742 reliquiae
524 4684 651 4726 esse
680 4675 972 4745 putantur,
1003 4668 1305 4747 religiosas
1332 4666 1790 4747 pregrinationes
1828 4668 2074 4749 suscipi3
2119 4670 2179 4729 in
2222 4672 2388 4733 altari
2429 4673 2650 4733 includi

316 3687 633 3797 &Belgium

498 3766 565 3798 us.
