3234 5192
327 328 564 373 meru-r.
597 315 710 395 vn]
1075 338 1154 377 m:
1183 336 1434 395 smu'ru,
1463 337 1642 396 Aous,
1675 337 1751 377 nr
1778 336 2107 378 sanemus.
2620 320 2735 379 313

328 482 502 549 mles,
532 472 634 551 qui
690 473 934 536 veniunt
985 477 1064 537 ad
1115 477 1463 553 testandum,
1514 479 1655 539 Joh.
1684 478 1723 538 i.
1775 483 1831 554 7,
1883 480 1919 537 8
1950 500 1967 555 3
2022 477 2148 537 xix.
2196 479 2293 553 35,
2339 480 2374 513 “
2396 479 2734 559 Discipulus

325 553 428 631 qui
454 552 606 613 vidit
631 562 894 632 testatur,
939 566 998 617 et
1022 558 1416 618 testimonium
1445 557 1572 636 ejus
1599 566 1689 619 est
1714 557 1830 617 fide
1858 557 2159 635 dignum,''
2191 555 2299 617 &a
2330 558 2455 617 xxi.
2485 564 2582 619 24.
2614 560 2733 619 Hic

324 640 414 691 est
444 635 480 666 ‘⁸
505 633 844 711 Discipulus
886 638 986 713 qui
1031 646 1276 698 testatur
1323 638 1396 698 de
1439 638 1606 714 intis3
1652 646 1711 697 et
1758 638 1971 697 scimus
1998 637 2391 699 testimonium
2435 640 2561 716 ejus
2605 660 2733 699 esse

323 711 437 771 fide
465 712 710 791 dignum
729 715 786 791 ;”
833 716 898 777 Si
925 736 1064 777 vero
1097 718 1374 797 Spiritum
1402 727 1671 795 agentem
1698 718 1759 776 in
1787 718 1961 777 corde
1986 718 2343 795 respicimus,
2384 737 2501 776 non
2541 719 2735 779 minus

259 796 276 811 ‘
320 794 524 852 testari
551 793 778 869 dicitur,
817 815 935 855 non
979 816 1118 857 sane
1165 818 1270 876 per
1303 799 1542 859 modum
1588 800 1798 875 objecti,
1844 798 2011 875 quasi
2058 798 2449 857 testimonium
2498 798 2737 877 aliquod

324 872 564 931 seorsim
591 894 628 931 a
654 874 836 934 verbo
863 896 968 953 per
994 878 1440 937 Enthusiasmos
1465 887 1526 938 et
1551 898 1657 956 per
1683 898 1923 939 arcanas
1950 877 2355 955 inspirationes
2396 877 2567 939 nobis
2594 898 2733 957 sug·

324 961 504 1028 gerat,
535 963 710 1030 prout
736 955 956 1015 vellent
1002 958 1283 1035 Fanatici,
1335 958 1472 1037 quia
1501 958 1753 1035 Spiritus
1799 976 2094 1035 nunquam
2138 957 2533 1035 sejungendus
2580 966 2670 1019 est
2696 980 2733 1019 a

323 1032 521 1107 verbo,
553 1034 669 1092 Isa.
699 1034 804 1093 lix.
834 1039 930 1111 21,
961 1036 1066 1095 sed
1105 1057 1209 1115 per
1235 1038 1471 1099 modum
1507 1038 1798 1115 principii,
1848 1038 1986 1115 quia
2026 1035 2201 1097 fidem
2249 1037 2641 1115 ingenerando
2668 1040 2731 1099 in

321 1112 530 1171 animis
555 1114 772 1173 nostris
797 1114 870 1175 de
897 1117 1143 1178 veritate
1163 1118 1454 1197 evangelii
1481 1138 1588 1177 nos
1613 1116 1962 1196 persuadet:
2008 1117 2165 1177 Hinc
2202 1116 2467 1177 Christus
2492 1118 2727 1196 pollice-

325 1200 422 1250 tur
445 1192 724 1270 Spiritum
746 1204 1090 1257 testaturam
1113 1197 1186 1257 de
1207 1218 1288 1273 se,
1308 1198 1352 1258 J
1353 1199 1448 1257 oh.
1471 1218 1573 1258 xv.
1597 1201 1695 1273 26,
1720 1202 1815 1273 27,
1850 1200 1886 1231 “
1912 1197 2161 1274 Spiritus
2188 1204 2279 1257 est
2305 1198 2405 1275 qui
2423 1198 2731 1259 testabitur

325 1270 399 1329 de
421 1291 530 1349 me,
561 1281 621 1331 et
659 1292 767 1333 vos
792 1276 966 1335 etiam
989 1277 1344 1337 testabimini
1366 1279 1422 1354 ;'’
1453 1276 1756 1353 Quomodo
1776 1296 1917 1337 vero
1937 1276 2244 1337 testabitur
2262 1280 2291 1336 Ρ
2316 1277 2455 1355 quia
2485 1280 2521 1311 ‘⁴
2542 1279 2730 1357 capiet

327 1349 402 1409 de
429 1370 558 1411 meo
586 1360 644 1411 et
670 1357 1044 1416 annunciabit
1088 1357 1318 1435 vobis,'’·
1358 1359 1402 1419 J
1405 1358 1498 1417 oh.
1543 1358 1667 1417 xvi.
1702 1360 1794 1433 14,
1834 1356 1897 1416 id
1944 1365 2035 1416 est
2072 1356 2409 1416 Docti-inam
2452 1377 2640 1417 meam
2666 1359 2731 1417 in

327 1430 600 1491 cordibus
635 1434 844 1493 vestris
869 1436 1176 1515 imprimet.
1263 1439 1361 1499 Sic
1390 1437 1627 1511 Paulus,
1654 1438 1821 1497 Rom.
1862 1437 1983 1495 viii.
2011 1439 2103 1511 16,
2154 1436 2252 1511 ait,
2308 1436 2585 1514 Spiritum
2615 1438 2729 1499 Dei

325 1511 528 1570 testari
549 1532 678 1571 cum
711 1512 928 1592 Spiritu
953 1526 1154 1577 nostro
1182 1518 1338 1595 quod
1365 1517 1548 1577 simus
1571 1516 1680 1575 filii
1710 1516 1859 1577 Dei:
1901 1516 2038 1594 quia
2086 1516 2335 1595 Spiritus
2379 1516 2727 1595 adoptionis,

325 1592 426 1667 qui
447 1592 614 1652 nobis
643 1594 948 1671 confertur,
991 1606 1396 1675 argumentum
1433 1605 1523 1657 est
1549 1596 1933 1657 certissimum
1986 1594 2283 1656 filiationis
2326 1604 2555 1673 nostrie,
2606 1606 2729 1657 tum

323 1676 2729 1835 ffiffiffif‘.²3,ffissffitffiadfflffifflsstfflgffifflffissffi

323 1839 383 1889 et
407 1830 558 1891 filios
583 1835 695 1893 Dei
723 1833 864 1895 facit
901 1856 1005 1914 per
1028 1838 1544 1915 regenerationem.
1575 1837 1687 1912 Ita,
1722 1836 1857 1896 Act.
1886 1857 1945 1896 v.
1965 1838 2063 1911 31,
2092 1836 2343 1913 Spiritus
2370 1836 2583 1897 dicitur
2610 1846 2724 1898 tes-

321 1912 428 1969 tari
459 1912 532 1972 de
563 1912 810 1991 Christo,
845 1918 880 1949 “
901 1916 1078 1977 Hunc
1104 1917 1374 1993 Jesum‚'’
1404 1918 1567 1977 aiunt
1615 1916 1907 1994 Apostoli,
1958 1918 1994 1951 ‘⁶
2014 1916 2341 1995 Principem
2368 1924 2428 1976 et
2459 1917 2723 1977 Salvato-

320 2010 440 2049 rem
463 1991 672 2053 dextra
697 2014 804 2053 sua
827 1996 988 2055 Deus
1015 1997 1300 2057 exaltavit
1325 1997 1402 2057 ad
1444 1997 1696 2056 dandam
1731 1995 2131 2075 poenitentiam
2164 1996 2373 2056 Israeli
2418 2005 2479 2055 et
2524 1998 2725 2057 remis-

321 2069 541 2130 sionem
568 2081 952 2150 peccatorum,
1003 2085 1062 2136 et
1107 2096 1216 2135 nos
1262 2084 1442 2136 testes
1489 2096 1691 2137 sumus
1736 2076 1945 2136 horum
1991 2076 2317 2152 verborum,
2364 2085 2423 2136 et
2474 2076 2725 2154 Spiritus

324 2148 574 2211 Sanctus
599 2171 772 2230 quem
803 2154 964 2213 Deus
985 2154 1148 2215 dedit
1174 2156 1578 2217 obedientibus
1603 2157 1734 2234 ipsi.

925 2234 1116 2295 XIX.
1161 2236 1255 2295 Ex
1275 2236 1486 2313 quibus
1512 2236 1696 2315 liquet
1716 2237 1857 2330 quid
1884 2256 1989 2315 per
2012 2236 2308 2315 Spiritum,
2337 2255 2509 2313 quem
2535 2236 2723 2314 primo

320 2306 450 2412 0¹2¹?
479 2314 798 2427 Pgnggffl
839 2315 969 2410 loco
1015 2316 1284 2394 proponit
1337 2316 1616 2392 Joannes,
1668 2315 1993 2411 intelligere
2036 2316 2303 2377 voluerit.
2388 2316 2722 2377 Videndum

375 2432 590 2473 notetur.
830 2415 954 2473 Jam
981 2395 1124 2474 quid
1149 2417 1253 2475 per
1278 2398 1506 2475 Aquam
1532 2406 1592 2457 et
1617 2398 1977 2474 Sanqmnm,
2007 2417 2138 2476 quse
2164 2397 2225 2455 in
2246 2397 2499 2457 secundo
2528 2406 2587 2457 et
2608 2405 2719 2457 ter-

835 2477 920 2535 tio
949 2475 1150 2537 ordine
1177 2486 1565 2552 recensentur,
1617 2477 2049 2555 significaverit.
2134 2478 2267 2537 Hoc
2310 2496 2449 2535 vero
2499 2486 2559 2537 et
2595 2478 2720 2554 jam

313 2562 446 2614 ante
473 2554 911 2632 insinuavimus,
935 2564 995 2616 et
1010 2557 1360 2618 luculentius
1381 2568 1647 2619 constare
1716 2558 1887 2617 oterit
1906 2576 1983 2616 ex
2010 2557 2205 2617 verbis
2240 2556 2718 2635 praecedentibus,

309 2654 428 2695 ver.
461 2637 514 2711 6,
545 2656 724 2714 quum
753 2637 850 2712 ait,
885 2640 921 2671 “
941 2637 1234 2699 Christum
1259 2639 1492 2699 venisse
1509 2657 1641 2697 cum
1723 2658 1839 2713 qua
1864 2646 1923 2695 et
1944 2637 2296 2713 Sanguine,”
2326 2656 2395 2695 eo
2424 2638 2577 2695 enim
2592 2638 2717 2714 jam

309 2715 658 2792 Apostolum
687 2717 972 2794 respicere
993 2718 1097 2775 vix
1125 2716 1378 2776 dubitari
1402 2725 1596 2795 potest
1617 2738 1632 2790 3
1680 2717 1841 2792 Ergo
1861 2716 1911 2773 si
1940 2716 2119 2773 semel
2144 2715 2556 2793 intelligamus,
2576 2717 2719 2791 quid

308 2795 420 2853 sibi
442 2795 626 2855 velint
651 2796 765 2855 ista
789 2796 836 2855 J
837 2796 1041 2854 oannis
1069 2796 1265 2869 verba,
1297 2796 1464 2855 facile
1491 2794 1875 2873 percipiemus
1922 2794 2065 2870 quid
2090 2813 2193 2870 per
2221 2793 2454 2870 Aquam
2482 2803 2541 2853 et
2572 2796 2716 2853 San-

309 2874 544 2949 guinem
572 2882 852 2933 testantes
878 2875 1099 2933 innuat.
1183 2874 1339 2948 Quid
1366 2894 1505 2933 vero
1534 2874 1578 2933 J
1581 2893 1799 2932 oannes
1833 2892 1939 2951 per
1965 2873 2199 2948 Aquam
2234 2881 2293 2931 et
2340 2872 2715 2949 Sanguinem,

306 2953 370 3009 in
396 2953 608 3027 quibus
637 2953 902 3012 Christus
928 2952 1142 3012 dicitnr
1165 2952 1414 3029 venisse,
1445 2952 1558 3013 sibi
1587 2951 1853 3026 voluerit,
1900 2969 2019 3009 non
2044 2968 2162 3009 una
2188 2958 2278 3009 est
2304 2952 2559 3010 omnium
2583 2970 2712 3009 sen-

307 3032 506 3091 tentia.
593 3031 718 3089 Alii
745 3050 848 3109 per
873 3032 1102 3107 Aquam
1131 3030 1422 3108 designari
1448 3031 1657 3091 volunt
1688 3030 1902 3091 Christi
1943 3030 2292 3106 baptismum,
2338 3048 2443 3106 per
2467 3031 2711 3107 Sanqui-

304 3130 432 3170 nem
457 3130 596 3170 vero
623 3119 874 3186 mortem,
905 3112 1043 3187 quia
1067 3112 1130 3169 in
1157 3119 1402 3187 utroque
1428 3110 1725 3170 luculenta
1760 3108 2089 3171 testimonia
2115 3108 2251 3168 data
2298 3119 2449 3186 sunt,
2499 3110 2715 3186 quibus

305 3190 661 3251 declaratum
688 3198 778 3251 est
803 3210 938 3250 eum
966 3210 1092 3249 esse
1123 3189 1339 3249 Filium
1370 3191 1482 3249 Dei
1506 3212 1520 3267 3
1570 3189 1689 3249 Sed
1712 3191 1825 3250 hoc
1852 3190 2097 3249 alienius
2123 3188 2355 3249 videtur
2381 3210 2417 3249 a
2436 3190 2631 3250 verbis
2652 3201 2712 3252 et

302 3290 479 3349 scopo
504 3271 549 3332 J
553 3271 772 3331 oannis.
857 3270 983 3330 Alii
1025 3270 1280 3330 referunt
1327 3269 1404 3330 ad
1428 3272 1658 3349 Aquam
1704 3280 1765 3331 et
1804 3270 2165 3348 Sanquinenz,
2216 3289 2345 3347 quae
2390 3290 2465 3331 ex
2495 3272 2711 3332 Christi

297 3350 480 3411 latere
505 3352 766 3430 perfosso
791 3350 1154 3411 effluxerunt.
1235 3351 1456 3411 Verum
1493 3352 1761 3429 quamvis
1786 3370 1905 3411 non
1948 3350 2277 3411 dubitemus
2320 3350 2364 3411 J
2367 3371 2609 3413 oannem
2638 3373 2711 3413 eo

299 3433 663 3510 respexisse3
707 3451 824 3491 non
851 3441 1122 3509 putamus
1147 3439 1340 3491 tamen
1367 3432 1430 3490 in
1457 3452 1526 3491 eo
1555 3431 1757 3491 sistere
1805 3431 2077 3507 voluisse,
2130 3430 2234 3491 sed
2270 3432 2577 3491 sublimius
2603 3433 2710 3492 ali-

300 3512 458 3588 quod
485 3512 824 3589 mysterium
851 3511 947 3571 hic
975 3510 1330 3589 designasse.
1414 3512 1623 3571 Tutius
1650 3532 1791 3590 ergo
1818 3521 1878 3572 et
1896 3511 2092 3571 verius
2119 3511 2280 3589 loqui
2306 3512 2707 3573 existimamus

299 3610 418 3666 eos,
449 3592 548 3668 qui
597 3591 712 3650 duo
756 3592 1046 3669 praecipua
1093 3591 1306 3652 Christi
1359 3592 1641 3653 beneficia
1694 3592 1991 3653 connotari
2030 3592 2124 3650 hic
2176 3591 2542 3669 pertendunt,
2572 3612 2701 3669 quae

299 3670 528 3730 duobus
558 3671 630 3730 N.
661 3672 728 3731 Τ.
781 3672 1165 3732 Sacramentis
1208 3672 1625 3750 obsignantur;
1668 3673 2074 3749 Expiationem
2121 3671 2343 3731 scilicet
2383 3672 2605 3751 peccati
2642 3680 2703 3731 et

297 3751 783 3827 Justgflcationem,
835 3771 964 3829 quae
991 3752 1058 3812 fit
1101 3752 1162 3811 in
1194 3752 1490 3830 Sanguine
1540 3752 1773 3829 Christi,
1814 3762 1875 3812 et
1916 3752 2432 3828 Regenerationem,
2476 3770 2607 3827 quse
2632 3750 2700 3810 fit

293 3848 400 3907 per
429 3832 747 3909 Spiritum:
789 3831 1074 3893 Nimirum
1102 3842 1168 3892 ut
1195 3832 1311 3891 duo
1357 3833 1512 3891 mala
1552 3842 1853 3909 peccatum
1901 3839 2035 3911 post
2077 3850 2139 3890 se
2166 3828 2612 3905 nahiu‘reatum
2641 3839 2700 3890 et

291 3910 596 3986 maculam,
627 3912 744 3971 duo
770 3913 944 3972 etiam
970 3912 1226 3973 remedia
1253 3933 1288 3972 a
1317 3913 1546 3973 Christo
1591 3914 1821 3991 utrique
1868 3912 2021 3971 malo
2070 3910 2325 3971 curando
2371 3908 2701 3969 adhibenda

290 3989 540 4065 fuerunt,
569 3993 926 4071 Justzficatio,
957 4012 1086 4070 quae
1106 4001 1330 4053 reatum
1351 3992 1581 4052 tolleret
1607 4013 1801 4052 coram
1825 3992 1953 4051 Deo
1981 3992 2043 4049 vi
2070 3989 2369 4068 sanguinis
2398 4007 2501 4048 seu
2528 3988 2695 4047 satis-

287 4068 556 4131 factionis
583 4092 619 4130 a
647 4072 875 4132 Christo
901 4074 1192 4150 praestitae,
1224 4081 1283 4132 et
1308 4072 1704 4147 Sanctificatio,
1736 4092 1865 4150 quoe
1885 4071 2075 4130 labem
2106 4079 2165 4129 et
2191 4068 2475 4127 maculam
2502 4067 2565 4125 in
2590 4086 2693 4127 no·

287 4148 382 4209 bis
407 4160 683 4229 purgaret
707 4172 812 4230 per
838 4152 1150 4211 efficaciam
1183 4152 1224 4211 S
1267 4152 1450 4224 iritus,
1480 4151 1582 4228 qui
1609 4152 1925 4229 saepissime
1952 4149 2062 4209 sub
2082 4148 2314 4208 nomine
2342 4166 2507 4223 aquae
2536 4147 2697 4207 venit

286 4228 696 4310 in2Scriptura:
717 4231 800 4289 ita
814 4232 962 4290 bene
983 4231 1195 4291 dicitur
1253 4231 1472 4290 hristus
1491 4231 1723 4291 venisse
1738 4250 1842 4307 per
1851 4229 2085 4307 Aquam
2097 4236 2156 4287 et
2171 4226 2543 4305 Sanguinem,
2561 4226 2698 4304 quia

287 4308 506 4387 duplex
524 4310 869 4370 beneficium
887 4312 1058 4369 nobis
1075 4310 1270 4370 attulit
1289 4310 1544 4369 adventu
1566 4330 1698 4385 suo;
1719 4310 1763 4370 J
1765 4308 2204 4369 ustificationem
2224 4307 2285 4364 in
2300 4306 2613 4383 Sanguine,
2638 4315 2699 4367 et

290 4389 816 4450 Sanctificationem
839 4390 898 4446 in
923 4390 1114 4466 Aqua,
1134 4389 1272 4448 dum
1289 4388 1475 4447 factus
1497 4398 1587 4448 est
1605 4389 1775 4448 nobis
1796 4397 1857 4447 et
1883 4387 2129 4448 ,Iustitia
2145 4394 2203 4445 et
2224 4386 2631 4462 Sanctificatio,
2662 4390 2691 4448 1

285 4468 416 4528 Cor.
447 4470 484 4529 i.
504 4472 602 4530 30.
688 4469 868 4529 Venit
883 4488 1024 4547 ergo
1041 4469 1102 4527 in
1124 4468 1404 4546 sanguiue
1421 4468 1785 4545 expiationis,
1806 4467 1867 4525 in
1888 4486 2039 4547 aqua
2060 4466 2443 4544 purgationis3
2488 4466 2547 4525 in
2565 4487 2693 4526 san-

282 4549 477 4625 guine,
502 4550 604 4627 qui
629 4550 838 4610 liberet
891 4570 926 4607 a
951 4557 1130 4625 reatu,
1179 4550 1240 4607 in
1267 4566 1436 4626 aqua,
1469 4567 1598 4625 qum
1616 4555 1827 4627 purget
1842 4568 1877 4607 a
1896 4546 2189 4622 sordibus3
2218 4547 2278 4605 in
2298 4547 2577 4624 sanguine
2596 4550 2695 4626 qui

275 4628 718 4709 redimatffpretio
731 4630 958 4689 infinito
967 4630 1228 4707 justitiae,
1253 4630 1314 4687 in
1335 4646 1504 4706 aqua,
1528 4649 1657 4707 quse
1676 4628 1997 4688 sanctificet
2023 4648 2123 4705 per
2144 4626 2453 4687 efficaciam
2473 4628 2693 4705 gratiss.
