3234 5192
1008 1097 1551 1174 DISPUTATIO
1637 1097 2230 1190 THEOLOGICA‚

1235 1398 1387 1488 DE
1492 1398 1974 1516 MANNQ

1354 1657 1447 1716 Ex
1484 1661 1508 1715 1
1546 1659 1688 1716 Cos.
1719 1677 1777 1716 x.
1803 1661 1859 1718 3.

582 2087 974 2162 Respondente
1018 2085 1223 2142 Perno
1267 2085 1611 2145 FnAxcrsco
1655 2087 1950 2146 Omvmuo
1991 2085 2620 2144 Helvetio-Sarratensi.

481 2242 535 2300 Ι.
580 2249 614 2277 “
640 2241 793 2302 Cum
822 2261 1195 2319 quaecunque
1216 2251 1355 2303 ante
1382 2245 1600 2322 scripta
1620 2253 1778 2316 sunt,
1802 2248 1879 2304 ad
1899 2253 2164 2304 nostram
2183 2243 2615 2302 institutionem
2633 2243 2812 2319 scrip-

399 2327 464 2378 ta
479 2321 613 2391 sint,
634 2328 704 2380 ut
718 2339 824 2396 per
838 2321 1187 2398 patientiam
1202 2316 1265 2381 fit
1280 2325 1744 2383 consolationem
1765 2325 2208 2400 Scripturarum
2236 2341 2400 2397 spem
2427 2323 2812 2392 habeamus,’'

400 2405 470 2456 ut
496 2399 737 2458 divinus
762 2401 1035 2476 gentium
1061 2402 1272 2460 doctor
1298 2412 1496 2461 sancte
1540 2411 1762 2476 monet,
1813 2403 1989 2462 Rom.
2020 2422 2116 2460 xv.
2145 2405 2204 2473 4,
2252 2402 2407 2459 nihil
2453 2402 2656 2459 studio
2701 2419 2812 2458 suo

400 2478 643 2553 dignius
658 2497 800 2551 esse,
826 2480 977 2536 nihil
1006 2481 1083 2538 ad
1112 2482 1367 2540 salutem
1394 2483 1666 2540 fidelium
1695 2481 2128 2541 conducibilius
2152 2480 2476 2555 Scriptores
2501 2481 2814 2540 &dmm-ru

400 2555 565 2616 Novi
582 2558 945 2618 Testamenti
964 2559 1399 2631 existimarunt,
1424 2579 1607 2636 quam
1626 2562 1674 2618 si
1691 2561 1878 2619 instar
1897 2562 2230 2635 peritorum
2253 2559 2610 2631 Scribarum,
2639 2563 2814 2618 edoc-

398 2641 600 2694 torum
626 2637 688 2694 in
716 2656 905 2712 regno
934 2639 1238 2708 coelorum,
1278 2641 1646 2698 “educerent
1688 2658 1763 2696 ex
1811 2639 2116 2696 Thesauro
2145 2655 2256 2693 suo
2282 2644 2485 2694 vetera
2511 2645 2572 2695 et
2597 2641 2815 2708 nova‚’'

400 2711 622 2773 Matth.
652 2717 775 2775 xiii.
807 2717 903 2788 52,
933 2722 1003 2774 ut
1033 2715 1227 2774 Vetus
1256 2718 1705 2775 Testamentum
1735 2717 1986 2774 subinde
2035 2733 2170 2772 cum
2202 2714 2401 2784 Novo,
2450 2724 2628 2789 typos
2676 2735 2815 2773 cum

398 2794 669 2865 veritam,
700 2802 761 2852 et
788 2795 1035 2853 oracula
1058 2813 1197 2852 cum
1223 2797 1660 2869 complemento
1685 2795 2072 2862 conferenteS,
2100 2792 2413 2865 utriusque
2441 2793 2815 2850 divinitatem

396 2871 614 2929 fortius
640 2880 941 2942 asserent3
984 2878 1045 2928 et
1072 2873 1152 2930 ad
1183 2871 1507 2929 Ecclesiam
1550 2870 1938 2928 Israeliticam
1985 2887 2140 2942 soepe
2189 2869 2396 2925 oculos
2441 2871 2816 2940 reflectendO,

401 2956 463 3004 et
489 2951 765 3024 exempla
790 2949 1109 3026 praeterita,
1138 2967 1277 3006 cum
1324 2949 1628 3023 promissis
1674 2955 1736 3004 et
1779 2947 1956 3003 minis
1985 2945 2260 3003 Patribus
2285 2945 2456 3002 factis
2482 2947 2816 3019 recolenda,

400 3026 464 3082 in
492 3027 616 3098 illa,
645 3035 937 3102 tanquam
962 3027 1027 3083 in
1056 3027 1316 3100 speculo,
1350 3025 1702 3085 Christianae
1729 3025 2054 3098 imaginem
2081 3021 2254 3079 nobis
2296 3023 2661 3095 exhiberent,
2692 3025 2818 3082 sive

402 3106 605 3178 quoad
634 3105 764 3175 Dei,
796 3103 1067 3180 beneficia
1092 3114 1147 3160 et
1194 3105 1374 3180 officia
1394 3114 1615 3174 nostra,
1663 3103 1785 3160 sive
1813 3103 2011 3178 quoad
2032 3100 2302 3178 praemia,
2331 3109 2392 3158 et
2411 3122 2620 3178 poenas
2646 3103 2820 3161 bonis

400 3190 461 3240 et
486 3183 660 3242 malis
686 3182 989 3258 repositas.

484 3261 577 3320 II.
624 3262 760 3321 Hoc
786 3279 931 3320 vero
961 3260 1191 3319 Paulus
1218 3261 1343 3336 ipse
1370 3280 1495 3336 prae
1522 3261 1750 3319 caeteris
1775 3279 1898 3318 non
1925 3263 2110 3320 semel
2135 3259 2474 3337 praestitisse
2500 3262 2724 3338 legitur
2741 3264 2818 3321 ad

401 3342 671 3399 fidelium
717 3339 1157 3399 institutionem
1199 3340 1263 3397 in
1310 3339 1596 3415 Epistolis
1645 3341 1767 3398 suis
1791 3363 1804 3410 ;
1849 3342 1951 3398 sed
1979 3341 2276 3417 praecipue
2324 3339 2385 3396 id
2414 3349 2700 3400 executus
2729 3349 2823 3401 est

402 3420 575 3478 initio
604 3420 811 3496 capitis
839 3418 1052 3476 decimi
1080 3417 1287 3492 primae
1314 3421 1393 3477 ad
1416 3489 1421 3496 ⁵
1444 3417 1804 3490 Corinthios,
1849 3419 1954 3477 ubi
1998 3426 2354 3478 avocatums
2379 3419 2540 3496 ipsos
2577 3438 2614 3477 a
2638 3421 2822 3479 variis

402 3499 657 3574 peccatis
685 3498 987 3572 gravibuS,
1027 3497 1247 3572 quibus
1272 3497 1750 3572 implicabantur,
1781 3498 2038 3555 maxime
2080 3498 2144 3555 in
2185 3498 2665 3573 idolothytorum
2692 3518 2818 3570 esu,

404 3577 483 3634 ad
499 3577 709 3651 populi
740 3575 1050 3633 Israfflitici
1077 3576 1141 3633 in
1168 3577 1399 3634 deserto
1418 3576 1850 3652 peregrinantis
1873 3575 2408 3635 considerationem
2430 3595 2529 3635 eos
2555 3585 2815 3649 revocat,

404 3661 467 3712 et
492 3655 831 3712 recensione
856 3654 1017 3712 facta
1043 3655 1348 3712 variorum
1375 3655 1519 3730 ipsis
1544 3656 1908 3713 collatorum
1933 3656 2253 3724 bonorum,
2301 3673 2426 3711 non
2455 3655 2822 3712 absimilium

404 3732 631 3806 gratiis,
662 3734 881 3808 quibus
906 3733 1325 3808 gloriabantur
1355 3733 1698 3804 Christiani,
1727 3740 1860 3792 tum
1905 3741 2284 3809 peccatorum
2327 3734 2404 3790 ab
2430 3733 2574 3807 ipsis
2604 3733 2824 3806 admis-

408 3829 631 3881 sorum,
660 3819 721 3868 et
747 3831 1057 3887 poenarum
1084 3821 1402 3888 propterea
1426 3812 1567 3888 ipsis
1594 3832 1636 3871 a
1660 3813 1792 3871 Deo
1819 3812 2198 3881 inflictarum,
2244 3829 2344 3868 eos
2373 3810 2525 3868 serio
2553 3829 2590 3869 a
2617 3810 2824 3869 simili-

408 3890 523 3946 bus
548 3891 801 3965 peccatis
829 3892 1198 3963 dehortatur,
1226 3911 1305 3949 ne
1331 3892 1393 3948 in
1417 3891 1643 3949 similes
1667 3908 1872 3966 peenas
1897 3890 2181 3949 incidant.
2267 3889 2406 3946 Tria
2422 3905 2564 3946 vero
2591 3889 2824 3965 potissi-

405 3986 573 4024 mum
603 3968 863 4044 insignia
887 3988 1011 4044 prae
1039 3970 1263 4028 caeteris
1292 3970 1407 4027 Dei
1448 3971 1732 4028 beneficia
1779 3975 2220 4039 commemorat,
2265 3985 2400 4043 quae
2429 3976 2825 4025 sacramento-

407 4065 543 4104 rum
571 4047 1177 4106 extraordinariorum
1216 4048 1359 4124 ipsis
1383 4049 1515 4106 loco
1561 4049 1829 4118 fuerunt,
1877 4054 1912 4081 “
1933 4047 2294 4121 baptismum
2337 4045 2514 4102 nubis
2541 4052 2603 4103 et
2627 4046 2824 4117 maris,

405 4125 607 4184 cibum
624 4127 993 4201 spiritualem
1018 4145 1121 4184 seu
1148 4145 1393 4196 manna,
1413 4134 1473 4184 et
1500 4145 1720 4202 aquam
1749 4145 1824 4185 ex
1853 4126 2079 4200 ραι-Μ’
2107 4141 2369 4199 quorum
2395 4124 2563 4197 prius
2591 4123 2827 4198 Baptis-

407 4223 507 4270 mo
537 4211 761 4278 nostro,
792 4207 914 4263 duo
950 4205 1279 4280 posteriora
1324 4205 1696 4264 eucharistiae
1748 4202 2224 4264 Christianorum
2267 4200 2534 4277 apprime
2587 4220 2830 4276 respon-

406 4284 569 4341 dent.
659 4283 741 4342 Et
766 4287 841 4342 de
868 4284 978 4342 illo
1010 4285 1255 4359 quidem
1288 4285 1650 4360 praecedenti
1699 4280 2118 4358 Disputatione
2158 4280 2288 4353 jam
2335 4285 2538 4336 actum
2565 4287 2691 4351 est;
2735 4280 2828 4339 De

406 4363 645 4420 duobus
667 4363 947 4437 aliisjam
966 4391 1053 4423 σω
1072 4368 1189 4440 Θεᾷ·
1215 4365 1519 4438 agendum
1533 4368 1642 4433 est,
1671 4369 1732 4418 et
1745 4361 1939 4436 primo
1967 4359 2043 4416 de
2071 4357 2320 4431 Manna,
2339 4358 2505 4432 quod
2533 4359 2611 4417 ab
2634 4359 2832 4434 Apos-

405 4441 531 4498 toio
558 4442 744 4518 priori
769 4443 903 4500 loco
930 4451 1284 4501 recensetur.

488 4519 620 4578 ΙΙΙ.
668 4520 875 4578 Verba
914 4521 1047 4596 ejus
1088 4525 1297 4578 extant
1333 4537 1455 4576 ver.
1500 4519 1556 4590 3,
1598 4537 1724 4594 cap.
1768 4537 1828 4594 x,
1879 4521 1985 4576 Ka)
2012 4517 2188 4583 πείνης
2227 4520 2348 4577 αὐτὶ
2377 4523 2433 4576 τὶ
2461 4521 2648 4600 βςῢμα
2687 4543 2828 4578 πνευ-

404 4605 617 4674 ματικὸν
688 4597 890 4674 {pay-v,
970 4607 1031 4657 et
1104 4617 1297 4657 omnes
1371 4597 1615 4656 eundem
1684 4599 1868 4656 cibum
1945 4593 2310 4674 spiritualem
2379 4600 2834 4656 manducarunt.

412 4678 642 4754 Scopus
674 4679 978 4755 Apostoli,
1008 4685 1081 4736 ut
1098 4678 1229 4752 jam
1278 4677 1669 4749 insinuatum,
1718 4683 1808 4736 est
1850 4684 2114 4736 avertere
2145 4677 2483 4736 Corinthios
2512 4695 2549 4734 a
2573 4676 2839 4753 profanis
