3234 5192
582 332 699 389 678
1114 346 1192 385 ns
1224 346 1715 387 ssrlsracnoms
1743 344 1985 387 emusn
2019 344 2444 387 rsarscrxoxs.
2547 334 2807 406 [οιεΡυτ.
2839 350 2990 393 xxn.

589 487 753 546 omni
771 496 1027 563 peccate,
1050 488 1262 547 sedita
1282 498 1352 546 ut
1368 496 1403 523 “
1415 489 1896 547 communionem
1913 506 2048 546 cum
2069 488 2198 563 ipso
2217 488 2598 560 habeamus,''
2617 508 2736 547 ver.
2753 492 2812 562 7,
2842 491 2885 549 J
2887 512 2989 550 am

588 567 931 625 communio
960 568 1075 625 ista
1100 568 1309 625 haberi
1335 586 1457 625 non
1486 576 1684 644 posset
1711 568 1826 625 nisi
1851 568 2086 625 sublata
2114 569 2276 624 omni
2301 569 2478 642 eulpa
2503 576 2562 624 et
2587 588 2778 643 poena.

670 645 813 703 XX.
862 646 1091 704 Eodem
1115 646 1297 704 ctiam
1324 648 1579 722 pertinet
1604 648 1768 721 quod
1798 645 2045 716 Paulus,
2071 646 2247 702 Rom.
2271 646 2394 702 viii.
2423 647 2474 719 1,
2504 646 2646 704 dicit
2690 654 2726 681 “
2753 648 2986 709 nullam

588 724 851 800 amplius
878 743 1001 781 esse
1028 727 1584 783 condemnationem
1611 726 1684 782 iis
1712 726 1818 800 qui
1845 732 1986 781 sunt
2011 724 2074 779 in
2107 723 2400 795 Christo,”
2429 732 2490 783 et
2513 744 2634 783 ver.
2663 726 2758 797 34,
2801 728 2991 784 nemi-

588 820 727 859 nem
772 821 1045 860 accusare
1088 804 1185 860 vel
1228 805 1624 861 condemnare
1660 822 1831 879 posse
1859 803 2076 860 electos
2105 802 2220 859 Dei
2247 804 2390 877 quia
2417 803 2690 862 Christus
2715 813 2990 863 mortuus

586 888 695 951 est,
736 884 838 937 &a
916 882 1099 949 Quod
1141 882 1476 939 luculenter
1518 883 1690 940 docet
1726 882 2031 941 Christum
2071 881 2314 955 plenam
2341 882 2610 939 omnium
2643 892 2986 941 nostrorum

588 966 969 1033 peccatorum
998 960 1397 1035 expiationem
1424 960 1648 1019 fecisse.
1709 962 1883 1018 Alias
1911 960 1964 1017 si
1989 977 2167 1035 poena
2193 961 2392 1017 adhuc
2417 963 2696 1035 quaedam
2721 980 2990 1039 superes-

588 1046 681 1095 set
720 1037 984 1108 ferenda,
1014 1040 1261 1095 daretur
1288 1057 1518 1114 semper
1544 1040 1750 1114 aliqua
1775 1038 2290 1096 condemnationis
2317 1039 2488 1109 ratic,
2527 1042 2693 1114 quod
2721 1058 2991 1116 expresse

588 1122 771 1190 negat
798 1115 1041 1175 Paulus.
1106 1116 1249 1175 Non
1277 1116 1423 1175 dicit
1450 1119 1695 1193 quidem
1723 1117 1868 1174 nihil
1903 1137 2020 1175 esse
2047 1118 2518 1175 condemnatione
2545 1119 2790 1195 diynum
2825 1119 2886 1175 in
2921 1119 2992 1176 fi-

588 1195 822 1253 delibus
845 1216 860 1266 ;
902 1215 1042 1253 nam
1070 1196 1338 1271 quandiu
1368 1205 1571 1255 manet
1608 1198 1671 1253 in
1713 1197 1886 1255 nobis
1911 1214 2049 1255 caro
2077 1204 2138 1253 et
2163 1204 2488 1271 peccatum,
2531 1196 2759 1275 (manet
2785 1205 2986 1256 autem

589 1291 821 1349 semper
838 1275 1109 1349 quandiu
1130 1276 1191 1331 iu
1213 1276 1385 1332 terris
1402 1275 1753 1355 versamur,)
1777 1282 1978 1335 manet
2003 1276 2184 1333 etiam
2211 1283 2410 1333 reatus
2438 1282 2498 1332 et
2524 1276 2990 1333 condemnabili-

588 1358 681 1409 tas
709 1372 891 1428 quam
918 1362 1225 1428 peccatum
1245 1361 1380 1429 post
1401 1374 1461 1412 se
1482 1356 1806 1412 necessario
1828 1354 2030 1425 trahit,
2051 1353 2270 1413 scilicet
2293 1354 2574 1411 meritum
2599 1354 2988 1411 intrinsecum

587 1431 800 1505 culpae,
820 1433 982 1506 quod
1006 1439 1213 1489 contra
1232 1434 1625 1491 Adversarios
1646 1432 2063 1508 perfectionem
2086 1440 2426 1490 sanctorum
2452 1440 2514 1490 et
2538 1432 2988 1507 impeccantiam

586 1517 911 1567 asserentes
938 1518 1275 1567 constanter
1300 1512 1693 1569 defendimus.
1759 1511 1875 1569 Sed
1903 1511 2048 1567 dicit
2073 1518 2310 1567 tantum
2331 1510 2554 1567 nullam
2581 1530 2700 1567 esse
2725 1513 2988 1568 condem-

584 1586 894 1656 nationem,
926 1589 1069 1661 quia
1085 1590 1223 1645 licet
1240 1600 1439 1646 reatus
1458 1587 1812 1665 potentialis,
1835 1590 1915 1645 id.
1939 1589 2218 1644 meritum
2247 1588 2300 1659 ej
2309 1606 2378 1643 us
2405 1588 2725 1657 internum,
2754 1606 2988 1663 semper

584 1671 872 1736 sequatur
896 1673 1223 1738 peecatum,
1268 1667 1501 1723 tollitur
1526 1674 1724 1723 tamen
1755 1678 1954 1723 reatus
1981 1664 2226 1721 actualis
2267 1682 2373 1719 seu
2413 1663 2698 1737 obligatio
2741 1667 2819 1721 ad
2863 1686 2990 1739 poe-

582 1758 744 1809 nam,
790 1748 851 1797 et
894 1742 1291 1799 condemnatio
1334 1762 1469 1817 quae
1510 1762 1644 1800 eam
1687 1743 1972 1816 sequitur,
2017 1742 2164 1816 quia
2191 1741 2461 1798 Christus
2502 1740 2986 1799 maledictionem

584 1817 764 1892 Legis
792 1837 898 1893 pro
920 1818 1093 1876 nobis
1118 1818 1363 1877 ferendo
1390 1840 1523 1878 eam
1552 1838 1790 1877 omnem
1818 1839 1856 1878 a
1881 1819 2055 1877 nobis
2082 1818 2348 1888 abstulit,
2377 1826 2448 1876 ut
2465 1820 2594 1893 jam
2619 1836 2824 1876 secure
2851 1820 2986 1894 glo-

580 1896 726 1953 riari
753 1896 928 1955 liceat
954 1898 1017 1954 in
1048 1897 1329 1968 Domin0‚
1375 1913 1435 1957 et
1462 1899 1734 1955 hostibus
1763 1899 1976 1957 nostris
2002 1899 2350 1955 insultando
2377 1898 2570 1955 dicere
2597 1914 2735 1955 cum
2765 1896 2983 1969 Paule,

584 1974 761 2033 Rom.
790 1976 911 2033 viii.
944 1976 1038 2046 32,
1064 1980 1185 2051 δια,
1218 1984 1252 2011 “
1280 1976 1403 2045 Qui
1430 1977 1670 2054 proprio
1697 1978 1821 2035 filio
1859 1996 1978 2035 non
2019 1976 2296 2053 pepercit,
2327 1978 2430 2034 sed
2455 1994 2565 2051 pro
2592 1976 2766 2034 nobis
2793 1978 2988 2034 omni-

584 2054 697 2113 bus
717 2073 857 2112 eum
883 2056 1149 2127 tradidit,
1180 2060 1485 2133 quomodo
1513 2057 1716 2115 omnia
1743 2075 1860 2114 non
1891 2055 2319 2131 gratificabitur
2345 2074 2484 2113 cum
2509 2055 2638 2132 ipso
2653 2058 2683 2114 ⁴?
2721 2055 2875 2123 Quis
2895 2056 2987 2112 in-

584 2134 840 2192 tentabit
882 2134 1133 2193 crimina
1175 2138 1461 2195 adversus
1503 2138 1720 2195 electos
1753 2136 1914 2195 Dei?
1971 2136 2135 2194 Deus
2169 2142 2260 2193 est
2300 2134 2409 2210 qui
2443 2134 2751 2209 justificat.
2831 2133 2985 2201 Quis

582 2212 1047 2272 condemnabit?
1092 2214 1361 2273 Christus
1389 2223 1477 2273 est
1503 2217 1838 2287 mortuus,'’
1859 2218 1961 2273 διο.
2013 2216 2132 2273 Sed
2161 2232 2267 2271 cur
2293 2232 2434 2288 ergo
2461 2221 2587 2271 tam
2613 2215 2808 2271 multa
2833 2212 2986 2288 pati-

582 2310 722 2348 mur
748 2290 927 2348 etiam
954 2299 1092 2365 post
1110 2294 1613 2366 justificationem,
1645 2294 1866 2368 regerit
1893 2293 2175 2350 Bellarm.
2233 2292 2432 2367 Resp„
2457 2290 2600 2349 Non
2627 2292 2891 2367 patimur
2917 2297 2988 2347 ut

586 2368 717 2425 Deo
744 2368 1190 2437 satisfaciamus,
1240 2372 1341 2427 sed
1384 2378 1454 2428 ut
1492 2373 1672 2429 fidem
1699 2379 1760 2429 et
1787 2371 2183 2429 constantiam
2211 2377 2472 2439 nostram
2503 2378 2780 2428 testatam
2803 2368 2986 2427 facia-

585 2464 736 2515 mus,
774 2462 893 2501 non
924 2448 999 2501 ad
1028 2446 1402 2519 punitionem
1421 2448 1792 2521 judicialem,
1824 2448 1925 2504 sed
1953 2450 2030 2503 ad
2053 2448 2474 2504 correctionem
2501 2456 2831 2521 paternam,
2859 2465 2981 2503 non

580 2524 659 2579 ad
679 2522 1168 2596 justificationem
1196 2527 1691 2599 consequendam,
1715 2527 1816 2581 sed
1845 2526 1922 2583 ad
1951 2524 2472 2582 sanctificationem
2494 2527 2982 2599 promovendam.

583 2600 757 2659 Alias
794 2600 843 2657 si
882 2600 1069 2675 poenis
1108 2602 1469 2675 quibusdam
1511 2604 1710 2661 adhuc
1741 2603 2231 2677 adjudicarentur
2255 2602 2458 2659 fideles
2485 2620 2608 2659 non
2637 2611 2840 2677 posset
2863 2603 2986 2660 dici

580 2678 804 2736 nullam
830 2697 953 2737 esse
984 2680 1527 2752 condemnationem,
1571 2689 1633 2739 et
1657 2690 1728 2740 ut
1758 2680 1921 2739 V.V.
1952 2682 2148 2738 adhuc
2174 2679 2389 2737 fortius
2415 2680 2628 2750 reddit,
2673 2678 2820 2737 nihil
2851 2700 2984 2737 oon-

580 2756 985 2817 demnationis.
1042 2757 1180 2816 Hoc
1205 2759 1359 2817 vidit
1385 2760 1662 2832 Thomas,
1707 2766 1743 2795 “
1767 2758 1940 2817 Nihil
1967 2758 2427 2828 damnationis,”
2457 2758 2671 2834 inquit,
2721 2766 2756 2792 “
2779 2766 2870 2817 est
2893 2776 2987 2816 re-

582 2836 842 2908 siduum,
888 2838 1032 2913 quia
1076 2844 1136 2894 et
1177 2838 1412 2895 tollitur
1452 2840 1761 2897 damnatio
1789 2844 2082 2915 quantum
2111 2840 2186 2895 ad
2215 2837 2454 2911 culpam
2481 2845 2542 2895 et
2569 2844 2863 2913 quantum
2904 2839 2984 2895 ad

582 2916 879 2991 poenam.”
953 2917 1050 2975 Sic
1080 2916 1367 2987 Salmer0‚
1393 2925 1427 2951 ‘⁸
1452 2919 1712 2976 ostendit
1737 2936 1838 2975 eos
1865 2918 1971 2993 qni
1999 2917 2302 2975 Christum
2344 2923 2661 2987 sectantur,
2707 2917 2784 2974 ab
2821 2916 2988 2973 omni

582 2996 746 3052 malo
788 2996 980 3071 culpae
1020 3002 1081 3052 et
1120 3014 1307 3069 poenae
1350 2996 1634 3054 liberatos
1660 2998 1843 3054 esse.''
1899 2996 2116 3071 Neque
2143 2994 2240 3051 hic
2265 2994 2552 3051 audiendi
2581 3002 2722 3051 sunt
2749 2994 2855 3071 qui
2880 3012 2986 3051 vo-

582 3074 722 3131 lunt
752 3073 1011 3131 Paulum
1053 3091 1175 3129 non
1217 3093 1603 3151 quoscunque
1634 3074 2002 3134 Christianos
2028 3074 2354 3146 designare,
2395 3074 2498 3130 sed
2534 3072 2784 3130 eximios
2809 3090 2988 3147 quos·

582 3152 725 3207 dam
754 3151 971 3223 quibus
998 3151 1279 3209 nimirum
1308 3154 1676 3211 conversatio
1705 3154 1781 3210 sit
1807 3154 2030 3228 absque
2057 3158 2312 3225 peceato,
2343 3150 2488 3227 quia
2511 3152 2782 3225 loquitur
2807 3152 2882 3207 de
2908 3150 2983 3207 iis

584 3227 689 3301 qui
728 3234 763 3261 ‘⁸
788 3246 908 3283 non
938 3230 1261 3286 secundum
1292 3248 1528 3288 carnem
1556 3232 1860 3301 incedunt,
1905 3232 2010 3287 sed
2053 3232 2378 3286 seeundum
2417 3230 2750 3304 spiritum.”
2817 3227 2985 3287 Nam

580 3304 738 3361 falso
767 3312 1115 3379 supponunt
1140 3326 1311 3381 posse
1338 3308 1470 3365 dari
1496 3310 1654 3365 ullos
1675 3308 2045 3366 Christianos
2072 3308 2176 3383 qui
2203 3326 2322 3365 non
2351 3308 2630 3365 incedant
2655 3307 2986 3365 secundum

583 3381 874 3456 spiritum,
902 3382 1005 3439 sed
1034 3386 1363 3441 secundum
1389 3404 1653 3443 carnem:
1694 3386 1784 3443 At
1806 3384 2032 3443 Paulus
2061 3404 2184 3443 non
2203 3392 2448 3443 externa
2473 3386 2852 3462 professione,
2876 3386 2984 3442 sed

582 3460 817 3517 interna
842 3460 1091 3518 veritate
1122 3461 1487 3520 Christianos
1514 3464 1774 3536 metitur,
1805 3464 2040 3521 nullum
2079 3464 2238 3521 enim
2271 3464 2676 3522 Christianum
2716 3462 2984 3539 agnoscit

582 3538 699 3595 nisi
726 3538 829 3613 qui
858 3538 935 3595 sit
962 3538 1026 3595 in
1056 3538 1308 3612 Christo,
1358 3542 1595 3599 nullum
1638 3548 1841 3599 autem
1868 3544 2004 3599 vult
2029 3560 2156 3599 esse
2188 3542 2405 3600 Christi
2433 3544 2550 3600 nisi
2577 3542 2680 3617 qui
2709 3543 2986 3617 spiritum

589 3616 809 3675 Christi
835 3619 1069 3689 habeat,
1098 3638 1217 3677 ver.
1250 3620 1305 3689 9,
1350 3626 1386 3653 “
1410 3619 1476 3679 Si
1516 3621 1654 3696 quis
1695 3640 1818 3678 non
1859 3621 2040 3678 habet
2079 3620 2355 3695 spiritum
2386 3619 2621 3691 Christi,
2654 3620 2718 3678 Is
2743 3639 2866 3677 non
2893 3626 2986 3678 est

588 3696 775 3769 ejus.”
808 3696 970 3771 Ergo
993 3698 1155 3771 quod
1178 3698 1349 3757 addit
1372 3699 1603 3772 Apost.,
1629 3706 1664 3733 “
1683 3700 1789 3774 qui
1805 3718 1924 3757 non
1949 3700 2235 3757 incedunt
2255 3701 2582 3755 secundum
2605 3716 2861 3768 carnem,
2881 3699 2984 3756 sed

588 3776 912 3832 secundum
943 3775 1273 3851 spiritum,”
1303 3796 1423 3834 non
1456 3786 1544 3835 est
1570 3778 1860 3836 restrictio
1882 3795 2088 3835 eorum
2111 3778 2214 3852 qui
2233 3777 2450 3834 suntin
2476 3777 2732 3848 Christ0,
2753 3779 2857 3835 sed
2887 3778 2985 3849 ὶξέ·

586 3880 728 3926 qum
772 3854 895 3911 sive
942 3853 1254 3928 descriptio
1298 3874 1576 3913 verorum
1625 3856 2116 3927 Christianorum,
2169 3854 2258 3913 Ut
2301 3874 2474 3913 nemo
2517 3858 2704 3931 possit
2746 3874 2874 3914 esse
2919 3858 2982 3914 in

590 3934 825 3991 Clu-isto
854 3933 959 4007 qui
988 3950 1109 3990 non
1138 3934 1405 3992 ambulet
1433 3937 1761 3993 secundum
1789 3934 2080 4010 spiritum,
2111 3940 2173 3991 et
2199 3952 2321 3990 non
2351 3936 2679 3992 secundum
2725 3952 2984 3993 carnem.

591 4013 729 4079 Quo
774 4011 1028 4085 pertinet
1072 4012 1228 4067 illud
1259 4014 1666 4087 Athenagorae
1694 4014 1754 4070 in
1789 4014 2108 4089 Apologia,
2140 4011 2284 4078 οὐδεὶς
2319 4018 2597 4094 maces-235
2639 4020 2834 4095 ποιηςὶς
2877 4018 2986 4090 εἰμὶ

589 4092 893 4173 &melmae
928 4095 1007 4147 τὶν
1046 4089 1226 4162 λέγοιτ
1273 4097 1309 4125 “
1332 4090 1529 4148 Nemo
1560 4090 1931 4149 Christianus
1975 4110 2251 4165 nequam,
2295 4094 2411 4151 nisi
2453 4094 2874 4169 professionem
2909 4096 2992 4150 si-

585 4172 777 4228 mulet
796 4174 843 4227 :”
874 4169 967 4227 De
994 4170 1126 4227 aliis
1153 4188 1293 4227 vero
1321 4170 1423 4246 qui
1450 4178 1670 4244 praeter
1695 4188 1915 4227 nomen
1945 4169 2406 4230 Christianitatis
2431 4172 2582 4228 nihil
2605 4172 2834 4231 obtinet
2861 4190 2983 4230 non

587 4251 808 4323 agitur,
838 4267 946 4307 nec
972 4249 1257 4307 debemus
1285 4267 1413 4306 esse
1442 4249 1703 4306 solliciti.

668 4327 850 4385 XXI.
896 4327 1099 4403 Hujus
1142 4334 1343 4385 autem
1386 4326 1658 4403 perfectae
1703 4326 2057 4403 expiationis
2097 4330 2501 4387 memorabilis
2541 4330 2786 4388 extabat
2811 4336 2994 4404 typus

584 4402 647 4459 in
680 4404 987 4463 Sacrificiis
1031 4407 1314 4465 hilasticis
1356 4424 1491 4481 quae
1510 4426 1558 4464 -a
1584 4409 1718 4482 lege
1746 4407 2316 4482 praescfibebantur3
2361 4408 2526 4466 Nam
2555 4408 2854 4465 Dominus
2883 4408 2994 4481 qui

584 4484 955 4540 exactissime
984 4504 1189 4543 omnes
1216 4484 1496 4559 expiandi
1531 4485 1686 4543 ritus
1729 4504 1836 4560 per
1861 4484 2096 4544 Mosem
2119 4486 2453 4561 exequitur,
2485 4486 2762 4561 nuspiam
2787 4494 2996 4543 tamen

584 4558 739 4617 hanc
766 4566 875 4616 aut
900 4560 1067 4619 illam
1098 4562 1505 4621 satisfaciendi
1548 4564 1840 4621 rationem
1869 4565 2193 4636 constituit,
2235 4566 2336 4621 sed
2381 4572 2570 4623 totam
2599 4566 2662 4621 in
2691 4564 2997 4623 sacrificiis

584 4637 1121 4711 compensationem
1150 4640 1415 4714 requirit.
1514 4641 1637 4708 Qui
1665 4644 1732 4699 fit
1758 4650 1961 4699 autem
2001 4650 2070 4699 ut
2095 4644 2279 4700 nullis
2307 4662 2550 4718 prorsus
2577 4644 2854 4719 operibus
2885 4644 2994 4699 ad-

580 4716 759 4774 missa
780 4714 995 4772 delicta
1022 4734 1337 4789 procurare
1370 4717 1600 4789 jubeat,
1633 4720 1732 4775 sed
1776 4720 1906 4775 sola
1945 4720 2003 4775 in
2045 4720 2445 4793 expiationem
2477 4722 2763 4779 sacrificia
2789 4718 2994 4795 requi-
