3234 5192
785 888 1420 973 DISPUTATIO
1488 893 2167 993 THEOLOGIGA‚

332 1184 471 1292 DE
584 1182 1439 1278 SATISFACTIONIS
1552 1184 1984 1280 CHRISTI
2092 1187 2634 1309 VERITATE,

1110 1494 1331 1567 PARS
1403 1496 1822 1567 SECUNDA.

1290 1726 1664 1736 -.————

696 1902 1091 1978 Respondente
1114 1898 1157 1958 J
1162 1916 1419 1959 cuntur.
1449 1900 1545 1959 Du
1573 1901 1885 1977 Touana,
1921 1900 2242 1962 Genevemi.

344 2060 399 2120 Ι.
428 2060 573 2119 Tres
600 2060 881 2119 hactenus
908 2058 1229 2137 praecipuas
1258 2066 1730 2135 argumentorum
1752 2062 1954 2118 classes
1980 2059 2362 2137 produximus
2390 2068 2450 2121 et
2475 2062 2671 2122 vindi-

260 2141 521 2200 cavimus
566 2140 777 2217 quibus
802 2138 1197 2213 wnbsdctiomis
1240 2140 1448 2197 veritas
1473 2137 1882 2197 ‘demonstrari
1908 2147 2116 2217 potest,
2150 2140 2224 2199 ab
2246 2141 2422 2213 officio
2451 2142 2673 2203 scilicet

262 2220 480 2279 Christi
505 2220 855 2294 mediator-1⁸0,
908 2217 1255 2296 geminoque
1309 2217 1439 2294 ejus
1466 2216 1676 2277 effectu
1723 2219 2102 2294 redemptione
2129 2229 2182 2278 et
2205 2222 2670 2283 reconciliatione.

266 2300 495 2367 Quarta
512 2300 639 2376 jam
667 2297 926 2358 succedit
946 2318 1016 2359 ea
1041 2297 1171 2357 loca
1196 2298 1587 2377 complectens
1613 2319 1744 2377 quae
1761 2298 2096 2376 passionum
2123 2301 2439 2379 mortisque
2468 2322 2673 2363 causas

258 2380 343 2439 ita
368 2387 672 2439 recensent
713 2386 781 2438 ut
806 2378 905 2438 vel
948 2398 1222 2457 expresse
1249 2379 1347 2437 vel
1384 2398 1488 2457 per
1514 2379 1898 2439 necessariam
1926 2382 2398 2459 consequentiam
2426 2383 2671 2443 eandem

257 2460 581 2520 doctrinam
628 2478 825 2520 secum
870 2460 1119 2520 trahant.
1186 2460 1337 2536 Quia
1378 2480 1519 2519 vero
1564 2466 1624 2519 et
1666 2480 1906 2521 numero
1955 2470 2091 2521 sunt
2139 2463 2578 2542 quamplurima,
2611 2472 2670 2524 et

252 2540 507 2618 pondere
554 2560 623 2600 ac
670 2549 961 2601 momento
1010 2540 1371 2619 gravissima,
1402 2549 1469 2600 ut
1515 2539 1742 2600 facilius
1769 2541 2130 2619 singulorum
2157 2543 2250 2602 vis
2277 2552 2338 2602 et
2363 2542 2540 2603 robur
2567 2562 2668 2602 ex-

253 2621 431 2698 pendi
458 2628 649 2699 queat,
682 2612 751 2680 ea
796 2622 861 2681 in
908 2630 1026 2681 tres
1054 2620 1287 2681 ordines
1313 2620 1654 2681 tribuemus.
1740 2620 1814 2679 In
1839 2622 2027 2699 primo
2055 2642 2124 2681 ea
2151 2622 2512 2683 excutiemus
2539 2624 2670 2683 loca

254 2720 385 2778 quae
424 2702 857 2761 substitutionem
886 2721 1153 2778 personae
1178 2702 1451 2775 inferunt,
1491 2701 1553 2758 in
1608 2701 1790 2761 altero
1817 2720 1948 2778 ques
1993 2703 2474 2762 commutationem
2501 2706 2672 2763 debiti

250 2790 471 2858 notant,
503 2782 565 2839 in
592 2782 763 2841 tertio
792 2781 1041 2859 denique
1058 2801 1191 2858 quse
1209 2790 1539 2857 etpersonae
1563 2781 2029 2857 subroqationem,
2061 2788 2121 2839 et
2148 2782 2318 2839 debiti
2341 2801 2662 2859 compensa-

254 2862 455 2920 tionem
483 2860 798 2919 clarissime
828 2862 1122 2920 evincunt.

335 2940 421 2999 ΙΙ.
467 2940 545 2999 Et
593 2939 670 2998 ad
704 2940 863 3016 prius
910 2939 1060 2998 illud
1088 2937 1245 3016 quod
1273 2938 1495 3013 attinet,
1540 2956 1658 2996 non
1679 2938 1922 2998 obscure
1951 2938 2246 3015 colligitur
2272 2958 2348 2997 ex
2377 2940 2664 3000 constanti

256 3019 569 3096 Scripturas
598 3018 883 3078 sententia
902 3038 1033 3097 quae
1057 3017 1349 3077 Christum
1379 3020 1499 3098 mg
1527 3018 1657 3092 ⁸3³3·
1684 3026 1974 3078 mortuum
2002 3037 2130 3077 esse
2157 3038 2274 3077 non
2301 3020 2480 3079 semel
2507 3039 2664 3080 asse-

248 3098 327 3157 rit
352 3121 365 3158 :
400 3098 497 3158 Sic
528 3098 696 3157 Rom.
714 3098 837 3156 viii.
861 3101 959 3168 32,
1005 3098 1227 3157 “Deus
1253 3098 1485 3175 proprio
1512 3096 1635 3157 filio
1655 3117 1772 3157 non
1799 3098 2056 3175 pepercit
2082 3097 2187 3158 sed
2210 3118 2316 3178 pro
2343 3100 2514 3160 nobis
2541 3120 2666 3159 om-

251 3179 425 3237 nibus
452 3178 617 3237 illum
639 3177 937 3254 tradidit‚”
958 3178 1126 3238 Rom.
1156 3198 1215 3235 v.
1246 3178 1301 3252 6,
1322 3178 1379 3253 8,
1413 3180 1449 3211 ‘⁶
1469 3197 1575 3256 pro
1602 3178 1772 3237 nobis
1793 3177 1984 3256 impiis
2005 3186 2065 3238 et
2084 3180 2484 3258 peccatoribus
2509 3182 2663 3241 mor-

252 3267 389 3319 tuus
418 3260 561 3331 est,’'
591 3266 650 3319 et
681 3262 712 3318 1
747 3258 873 3318 Pet.
896 3257 977 3317 iii.
1003 3260 1094 3335 18,
1128 3256 1453 3317 “Christus
1482 3258 1664 3317 semel
1688 3277 1793 3336 pro
1820 3260 2072 3337 peccatis
2099 3280 2305 3337 passus
2333 3268 2424 3321 est
2450 3263 2662 3323 Justus

250 3360 357 3418 pro
384 3339 677 3418 injustis‚”
700 3340 856 3400 Heb.
885 3338 945 3398 ii.
978 3340 1034 3415 9,
1080 3339 1244 3417 “pro
1273 3338 1541 3398 omnibus
1568 3348 1812 3399 mortem
1836 3340 2154 3417 gustavit,”
2184 3341 2396 3402 Matth.
2425 3364 2530 3403 xx.
2561 3347 2660 3421 28,

253 3422 291 3454 “
312 3422 499 3480 Filius
527 3419 779 3481 hominis
803 3419 968 3479 venit
986 3425 1054 3478 ut
1078 3418 1430 3479 ministraret
1469 3426 1528 3477 et
1554 3426 1623 3479 ut
1649 3418 1814 3479 daret
1840 3421 2091 3480 animam
2118 3440 2282 3482 suam
2309 3423 2372 3481 in
2399 3424 2661 3502 redemp-

249 3501 427 3561 tionis
454 3502 702 3579 pretium
730 3520 836 3578 pro
862 3499 1123 3559 multis.'’
1207 3499 1355 3559 Haec
1402 3499 1555 3559 enim
1584 3508 1644 3559 et
1687 3500 1802 3559 alia
1827 3501 2128 3561 innumera
2152 3502 2283 3562 loca
2310 3504 2522 3564 similia
2563 3506 2662 3563 vel

250 3600 487 3639 sensum
532 3580 808 3658 fn'gidum
853 3588 913 3640 et
958 3580 1387 3640 incommodum
1414 3579 1682 3657 sundimt,
1713 3582 1809 3640 vel
1854 3581 2324 3661 subrogationem
2351 3584 2661 3661 importare

257 3658 473 3719 debent
508 3660 851 3735 necessarie,
881 3660 965 3719 ita
1006 3670 1072 3721 ut
1098 3680 1215 3721 non
1242 3662 1383 3721 bono
1410 3670 1470 3719 et
1510 3664 1800 3721 commodo
1826 3668 2052 3723 tantum
2079 3672 2296 3741 nostrO,
2327 3664 2432 3723 sed
2459 3671 2520 3723 et
2545 3665 2661 3724 vice

248 3760 320 3799 ac
343 3742 462 3799 loco
482 3748 683 3799 nostro
712 3740 976 3801 Christus
1004 3740 1351 3801 dirissimam
1379 3741 1538 3799 illam
1560 3750 1806 3801 mortem
1833 3738 2092 3803 subierit.
2237 3744 2250 3753 '

332 3819 453 3878 III.
502 3818 843 3897 Quanquam
884 3821 1037 3881 enim
1065 3842 1183 3881 non
1208 3820 1535 3896 diffitemur,
1565 3820 1793 3880 varium
1820 3842 1888 3881 ac
1928 3822 2306 3901 multiplicem
2335 3842 2464 3883 esse
2489 3843 2660 3884 usum

248 3900 675 3977 praepositionis
732 3901 851 3995 ὑπὶς
901 3901 1057 3979 apud
1101 3902 1340 3962 Graecos
1384 3908 1443 3960 et
1475 3921 1593 3977 pro
1643 3902 1798 3979 apud
1827 3902 2086 3977 Latinos,
2117 3922 2358 3981 eamque
2385 3923 2502 3963 non
2530 3924 2662 3965 raro

250 3980 503 4038 fructum
545 3978 722 4057 atque
765 3982 1076 4041 utilitatem
1118 3990 1343 4041 tantum
1388 3982 1473 4041 rei
1500 3988 1601 4041 aut
1627 4001 1889 4059 personae
1915 4002 2046 4061 quse
2074 3992 2435 4060 connotatur,
2465 3984 2660 4062 desig-

224 4080 405 4133 mare,
456 4060 745 4137 quomodo
777 4061 994 4121 Paulus
1042 4061 1141 4137 ait,
1189 4062 1313 4121 Col.
1358 4060 1397 4121 i.
1444 4064 1539 4137 24,
1572 4080 1636 4121 se
1686 4064 1722 4095 “
1743 4061 2018 4140 reliquias
2044 4061 2416 4123 afflictionum
2446 4065 2662 4125 Christi

246 4160 355 4218 pro
379 4140 644 4199 Ecclesia
670 4140 1041 4219 adimplere‚'’
1062 4142 1126 4200 id
1146 4142 1315 4201 estin
1334 4142 1645 4201 utilitatem
1667 4150 1726 4201 et
1745 4142 1962 4201 bonum
1981 4142 2277 4220 Ecclesiae,
2302 4144 2427 4203 sive
2449 4144 2520 4202 ad
2547 4145 2660 4204 Ec-

248 4221 487 4280 clesiam
516 4239 623 4281 suo
648 4220 753 4281 illo
781 4221 1121 4281 constantias
1139 4229 1197 4281 et
1213 4221 1510 4299 patientiae
1530 4218 1798 4300 eiemplo
1819 4221 2266 4281 confirmandam
2292 4231 2351 4282 et
2372 4223 2662 4284 aedifican-

248 4300 403 4377 dam,
434 4310 629 4360 tamen
657 4301 761 4361 ubi
788 4300 861 4361 de
885 4301 1101 4360 Christi
1138 4310 1321 4360 morte
1350 4309 1409 4361 et
1445 4301 1812 4378 passionibus
1839 4302 2033 4379 agitur
2057 4302 2544 4380 progrediendum
2572 4315 2663 4367 est

247 4382 512 4458 ulterius,
544 4388 603 4439 et
630 4381 807 4441 altius
834 4381 975 4459 quid
1023 4401 1092 4441 ac
1120 4380 1425 4441 sublimius
1470 4379 1903 4457 attendendum,
1937 4390 2004 4441 ut
2031 4382 2252 4443 scilicet
2279 4404 2662 4461 agnoscamus

245 4480 487 4539 passum
514 4480 643 4521 esse
673 4462 966 4522 Christum
994 4482 1111 4521 non
1138 4470 1365 4522 tantum
1392 4480 1497 4538 pro
1524 4461 1695 4521 nobis
1723 4460 2015 4539 erigendis
2033 4472 2092 4523 et
2113 4464 2519 4527 confirmandis
2536 4468 2660 4529 sive

242 4542 515 4603 utilitatis
538 4550 597 4603 et
624 4543 913 4603 commodi
939 4542 1123 4603 nostri
1150 4561 1341 4619 causa,
1360 4549 1646 4620 quatenus
1667 4550 1851 4601 morte
1873 4562 1978 4602 sua
1997 4543 2360 4605 confirmavit
2387 4546 2664 4609 doctrinae

245 4642 424 4700 quam
467 4622 785 4684 tradiderat
812 4624 1131 4701 veritatem,
1165 4622 1269 4683 sed
1296 4622 1468 4683 etiam
1498 4622 1626 4683 vice
1653 4631 1865 4700 nostra,
1898 4623 1935 4682 i.
1975 4644 2024 4683 e.
2055 4631 2121 4685 ut
2148 4645 2218 4685 ea
2237 4626 2510 4704 patiendo
2531 4636 2658 4687 tan-
