3234 5192
277 350 519 395 nrsrur.
546 336 752 418 nna]
848 355 929 396 nn
958 354 1450 398 sartsrscrxoms
1478 355 1726 399 cnatsrr
1753 359 2178 403 rsurscnoxs.
2570 341 2688 413 707

272 511 411 553 vere
458 496 850 557 contundebat
876 505 935 557 et
961 495 1343 558 mortificabat
1389 500 1521 559 “ne
1566 506 1873 578 postquam
1917 501 2048 561 aliis
2073 501 2414 581 praedicaret
2439 504 2563 583 ipse
2591 518 2680 565 re·'

258 574 488 651 ‚probus
516 576 834 637 efficeretur
851 580 901 653 ;’‘
933 577 1053 637 Ubi
1081 577 1157 637 ad
1181 598 1303 638 rem
1332 578 1690 638 Athleticam
1718 601 1916 641 rursus
1943 582 2166 641 alludit.
2225 583 2358 643 Mos
2387 586 2540 643 enim
2569 585 2678 645 fuit

272 661 339 712 ut
366 656 617 733 athletae,
662 665 968 735 antequam
999 656 1073 715 ad
1101 668 1391 718 certamen
1420 659 1770 719 descendere
1797 660 1886 720 fas
1913 670 2067 721 esset
2103 663 2586 740 examinarentur,
2618 674 2677 724 et

272 734 323 793 si
352 736 605 795 convicti
632 737 887 796 criminis
914 738 1159 815 alicujus
1188 747 1289 798 aut
1314 739 1445 799 vitii
1471 739 1717 800 fuissent
1733 760 1878 800 voce
1897 742 2180 819 praeconis
2197 750 2326 802 cum
2355 744 2677 821 ignominia

270 814 715 891 reprobarentur
742 824 801 875 et
826 817 1237 895 rejicerentur;
1288 818 1415 893 Quo
1442 820 1733 898 pertinent
1757 821 1872 880 ista
1898 820 2178 882 Aristidis
2207 822 2388 883 oratio
2419 824 2675 885 suasoria

270 892 343 951 de
372 912 489 952 non
517 895 761 973 agendis
780 897 1087 957 Comaediis
1111 921 1125 957 ε
1168 902 1204 932 “
1227 898 1517 975 Etenim,”
1544 900 1750 977 inquit,
1786 904 1822 935 “
1845 901 2214 962 Athletarum
2243 902 2484 962 facimus
2511 905 2673 985 ἔγκςί-

272 992 359 1038 συς
388 973 664 1046 delectus,
684 985 748 1036 ut
772 976 973 1056 siquis
1000 977 1256 1056 ipsorum
1284 980 1361 1039 sit
1388 980 1559 1039 nauci
1586 982 1840 1059 seipsum
1860 981 2232 1059 pudefaciens
2254 983 2529 1059 discedat,
2548 1004 2669 1061 poe-
2779 1053 2788 1062 ,

267 1070 373 1112 nas
402 1054 575 1113 etiam
604 1055 749 1115 dans
772 1059 1066 1135 corpore,’'
1089 1058 1198 1118 ἕω.
1246 1058 1546 1135 Quomodo
1574 1060 1636 1118 in
1656 1062 1986 1121 hastiludiis
2013 1071 2072 1121 et
2097 1064 2506 1123 torneamentis
2535 1064 2672 1124 olim

266 1132 498 1210 legibus
520 1136 835 1197 cavebatur
847 1147 915 1196 ut
933 1139 982 1196 si
999 1138 1130 1215 quis
1148 1139 1447 1199 manifeste
1465 1158 1598 1199 reus
1616 1150 1786 1217 esset,
1810 1142 1906 1201 vel
1923 1141 2236 1219 impietatis
2258 1152 2458 1203 contra
2480 1144 2674 1203 Chris-

266 1212 485 1271 tianam
511 1214 703 1291 fidem,
751 1218 847 1276 vel
893 1218 1049 1277 laesae
1096 1219 1431 1295 majestatis,
1462 1220 1558 1278 vel
1595 1228 1813 1298 raptus,
1844 1230 1903 1281 et
1931 1222 2201 1281 violentae
2222 1224 2670 1301 expugnationis

267 1292 578 1371 virginum,
630 1294 916 1368 adulterii,
960 1298 1272 1375 homicidii,
1302 1308 1404 1358 aut
1450 1299 1726 1359 similium
1753 1300 2102 1378 flagitiorum
2125 1302 2355 1379 publice
2381 1305 2668 1381 vapulans

265 1372 587 1449 ejiceretur.
632 1376 745 1444 ,Sic
775 1377 993 1436 Paulus
1034 1377 1175 1437 dicit
1204 1398 1266 1437 se
1294 1379 1377 1437 ita
1402 1398 1732 1457 comparare
1759 1381 1822 1439 in
1848 1380 1972 1440 vita
1999 1400 2103 1439 sua
2131 1381 2334 1441 sedulo
2353 1382 2585 1459 pietatis
2613 1394 2672 1444 et

268 1453 591 1513 sanctitatis
620 1456 812 1515 studio
840 1466 905 1515 ut
932 1457 1209 1517 doctrinae
1238 1459 1361 1517 vita
1386 1458 1748 1537 respondeat,
1779 1480 1886 1519 nec
1913 1460 2082 1519 aliter
2101 1469 2240 1539 agat
2259 1462 2428 1521 aliter
2444 1462 2668 1536 doceat,

265 1552 339 1592 ne
384 1534 627 1594 aliorum
671 1556 859 1615 praeco
887 1536 1012 1615 ipse
1054 1538 1395 1616 reprobatus
1442 1548 1503 1598 et
1548 1540 1906 1618 rejectaneus
1954 1540 2432 1619 deprehendatur.
2517 1542 2672 1617 Quid

265 1613 421 1672 enim
438 1615 661 1692 turpius
687 1617 943 1693 Doctori,
956 1637 1129 1694 quam
1142 1638 1274 1677 cum
1292 1618 1461 1695 culpa
1480 1618 1778 1697 redarguit
1799 1620 2026 1698 ipsum?
2054 1620 2208 1696 Quid
2229 1621 2670 1699 ignominiosius

265 1714 441 1771 quam
486 1696 537 1753 si
574 1696 705 1773 quis
752 1696 1043 1757 Praeconis
1091 1718 1128 1755 a
1170 1717 1273 1757 ens
1317 1696 1566 1757 officium
1595 1699 1741 1759 alios
1769 1700 2177 1778 proclamando
2206 1710 2265 1760 et
2291 1701 2664 1781 traducendo,

262 1794 403 1833 mox
450 1774 527 1834 ad
574 1784 864 1836 certamen
908 1777 1119 1837 descen
1162 1798 1265 1838 ens
1307 1787 1367 1838 et
1409 1780 1559 1838 inter
1584 1780 1814 1857 pugiles
1841 1799 2052 1838 nomen
2079 1798 2249 1840 suum
2277 1781 2671 1857 adscripturus

263 1854 389 1932 ipse
415 1856 755 1933 reprobetur
780 1866 839 1916 et
858 1859 1103 1935 turpiter
1130 1858 1423 1937 rejiciatur
1437 1862 1467 1918 P
1517 1860 1676 1937 quod
1703 1868 1792 1919 est
1818 1860 1878 1918 in
1907 1862 2090 1919 veteri
2117 1862 2344 1939 adagio,
2399 1866 2436 1897 “
2459 1862 2669 1923 ’Ἄλλη

264 1940 428 2015 inv-335
455 1938 601 1999 αὐτὶ,-
629 1934 789 1995 ἴλιιπ
810 1936 985 2017 sebur,
1019 1938 1289 1997 Aliorum
1314 1939 1574 1998 medicus
1602 1940 1619 1997 i
1665 1959 1726 1999 se
1756 1948 1983 1999 scatens
2011 1940 2403 2001 vulneribus.‘’

347 2014 641 2073 XXXII.
676 2017 774 2075 Sic
817 2037 895 2075 ex
943 2016 1253 2092 Scripturis
1302 1960 1692 2076 diversimode
1719 2027 1984 2095 pugnant
2011 2018 2372 2078 Adversarii.
2455 2021 2667 2098 Agunt

262 2092 437 2152 etiam
464 2094 784 2153 rationibus
812 2094 1175 2172 quibusdam,
1208 2096 1313 2155 sed
1338 2115 1457 2153 non
1484 2096 1727 2155 felicius.
1793 2100 1870 2155 1⁰.
1901 2098 1998 2155 Ex
2037 2098 2438 2156 misericordia
2463 2109 2518 2157 et
2537 2104 2664 2176 jus·

260 2173 396 2231 ticio
422 2193 593 2232 nexu.
678 2174 753 2232 In
779 2174 1047 2233 omnibus
1077 2174 1190 2233 Dei
1222 2175 1563 2249 actionibus,
1594 2174 1881 2252 inquiunt,
1931 2176 2325 2235 misericordia
2343 2178 2550 2255 juncta
2576 2188 2667 2241 est

260 2272 393 2312 cum
414 2252 659 2329 justitia,
693 2262 751 2312 et
776 2253 867 2311 hse
896 2254 1143 2313 virtutes
1163 2254 1377 2331 pariter
1396 2255 1642 2329 elucent,
1666 2274 1774 2315 nec
1791 2264 2035 2333 possunt
2055 2255 2128 2314 ab
2150 2255 2400 2315 invicem
2422 2257 2624 2319 divelli
2645 2283 2664 2337 3

264 2332 423 2409 Ergo
452 2340 900 2393 consentaneum
928 2341 1017 2392 est
1044 2334 1269 2410 rationi,
1320 2344 1385 2395 ut
1414 2333 1498 2394 sic
1548 2335 1710 2393 Deus
1738 2354 1813 2394 ex
1847 2335 2240 2395 misericordia
2265 2336 2569 2417 condonet,
2599 2349 2666 2399 ut

258 2412 434 2472 etiam
444 2412 689 2491 justitiae
710 2413 904 2491 quoad
920 2414 1047 2491 ejus
1062 2412 1188 2475 fieri
1206 2422 1397 2493 potest
1418 2414 1686 2475 satisfieri
1707 2416 1866 2476 velit.
1897 2415 2096 2493 Resp.,
2123 2416 2240 2476 Sed
2266 2421 2317 2477 1.
2333 2428 2666 2497 supponunt

260 2492 419 2570 quod
446 2494 807 2571 probandum
834 2494 1037 2571 fuerat,
1071 2495 1143 2553 In
1170 2495 1439 2555 omnibus
1469 2495 1580 2555 Dei
1608 2497 1934 2557 actionibus
1961 2496 2410 2557 misericordiam
2440 2519 2666 2578 semper

251 2573 427 2653 jungi
454 2594 586 2634 cum
605 2574 852 2653 justitia.
928 2576 1013 2634 At
1040 2595 1157 2635 non
1184 2585 1308 2636 erat
1334 2596 1497 2635 mens
1525 2576 1569 2636 J
1573 2577 1756 2652 acobi,
1789 2598 1912 2655 cap.
1943 2577 2003 2635 ii.
2033 2579 2124 2653 13,
2155 2578 2272 2654 qui,
2308 2582 2343 2612 ‘⁴
2362 2579 2404 2639 J
2409 2580 2662 2640 udicium

260 2655 385 2715 sine
413 2655 805 2715 misericordia
831 2655 1085 2716 futurum
1114 2656 1395 2715 adversus
1422 2676 1523 2715 eos
1550 2657 1652 2732 qui
1681 2658 1776 2715 usi
1812 2676 1930 2716 non
1957 2656 2188 2716 fuerunt
2215 2658 2664 2737 misericordia,”

259 2742 523 2796 testatur.
602 2735 745 2810 Quis
786 2734 1000 2795 dixerit
1036 2735 1485 2795 misericordiam
1516 2734 1773 2793 exerceri
1799 2755 1940 2812 erga
1968 2735 2265 2809 Diabolos,
2296 2745 2355 2794 et
2372 2738 2664 2813 justitiam

258 2834 399 2891 erga
412 2815 713 2890 Angelos?
743 2814 815 2871 In
832 2814 1031 2873 inferis
1048 2814 1173 2872 sola
1182 2815 1225 2873 J
1230 2814 1427 2873 ustitia
1443 2814 1635 2872 locum
1655 2814 1831 2873 habet
1848 2815 1972 2873 sine
1987 2814 2396 2890 misericordia,
2421 2816 2482 2873 in
2501 2819 2663 2877 coelis

258 2893 383 2951 sola
409 2892 803 2951 misericordia
823 2894 945 2951 sine
974 2893 1017 2951 J
1022 2893 1255 2968 ustitia3
1300 2894 1545 2951 virtutes
1584 2892 1817 2969 quidem
1845 2893 1972 2951 istae
2001 2912 2294 2969 nunquam
2325 2904 2662 2969 separantur

255 2972 319 3029 in
349 2973 492 3047 Dec,
525 2972 629 3031 sed
654 2980 847 3049 potest
873 2979 1069 3031 tamen
1096 2991 1364 3032 exercere
1392 2979 1557 3030 actus
1574 2970 1748 3031 unius
1765 2972 1889 3031 sine
1918 2972 2194 3031 exercitio
2223 2973 2496 3051 alterius;
2529 2975 2658 3035 Imo

252 3072 361 3111 nec
388 3060 632 3130 possunt
677 3052 871 3111 locum
911 3051 1123 3111 habore
1165 3060 1431 3128 respectu
1460 3050 1720 3127 ejusdem
1743 3074 1758 3127 ς
1809 3051 1946 3128 quia
1973 3070 2098 3109 sese
2125 3061 2326 3111 mutuo
2348 3052 2575 3131 tollunt,
2601 3064 2661 3117 et

254 3132 409 3190 circa
438 3133 726 3191 contraria
751 3139 1135 3207 occupantur3
1190 3130 1591 3189 Misericordia
1616 3130 1720 3189 dat
1745 3132 1973 3189 veniam
1994 3154 2009 3208 3
2058 3138 2116 3189 et
2141 3132 2184 3191 J
2189 3133 2388 3191 ustitia
2414 3134 2659 3212 imponit

252 3230 501 3289 poenam,
532 3212 634 3269 illa
660 3211 903 3270 salutem
926 3211 1193 3286 hominis,
1216 3209 1331 3269 ista
1356 3210 1599 3269 exitium
1628 3219 1868 3289 spectat.
1952 3216 2010 3270 2.
2040 3210 2319 3286 Quamvis
2339 3232 2456 3271 non
2483 3234 2660 3293 nege-

252 3310 382 3351 mus
410 3292 471 3349 in
500 3290 703 3351 salutis
730 3290 964 3368 negotio
988 3289 1325 3350 admirabile
1352 3290 1544 3350 visum
1574 3290 1752 3351 fuisse
1780 3291 2022 3351 istarum
2062 3293 2342 3352 virtutum
2371 3302 2655 3373 tempera·

251 3380 529 3445 mentum,
558 3391 677 3430 non
703 3370 765 3429 in
791 3391 859 3429 eo
887 3378 1082 3429 tamen
1104 3370 1367 3431 consistit
1394 3378 1459 3431 ut
1485 3371 1698 3448 quibus
1717 3380 1954 3449 peccata
1980 3372 2220 3431 remissa
2247 3382 2382 3433 sunt
2409 3394 2512 3451 per
2549 3377 2657 3435 mi-

254 3450 641 3525 sericordiam,
692 3452 765 3509 ab
793 3450 867 3509 iis
915 3449 1364 3511 satisfactionem
1401 3451 1603 3529 exigat
1638 3452 1868 3544 justitia
1893 3474 1907 3527 ;
1937 3452 2046 3511 hoc
2077 3453 2230 3512 enim
2259 3462 2318 3513 et
2343 3454 2656 3515 absurdum

251 3550 381 3590 esse
408 3540 469 3591 et
495 3531 741 3591 bonitati
769 3550 837 3590 ac
877 3530 1120 3609 justitiae
1150 3531 1363 3591 divinas
1406 3541 1756 3592 contrarium
1785 3540 1954 3591 antea
1982 3533 2261 3592 evicimus
2285 3556 2299 3592 ε
2353 3533 2472 3593 Sed
2497 3534 2556 3591 in
2585 3555 2656 3593 eo

250 3611 504 3689 positum
532 3621 623 3671 est
649 3610 807 3688 quod
846 3611 1075 3689 justitia
1122 3612 1183 3670 in
1212 3610 1503 3671 Christum
1534 3630 1866 3688 sponsorem
1910 3630 2036 3671 sese
2079 3612 2368 3672 exeruerit
2393 3621 2459 3672 ut
2487 3615 2654 3673 satis-

248 3690 465 3751 faceret
490 3711 593 3769 pro
616 3691 801 3767 nobis,
832 3700 891 3751 et
918 3691 1309 3750 misericordia
1336 3692 1395 3749 in
1424 3710 1531 3749 nos
1558 3692 1770 3769 quibus
1797 3692 2112 3769 imputatur
2141 3690 2354 3751 Christi
2382 3692 2654 3752 obedien—

250 3774 349 3830 tia.
419 3772 596 3829 Illum
624 3770 853 3848 punivit
878 3779 945 3830 ut
970 3771 1139 3830 nobis
1165 3780 1439 3849 parceret,
1474 3771 1573 3830 Ab
1600 3791 1670 3831 eo
1698 3790 1900 3847 poenas
1925 3771 2093 3830 nobis
2121 3771 2346 3830 debitas
2373 3774 2652 3850 poposcit,

249 3861 317 3911 ut
343 3851 513 3912 nobis
539 3852 771 3910 veniam
797 3851 1125 3928 indulgeret
1148 3873 1163 3926 ;
1209 3850 1407 3927 Atque
1433 3852 1515 3911 ita
1543 3859 1601 3909 et
1631 3870 1850 3910 summe
1879 3851 1922 3910 J
1925 3858 2088 3910 ustus
2116 3851 2178 3909 in
2207 3852 2341 3910 Filii
2364 3861 2565 3929 morte,
2597 3862 2656 3913 et

252 3951 475 3991 summe
504 3931 838 3990 Misericors
866 3931 927 3988 in
952 3930 1208 3989 fidelium
1240 3931 1425 3990 salute
1454 3930 1848 4009 deprehensus
1875 3939 1982 3991 est.

332 4010 665 4071 XXXIII.
709 4016 789 4069 2⁰.
815 4010 873 4069 A
900 4010 1123 4070 ratione
1156 4011 1371 4087 Capitis
1405 4020 1459 4070 et
1483 4012 1876 4071 membrorum.
1959 4011 2108 4069 Nam
2137 4010 2187 4069 si
2216 4030 2444 4088 aequum
2472 4020 2562 4071 est
2589 4020 2656 4073 ut

248 4091 509 4151 membra
536 4092 652 4151 sint
678 4090 992 4151 conformia
1020 4090 1225 4168 Capiti,
1257 4112 1487 4169 aequum
1534 4099 1626 4151 est
1651 4092 1824 4150 etiam
1852 4098 1919 4151 ιιι
1945 4090 2430 4167 quemadmodum
2459 4091 2654 4151 Chris-

248 4182 345 4231 tus
374 4172 669 4247 satisfecit,
718 4170 870 4229 idem
899 4171 1073 4229 etiam
1102 4179 1232 4249 post
1274 4192 1405 4230 eum
1432 4178 1810 4249 praestemus3
1855 4178 1914 4229 et
1940 4190 2072 4230 cum
2100 4169 2226 4247 ipso
2255 4170 2556 4247 patiamur,
2588 4182 2654 4233 ut

248 4272 381 4311 eum
410 4272 478 4311 eo
507 4271 831 4329 regnemus,
860 4250 1027 4310 Rom.
1050 4250 1172 4310 viii.
1200 4254 1269 4309 17
1280 4295 1294 4310 .
1338 4253 1535 4327 Resp.,
1559 4250 2030 4309 conformitatem
2048 4268 2179 4307 cum
2203 4248 2432 4309 Christo
2451 4259 2650 4328 postu-

246 4332 367 4391 lare
396 4332 631 4409 quidem
658 4340 725 4391 ut
752 4330 827 4389 ad
856 4331 982 4405 ejus
1010 4331 1193 4390 instar
1208 4332 1494 4408 patiamur
1511 4338 1818 4407 sequentes
1846 4330 1972 4407 ejus
1999 4329 2266 4407 vestigia,
2308 4330 2410 4389 sed
2437 4351 2556 4389 non
2587 4341 2655 4392 ut

244 4411 451 4473 eodem
478 4412 593 4470 fine
621 4420 722 4470 aut
764 4410 936 4468 modo
962 4411 1264 4489 patiamur,
1294 4411 1479 4471 multo
1504 4412 1698 4469 minus
1734 4416 1800 4469 ut
1843 4408 2262 4469 satisfaciamus
2287 4420 2458 4487 prout
2485 4412 2654 4471 satis-

246 4492 402 4553 fecit.
460 4493 517 4550 N
518 4512 609 4551 am
634 4499 699 4550 ut
724 4490 989 4549 bifariam
1009 4489 1270 4549 Christus
1294 4493 1353 4549 in
1375 4512 1547 4568 opere
1566 4490 2004 4567 Redemptionis
2035 4490 2281 4567 spectari
2308 4500 2514 4569 potest,
2537 4492 2653 4553 Vel

241 4583 311 4634 ιιι
334 4574 591 4650 Sponsor
616 4570 717 4649 qui
746 4569 921 4629 solvit
950 4578 1007 4629 et
1035 4570 1315 4629 solvendo
1344 4570 1591 4648 acquirit
1628 4570 1891 4645 salutem,
1915 4568 2030 4629 Vel
2058 4576 2124 4630 ut
2156 4570 2346 4648 Caput
2412 4571 2530 4631 uod
2556 4592 2651 4635 ac·

242 4654 517 4730 quisitam
538 4651 809 4711 fidelibus
825 4669 931 4727 per
948 4650 1038 4710 sui
1054 4650 1325 4711 unionem
1349 4652 1593 4711 salutem
1614 4649 1892 4729 applicat3
1917 4650 1994 4709 Et
2012 4656 2079 4710 ut
2097 4648 2300 4713 fideles
2320 4670 2396 4709 ve
2438 4650 2655 4715 habent
