3234 5192
535 358 649 415 184
1312 382 1391 423 ns
1420 384 1784 424 necessum
1814 382 2160 425 ssesssions
2521 368 2778 439 [msrur.
2809 378 2946 421 vm.

533 516 847 595 multiplex
876 522 1181 600 imponunt
1208 524 1427 584 idolum
1456 525 1515 583 in
1536 526 1714 585 variis
1743 525 1986 603 objectis
2010 525 2201 584 cultus
2227 523 2504 601 religiosi,
2529 542 2658 601 quae
2683 522 2779 581 hic
2808 507 2938 599 pro-

534 610 841 675 ponuntur,
874 603 1078 664 merito
1106 616 1413 664 censentur
1448 606 1559 664 hac
1607 606 1666 663 in
1695 619 1857 684 parte
1913 606 2084 664 etiam
2133 604 2401 663 addendo
2457 603 2604 661 illud
2659 614 2938 661 evertere.

538 676 779 738 Frustra
806 682 977 742 etiam
1000 682 1211 743 dicitur
1238 684 1392 762 apud
1432 686 1591 763 ipsos
1639 706 1932 744 remanere
1971 685 2298 763 symbolum
2328 683 2723 761 apostolicum,
2755 682 2938 740 oratio

536 756 845 837 dominica,
876 772 936 821 et
963 763 1293 842 decalogus,
1325 764 1392 839 si,
1435 766 1613 824 verba
1661 764 1981 842 profitendo
2031 766 2315 842 generice,
2360 764 2672 841 genuinum
2706 781 2938 821 sensum

536 846 728 897 tamen
758 851 817 899 et
845 843 1143 903 veritatem
1176 845 1443 921 specifice
1470 865 1585 903 non
1614 846 1899 922 retinent3
1945 844 2100 921 quod
2128 845 2296 903 facile
2325 864 2400 902 cx
2423 843 2780 920 singularum
2807 861 2936 919 par-

537 918 681 976 tium
714 920 1045 981 inductione
1074 924 1271 1001 colligi
1300 934 1513 1001 posset,
1547 926 1595 984 si
1625 925 1686 984 id
1713 944 1866 985 nunc
1895 944 2213 1002 ageremus.

617 997 765 1059 VII.
810 1003 867 1059 3.
914 1002 979 1059 Si
1005 1022 1213 1061 nomen
1254 1022 1409 1062 verae
1446 1004 1704 1063 ecclesius
1752 1025 1868 1063 non
1915 1016 2006 1064 est
2051 1002 2453 1081 denegandum
2503 1001 2589 1060 illi
2617 1001 2808 1076 eoetui,
2839 1001 2942 1078 qui

454 1092 463 1103 ’
536 1078 747 1137 retinet
801 1100 954 1139 verae
1008 1083 1386 1160 religionibus
1432 1083 1822 1154 fundamenta,
1872 1104 1988 1143 non
2035 1094 2278 1162 possunt
2333 1102 2548 1159 negare
2605 1082 2938 1155 adversarii,

538 1156 860 1217 Ecclesiam
882 1172 1137 1221 nostram
1157 1182 1352 1221 veram
1366 1184 1508 1239 esse,
1524 1174 1721 1242 utpote
1733 1184 1862 1242 quoe
1881 1184 1954 1223 ex
1969 1164 2218 1241 ipsorum
2231 1163 2404 1222 etium
2416 1161 2772 1221 confessione
2803 1161 2944 1220 talia

536 1235 910 1299 fundamenta
932 1242 1155 1301 retinet.
1241 1243 1401 1301 Nihil
1429 1245 1581 1303 enim
1609 1265 1646 1302 a
1671 1244 1840 1303 nobis
1857 1244 2107 1303 creditur
2122 1243 2277 1321 quod
2296 1243 2370 1302 ad
2397 1242 2670 1301 articulos
2689 1243 2940 1315 affirma-

539 1317 691 1393 tivos,
722 1320 879 1398 quod
907 1322 980 1380 ab
1009 1322 1151 1400 ipsis
1181 1323 1501 1383 Pontificiis
1547 1343 1665 1383 non
1707 1324 2031 1402 recipiatur,
2081 1324 2219 1383 licet
2261 1343 2374 1381 non
2421 1322 2801 1380 assentiamur
2827 1322 2944 1380 illis

538 1399 821 1477 omnibuS,
855 1421 985 1479 quse
1013 1403 1301 1463 credenda
1338 1404 1507 1463 nobis
1544 1404 1863 1481 imponunt.
1949 1403 2120 1463 Unde
2167 1403 2589 1478 controversiae,
2619 1422 2748 1479 quae
2777 1400 2944 1459 nobis

539 1497 669 1537 cum
698 1480 815 1539 illis
842 1482 915 1540 de
944 1483 1223 1560 religione
1272 1483 1651 1558 intercedunt,
1683 1504 1799 1542 non
1827 1492 2132 1542 versantur
2174 1483 2327 1541 circa
2369 1501 2440 1541 ea
2479 1501 2607 1558 quae
2637 1481 2940 1556 credimus,

535 1558 677 1617 talia
704 1560 855 1618 enim
886 1572 1037 1636 sunt,
1068 1574 1133 1623 ut
1159 1565 1231 1622 de
1258 1563 1375 1622 illis
1403 1584 1602 1623 omnes
1630 1564 1753 1623 veri
1782 1564 2093 1623 Christiani
2135 1572 2260 1622 tum
2298 1572 2526 1621 veteres
2555 1572 2672 1620 tum
2703 1561 2944 1620 recenti·

537 1656 668 1697 ores
696 1642 1073 1718 consentiant,
1106 1652 1164 1703 et
1191 1663 1320 1721 quae
1348 1643 1648 1702 nobiscum
1677 1664 1792 1703 una
1810 1643 1924 1703 fide
1954 1643 2274 1721 suscipiunt
2291 1652 2350 1701 et
2377 1642 2738 1716 confitentur,
2764 1638 2948 1719 (quod

538 1717 680 1777 satis
708 1717 1078 1797 demonstrat,
1110 1732 1176 1782 ut
1202 1724 1312 1782 hoc
1340 1723 1525 1782 obiter
1568 1724 1774 1799 dicam,
1822 1743 1995 1801 quam
2043 1723 2190 1781 falsa
2216 1722 2291 1781 sit
2316 1731 2376 1782 et
2419 1721 2723 1798 impudens
2751 1739 2948 1779 eorum

538 1798 845 1875 accusatiO,
870 1800 971 1877 qui
1000 1802 1335 1879 religionem
1365 1812 1622 1862 nostram
1649 1804 1743 1861 vcl
1793 1823 2001 1863 novam
2033 1823 2101 1862 ac
2129 1811 2433 1875 recentem,
2464 1801 2558 1859 vel
2579 1802 2856 1878 privatam
2880 1819 2949 1859 ac

538 1876 889 1955 singularem
919 1900 1045 1939 csse
1072 1882 1471 1962 criminantur)
1503 1883 1606 1942 scd
1629 1892 1850 1943 tantum
1879 1884 2032 1943 circa
2057 1882 2170 1941 alia
2191 1882 2465 1941 doctrinae
2484 1882 2688 1958 capita,
2711 1900 2840 1957 quae
2862 1879 2950 1938 illi

538 1966 817 2033 statuunt,
847 1959 1128 2039 nobisque
1157 1963 1357 2022 invitis
1384 1963 1672 2022 credenda
1699 1963 2033 2023 obtrudunt.
2120 1962 2216 2021 Sic
2239 1982 2350 2020 non
2370 1961 2647 2037 quaeritur
2672 1960 2821 2019 inter
2842 1978 2948 2018 nos

538 2056 614 2095 an
644 2038 906 2099 Christus
933 2041 1113 2101 Jesus
1142 2042 1218 2102 sit
1263 2052 1461 2103 noster
1486 2043 1641 2121 apud
1686 2042 1875 2103 Deum
1925 2042 2230 2117 Mediator,
2261 2042 2356 2099 vel
2398 2061 2471 2099 an
2521 2041 2648 2118 ejus
2689 2060 2844 2098 mors
2873 2039 2948 2098 sit

538 2118 881 2179 sacrificium
938 2141 1044 2199 pro
1098 2123 1351 2200 peccatis
1402 2125 1633 2201 nostris,
1681 2144 1810 2201 quae
1857 2132 2056 2182 nostra
2096 2131 2186 2181 est
2227 2120 2389 2195 fides,
2441 2120 2561 2195 sed,
2613 2138 2688 2178 an
2739 2128 2952 2197 praeter

538 2196 832 2259 Christum
859 2201 1068 2263 dentur
1096 2202 1195 2261 alii
1222 2202 1585 2279 mediatores,
1631 2213 1691 2262 et
1725 2212 1935 2282 praeter
1971 2201 2314 2261 sacrificium
2358 2201 2561 2276 crucis,
2593 2200 2762 2259 detur
2789 2197 2952 2257 aliud

537 2279 881 2339 sacrificium
909 2282 1367 2360 propitiatorium
1389 2284 1778 2360 incruentum;
1809 2283 1966 2360 quod
1987 2290 2266 2355 statuunt,
2297 2300 2403 2339 nos
2429 2300 2730 2357 negamus.
2815 2278 2950 2337 Non

536 2359 832 2435 quaeritur,
883 2380 959 2419 an
1008 2362 1169 2421 Deus
1218 2363 1294 2421 sit
1338 2363 1682 2439 adorandus,
1733 2363 1891 2441 quod
1938 2381 2229 2440 agnosco;
2275 2359 2377 2419 sed
2419 2380 2492 2417 an
2541 2358 2834 2417 adoranda
2871 2358 2950 2417 sit

536 2436 743 2513 hostia,
775 2439 933 2515 quod
960 2460 1130 2518 nego.
1216 2442 1347 2500 Non
1390 2443 1683 2519 quaeritur,
1730 2462 1804 2500 an
1853 2442 2118 2502 Christus
2155 2441 2232 2500 sit
2259 2450 2432 2517 caput
2460 2439 2755 2512 Ecclesiae,
2787 2438 2954 2515 quod-

536 2516 807 2595 utrinque
836 2519 1011 2578 estin
1040 2520 1319 2597 confesse,
1366 2522 1486 2597 sed,
1510 2542 1585 2580 an
1612 2530 1823 2600 praeter
1868 2530 2041 2600 caput
2087 2521 2244 2580 istud
2285 2520 2637 2597 primarium,
2675 2516 2946 2577 Pontifex

535 2597 721 2675 possit
747 2618 875 2658 esse
903 2608 1076 2678 caput
1122 2601 1542 2678 secundarium,
1593 2602 1751 2679 quod
1799 2602 2064 2662 sanciunt
2098 2600 2432 2659 adversarii.
2517 2600 2611 2658 Ita
2659 2597 2707 2657 si
2737 2608 2945 2657 caetera

537 2680 945 2739 controversiae
986 2682 1175 2758 capita
1217 2682 1630 2759 persequimur,
1653 2682 1822 2741 facile
1860 2690 1948 2741 est
1991 2681 2400 2753 demonstrare,
2443 2698 2559 2737 non
2588 2679 2684 2756 agi
2707 2677 2778 2737 de
2807 2678 2948 2736 arti-

534 2760 673 2817 culis
687 2761 941 2835 positive)
968 2771 1025 2822 et
1045 2763 1410 2837 affirmativis,
1441 2763 1652 2841 quibus
1673 2762 1812 2841 quid
1842 2782 1950 2821 nos
1977 2761 2278 2821 credamus
2318 2758 2616 2818 definitum
2645 2768 2734 2817 est
2762 2766 2820 2816 et
2847 2777 2947 2815 ex-

534 2839 803 2916 positum,
835 2840 939 2900 sed
966 2840 1038 2901 de
1067 2844 1319 2902 articulis
1344 2844 1613 2920 negativis
1639 2852 1699 2903 et
1725 2842 2032 2918 exclan-vivia,
2063 2840 2275 2918 quibus
2303 2858 2418 2896 non
2455 2839 2598 2916 quid
2625 2838 2942 2912 credamus,

536 2919 640 2978 sed
668 2922 809 2997 quid
838 2940 955 2980 non
982 2923 1287 2983 credamus
1330 2925 1670 3002 explicatur,
1721 2922 1992 3000 quodque
2031 2921 2105 2979 ab
2152 2919 2499 2978 adversariis
2547 2926 2638 2977 est
2663 2917 2943 2976 additum.

537 2998 681 3058 Cum
712 3020 851 3078 ergo
880 3003 1075 3062 totalis
1097 3012 1295 3063 nostra
1322 3024 1453 3064 cum
1486 3002 1807 3063 Pontificiis
1835 3022 1950 3060 non
1981 3001 2057 3060 sit
2084 2999 2156 3059 de
2185 2999 2320 3058 ullis
2360 2998 2496 3057 fidei
2545 3006 2756 3056 nostrae
2787 2996 2940 3074 capi-

534 3078 708 3154 tibus,
737 3100 867 3157 quae
894 3082 1196 3142 nobiscum
1243 3084 1439 3143 omnia
1481 3084 1843 3157 confitentur,
1893 3080 1995 3140 sed
2043 3080 2116 3139 de
2159 3080 2414 3158 ipsorum
2443 3088 2666 3137 tantum
2693 3076 2945 3153 placitiS,

534 3177 663 3234 quas
692 3178 799 3217 nos
826 3180 943 3218 non
968 3182 1275 3238 possumus
1302 3164 1624 3237 admittere,
1655 3163 1792 3240 quia
1829 3182 1958 3221 cum
1988 3160 2167 3219 verbo
2199 3159 2308 3218 Dei
2335 3177 2594 3236 pugnare
2624 3176 2944 3230 censemus,

534 3256 610 3293 ex
638 3255 708 3294 eo
737 3239 1029 3315 colligitur
1069 3243 1402 3315 clarissime,
1432 3250 1834 3318 argumentum
1876 3260 1992 3318 quo
2021 3247 2275 3314 utuntur,
2309 3238 2382 3297 ad
2409 3238 2711 3295 veritatem
2743 3236 2944 3294 Eccle-

534 3314 635 3373 siae
666 3335 785 3373 suae
826 3316 1346 3396 demonstrandam,
1378 3341 1495 3379 non
1534 3321 1760 3394 minori,
1809 3320 1912 3379 sed
1959 3319 2167 3397 potiori
2206 3340 2231 3397 J
2243 3338 2340 3377 ure
2383 3328 2593 3376 nostrae
2640 3316 2944 3375 veritatem

536 3394 794 3469 suadere,
826 3406 997 3473 atque
1026 3399 1170 3458 adeo
1198 3399 1559 3459 adversarios
1586 3400 1698 3459 hac
1723 3400 1784 3457 in
1811 3408 1972 3477 parte
2001 3418 2116 3456 non
2145 3418 2312 3476 posse
2333 3398 2562 3475 juvare.

616 3473 799 3534 VIII.
844 3476 1013 3551 Quod
1040 3498 1179 3538 vcro
1208 3479 1279 3538 de
1308 3479 1697 3539 fundamentis
1725 3478 2020 3557 religionis
2062 3479 2278 3537 dictum
2309 3488 2414 3551 est,
2443 3476 2597 3535 idem
2643 3474 2815 3533 etiam
2845 3495 2944 3552 ap-

532 3554 862 3633 plicandum
892 3566 981 3618 est
1019 3568 1500 3619 sacramentorum
1546 3559 2040 3635 administrationi,
2086 3579 2215 3636 quae
2262 3556 2515 3616 secunda
2559 3564 2646 3615 est
2673 3553 2946 3613 adversa·

530 3636 745 3695 riorum
776 3636 939 3697 ratio,
1006 3639 1217 3699 Fateor
1243 3660 1438 3699 veram
1470 3640 1791 3700 Ecclesiam
1833 3659 1960 3699 eam
1989 3659 2132 3713 esse,
2165 3657 2294 3715 quae
2323 3656 2453 3695 cum
2475 3655 2617 3714 pura
2645 3633 2808 3693 verbi
2830 3632 2940 3692 Dei

528 3716 937 3795 praedicatione
965 3718 1139 3779 habet
1180 3720 1546 3797 conjunctam
1594 3720 1914 3798 legitimam
1959 3728 2016 3779 et
2044 3719 2430 3795 incorruptam
2459 3722 2943 3773 sacramentorum

530 3796 1101 3874 administrationem,
1148 3808 1206 3859 et
1234 3801 1283 3859 si
1312 3800 1421 3859 hoc
1448 3801 1604 3878 apud
1635 3802 1928 3859 Romanos
1973 3799 2273 3871 obtineret,
2305 3816 2474 3854 nemo
2521 3814 2732 3872 negare
2760 3792 2945 3870 possit

529 3877 672 3954 ipsis
693 3898 847 3937 verae
878 3879 1155 3939 Ecclesiae
1182 3900 1409 3941 nomen.
1498 3881 1611 3940 Sed
1635 3882 1772 3958 quia
1807 3888 2164 3939 sacramenta
2184 3878 2296 3936 ista
2323 3876 2528 3934 misere
2551 3880 2940 3951 corrumpunt,

530 3977 645 4016 non
675 3959 848 4018 modo
876 3960 1129 4037 quinque
1160 3961 1353 4038 spuria
1378 3960 1663 4035 addendo,
1697 3960 1798 4020 sed
1820 3980 1888 4019 ea
1934 3980 2064 4037 quae
2113 3978 2148 4016 a
2198 3958 2427 4015 Christo
2477 3962 2611 4014 sunt
2658 3953 2940 4026 instituta,

526 4037 895 4115 baptismum,
926 4048 986 4099 et
1014 4060 1058 4100 s.
1088 4061 1330 4117 coenam,
1360 4042 1537 4101 variis
1558 4041 1748 4101 modis
1774 4041 1872 4099 vel
1919 4036 2375 4098 substantialiter
2404 4033 2495 4093 vel
2517 4031 2949 4092 accidentaliter

529 4117 945 4197 adulterando;
990 4120 1121 4180 ideo
1158 4142 1231 4181 ex
1280 4122 1392 4182 hoc
1439 4123 1610 4182 etiam
1651 4122 1889 4180 crimine
1933 4118 2308 4177 defectionem
2356 4134 2552 4174 eorum
2595 4113 2943 4190 colligimuS.

532 4200 634 4259 Ad
663 4202 1007 4279 baptismum
1039 4221 1178 4261 vero
1206 4203 1363 4279 quod
1400 4202 1624 4273 attinet,
1655 4202 1790 4260 licet
1809 4200 2003 4277 plures
2037 4196 2373 4273 corruptelae
2403 4195 2460 4253 in
2489 4214 2619 4253 eum
2651 4191 2941 4285 introduc-

532 4290 607 4339 tae
636 4281 767 4357 sint,
799 4284 935 4360 quia
962 4292 1154 4343 tamen
1184 4284 1314 4360 ejus
1343 4282 1666 4342 substantia
1691 4280 1876 4339 illaesa
1916 4278 2128 4336 mansit
2153 4278 2214 4335 in
2247 4276 2470 4353 Papatu
2497 4292 2598 4351 per
2629 4272 2737 4329 De·
2767 4280 2946 4349 grati-

530 4380 642 4433 am,
672 4368 789 4421 non'
816 4364 1238 4442 rebaptizamus
1267 4371 1552 4440 quotquot
1578 4360 1653 4419 ad
1681 4380 1788 4419 nos
1817 4380 1852 4418 a
1891 4356 2211 4418 Pontificiis
2239 4355 2538 4415 accedunt.
2627 4352 2742 4411 Sed
2773 4370 2946 4444 verus

530 4440 853 4516 baptismus
879 4463 996 4501 non
1038 4444 1233 4503 statim
1262 4442 1399 4502 facit
1426 4461 1622 4501 veram
1651 4449 1711 4500 et
1737 4460 1940 4517 puram
1971 4437 2309 4497 Ecclesiam.
2395 4434 2556 4492 Vera
2585 4433 2944 4491 circumcisio

530 4526 591 4577 et
618 4520 897 4579 sacrificia
922 4524 1024 4580 uni
1050 4522 1175 4581 Deo
1203 4530 1535 4581 consecrata
1562 4530 1727 4581 erant
1753 4521 1814 4578 in
1855 4517 2117 4579 Ecclesia
2147 4516 2345 4577 decem
2374 4514 2647 4587 tribuum,
2678 4532 2794 4569 non
2813 4510 2946 4568 ideo

530 4607 655 4659 erat
681 4618 836 4659 vera.
922 4600 1184 4661 Ecclesia
1210 4601 1480 4661 haeretica
1506 4620 1709 4661 verum
1744 4608 1937 4677 potest
1981 4598 2192 4657 habere
2231 4593 2599 4672 baptismum,
2629 4600 2693 4650 ut
2735 4608 2946 4667 agnos-

528 4688 669 4739 cunt
699 4678 915 4757 Patres,
948 4698 1055 4738 nec
1082 4688 1275 4740 tamen
1303 4680 1495 4739 minus
1520 4688 1824 4758 propterea
1842 4680 1989 4737 falsa
2003 4686 2092 4736 est
2115 4676 2394 4735 Ecclesia.
2441 4674 2564 4731 Nee
2581 4672 2692 4731 hoc
2705 4676 2953 4748 possunt
