3234 5192
302 393 535 440 Disru‘r.
564 370 637 459 1.]
1276 388 1355 435 ns
1383 393 1557 437 amno
1586 386 1768 435 vivs.
2597 386 2714 445 219

304 539 547 599 eandem
576 545 830 596 mentem
860 534 935 594 ad
984 535 1493 613 concupiscientiae
1544 535 1849 612 sepulchra
1877 537 2102 614 repetit,
2133 539 2186 597 εἰ
2224 540 2305 597 sic
2331 560 2540 599 mecum
2568 545 2712 619 aqis,

309 622 532 679 obsecro
559 627 623 677 ut
648 617 949 696 interficias
976 636 1077 690 me,
1108 622 1353 674 mortem
1380 634 1714 693 corpoream
1744 624 1966 693 optans,
2012 618 2130 677 imo
2177 628 2420 679 mortem
2449 622 2709 682 immatu-

308 720 431 758 ram
454 706 513 758 et
538 697 873 772 violentam,
904 715 981 755 ex
1008 695 1231 755 ardenti
1273 694 1331 753 in
1360 695 1640 774 populum
1669 695 1963 773 charitate,
1994 704 2060 757 ut
2103 697 2284 776 ipsius
2327 700 2570 760 exitium
2609 723 2717 763 suo

308 780 545 839 interitu
572 777 898 837 redimeret.

392 858 713 917 XXVIII.
758 856 980 915 Verum
1006 854 1144 913 licet
1169 854 1381 913 librum
1408 854 1585 912 istum
1622 854 1695 913 de
1739 854 1890 914 libro
1918 855 2056 916 vitae
2082 856 2555 937 intelligeremus,
2599 882 2717 921 non

310 939 582 998 continuo
610 944 963 1015 sequeretur,
1015 934 1171 1012 quod
1218 933 1566 1012 pertendunt
1592 933 1925 1011 adversarii,
1957 956 2127 1013 posse
2169 958 2514 1016 quemquam
2543 961 2618 1000 ex
2647 962 2716 1001 eo

307 1018 458 1077 libro
486 1017 683 1077 deleri.
768 1016 917 1090 Quia
944 1016 1003 1073 in
1026 1013 1293 1092 precibus
1320 1021 1378 1072 et
1400 1013 1569 1090 votis,
1612 1032 1730 1071 non
1772 1034 1998 1093 semper
2037 1036 2107 1075 ea
2146 1036 2276 1095 quae
2301 1019 2428 1078 ficri
2454 1030 2715 1097 possunt,

312 1099 415 1157 sed
444 1097 730 1157 interdum
758 1096 930 1156 etiam
960 1092 1186 1156 αδυηιτα
1227 1100 1514 1170 optantur,
1544 1100 1611 1151 ut
1635 1094 1828 1153 David
1857 1094 1996 1155 dum
2019 1106 2180 1174 optat
2207 1099 2352 1156 mori
2373 1120 2477 1177 pro
2527 1100 2717 1159 Absa-

312 1179 485 1253 lom0,
517 1184 553 1236 2
588 1178 741 1237 Sam.
772 1176 957 1251 xviii„
983 1176 1249 1235 Christus
1265 1173 1507 1231 transire
1536 1172 1794 1249 calicem,
1825 1174 2038 1236 Matth.
2062 1178 2247 1253 xxvi„
2272 1187 2332 1237 et
2362 1178 2579 1239 Paulus
2595 1181 2722 1239 fieri

312 1259 621 1317 anathema
647 1276 751 1334 pro
778 1256 1069 1330 fratribus,
1100 1254 1273 1313 Rom.
1304 1253 1383 1311 ix·
1408 1255 1465 1311 3.
1549 1252 1674 1311 Nec
1701 1260 1894 1313 tamen
1913 1274 2210 1334 perperam
2241 1267 2300 1317 et
2327 1266 2558 1336 temere,
2583 1261 2721 1337 quia

310 1338 425 1396 hoc
452 1356 571 1395 non
606 1336 673 1394 fit
700 1336 978 1412 absolute,
1012 1334 1115 1394 sed
1143 1331 1533 1411 hypothetice,
1575 1332 1686 1391 sub
1713 1332 1910 1411 aliqua
1937 1335 2032 1393 vel
2073 1336 2265 1413 tacita,
2315 1338 2414 1396 vel
2443 1359 2720 1416 expressa

314 1414 641 1476 conditione
672 1414 985 1475 voluntatis
1036 1414 1148 1473 Dei
1189 1421 1249 1473 et
1294 1411 1695 1490 possibilitatis
1721 1413 1822 1471 rei.
1907 1414 2030 1473 Nec
2077 1415 2284 1474 mirum
2313 1416 2498 1475 videri
2527 1418 2718 1495 debet,

316 1497 401 1555 ita
428 1496 579 1555 enim
600 1516 705 1574 pro
732 1495 1086 1574 objectorum
1116 1493 1335 1553 ratione
1363 1492 1525 1551 varie
1568 1492 1758 1551 solent
1810 1492 1960 1553 affici
1998 1495 2199 1570 sancti,
2245 1503 2304 1555 et
2329 1496 2497 1555 aliter
2539 1497 2719 1575 loqui,

315 1596 494 1653 quum
550 1575 793 1636 salutem
848 1594 1010 1635 suam
1060 1582 1161 1634 aut
1206 1573 1469 1647 aliorum,
1530 1571 1716 1631 Deive
1760 1573 2002 1648 gloriam
2031 1582 2330 1653 spectant3
2374 1576 2543 1636 aliter
2581 1598 2724 1637 vero

316 1675 495 1733 quum
526 1656 638 1716 Dei
664 1656 957 1715 decretum
987 1663 1047 1714 et
1072 1652 1501 1731 beneplacitum
1540 1652 1856 1712 intuentur.
1938 1652 2219 1731 Christus,
2271 1675 2448 1734 quum
2477 1658 2724 1717 attendit

315 1736 389 1795 ad
416 1735 461 1793 J
462 1736 758 1796 udaeorum
798 1734 1263 1794 incredulitatem
1300 1740 1358 1793 ct
1402 1731 1738 1791 charitatem
1789 1752 1970 1808 suam,
1999 1732 2408 1812 lachrymatur,
2441 1744 2499 1796 et
2525 1758 2724 1797 eorum

316 1818 539 1875 ruinam
569 1816 718 1875 serio
763 1815 1043 1893 deplorat,
1077 1814 1219 1873 Luc.
1261 1813 1385 1871 xix.
1430 1815 1528 1871 41.
1616 1814 1653 1845 ‘⁸
1676 1811 1727 1871 Ο
1755 1812 1976 1871 utinam
2005 1814 2332 1875 attenderes
2373 1816 2448 1875 ad
2475 1836 2560 1893 ea,
2591 1838 2722 1896 quae

312 1916 515 1974 pacem
540 1904 699 1957 tuam
728 1894 1049 1973 spectant.”
1134 1894 1221 1953 At
1248 1892 1419 1967 idem,
1451 1911 1632 1970 quum
1663 1892 1852 1951 Patris
1894 1892 2186 1952 decretum
2210 1895 2600 1971 justissimum
2629 1918 2722 1957 co·

312 1978 477 2055 gitat,
506 1976 568 2034 in
608 1996 677 2035 eo
706 1975 1078 2052 acquiescens
1118 1974 1344 2032 exultat
1372 1970 1577 2049 spiritu
1603 1980 1663 2031 et
1710 1971 1926 2049 gratias
1955 1971 2042 2031 illi
2068 1974 2208 2051 agit,
2256 1976 2464 2035 Matth.
2495 1977 2576 2035 xi.
2627 1979 2725 2037 25.

318 2058 413 2116 Sic
455 2075 635 2134 quum
662 2064 919 2131 tempore
961 2053 1246 2130 passionis
1292 2052 1393 2110 irae
1421 2051 1635 2111 divinas
1677 2052 1790 2111 sibi
1818 2051 2170 2113 imminentis
2197 2055 2424 2131 pondus
2451 2057 2726 2133 gravissi-

314 2156 471 2195 mum
499 2133 821 2212 perpendit,
852 2142 913 2192 et
950 2141 1192 2191 mortem
1220 2132 1585 2207 dirissimam,
1616 2151 1748 2208 quae
1787 2132 1874 2190 illi
1921 2132 2292 2211 impendebat
2318 2135 2550 2195 horrore
2579 2157 2720 2214 quo-

312 2214 467 2290 dam,
498 2212 605 2273 sed
630 2212 879 2271 naturali
907 2220 966 2271 et
992 2209 1285 2290 αδιιβλητᾳ
1312 2219 1630 2289 correptus,
1661 2212 1822 2270 illam
1839 2211 2216 2291 deprecatur3
2264 2216 2545 2274 stan-seat
2570 2236 2610 2274 a
2637 2238 2726 2277 me

313 2296 473 2353 calix
526 2294 643 2352 iste.
723 2292 808 2351 At
835 2312 1012 2369 quum
1066 2312 1265 2352 rursus
1318 2292 1519 2351 oculos
1574 2291 1790 2351 attollit
1856 2292 1932 2350 ad
1989 2292 2179 2352 Patris
2233 2294 2720 2372 sapientissimum

313 2374 629 2449 decretum,
660 2373 721 2430 in
749 2390 817 2431 eo
846 2372 1129 2432 submisse
1156 2372 1490 2450 acquiescit,
1519 2374 1622 2430 sed
1645 2390 1758 2430 non
1783 2372 1926 2431 sicut
1951 2392 2051 2449 eqo
2071 2380 2213 2451 vola,
2243 2378 2346 2433 sed
2367 2376 2508 2435 sicut
2534 2386 2594 2435 tu
2620 2379 2719 2454 vis,

313 2474 349 2513 ο
396 2450 601 2513 Pater.
686 2451 780 2511 Ita
826 2472 1004 2529 quum
1045 2452 1262 2512 Paulus
1304 2451 1381 2510 ad
1427 2452 1541 2509 Dei
1584 2451 1890 2511 consilium
1920 2460 2198 2513 aeternum
2239 2453 2312 2513 de
2353 2456 2635 2517 electione
2664 2468 2723 2519 et

312 2533 713 2612 reprobatione
768 2533 1066 2591 hominum
1130 2532 1382 2610 respicit,
1440 2532 1708 2609 agnoscit
1759 2531 1844 2590 ita
1887 2550 2016 2592 esse
2063 2533 2440 2611 immutabile,
2501 2546 2568 2596 ut
2613 2558 2722 2598 nec

312 2614 605 2692 populum,
637 2632 809 2690 quem
853 2612 1146 2691 praescivit
1196 2619 1254 2671 et
1302 2611 1497 2687 clegit,
1546 2612 1785 2688 rejicere
1813 2611 2014 2689 possit,
2045 2632 2153 2671 nec
2181 2632 2328 2690 quos
2355 2617 2556 2693 rejecit
2601 2618 2724 2677 vita

314 2694 527 2753 donare
550 2716 565 2770 ;
597 2693 701 2752 sed
720 2691 875 2751 idem
898 2701 1109 2767 tamen,
1128 2691 1267 2750 dum
1284 2691 1656 2768 rejectionem
1685 2689 1924 2750 fratrum
1947 2711 2198 2768 suorum,
2223 2700 2280 2751 et
2302 2714 2538 2771 gravem
2560 2696 2722 2756 illam

314 2797 548 2854 reguo-av,
580 2792 711 2850 quae
756 2772 960 2831 Israeli
1004 2771 1321 2846 accidebat,
1362 2770 1628 2843 attendit,
1672 2790 1791 2829 non
1832 2778 2026 2848 potest
2073 2770 2186 2829 sibi
2212 2779 2548 2850 temperare,
2579 2778 2720 2852 quin

312 2852 537 2913 intenso
586 2852 883 2911 charitatis
931 2852 1135 2910 ardore
1184 2859 1345 2929 optet
1390 2850 1517 2909 fieri
1564 2850 1870 2909 anathema
1907 2870 2010 2927 pro
2059 2850 2350 2927 fratribus,
2381 2861 2440 2912 et
2480 2854 2556 2912 ab
2593 2856 2720 2931 ipso

315 2932 543 2992 Christo
591 2932 995 3009 quadantenus
1044 2931 1314 3009 separari.
1400 2928 1567 2989 Idem
1608 2930 1672 2987 in
1727 2930 1895 2988 Mose
1943 2931 2336 2990 observamus.
2425 2932 2576 2992 Sane
2603 2954 2720 2993 non

313 3012 619 3089 ignorabat
640 3012 855 3089 Moses,
880 3011 1257 3071 irrevocabile
1284 3029 1414 3070 esse
1443 3010 1556 3069 Dei
1584 3009 1905 3085 consilium,
1929 3017 1990 3068 et
2023 3008 2150 3067 fieri
2176 3029 2290 3069 non
2319 3029 2489 3088 posse
2516 3021 2582 3071 ut
2623 3015 2718 3073 vel

314 3092 533 3150 electus
579 3092 806 3169 periret,
849 3092 947 3150 vel
972 3091 1253 3169 reprobus
1295 3089 1650 3165 salvaretur3
1697 3088 1916 3148 sciebat
1943 3089 2194 3148 alienum
2235 3109 2364 3149 esse
2405 3090 2481 3150 ab
2534 3092 2718 3169 ipsius

305 3171 535 3249 justitia
562 3171 817 3232 insontes
845 3191 977 3230 cum
1006 3170 1269 3230 sontibus
1304 3170 1563 3247 perdere.
1651 3168 1768 3229 Sed
1811 3169 1950 3245 quia
1987 3187 2188 3229 omnes
2234 3170 2362 3249 ejus
2388 3190 2592 3231 sensus
2621 3172 2719 3233 de-

310 3252 539 3311 vinctos
588 3252 755 3328 quasi
792 3250 1025 3311 tenebat
1065 3270 1203 3309 cura
1249 3249 1466 3327 populi,
1498 3249 1666 3327 cujus
1709 3248 1932 3309 sciebat
1959 3268 2156 3309 curam
2185 3250 2298 3310 sibi
2325 3270 2452 3312 esse
2480 3252 2714 3312 deman-

311 3330 523 3405 datam,
578 3331 727 3389 nihil
754 3330 914 3390 aliud
953 3330 1065 3407 ipsi
1091 3330 1257 3390 venit
1303 3330 1365 3387 in
1409 3337 1662 3388 mentem
1701 3349 1770 3389 eo
1814 3337 2124 3405 moment0,
2175 3350 2350 3409 quam
2398 3342 2463 3393 ut
2516 3334 2718 3394 salvus

310 3420 465 3471 esset
502 3410 767 3488 populus,
800 3418 860 3468 et
886 3410 1071 3488 gloria
1100 3410 1213 3469 Dei
1240 3429 1357 3468 non
1386 3410 1790 3469 obscuraretur
1814 3410 1876 3468 in
1917 3410 2075 3471 illius
2102 3411 2375 3490 interitu3
2419 3434 2549 3491 quae
2579 3435 2718 3476 vero

310 3499 487 3550 tantae
528 3490 906 3550 sollicitudini
931 3489 1332 3567 repugnabant
1380 3497 1519 3549 tunc
1546 3509 1664 3548 non
1691 3489 1954 3549 attendit.
2038 3491 2162 3550 Nec
2197 3493 2408 3553 mirum
2434 3494 2517 3553 ita
2543 3495 2722 3556 fuisse

309 3569 667 3648 perplexum,
717 3569 959 3647 putabat
1006 3570 1229 3629 scilicet
1274 3568 1511 3628 interitu
1559 3568 1730 3630 electi
1771 3570 1972 3647 populi
2018 3571 2238 3631 aboleri
2283 3573 2396 3632 Dei
2436 3573 2628 3650 fidem,
2657 3585 2718 3636 et

310 3650 555 3727 gloriam
582 3650 709 3727 ejus
736 3650 797 3707 in
818 3650 927 3709 hac
953 3649 1265 3728 rejectione
1292 3649 1499 3708 mirum
1528 3648 1589 3706 in
1618 3648 1854 3708 modum
1881 3650 2220 3728 periclitari;
2258 3652 2501 3729 putabat
2526 3653 2716 3715 foedus

309 3749 437 3789 cum
469 3730 596 3807 ipso
643 3729 849 3788 initum
880 3730 1149 3805 convelli,
1180 3738 1240 3789 et
1275 3728 1555 3808 grandem
1597 3729 1906 3807 AEgyptiis
1951 3730 2390 3807 blasphemandi
2433 3730 2716 3792 adversus

312 3810 501 3869 Deum
530 3810 889 3869 occasionem
917 3809 1060 3868 dari.
1134 3809 1304 3884 Quod
1350 3817 1471 3869 tam
1516 3828 1670 3886 aegre
1718 3817 1778 3869 et
1803 3808 2170 3886 impatienter
2195 3810 2322 3886 fert,
2352 3819 2418 3869 ut
2459 3811 2712 3889 seipsum

312 3889 493 3948 exitio
520 3889 713 3967 potius
742 3890 1031 3948 devovere
1067 3890 1229 3964 velit,
1274 3908 1446 3967 quam
1496 3896 1563 3949 ut
1589 3888 1724 3947 talis
1776 3888 2219 3966 blasphemandi
2265 3908 2406 3948 ansa
2447 3890 2714 3951 hostibus

310 3968 675 4029 concedatur.
742 3967 859 4028 Sed
885 3968 968 4028 ita
994 3969 1119 4028 haec
1146 3978 1282 4029 sunt
1321 3968 1718 4046 intelligenda,
1747 3976 1813 4028 ut
1840 3967 2094 4027 conditio
2121 3968 2298 4028 tacita
2323 3968 2382 4027 in
2431 3969 2534 4028 tali
2578 3980 2717 4031 voto

312 4057 372 4109 et
400 4048 686 4108 similibus
714 4068 941 4127 semper
966 4049 1045 4108 sit
1064 4048 1427 4123 includenda,
1458 4048 1727 4107 nimirum
1747 4048 1800 4107 si
1818 4048 1930 4107 hoc
1949 4047 2076 4106 fieri
2103 4048 2303 4125 possit,
2333 4057 2392 4107 ct
2419 4048 2468 4107 si
2491 4050 2565 4108 ad
2588 4052 2712 4127 glo-

307 4130 455 4188 riam
486 4129 598 4187 Dei
626 4128 949 4205 conducat3
994 4129 1071 4188 sit
1117 4147 1233 4206 quo
1281 4127 1471 4203 mod0,
1516 4129 1662 4189 citra
1689 4127 1918 4204 culpam
1957 4126 2156 4203 ullam,
2187 4136 2384 4205 posset
2415 4128 2556 4188 utile
2585 4148 2712 4190 esse

304 4208 559 4268 medium
607 4208 683 4267 ad
725 4209 955 4268 veniam
982 4208 1197 4287 populo
1237 4208 1626 4268 obtinendam.
1713 4206 1884 4267 Unde
1915 4206 2118 4284 petitio
2160 4226 2277 4265 non
2305 4207 2478 4266 infert
2524 4210 2718 4269 statim

290 4290 447 4364 sacti
460 4288 902 4365 possibilitatem,
934 4289 1037 4349 sed
1074 4288 1313 4365 petentis
1360 4287 1632 4365 exprimit
1677 4288 1855 4346 zelum
1901 4293 1961 4344 et
1987 4284 2341 4362 charitatem,
2367 4295 2425 4346 et
2452 4288 2712 4349 ardorem

308 4368 599 4446 quendam
625 4369 927 4428 heroicum
966 4377 1025 4428 et
1065 4366 1599 4441 extraordinarium,
1650 4364 1752 4443 qui
1779 4364 1988 4441 quovis
2019 4364 2292 4441 pericu10,
2336 4365 2455 4426 imo
2483 4372 2714 4448 proprio

306 4448 507 4525 exitiO,
540 4448 591 4507 si
636 4448 763 4507 fieri
806 4457 1019 4527 posset,
1052 4448 1331 4507 redimere
1379 4446 1559 4505 vellet
1614 4445 1730 4503 Dei
1783 4444 2025 4521 gloriam
2063 4452 2123 4503 et
2169 4444 2406 4507 fratrum
2452 4450 2714 4511 salutem.

306 4528 475 4587 Talia
502 4535 697 4588 autem
742 4527 1031 4587 desideria
1074 4536 1133 4587 et
1176 4534 1329 4601 vota,
1360 4525 1498 4583 licet
1552 4524 1670 4583 sint
1705 4544 1809 4602 per
1830 4542 1892 4583 se
1940 4522 2256 4585 inefficacia
2281 4527 2357 4586 ad
2404 4530 2711 4607 agendum,

305 4609 576 4667 maximae
598 4616 791 4667 tamen
814 4608 1001 4668 solent
1018 4628 1143 4667 esse
1166 4605 1395 4666 virtutis
1417 4604 1495 4663 ad
1508 4604 1958 4682 impetrandum3
1989 4604 2178 4667 solent
2197 4606 2350 4667 enim
2372 4611 2541 4670 amici
2559 4612 2716 4670 simi-

304 4688 464 4749 libus
496 4688 765 4766 precibus
798 4688 917 4748 vim
948 4686 1373 4765 quodammodo
1394 4684 1595 4746 amicis
1623 4684 1826 4764 facere,
1857 4692 1916 4745 et
1937 4686 2090 4765 quod
2113 4688 2320 4748 volunt
2355 4698 2715 4769 extorquere.
