3234 5192
544 236 661 293 336
1271 251 1348 291 nr:
1381 250 1671 289 immissio
1700 250 1874 291 sums
1904 250 1977 290 m·
2006 249 2207 291 aniius.
2576 233 2836 314 [msru'r.
2868 256 2968 296 vu.

542 414 618 451 ex
641 414 752 454 usu
781 402 838 451 ct
866 392 978 452 fine
1009 392 1176 452 istius
1206 393 1504 465 columnae,
1536 392 1636 471 qui
1666 391 1921 469 apprime
1968 393 2279 469 respondet
2328 392 2598 470 baptismi
2627 397 2805 453 nostri
2838 398 2959 454 fini-

542 473 672 532 buS.
759 474 908 531 Nam
937 482 1004 533 ut
1029 473 1352 551 baptismus
1381 482 1470 531 est
1498 472 1853 531 consecratio
1883 480 1941 531 et
1968 471 2215 533 initiatio
2244 473 2305 531 in
2334 472 2695 551 disciplinam
2727 476 2957 552 Christi,

543 554 638 612 Ita
665 555 849 613 nubes
878 562 936 613 et
963 573 1120 613 mare
1148 554 1380 613 fuerunt
1407 553 1763 611 consecratio
1784 552 1984 629 populi
2012 552 2073 610 in
2100 551 2585 631 dispensationem
2618 554 2959 615 Mosai'cam.

544 634 629 694 Ut
656 634 903 712 populus
931 634 1208 693 liberatus
1235 654 1271 691 a
1299 633 1576 692 servitute
1609 632 1967 710 AEgyptiaca
1989 633 2269 710 sanguine
2308 634 2461 710 agni,
2512 654 2615 711 per
2660 636 2874 693 nubem
2903 646 2961 695 et

537 715 843 773 transitum
871 715 1044 773 maris
1073 714 1331 773 initiatus
1359 720 1448 771 est
1479 713 1623 787 Dec,
1652 723 1719 771 ut
1768 714 2016 789 populus
2065 722 2218 772 esset
2265 715 2391 791 ejus
2435 714 2779 791 peculiaris:
2865 716 2959 775 Ita

537 794 757 869 fideleS,
783 795 882 871 qui
911 794 1192 871 sanguine
1221 793 1384 871 Agni
1411 793 1766 852 immaculati
1793 813 1829 851 a
1856 792 2160 869 tyrannide
2185 793 2417 851 Diaboli
2434 803 2493 853 et
2520 794 2798 855 servitute
2826 816 2956 873 pec-

533 876 651 933 cati
677 874 904 933 liberati
934 883 1085 950 sunt,
1117 894 1218 951 per
1261 873 1612 951 baptismum
1660 881 2066 932 consecrantur
2111 873 2379 933 Domin0.
2466 875 2550 934 Ut
2597 875 2782 934 nubes
2826 896 2953 953 quae

532 954 868 1013 continebat
889 954 1186 1013 Isra'e'litas
1213 953 1322 1013 sub
1351 953 1482 1013 sinu
1509 972 1633 1029 su0,
1666 953 1968 1031 separabat
1996 973 2095 1012 eos
2116 953 2189 1012 ab
2212 954 2517 1033 AEgyptiis
2542 978 2556 1014 z
2628 955 2721 1013 Ita
2740 956 2955 1033 baptis-

535 1054 681 1110 mus,
713 1034 812 1113 qui
842 1034 1171 1111 symbolum
1199 1042 1288 1093 est
1315 1042 1526 1093 nostrae
1556 1052 1689 1093 cum
1718 1033 1949 1093 Christo
1987 1034 2423 1110 communionis,
2475 1044 2563 1095 est
2590 1036 2763 1094 etiam
2794 1056 2953 1114 sepa-

533 1115 774 1174 rationis
794 1122 1008 1173 nostrae
1036 1135 1071 1173 a
1099 1115 1314 1173 mundo
1341 1122 1579 1189 tessera,
1611 1121 1669 1173 et
1698 1114 2025 1190 symbolum
2048 1115 2249 1192 gratiae
2279 1115 2408 1192 Dei,
2430 1134 2559 1193 quse
2582 1115 2705 1174 sola
2732 1126 2957 1194 separat

537 1195 856 1255 Ecclesiam
887 1215 922 1253 a
948 1194 1184 1269 mundo,
1221 1195 1362 1263 Quis
1383 1205 1434 1253 te
1463 1195 1775 1253 discernit!
1822 1198 1853 1253 1
1886 1195 2016 1253 Cor.
2047 1196 2127 1254 iv.
2152 1199 2207 1253 7.
2296 1195 2381 1256 Ut
2408 1195 2591 1255 nubes
2630 1197 2954 1273 symbolum

533 1274 644 1336 fuit
671 1276 886 1335 favoris
915 1284 972 1335 et
1000 1275 1373 1355 protectionis
1401 1274 1632 1352 divinae,
1663 1283 1787 1334 tum
1809 1274 2089 1336 adversus
2111 1284 2332 1353 aestum,
2352 1286 2475 1336 tum
2498 1284 2697 1335 contra
2724 1276 2953 1355 AEgyp-

527 1356 650 1415 -tios
676 1380 689 1416 :
776 1357 870 1416 Ita
913 1356 1251 1434 baptismuS,
1299 1376 1415 1433 quo
1460 1356 1589 1414 Deo
1640 1375 2056 1432 consecramur,
2107 1364 2197 1414 est
2240 1357 2442 1432 gratiae
2486 1364 2544 1415 ct
2585 1358 2955 1433 protectionis

533 1436 750 1496 divinae
779 1446 1218 1511 sacramentum,
1247 1436 1310 1493 in
1362 1454 1478 1512 quo
1531 1436 1692 1493 Deus
1737 1443 1981 1493 testatur
2010 1454 2071 1493 se
2098 1436 2159 1492 in
2188 1435 2462 1493 familiam
2493 1455 2655 1494 suam
2685 1456 2791 1493 nos
2812 1438 2953 1495 reci·

531 1537 684 1593 pere,
717 1524 782 1575 ut
809 1517 885 1576 sit
915 1517 1076 1575 Deus
1103 1523 1314 1590 noster,
1346 1515 1408 1572 id
1435 1522 1523 1572 est
1572 1513 1810 1588 Doctor,
1864 1514 2103 1585 Ductor,
2146 1523 2205 1571 et
2254 1515 2478 1585 Custos,
2510 1514 2610 1589 qui
2632 1515 2819 1589 gratia
2846 1535 2953 1573 sua

531 1596 812 1655 adversus
832 1596 932 1653 irae
955 1614 1074 1653 suae
1103 1603 1308 1653 aestum
1335 1612 1441 1651 nos
1469 1600 1714 1667 tueatur,
1746 1603 1805 1651 et
1834 1592 2046 1650 virtute
2074 1611 2181 1649 sua
2208 1602 2406 1650 contra
2450 1592 2645 1649 hostes
2673 1611 2779 1649 nos
2815 1613 2946 1669 pro-

531 1682 708 1751 tegat.
797 1675 878 1735 Ut
906 1676 1088 1732 nubes
1115 1674 1270 1732 viam
1299 1670 1774 1749 praemonstrabat
1803 1670 2100 1743 Israelitis,
2132 1678 2194 1727 ut
2225 1670 2333 1729 iter
2352 1670 2535 1728 facere
2558 1677 2684 1728 tuto
2711 1683 2950 1747 possent

534 1774 642 1813 nec
670 1753 746 1813 ad
772 1754 906 1812 avia
934 1752 1320 1811 declinarent:
1381 1751 1476 1809 Ita
1503 1750 1723 1809 verbum
1754 1748 1972 1826 gratiae,
2004 1748 2161 1825 quod
2188 1749 2249 1806 in
2278 1749 2561 1826 baptismo
2590 1749 2949 1827 obsignatur,

527 1836 785 1910 Lampas
813 1834 1157 1908 estpedibus,
1189 1841 1243 1890 et
1268 1834 1371 1889 lux
1409 1830 1615 1889 semitis
1642 1829 1862 1903 nostrus,
1894 1828 2049 1887 Psal.
2080 1828 2236 1889 cxix.
2271 1832 2403 1901 105,
2435 1830 2591 1906 quod
2612 1849 2720 1889 nos
2748 1831 2951 1909 dirigit

529 1914 589 1972 in
617 1932 790 1973 cursu
815 1912 1138 1972 vocationis
1166 1918 1395 1987 nostrae,
1426 1918 1485 1969 et
1525 1910 1637 1969 iter
1684 1908 2027 1968 facientibus
2072 1909 2133 1967 in
2182 1908 2407 1968 deserto
2436 1910 2611 1987 hujus
2639 1911 2857 1988 mundi,
2891 1921 2951 1972 et

525 2002 696 2053 nocte
723 1993 898 2071 hujus
925 1992 1106 2052 seculi
1132 1992 1208 2051 ad
1253 1992 1575 2051 Canaanem
1626 1990 1918 2049 coelestem
1962 1988 2331 2048 tendentibus
2377 1990 2531 2048 viam
2582 1990 2851 2067 ostendit,
2876 2012 2950 2051 ne

527 2076 604 2133 ad
631 2074 764 2133 avia
792 2074 1180 2149 deflectamuS,
1212 2092 1342 2149 quse
1369 2070 1683 2149 perniciem
1728 2078 1945 2129 certam
1993 2069 2161 2128 nobis
2188 2068 2471 2145 afferrent,
2504 2070 2608 2129 sed
2634 2079 2700 2129 ut
2728 2080 2947 2132 motum

528 2155 810 2214 columnae
838 2154 1005 2215 istius
1033 2152 1311 2230 mysticae,
1341 2151 1402 2210 in
1424 2170 1630 2234 qua—se
1658 2150 1829 2209 nobis
1877 2149 2174 2209 ductorem
2200 2150 2454 2224 exhibet,
2487 2169 2713 2227 semper
2742 2170 2944 2229 sequa-

529 2255 674 2294 mur.
759 2234 932 2297 Unde
959 2234 1280 2312 baptismus
1329 2230 1643 2291 Veteribus
1672 2230 1864 2289 dictus
1892 2234 2160 2307 φυτισμὶς,
2192 2230 2541 2289 illuminatio.
2628 2230 2853 2291 Rursus
2882 2242 2945 2291 ut

527 2316 729 2387 nubes,
761 2334 890 2391 quae
917 2313 1112 2372 lucida
1139 2319 1262 2372 erat
1291 2311 1589 2385 Israelitis,
1638 2310 1747 2369 fuit
1777 2311 2082 2388 AEgyptiis
2110 2310 2461 2387 caliginosa:
2551 2309 2647 2369 Sic
2675 2312 2861 2389 gratia
2887 2322 2943 2371 et

529 2394 787 2453 Verbum
819 2394 1049 2469 Christi,
1081 2393 1238 2471 quod
1258 2392 1388 2451 aliis
1417 2399 1506 2451 est
1527 2390 1810 2467 sapientia
1838 2400 1896 2449 et
1916 2391 2190 2467 potentia,
2221 2398 2280 2449 et
2308 2390 2450 2449 odor
2478 2390 2614 2449 vitae
2643 2392 2718 2449 ad
2744 2392 2940 2469 vitam,

527 2474 656 2533 aliis
685 2482 773 2533 est
802 2474 1136 2533 scandalum
1166 2481 1226 2532 et
1253 2472 1514 2545 stultitia,
1545 2479 1605 2530 et
1626 2470 1771 2529 odor
1816 2470 2019 2529 mortis
2059 2470 2135 2528 ad
2182 2478 2442 2544 mortem,
2472 2474 2501 2528 1
2536 2470 2665 2529 Cor.
2694 2472 2733 2529 i.
2758 2475 2852 2548 23,
2884 2481 2942 2532 et

527 2559 563 2613 2
596 2554 724 2613 Cor,
755 2555 814 2614 ii.
849 2556 941 2614 16.
1027 2554 1192 2613 Idem
1237 2552 1603 2629 evangelium
1647 2550 1806 2628 quod
1846 2550 2047 2611 fideles
2092 2550 2397 2625 illuminat,
2428 2550 2637 2628 impios
2663 2561 2938 2629 excoecat,

526 2635 570 2694 J
573 2635 665 2693 oh.
696 2635 798 2694 xii.
830 2638 926 2711 40,
957 2644 1017 2693 et
1044 2638 1079 2692 2
1111 2634 1242 2693 Cor.
1271 2633 1352 2693 iv.
1382 2637 1438 2708 4,
1483 2631 1637 2691 idem
1668 2630 1930 2689 Christus
1966 2638 2055 2690 est
2091 2630 2239 2707 lapis
2287 2630 2645 2690 fundamenti
2693 2640 2750 2695 et
2778 2651 2939 2691 scan-

527 2715 662 2790 dali,
700 2720 729 2774 1
763 2716 890 2775 Pet.
919 2716 979 2775 ii.
1009 2718 1065 2791 4,
1097 2714 1198 2791 qui
1224 2714 1448 2791 positus
1475 2712 1641 2771 estin
1659 2712 2134 2771 resurrectionem
2153 2719 2211 2770 et
2228 2730 2425 2770 casum
2447 2710 2774 2786 multorum,
2798 2712 2940 2771 Luc.

524 2796 584 2855 ii.
617 2799 712 2856 34.
799 2796 884 2857 Ut
911 2795 1112 2856 eadem
1141 2795 1408 2853 columna
1433 2792 1636 2851 nubila
1661 2791 1770 2850 fuit
1796 2800 1857 2849 et
1882 2792 2070 2869 ignea,
2096 2812 2225 2869 quae
2253 2791 2572 2850 umbraculi
2603 2792 2734 2849 loco
2761 2792 2940 2851 inter-

527 2877 644 2953 diu,
676 2887 854 2937 noctu
879 2897 1018 2937 vero
1047 2875 1189 2934 facis
1217 2884 1275 2935 et
1301 2873 1536 2933 luminis
1563 2873 1753 2931 vicem
1780 2881 2050 2949 praestare
2078 2871 2303 2949 potuit:
2389 2871 2483 2929 Ita
2510 2870 2696 2948 gratia
2723 2872 2937 2932 saluta-

526 2957 607 3015 ris
638 2958 867 3035 Christi,
899 2976 1028 3035 quse
1052 2957 1113 3014 in
1139 2956 1426 3035 baptismo
1457 2952 1627 3012 nobis
1665 2952 2019 3029 obsignatur,
2066 2951 2465 3011 umbraculum
2506 2950 2675 3010 nobis
2721 2953 2942 3031 praebet

527 3045 586 3094 et
612 3037 973 3115 refrigerium
1001 3038 1282 3096 adversus
1309 3043 1513 3095 aestum
1541 3033 1642 3092 irae
1670 3031 1883 3091 divinae
1905 3040 1964 3091 et
1990 3032 2223 3091 ardores
2250 3030 2633 3105 conscientiae,
2664 3039 2724 3091 et
2751 3032 2937 3091 lucem

527 3124 751 3189 gratam
769 3117 1006 3175 exhibet
1023 3117 1098 3174 ad
1119 3115 1511 3175 discutiendas
1527 3113 1798 3173 tenebras
1814 3114 1988 3190 hujus
2006 3112 2203 3187 seculi,
2224 3120 2282 3171 et
2298 3112 2847 3189 praemonstrandam
2864 3113 2941 3172 ad

527 3192 737 3249 coelum
758 3196 932 3251 viam.
982 3195 1140 3253 Hinc
1173 3196 1467 3271 Scriptura
1485 3193 1593 3253 sub
1613 3194 1726 3252 hoc
1748 3191 1965 3269 duplici
1988 3192 2267 3270 symbolO,
2288 3192 2517 3269 plenam
2536 3200 2594 3250 et
2614 3192 2939 3253 absolutam

526 3271 795 3329 omnibus
823 3272 1078 3330 numeris
1098 3274 1430 3331 felicitatem
1461 3273 1609 3331 solet
1630 3272 1950 3348 designare,
1982 3292 2111 3349 quse
2139 3273 2200 3330 in
2216 3272 2553 3332 liberatione
2576 3272 2651 3331 ab
2672 3274 2939 3333 omnibus

523 3349 710 3421 malis,
741 3357 800 3407 et
825 3350 888 3406 in
913 3350 1196 3408 bonorum
1225 3352 1480 3409 omnium
1525 3350 1793 3409 fruitione
1843 3351 2122 3427 consistit,
2152 3374 2283 3429 quae
2310 3373 2412 3429 per
2448 3352 2743 3411 Christum
2770 3354 2940 3413 nobis

527 3428 796 3505 obtingit.
837 3428 1011 3489 Unde
1033 3430 1192 3487 Deus
1213 3430 1381 3488 nobis
1403 3430 1613 3487 dicitur
1624 3446 1750 3488 esse
1768 3429 1870 3488 Sol
1888 3438 1947 3489 et
1967 3430 2227 3509 Clypeus,
2250 3432 2404 3492 Psal.
2427 3432 2658 3490 lxxxiv.
2686 3437 2778 3508 11,
2802 3435 2941 3493 Lux

525 3516 585 3568 et
616 3509 762 3586 Vita,
795 3507 951 3568 Psal.
980 3509 1190 3567 xxxvi.
1221 3511 1276 3585 9,
1325 3517 1386 3568 et
1431 3508 1695 3567 Christus
1744 3510 1847 3568 Sol
1889 3510 2149 3588 Justitiae,
2201 3512 2342 3571 Mal.
2389 3512 2467 3571 iv.
2512 3516 2568 3586 2,
2613 3514 2696 3571 Ec
2736 3516 2938 3574 umbra

523 3599 736 3665 nostra,
765 3589 920 3649 Psal.
944 3588 1100 3648 cxxi.
1131 3587 1201 3666 53
1251 3589 1353 3649 Sol
1369 3588 1468 3666 qui
1497 3587 1786 3647 illuminat
1813 3589 1874 3647 in
1900 3590 2169 3668 tenebris,
2196 3591 2450 3670 Clypeus
2470 3592 2571 3670 qui
2598 3594 2853 3672 protegit
2878 3596 2941 3653 in

519 3672 691 3749 bell0,
725 3669 1142 3732 Umbraculum
1168 3669 1324 3748 quod
1351 3669 1498 3747 tegit
1525 3676 1583 3727 et
1609 3677 1830 3728 recreat
1856 3670 1917 3728 in
1945 3678 2107 3731 aestu.
2190 3672 2459 3751 Denique
2486 3681 2553 3733 ut
2580 3674 2640 3731 in
2669 3674 2939 3753 AEgypto

521 3753 684 3813 nulla
723 3750 988 3831 apparuit
1030 3752 1314 3827 columna,
1347 3750 1420 3809 In
1471 3750 1703 3809 Canaan
1749 3768 1891 3809 vero
1940 3750 2113 3811 desiit
2156 3753 2432 3830 populum
2482 3753 2783 3813 comitari:
2843 3756 2937 3814 Ita

522 3835 660 3894 dum
689 3834 749 3891 in
777 3836 1034 3911 AEgypto
1067 3830 1272 3891 mundi
1297 3850 1612 3906 versamur,
1646 3830 1957 3890 salutarem
1986 3830 2169 3891 Verbi
2197 3833 2540 3910 columnam,
2572 3854 2701 3911 quae
2732 3835 2791 3893 in
2822 3836 2933 3894 Ec-

519 3915 697 3976 clesia
744 3914 975 3973 demum
1024 3911 1280 3990 erigitur,
1326 3912 1538 3971 habere
1585 3930 1703 3969 non
1730 3930 2054 3989 possumus,
2106 3912 2179 3971 In
2228 3913 2405 3973 Coelis
2449 3913 2678 3989 desinit,
2711 3916 2848 3992 quia
2874 3916 2936 3974 in

520 3996 708 4074 patria
734 3992 1049 4068 constituti,
1079 3992 1281 4071 procul
1306 3992 1382 4052 ab
1410 3991 1567 4051 omni
1618 3991 1875 4069 periculo
1929 4000 1988 4052 et
2034 3994 2281 4073 caligine
2309 3994 2501 4054 Deum
2528 3993 2674 4053 facie
2730 3996 2803 4054 ad
2852 3996 2935 4054 fa-

517 4078 666 4138 ciem
695 4074 1164 4153 contemplanteS,
1195 4093 1308 4133 non
1341 4071 1701 4132 ambulantes
1730 4072 1975 4151 amplius
2002 4093 2106 4151 per
2130 4074 2323 4150 fidem,
2355 4078 2392 4133 2
2414 4074 2543 4134 Cor.
2574 4094 2631 4134 v.
2665 4078 2719 4151 7,
2752 4076 2935 4135 Verbi

519 4158 649 4217 luce
675 4177 793 4217 non
820 4154 1068 4234 amplius
1094 4153 1484 4233 indigebimus
1507 4176 1521 4230 ;
1567 4152 1752 4212 sedin
1770 4152 1997 4213 deserto
2019 4162 2243 4214 tantum
2273 4154 2449 4233 hujus
2478 4156 2660 4215 seculi
2687 4165 2746 4216 et
2772 4176 2934 4234 pere·

519 4237 842 4315 grinatione
869 4244 1066 4297 nostra
1092 4254 1199 4295 nos
1228 4236 1549 4310 comitatur,
1601 4233 1785 4294 donec
1830 4232 1906 4293 ad
1956 4234 2279 4295 Canaanem
2319 4235 2612 4294 coelestem
2656 4256 2932 4314 pervene-

517 4336 715 4375 rimus.

512 4442 518 4447 .
597 4394 847 4454 XXIV.
893 4398 1024 4456 Non
1052 4398 1304 4457 absimili
1329 4397 1550 4457 ratione
1583 4398 1877 4456 Transitus
1899 4417 2008 4474 per
2033 4417 2196 4457 mare
2214 4395 2453 4456 mirifice
2484 4416 2614 4455 cum
2644 4395 2935 4473 baptismo

515 4481 711 4531 nostro
758 4478 1045 4553 convenit,
1076 4486 1135 4537 et
1181 4479 1426 4554 gratiam
1475 4478 1604 4555 ejus
1648 4476 1968 4537 adumbrat.
2054 4478 2203 4537 Nam
2232 4486 2296 4537 ut
2324 4478 2385 4535 in
2411 4476 2717 4554 baptismo,
2766 4484 2939 4553 prout

517 4552 657 4611 olim
677 4554 1061 4629 peragebatur
1075 4576 1179 4633 per
1205 4558 1631 4617 immersionem
1650 4566 1709 4618 et
1725 4557 2119 4634 emersionem,
2144 4558 2203 4616 in
2232 4576 2413 4635 aquas
2435 4555 2857 4631 descendendO,
2880 4566 2940 4615 et
