3234 5192
533 339 610 396 48
1287 357 1366 396 De·
1407 355 1771 429 necessarus.
1814 353 2159 396 secessmnn
2354 396 2362 402 ,
2570 329 2834 412 [masur.
2878 352 2943 392 11.

531 503 668 552 sunt
695 501 917 555 tantum
946 498 1072 574 ejus
1099 496 1354 574 effectus,
1379 499 1649 556 nimirum
1676 497 1765 555 illi
1792 497 1893 573 qui
1936 494 2227 572 pertinent
2260 491 2337 550 ad
2365 491 2694 550 secundam:
2780 491 2937 551 Istos

530 576 806 634 creaturis
834 597 1002 652 posse
1031 587 1090 636 et
1117 578 1324 637 debere
1353 578 1528 637 tribui
1557 578 1818 650 fatemur,
1872 575 1975 634 sed
2018 575 2151 632 illos
2194 591 2477 648 negamus
2500 593 2515 648 ;
2560 571 2655 629 hic
2682 591 2841 646 vero,
2870 581 2937 631 ut

530 663 748 728 notum,
781 657 972 733 agitur
998 657 1070 716 de
1099 658 1260 716 cultu
1287 659 1558 735 religioso
1589 658 1690 734 qui
1718 655 1951 732 respicit
1996 661 2159 712 actus
2187 651 2485 729 religionis
2514 651 2756 725 elicitos,
2788 671 2938 728 quos

531 735 822 794 Pontificii
849 736 1100 796 fatentur
1128 739 1234 796 soli
1267 739 1393 796 Deo
1441 737 1794 811 tribuendos,
1826 743 1885 794 et
1921 735 1995 792 de
2044 733 2269 792 actibus
2316 731 2627 808 imperatis,
2671 730 2773 807 qui
2801 741 2937 790 sunt

529 835 662 892 pars
689 816 1003 892 religionis,
1060 837 1177 875 non
1206 817 1278 876 de
1307 817 1532 875 actibus
1575 814 1886 892 imperatis,
1944 814 2051 892 qui
2086 813 2375 891 pertinent
2402 811 2478 870 ad
2506 809 2819 869 secundam
2850 819 2937 869 ta-

528 893 742 966 bulam,
775 905 833 953 et
861 897 961 972 qui
989 905 1124 954 sunt
1151 895 1389 954 effectus
1411 895 1725 972 religionis,

613 973 870 1032 XXIX.
919 975 1034 1033 Sed
1063 976 1200 1052 quia
1229 975 1518 1033 Pontificii
1553 975 1728 1032 ,varia
1754 973 2020 1049 excipere
2048 973 2236 1030 solent
2264 971 2324 1028 in
2353 970 2541 1046 specie
2569 990 2673 1046 pro
2702 969 2934 1028 invoca·

527 1052 684 1110 tione
719 1051 1076 1126 Sanctorum,
1105 1054 1181 1111 ad
1229 1053 1566 1112 diluendum
1615 1054 1831 1112 crimen
1874 1052 2231 1125 idololatriae,
2264 1050 2419 1126 quod
2474 1050 2589 1108 illis
2634 1058 2937 1126 propterea

528 1130 882 1207 impingitur,
928 1133 1156 1192 vanitas
1211 1134 1614 1210 exceptionum
1671 1132 1869 1209 paucis
1936 1140 2025 1190 est
2078 1130 2541 1188 demonstranda.
2603 1129 2652 1187 I.
2726 1129 2932 1206 Excip.

531 1210 854 1268 Ecclesiam
909 1213 1129 1271 cultum
1177 1222 1237 1272 et
1262 1213 1687 1273 invocationem
1714 1213 2054 1271 Sanctorum
2092 1219 2365 1285 tanquam
2400 1209 2601 1268 utilem
2630 1219 2689 1266 et
2714 1209 2927 1268 bonam

527 1290 916 1368 praescribere,
947 1292 1052 1351 sed
1081 1293 1224 1351 nihil
1280 1293 1519 1353 ulterius
1547 1293 1777 1368 addere,
1824 1291 1991 1370 quasi
2047 1289 2369 1348 necessaria
2422 1289 2515 1363 sit,
2546 1289 2639 1346 vel
2670 1288 2932 1346 absolute

526 1379 832 1447 praecepta.
919 1373 1016 1432 Sic
1066 1373 1388 1450 Episcopus
1431 1372 1869 1432 Condomiensis
1917 1371 2172 1447 loquitur
2218 1369 2278 1426 in
2320 1368 2505 1445 prima
2532 1368 2782 1426 editione
2812 1368 2931 1425 Ex·

528 1450 833 1528 positionis
863 1452 1190 1526 Catholicae,
1221 1474 1356 1530 pag.
1389 1457 1482 1513 33.
1572 1456 1607 1486 ‘⁶
1628 1453 1789 1511 Nihil
1816 1451 2085 1527 injustius
2122 1458 2211 1507 est
2250 1469 2423 1525 quam
2452 1448 2703 1524 objicere
2734 1448 2932 1505 Eccle-

529 1531 647 1604 siae,
679 1530 837 1607 quod
865 1541 1044 1591 totam
1071 1534 1343 1610 pietatem
1372 1533 1432 1590 in
1477 1533 1638 1591 cultu
1690 1532 2029 1590 Sanctorum
2058 1529 2387 1601 constituat,
2434 1547 2566 1585 cum
2593 1536 2793 1585 contra
2818 1546 2937 1585 non

527 1610 786 1685 imponat
811 1611 1054 1686 privatis
1083 1613 1260 1670 ullam
1289 1612 1703 1687 obligationem
1728 1610 1953 1687 praxim
1998 1609 2167 1667 istam
2213 1607 2563 1666 observandi
2582 1607 2637 1681 ;'’
2688 1615 2747 1665 et
2772 1606 2937 1666 addit

528 1688 762 1764 ibidem,
798 1692 834 1721 ‘⁴
853 1691 1051 1748 Verba
1079 1690 1320 1748 Concilii
1351 1690 1694 1765 notavimus,
1716 1689 1873 1767 quod
1901 1688 2041 1760 satis
2069 1689 2245 1747 habet
2273 1687 2499 1764 praxim
2526 1687 2697 1745 istam
2723 1686 2937 1744 bonam

525 1776 586 1826 et
615 1767 814 1826 utilem
843 1787 1065 1844 vocare,
1123 1789 1242 1826 non
1294 1768 1555 1827 docendo
1583 1770 1825 1828 ulterius
1880 1767 2037 1845 quod
2064 1768 2139 1827 sit
2192 1768 2515 1826 necessaria
2561 1775 2620 1826 et
2645 1775 2932 1843 precepta,

527 1846 682 1904 unde
709 1857 868 1924 patet
923 1849 1062 1907 satis
1085 1849 1253 1923 clare,
1287 1849 1606 1908 Ecclesiam
1635 1869 1751 1907 non
1795 1849 1939 1907 alios
1969 1847 2238 1906 damnare
2282 1867 2457 1923 quam
2489 1865 2605 1920 eoa,
2637 1846 2739 1922 qui
2764 1846 2839 1904 ab
2866 1866 2938 1904 ea

529 1926 806 1985 recedunt
832 1947 936 2004 per
961 1937 1370 2005 contemptum,
1429 1938 1487 1988 et
1539 1929 1873 1987 rebellionis
1926 1948 1995 1986 ac
2049 1927 2425 1986 dissensionis
2478 1926 2729 1984 anim0.''
2818 1925 2935 1984 Sed

530 2005 946 2084 qualiscunque
974 2009 1050 2067 sit
1077 2009 1285 2066 erroris
1312 2009 1481 2067 istius
1525 2008 1880 2082 incrustatiO,
1940 2017 2159 2067 certum
2214 2017 2303 2065 est
2332 2006 2439 2065 sub
2466 2005 2714 2064 utilitate
2743 2005 2934 2064 cultus

531 2085 699 2147 istius
727 2087 1126 2146 necessitatem
1159 2087 1392 2162 includi,
1444 2088 1601 2165 quod
1628 2097 1787 2165 patet
1815 2109 1889 2147 ex
1939 2088 2079 2164 ipsis
2103 2086 2346 2145 Concilii
2374 2084 2589 2143 decreti
2636 2084 2831 2142 verbis
2860 2083 2933 2143 de

531 2165 908 2225 Invocatione
938 2176 995 2226 et
1024 2167 1410 2226 Veneratione
1470 2169 1828 2243 Sanctorum,
1862 2167 1969 2226 &Q
2058 2167 2211 2225 Sess.
2243 2169 2340 2224 25.
2387 2164 2690 2222 “Mandat
2722 2164 2935 2223 Sancta

531 2245 806 2322 Synodus
833 2247 1098 2306 omnibus
1145 2248 1448 2324 Episcopis
1495 2257 1555 2306 et
1597 2249 1821 2307 caeteris
1868 2246 2111 2305 docendi
2140 2265 2349 2304 munus
2404 2244 2837 2318 sustinentibus,
2868 2252 2935 2302 ut

521 2326 700 2401 juxta
729 2327 1042 2385 Catholicae
1070 2337 1128 2386 et
1185 2327 1540 2404 Apostolicae
1570 2328 1847 2386 Ecclesiae
1864 2346 2049 2399 usum,
2080 2347 2115 2384 a
2143 2324 2435 2402 primaevis
2474 2323 2815 2382 Christianae
2842 2343 2932 2382 re-

529 2405 764 2481 ligionis
808 2407 1162 2483 temporibus
1205 2416 1516 2483 receptum,
1548 2405 1656 2466 810.
1686 2408 1747 2464 in
1766 2407 1967 2484 primis
1995 2406 2067 2465 de
2120 2407 2459 2464 Sanctorum
2504 2403 2929 2478 intercessione,

529 2483 911 2560 invocatione,
969 2495 1028 2544 et
1081 2487 1452 2564 reliquiarum
1505 2488 1739 2560 honore,
1792 2496 1850 2544 et
1909 2486 2169 2562 legitimo
2216 2484 2533 2560 imaginum
2574 2503 2703 2556 usu,
2732 2481 2933 2542 fideles

527 2563 840 2639 diligenter
865 2565 1168 2640 instruant,
1193 2565 1466 2624 docentes
1493 2586 1594 2624 eos
1626 2566 1868 2624 Sanctos
1896 2585 2013 2624 una
2038 2585 2169 2630 cum
2200 2564 2427 2622 Christo
2448 2571 2775 2640 regnantes,
2806 2581 2933 2620 ora-

530 2643 718 2702 tiones
747 2663 880 2703 suas
908 2665 1010 2722 pro
1037 2645 1367 2704 hominibus
1395 2645 1615 2720 offerre,
1646 2645 1864 2704 bonum
1918 2653 2090 2721 atque
2118 2645 2259 2703 utile
2314 2663 2441 2702 esse
2470 2642 2806 2719 simpliciter
2833 2661 2933 2700 eos

527 2723 817 2798 invocare,
849 2733 907 2783 et
933 2725 1008 2784 ob
1036 2724 1316 2784 beneficia
1343 2725 1701 2803 impetranda
1728 2745 1763 2782 a
1792 2725 1918 2784 Deo
1947 2745 2049 2800 per
2077 2724 2290 2782 Filium
2321 2723 2447 2800 ejus
2474 2723 2519 2782 J
2522 2742 2679 2781 esum
2714 2721 2931 2780 Christ·

532 2823 630 2862 um
661 2804 974 2864 Dominum
1001 2813 1278 2880 nostrum,
1336 2805 1438 2883 qui
1493 2806 1651 2864 solus
1704 2814 1901 2864 noster
1930 2804 2283 2881 Redemptor
2338 2813 2396 2861 et
2428 2803 2695 2861 Salvator
2722 2809 2827 2875 est,
2858 2800 2951 2858 ad.

527 2904 726 2943 eorum
784 2885 1087 2960 orationes,
1145 2906 1330 2964 opem,
1387 2886 1783 2962 auxiliumque
1839 2885 2165 2961 confugere.
2252 2883 2396 2942 Illos
2422 2903 2561 2940 vero
2590 2882 2689 2958 qui
2716 2889 2934 2958 negant

535 2964 794 3040 Sanctos,
827 2975 1040 3026 aeterna
1067 2967 1339 3026 felicitate
1369 2967 1428 3025 in
1457 2967 1602 3026 coelo
1632 2967 1902 3040 fruentes,
1942 2964 2297 3023 invocandos
2338 2983 2482 3038 esse,
2523 2962 2621 3020 vel
2648 2961 2749 3038 qui
2778 2979 2931 3018 asse-

532 3054 668 3104 runt
695 3065 794 3104 eos
842 3066 945 3123 pro
989 3047 1319 3106 hominibus
1361 3068 1480 3107 non
1523 3067 1703 3122 orare,
1746 3043 1853 3104 Sto.
1904 3045 2077 3122 impie
2126 3045 2337 3103 sentire
2357 3043 2413 3117 ;''
2464 3050 2523 3100 et
2572 3042 2679 3099 sub
2734 3039 2925 3114 finem,

531 3125 569 3156 ‘⁶
589 3123 637 3180 si
685 3125 816 3200 quis
855 3137 1048 3184 autem
1096 3127 1189 3186 his
1232 3127 1478 3186 decretis
1526 3126 1812 3186 contraria
1858 3125 2117 3183 docuerit
2165 3131 2263 3182 aut
2286 3121 2545 3195 senserit,
2604 3119 2937 3178 Anathema

533 3200 667 3258 sit.''
751 3201 896 3274 Quis
923 3223 1062 3260 vero
1090 3225 1166 3262 ex
1193 3206 1285 3262 his
1313 3225 1429 3263 non
1449 3206 1705 3280 colligat,
1736 3224 1854 3262 non
1894 3203 2066 3262 modo
2107 3203 2433 3272 utilitatem,
2466 3198 2569 3257 sed
2598 3206 2656 3255 et
2682 3199 2935 3256 necessi-

529 3287 711 3336 tatem
739 3279 929 3337 cultus
954 3281 1124 3338 istius
1152 3281 1395 3339 induci?
1477 3282 1646 3338 Alias
1674 3301 1776 3339 cur
1809 3282 2153 3356 juberentur
2202 3280 2482 3336 Doctores
2510 3276 2821 3350 diligenter
2846 3275 2937 3335 in·-

535 3365 755 3414 struere
783 3357 985 3416 fideles
1039 3358 1112 3416 de
1139 3359 1252 3415 hoc
1280 3358 1438 3417 cultu
1455 3362 1484 3416 ⁶?
1567 3359 1685 3416 Cur
1712 3359 2038 3416 dicerentur
2089 3357 2265 3431 impie
2312 3355 2541 3425 sentire,
2588 3353 2691 3429 qui
2716 3365 2937 3432 negant

537 3435 782 3493 Sanctos
809 3436 1164 3495 invocandos
1191 3456 1334 3511 esse,
1367 3446 1426 3496 et
1471 3435 1705 3512 quidem
1750 3455 1825 3494 ex
1851 3455 1963 3493 usu
2010 3433 2365 3510 Apostolicae
2394 3441 2453 3492 et
2480 3433 2791 3492 Catholicae
2822 3435 2933 3494 Ec-

535 3512 727 3572 clesiae
743 3516 772 3571 P
854 3515 970 3573 Cur
996 3516 1300 3575 anathema
1321 3516 1436 3574 illis
1465 3515 1907 3574 denunciaretur
1924 3516 1953 3571 ⁴?
2035 3515 2151 3574 Cur
2178 3521 2263 3572 tot
2284 3513 2790 3591 praescriberentur
2816 3523 2936 3573 tam

533 3593 780 3654 sollicite
835 3595 1036 3654 orandi
1063 3595 1321 3654 formulae
1338 3599 1367 3654 Ρ
1447 3596 1564 3654 Cur
1609 3593 1987 3673 indulgentiae
2014 3593 2311 3654 orantibus
2340 3593 2803 3668 concederentur,
2834 3615 2933 3654 ne-

535 3673 892 3752 gligentibus
919 3695 1058 3734 vero
1111 3675 1464 3752 poenitentiae
1517 3675 2005 3752 injungerentur?
2086 3679 2141 3734 2.
2186 3674 2261 3733 Id
2314 3674 2501 3752 ipsum
2552 3695 2667 3732 non
2696 3675 2937 3734 obscure

535 3754 836 3814 confirmat
867 3755 1242 3814 Catachiamus
1267 3757 1577 3830 Romanus,
1626 3756 1725 3831 qui
1753 3775 2025 3833 expresse
2063 3756 2204 3815 dicit
2232 3755 2679 3832 confugiendum
2708 3774 2834 3813 esse
2862 3753 2939 3812 ad

535 3835 782 3913 gratiam
816 3837 1173 3910 Sanctorum,
1206 3843 1264 3894 et
1289 3855 1391 3894 eos
1412 3835 1767 3895 invocandos
1796 3845 1855 3895 et
1876 3836 2147 3895 colendos
2176 3856 2321 3910 esse,
2342 3835 2541 3894 addita
2566 3835 2676 3892 hac
2696 3834 2933 3908 ratione,

533 3915 692 3994 quod
719 3915 1132 3992 protectionem
1179 3924 1238 3974 et
1291 3916 1532 3976 tutelam
1587 3916 1792 3975 salutis
1846 3925 2059 3976 nostrae
2108 3916 2440 3993 suscipiant.
2500 3913 2783 3988 Prqseaaz‘o
2793 3913 2943 3991 fidei

535 3995 896 4055 venerandos
923 4005 984 4055 et
1009 3995 1364 4055 invocandos
1393 4017 1518 4056 esse
1569 3995 1813 4055 Sanctos
1866 4017 1969 4074 per
1996 3997 2229 4054 modum
2277 3995 2548 4071 praecepti
2576 3992 2795 4052 statuit.
2879 3995 2937 4050 3.

535 4076 748 4135 Nullus
775 4078 966 4136 cultus
993 4075 1300 4153 religiosus
1326 4085 1518 4154 potest
1544 4077 1856 4154 praescribi,
1914 4076 2055 4152 quin
2102 4083 2356 4134 transeat
2410 4074 2469 4130 in
2498 4072 2747 4132 officium
2776 4070 2937 4129 debi-

535 4165 676 4231 tum‚
708 4156 865 4234 quod
891 4156 1133 4234 proinde
1161 4175 1276 4214 non
1305 4165 1395 4216 est
1419 4156 1592 4215 modo
1622 4156 1783 4231 utile,
1817 4154 1919 4213 sed
1947 4163 2004 4213 et
2032 4154 2436 4212 necessarium.
2480 4156 2537 4210 4.
2583 4151 2747 4210 Idem
2776 4151 2937 4210 evin-

535 4236 616 4294 cit
643 4237 838 4311 praxis
867 4247 1138 4296 constans
1183 4244 1242 4295 et
1269 4235 1614 4296 universalis
1673 4235 1969 4308 Ecclesiae,
1999 4253 2117 4292 non
2144 4231 2505 4310 quorundam
2558 4239 2803 4304 tantum,
2836 4230 2939 4288 sed

537 4315 790 4371 omnium
830 4318 1190 4392 populorum,
1221 4317 1323 4394 qui
1372 4316 1584 4392 ubique
1629 4315 1847 4373 cultum
1874 4315 2030 4372 hunc
2072 4321 2369 4390 usurpant,
2400 4321 2459 4371 et
2484 4331 2696 4388 magno
2726 4309 2937 4386 studio,

535 4400 809 4467 tanquam
837 4395 1148 4454 maximam
1176 4405 1396 4472 partem
1423 4393 1725 4472 religionis
1762 4414 1881 4452 suae
1910 4393 2121 4469 exequi
2150 4393 2356 4452 solent.
2422 4392 2579 4450 Hinc
2608 4390 2937 4462 Perrom'us,

535 4469 609 4557 in·
623 4489 773 4546 resp.
803 4470 879 4529 ad
904 4491 1097 4548 regern
1131 4475 1214 4534 M.
1259 4475 1594 4550 Britanniae,
1628 4474 1847 4532 cultum
1874 4473 2049 4532 istum
2094 4493 2211 4530 non
2264 4471 2437 4531 modo
2492 4480 2559 4531 ut
2583 4470 2803 4546 utilem,
2836 4469 2941 4528 sed

533 4556 706 4609 etiam
737 4557 800 4608 ut
829 4553 1228 4626 necessarium,
1256 4563 1443 4631 urget.

619 4627 843 4688 XXX.
889 4627 973 4687 ΙΙ.
1019 4631 1340 4708 Excipitur,
1375 4635 1411 4666 ‘⁴
1429 4633 1717 4693 orationes
1766 4632 1920 4710 dirig
1968 4631 2041 4690 ad
2094 4631 2339 4708 Sanctus
2388 4629 2590 4690 eodem
2640 4628 2939 4688 charitatis
