3234 5192
298 336 561 377 marum.
608 316 701 397 ι]
1100 334 1331 375 nosraa
1359 334 1435 373 ΑΒ
1465 334 1748 375 nccnnsu
1777 334 2042 377 nomn.
2637 318 2750 377 103

942 472 1063 532 XI.
1108 474 1309 553 Atque
1353 475 1489 535 hinc
1524 475 1649 552 jam
1693 482 1890 553 patere
1933 482 2143 553 potest,
2193 473 2336 551 quid
2377 492 2482 551 per
2517 484 2750 551 petram

298 556 459 608 Quid
487 569 575 629 1⁸3¹·
610 556 815 601 Petram
860 553 1165 631 designare
1214 555 1467 614 voluerit
1518 554 1768 631 Spiritus
1801 556 1881 630 S„
1921 556 2191 613 nimirum
2215 554 2403 631 ipsum
2434 554 2746 631 Christum,

364 613 738 677 ¹³²⁶¹¹¹3⁸t¹²²²
860 654 1032 711 quem
1061 654 1157 692 ore
1186 633 1482 693 confessus
1510 634 1698 694 fuerat
1726 635 1951 709 Petrus,
1999 644 2058 693 et
2085 653 2258 710 quem
2287 632 2458 691 corde
2487 634 2746 693 eredide-

296 722 425 790 rat,
464 715 571 791 qui
599 732 735 772 vere
765 721 855 773 est
882 715 1041 795 πίτςα
1066 714 1341 779 ἀνάλωτος
1368 725 1427 773 ει
1454 734 1628 791 rupes
1649 714 1990 790 seculorum,
2011 722 2210 773 contra
2236 732 2409 790 quam
2450 732 2558 771 nec
2585 714 2749 773 venti

297 794 733 867 tentationum,
764 814 873 852 nec
900 794 1110 853 fluctus
1147 794 1452 853 decumani
1498 795 1962 872 persecutionum
2005 792 2208 852 mundi
2256 792 2564 869 quicquam
2611 812 2744 869 pos·

299 884 487 949 sunt,
518 882 583 931 ut
612 872 929 951 saepissime
957 894 1026 932 eo
1053 874 1283 932 nomine
1326 874 1488 933 venit
1514 875 1573 932 in
1607 874 1920 967 Scriptura,
1970 874 2242 932 Deuter0.
2287 872 2476 931 xxxii.
2499 876 2555 948 4,
2589 872 2746 933 Psal-

300 954 519 1029 xviii„
554 952 669 1012 Isa.
700 954 865 1011 xxvi.
897 956 953 1029 4,
997 954 1208 1013 Matth.
1231 952 1333 1013 vii.
1364 958 1460 1013 24.
1500 954 1700 1031 Atque
1728 962 1811 1012 ita
1837 953 2004 1013 facile
2033 952 2412 1012 conciliantur
2439 952 2616 1011 variae
2643 972 2744 1012 ve-

302 1043 522 1093 terum
550 1034 853 1093 sententiae
882 1053 1052 1111 super
1072 1034 1183 1091 hoc
1204 1042 1563 1110 argumento.
1649 1032 1896 1108 Quidam
1925 1036 1994 1093 de
2027 1032 2249 1093 Christo
2277 1033 2398 1109 ipso
2426 1040 2744 1109 exponunt,

300 1123 381 1173 ut
414 1114 770 1189 Augustinus
796 1112 869 1171 de
890 1114 1086 1171 verbis
1136 1112 1373 1171 Domini
1395 1112 1712 1172 secundum
1754 1112 1991 1189 Matth„
2036 1113 2296 1173 Sex-mon.
2332 1114 2424 1171 13.
2499 1115 2535 1145 “
2561 1112 2748 1189 Super

300 1194 483 1253 hanc
509 1202 731 1271 petram
759 1213 932 1270 quam
961 1191 1258 1251 confessus
1304 1212 1383 1267 es,
1432 1212 1605 1269 super
1631 1194 1781 1251 hanc
1823 1202 2045 1271 petram
2087 1212 2262 1269 quam
2305 1190 2632 1269 cognovisti
2659 1190 2746 1250 di-

308 1293 491 1347 cena,
524 1274 613 1331 Tu
642 1294 699 1333 es
732 1274 1005 1348 Christus,
1036 1272 1221 1331 Fizim
1248 1274 1367 1331 Dei
1409 1273 1535 1348 vivi,
1583 1272 1882 1331 aedificabo
1939 1272 2260 1331 Ecclesiam
2309 1272 2558 1347 meam,''
2589 1270 2747 1348 quod

310 1352 639 1413 confirmat
661 1352 802 1411 alibi
832 1354 1057 1431 saepiuS,
1089 1353 1279 1411 Tract.
1314 1356 1447 1411 124.
1476 1352 1537 1409 in
1558 1350 1601 1412 J
1606 1352 1720 1427 oh.,
1746 1360 1803 1410 et
1831 1351 1904 1409 de
1922 1351 2203 1410 Trinitate
2220 1350 2322 1408 lib.
2345 1350 2406 1407 ii.
2434 1370 2558 1428 cap.
2578 1351 2744 1426 xvii„

314 1432 593 1491 Retract.
622 1432 726 1491 lib.
775 1432 814 1491 i.
865 1452 1008 1510 cap„
1034 1432 1201 1491 xxiv.
1243 1432 1569 1491 Ambrosius
1623 1432 1804 1489 Serm.
1835 1433 1931 1506 85,
1967 1433 2002 1464 “
2026 1431 2208 1489 Recte
2231 1448 2370 1505 ergo
2398 1430 2536 1505 quia
2583 1437 2748 1505 petra

316 1512 617 1587 Christus,
654 1512 855 1571 Simon
881 1520 1246 1589 nuncupatus
1274 1520 1364 1571 est
1392 1512 1619 1587 Petrus,
1653 1520 1717 1570 ut
1744 1510 1843 1587 qui
1873 1530 2004 1569 cum
2055 1509 2306 1568 Domino
2339 1506 2478 1566 fidei
2505 1508 2745 1567 societa-

314 1601 455 1651 tem
481 1592 738 1667 haberet,
770 1612 902 1650 cum
933 1592 1183 1651 Domino
1212 1592 1451 1651 haberet
1478 1590 1729 1649 nominis
1778 1590 2068 1649 Dominici
2115 1588 2415 1663 unitatem,
2438 1595 2505 1646 ut
2533 1588 2683 1647 sicut
2711 1608 2747 1647 a

318 1672 567 1731 Christo
634 1672 1013 1747 Christianus,
1084 1672 1169 1730 sic
1212 1691 1248 1729 a
1291 1679 1455 1749 petra
1500 1670 1729 1730 Christo
1781 1670 1988 1729 Petrus
2036 1668 2332 1747 apostolus
2380 1668 2744 1728 vocaretur.''

314 1752 531 1811 Hz‘lar.
555 1752 627 1811 de
657 1752 863 1811 Trinit.
891 1750 993 1810 lib.
1016 1750 1095 1827 ii.,
1124 1752 1160 1784 ‘⁸
1182 1750 1378 1811 Unum
1401 1770 1541 1829 ergo
1564 1759 1654 1810 est
1679 1749 1975 1808 immobile
1993 1748 2130 1809 fidei
2149 1748 2602 1823 fundamentum,
2623 1768 2740 1807 una

312 1832 460 1891 haee
506 1832 651 1890 felix
678 1840 841 1909 petra
886 1832 1042 1891 Petri
1072 1851 1169 1889 ore
1218 1830 1497 1903 confessa,
1550 1832 1636 1888 Τιι
1659 1850 1714 1889 οε
1741 1831 1928 1887 Filius
1953 1830 2073 1887 Dei
2088 1829 2255 1888 vivi.'’
2304 1828 2400 1887 Sic
2435 1830 2746 1887 Theodore-

320 1922 423 1971 ωε
454 1912 513 1969 in
564 1912 721 1971 Psal.
752 1912 917 1969 xlvii.
943 1933 957 1987 3
1004 1912 1243 1969 Hieron.
1286 1910 1361 1967 ad
1403 1910 1611 1968 Matth.
1637 1930 1762 1987 cap.
1793 1909 1893 1968 vii.
1919 1932 1932 1984 ;
1983 1908 2082 1967 alii
2110 1911 2180 1967 de
2203 1908 2538 1982 consessione
2563 1910 2748 1985 etfide

315 1992 499 2050 Petri
514 2014 529 2067 3
565 1992 847 2067 Chrysost.
872 1992 931 2049 in
960 1992 1019 2049 h.
1061 1991 1120 2064 l.,
1162 1992 1197 2023 ‘⁴
1220 2014 1299 2049 σπι
1327 2015 1483 2069 τινι-ῃ
1514 2016 1572 2070 τῃ
1616 2014 1793 2070 πιτςᾳ,
1823 2013 2046 2048 πυτ-ωτι
2074 2015 2134 2069 τῃ
2153 2012 2313 2047 ree-m
2340 2014 2424 2053 m
2454 1990 2743 2065 ὅαολογιιις,

320 2090 508 2149 super
536 2072 643 2129 hac
668 2079 850 2149 petra,
882 2071 943 2129 id
971 2080 1075 2145 est,
1101 2068 1213 2129 fide
1236 2070 1674 2128 confessionis.'’
1701 2070 1944 2146 Theoph.
1965 2070 2194 2147 pariter,
2219 2069 2254 2100 “
2273 2068 2398 2131 :am
2426 2068 2452 2131 ὁ
2479 2070 2744 2145 ‹ipo-Myle,

318 2154 377 2215 ἆυ
406 2151 733 2227 &poleym-as
765 2152 990 2227 θίμὶλιου
1012 2150 1187 2226 piane
1216 2174 1331 2209 mu
1356 2175 1449 2207 τω
1476 2173 1806 2224 rao-uuonan,
1836 2150 1960 2207 haec
1990 2147 2291 2222 confessio,
2322 2167 2496 2223 quam
2525 2146 2746 2207 confes-

324 2252 435 2291 sus
478 2252 559 2307 es,
600 2230 1035 2290 fundamentum
1080 2231 1190 2289 erit
1237 2230 1652 2289 credentium.”
1691 2229 1975 2303 Hilarius,
2005 2228 2086 2286 vi.
2125 2227 2198 2285 de
2247 2226 2472 2300 Trinit.,
2501 2226 2750 2303 “Super

322 2310 481 2371 hanc
512 2311 687 2389 igitur
736 2310 1111 2371 confessionis
1140 2318 1377 2386 petram,
1406 2308 1684 2369 Ecclesiae
1733 2307 2036 2367 aedificatio
2082 2308 2228 2365 est.’'
2275 2304 2444 2381 Quod
2491 2306 2748 2365 omnium

324 2392 550 2469 optime
578 2392 819 2468 exponit
846 2391 1098 2449 Basilius
1142 2390 1406 2448 Seleucioe
1432 2390 1493 2448 in
1520 2390 1578 2447 h.
1608 2389 1648 2447 l.
1697 2390 1732 2421 “
1756 2388 1928 2447 Hanc
1957 2386 2374 2447 confessionem
2405 2406 2534 2445 cum
2563 2386 2746 2445 nomi-

326 2479 530 2530 nasset
559 2470 823 2530 Christus
868 2480 1107 2547 petram,
1163 2468 1397 2527 Petrum
1419 2477 1715 2547 nuncupat
1753 2488 1902 2543 eum,
1933 2468 2034 2561 qui
2061 2468 2280 2544 primus
2309 2466 2466 2525 illam
2495 2474 2585 2525 est
2612 2486 2746 2525 con-

329 2550 541 2626 fessuS,
564 2550 789 2610 donans
816 2550 902 2609 illi
930 2552 1079 2609 hanc
1118 2549 1579 2627 appellationem,
1623 2558 1900 2626 tanquam
1949 2548 2178 2625 insigne
2207 2556 2266 2607 et
2313 2556 2747 2606 monumentum

326 2631 509 2709 hujus
530 2630 935 2707 confessionis;
966 2631 1091 2689 haec
1113 2628 1265 2687 enim
1296 2637 1386 2688 est
1406 2650 1607 2689 revera
1623 2628 1856 2707 pietatis
1877 2636 2057 2705 petra,
2077 2628 2202 2686 haec
2225 2626 2428 2685 salutis
2449 2627 2622 2701 basis,
2653 2627 2750 2686 hic

329 2710 470 2771 fidei
498 2731 713 2788 murus,
737 2710 845 2769 hoc
872 2710 1133 2769 veritatis
1148 2707 1599 2784 fundamentum,
1614 2708 2052 2767 fundamentum
2065 2708 2218 2766 enim
2242 2706 2400 2765 aliud
2420 2726 2589 2765 nemo
2606 2726 2748 2783 pon·-

328 2810 428 2849 ere
439 2799 630 2868 potest
642 2799 849 2867 praeter
866 2788 925 2848 id
947 2790 1103 2867 quod
1124 2790 1376 2867 positum
1394 2799 1500 2865 est,
1523 2789 1569 2848 J
1572 2808 1706 2847 esus
1725 2786 2045 2847 Christus.''
2072 2786 2166 2845 Sic
2187 2787 2396 2844 Isidor.
2420 2782 2630 2843 Pelusi.
2645 2785 2747 2844 lib.

328 2870 370 2930 i.
391 2871 559 2948 epist.
590 2874 707 2929 235
723 2894 737 2948 ;
768 2870 965 2947 cyrill.
978 2870 1079 2928 lib.
1102 2870 1202 2945 iv„
1230 2868 1383 2927 Dial.
1406 2888 1536 2927 cum
1561 2867 1831 2942 Hermia;
1867 2868 2074 2924 ΊἸιεοᾱ.
2091 2864 2193 2923 lib.
2223 2864 2282 2921 ii.
2313 2863 2374 2921 in
2393 2862 2557 2921 Cant.
2583 2862 2750 2922 Licet

336 2970 479 3009 vero
508 2950 704 3009 verbis
731 2950 1015 3025 differant,
1049 2969 1221 3009 sensu
1248 2958 1442 3006 tamen
1486 2955 1545 3004 et
1572 2947 1762 3023 reipsa
1803 2944 2158 3003 conveniunt
2206 2941 2336 3001 duae
2363 2941 2490 2999 istae
2519 2950 2746 3000 senten-

336 3030 454 3106 tiae,
486 3038 543 3089 et
570 3040 635 3089 ut
660 3030 919 3107 loquitur
945 3028 1333 3106 Augustinus,
1356 3026 1690 3085 locutionum
1701 3025 1824 3098 fixit
1839 3022 2148 3098 diversitas,
2179 3042 2292 3080 non
2330 3021 2747 3083 sententiarum.

334 3110 475 3169 Sive
532 3111 685 3169 enim
740 3110 815 3168 ad
843 3109 1260 3169 confessionem
1290 3116 1349 3166 et
1392 3105 1564 3165 fidem
1610 3105 1924 3163 referamus
1969 3122 2100 3161 cum
2146 3100 2577 3178 ChrysostomO,
2623 3101 2748 3161 sive

328 3190 409 3249 ad
435 3210 557 3249 rem
576 3190 669 3249 vel
691 3209 994 3267 personam
1013 3188 1371 3248 confessione
1394 3185 1774 3262 designatam,
1801 3183 2093 3242 Christum
2117 3181 2353 3257 scilicet,
2377 3189 2444 3240 ut
2462 3179 2748 3258 Augusti-

330 3290 445 3330 nus
472 3281 530 3329 et
558 3270 673 3347 alii,
704 3290 798 3329 res
825 3268 1029 3328 eodem
1057 3268 1241 3345 redit3
1286 3267 1423 3344 quia
1450 3285 1637 3343 neque
1667 3262 1970 3339 confessiO,
2001 3282 2188 3340 neque
2217 3262 2362 3321 fides
2389 3282 2492 3339 per
2520 3281 2582 3321 se
2611 3282 2745 3321 con-

330 3348 526 3409 ferunt
552 3350 628 3409 ad
656 3348 1093 3409 aedificationem
1118 3347 1413 3421 Ecclesiae,
1434 3346 1543 3405 nisi
1564 3343 1947 3421 metonymice
1975 3344 2195 3402 ratione
2225 3341 2453 3420 objecti,
2477 3342 2748 3401 nimirum

334 3430 568 3506 Christi,
600 3450 771 3507 quem
800 3430 1241 3507 amplectuntur.
1327 3428 1455 3485 Imo
1485 3426 1534 3485 si
1582 3424 1684 3502 qui
1712 3445 1786 3483 ex
1815 3422 2075 3499 patribus
2103 3422 2179 3481 ad
2209 3423 2443 3481 Petrum
2474 3422 2744 3499 referunt,

332 3530 451 3569 non
478 3520 597 3569 tam
626 3508 932 3569 attendunt
972 3510 1098 3587 ejus
1116 3528 1441 3585 personam,
1493 3526 1668 3583 quam
1677 3506 1860 3583 fidem
1901 3512 1960 3562 et
1988 3503 2320 3576 doctrinam,
2352 3521 2481 3577 quae
2505 3520 2656 3579 soepe
2685 3502 2747 3560 in

338 3589 581 3666 Scriptis
619 3610 817 3649 eorum
858 3588 1241 3665 metonymice
1288 3589 1488 3648 Petrus
1516 3586 1744 3659 dicitur,
1790 3602 1919 3659 quae
1961 3582 2072 3643 fuit
2112 3589 2170 3639 et
2212 3590 2302 3640 εει
2341 3580 2645 3658 hodieque,
2677 3602 2746 3640 ac

335 3688 562 3745 semper
589 3670 698 3730 erit
724 3669 1114 3727 firmissimum
1146 3668 1425 3726 Ecclesiae
1468 3666 1924 3725 fundamentum.

417 3748 572 3810 XII.
617 3750 739 3808 Nec
769 3748 852 3808 sic
881 3748 1137 3807 sentiunt
1158 3756 1379 3807 tantum
1400 3756 1609 3825 patres,
1644 3744 1746 3803 sed
1784 3739 2192 3821 quamplurimi
2221 3758 2327 3797 nec
2355 3737 2643 3815 ignobiles
2671 3758 2748 3799 ex

334 3828 697 3905 adversariis,
729 3848 973 3906 quorum
1027 3827 1127 3886 alii
1178 3826 1250 3885 de
1302 3827 1549 3901 Christo,
1594 3823 1695 3884 alii
1725 3824 1794 3883 de
1825 3822 1938 3881 fide
1977 3828 2036 3879 et
2079 3818 2438 3879 confessione
2469 3817 2625 3876 Petri
2643 3838 2748 3895 pe-

332 3918 483 3967 tram
510 3909 973 3988 interpretantur.
995 3910 1278 3985 Lyranus,
1314 3910 1350 3939 “
1376 3908 1561 3984 Super
1585 3906 1738 3964 hanc
1779 3911 2017 3983 petram,
2049 3918 2218 3976 quam
2255 3896 2552 3956 confessus
2580 3916 2660 3973 εε,
2691 3898 2750 3956 id

332 3998 423 4049 est
451 4009 623 4067 super
678 3987 1029 4049 Christum.''
1108 3988 1322 4047 Glossa
1348 3986 1537 4045 interl.
1572 3995 1806 4063 petram
1850 3982 2088 4059 exponit
2137 3978 2422 4039 Christum
2477 3977 2534 4033 in
2589 3996 2752 4054 quem

334 4070 533 4127 credis.
646 4070 723 4128 Et
778 4068 1083 4141 ordinaria,
1118 4071 1155 4101 “
1185 4068 1392 4126 Petrus
1450 4088 1484 4125 a
1530 4086 1624 4125 me
1679 4074 1858 4143 petra,
1917 4063 2000 4121 ita
2052 4070 2246 4119 tamen
2298 4064 2366 4115 ut
2420 4055 2562 4113 mihi
2615 4056 2748 4115 reti-

334 4168 502 4207 neam
530 4147 871 4227 dignitatem
902 4147 1277 4223 fundamenti,
1336 4154 1400 4204 tu
1429 4166 1600 4225 super
1626 4166 1720 4205 me
1756 4142 2050 4203 ordinabis
2097 4136 2318 4217 lapides
2347 4135 2619 4194 multos.’'
2655 4137 2751 4197 Sic

339 4229 669 4288 Cardinalis
697 4232 765 4287 de
792 4228 1032 4304 Alliam,
1076 4228 1253 4287 Joan.
1296 4227 1583 4285 Arboreus
1630 4224 1955 4299 Theosopk„
1984 4221 2086 4278 lib.
2119 4238 2174 4276 v.
2226 4235 2348 4293 cap.
2379 4235 2436 4307 y,
2477 4211 2754 4276 Pererius

334 4308 393 4366 in
428 4308 745 4382 Danielem,
772 4328 896 4385 cap.
918 4308 998 4383 ii.,
1023 4307 1123 4366 ubi
1147 4307 1315 4365 docet
1337 4305 1628 4365 Christum
1651 4302 1902 4380 lapidem
1921 4298 2054 4373 dici,
2077 4305 2200 4357 tum
2223 4294 2298 4353 ob
2319 4295 2464 4354 ahas
2485 4296 2753 4373 rationes,

332 4389 621 4527 ffimdqm’a
670 4398 751 4447 est
766 4396 957 4464 petra,
1004 4408 1175 4463 super
1202 4406 1372 4465 quam
1415 4394 1495 4443 est
1519 4386 1779 4459 fundata
1826 4378 2101 4454 Ecclesia,
2133 4374 2241 4437 &Q
2282 4384 2342 4437 et
2366 4375 2482 4437 huc
2507 4378 2758 4455 pertinet

335 4466 349 4481 '
403 4488 435 4526 u
508 4469 847 4546 vulgatum:

838 4626 1019 4685 Petra
1049 4626 1203 4683 dedit
1230 4627 1416 4699 Petro,
1450 4624 1654 4681 Petrus
1682 4622 1944 4678 diadema
1973 4618 2290 4695 Rodolpbo.
