3234 5192
510 323 625 380 358
1410 343 1487 381 DE
1547 343 1736 382 vn'rnA
1767 343 2034 384 cumsTO.
2537 323 2796 406 [Disrn'r.
2827 347 2909 386 1x.

508 491 717 539 essent.
804 483 930 556 Quo
960 482 1111 540 facto
1140 491 1355 542 tantam
1402 485 1658 542 exiliisse
1695 485 1886 544 statim
1917 506 2195 562 aquarum
2224 487 2464 562 copiam,
2495 506 2623 564 quae
2667 507 2780 545 non
2820 508 2910 546 so·

505 561 625 619 lum
656 562 883 620 abunde
913 562 1200 622 suffecerit
1242 564 1504 622 levandae
1536 565 1631 623 siti
1672 567 1940 642 praesenti
1985 567 2256 643 ipsorum,
2290 566 2393 624 sed
2420 575 2479 625 et
2529 568 2586 624 in
2634 567 2908 643 futurum,

504 643 669 718 aquis
699 643 813 700 illis
840 643 1113 719 populum
1153 664 1257 720 per
1304 645 1595 703 desertum
1643 646 2014 722 sequentibus
2043 656 2102 706 et
2143 647 2567 705 comitantibus.
2653 648 2780 722 Quo
2823 668 2910 706 re-

508 723 756 798 spiciens
782 723 1023 797 Psaltes,
1053 723 1206 781 Psal.
1226 724 1456 782 lxxviii.
1487 728 1576 799 15,
1600 724 1758 800 dicit,
1793 727 2032 784 “Deum
2055 728 2277 804 rupisse
2292 735 2486 803 petras
2507 727 2566 784 in
2586 726 2830 802 deserte,
2855 737 2915 787 et

498 811 699 878 potum
729 803 814 860 eis
844 802 1070 861 dedisse
1100 803 1159 860 in
1186 805 1564 879 voraginibus
1584 805 1832 881 magnis,
1918 806 2209 866 Eduxisse
2238 807 2394 864 rivos
2424 827 2455 865 e
2483 815 2662 883 petra,
2709 815 2767 866 et
2807 808 2906 866 de-

500 881 772 940 scendere
802 881 1005 940 fecisse
1033 891 1305 958 tanquam
1334 883 1573 942 flumina
1598 904 1703 960 per
1731 887 1967 961 aqua8.''
2053 887 2130 945 Et
2161 887 2314 946 Psal.
2346 906 2437 944 cV.
2467 891 2564 962 41,
2599 889 2634 920 “
2661 887 2909 964 Aperuit

496 962 777 1038 petram,''
804 962 1005 1038 inquit,
1055 963 1090 994 ‘⁶
1112 972 1169 1020 et
1197 962 1330 1021 inde
1378 963 1673 1022 fluxerunt
1717 985 1899 1042 aquae,
1950 965 2166 1025 fluenta
2215 978 2589 1026 cucurrerunt
2630 987 2735 1044 per
2780 968 2909 1026 loca

496 1041 714 1098 arida.'’
802 1041 879 1100 Et
910 1042 1062 1100 Psal.
1094 1041 1267 1117 cxiv.·,
1317 1045 1353 1076 “
1372 1044 1627 1102 Mutavit
1667 1064 1868 1121 rupem
1906 1045 1966 1103 iu
1988 1053 2256 1122 stagnum
2285 1066 2580 1124 aquarum,
2625 1055 2684 1106 et
2701 1067 2906 1106 saxum

497 1120 927 1179 adamantinum
956 1122 1017 1179 in
1058 1121 1274 1180 fontem
1304 1125 1639 1200 aquarum.'’
1724 1125 1846 1183 Nec
1875 1125 1989 1183 alio
2029 1127 2335 1202 pertinent,
2367 1146 2496 1203 quae
2538 1127 2710 1186 toties
2751 1128 2905 1204 apud

498 1202 731 1273 Isaiam,
764 1209 821 1260 et
849 1202 993 1260 alios
1024 1203 1343 1280 Prophetas
1372 1204 1642 1264 dicuntur
1669 1203 1742 1263 de
1784 1205 1948 1282 aquis
1978 1207 2421 1266 scaturientibus
2449 1206 2510 1264 in
2551 1207 2796 1282 deserte,
2839 1218 2906 1266 ut

498 1282 612 1340 Isa.
644 1283 745 1341 xli.
782 1285 872 1358 18,
904 1291 963 1342 et
989 1283 1133 1341 xliv.
1166 1287 1222 1342 3.

578 1363 686 1421 IV.
732 1362 880 1438 Quia
906 1384 1046 1422 vero
1090 1364 1182 1421 bis
1210 1365 1425 1424 mentio
1447 1365 1696 1424 occurrit
1735 1373 1912 1442 petrae
1941 1385 2227 1442 percussae
2270 1386 2305 1424 a
2333 1367 2518 1442 Mose,
2549 1387 2667 1425 non
2709 1366 2900 1441 mode,

499 1441 685 1501 Exod.
711 1444 873 1519 xvii„
905 1444 1009 1502 sed
1035 1451 1093 1502 et
1124 1445 1293 1502 Num.
1324 1465 1445 1519 xx„
1492 1444 1796 1518 Quaeritur,
1831 1447 1929 1503 An
1957 1446 2158 1504 eadem
2188 1448 2264 1506 sit
2289 1447 2531 1506 historia
2551 1451 2580 1506 ?
2609 1449 2706 1504 An
2736 1447 2904 1506 duae?

496 1523 743 1594 Quidam
773 1523 924 1582 idem
947 1543 1074 1582 esse
1104 1524 1440 1582 miraculum
1472 1533 1710 1582 censent
1745 1524 1836 1584 bis
1876 1535 2255 1585 memoratum
2284 1547 2318 1584 a
2349 1527 2531 1602 Mose,
2563 1527 2799 1586 brevius
2841 1529 2900 1585 in

496 1601 722 1675 Exod0,
754 1602 938 1660 fusius
966 1622 1106 1660 vero
1132 1604 1193 1660 in
1222 1603 1523 1676 Numeris;
1569 1605 1706 1679 quia
1733 1604 1884 1662 idem
1907 1604 2140 1664 videtur
2166 1625 2291 1664 esse
2333 1606 2496 1664 locus
2525 1606 2737 1666 deserti
2779 1608 2898 1683 Sin,

494 1681 583 1737 eui
616 1680 767 1738 idern
796 1700 1004 1739 nomen
1032 1683 1247 1740 Massae
1274 1692 1331 1740 et
1358 1683 1597 1740 Meribae
1626 1684 1952 1759 impositum
1987 1685 2078 1742 sit.
2165 1685 2288 1744 Nec
2315 1686 2626 1745 verisimile
2669 1688 2746 1746 sit
2786 1688 2901 1746 duo

493 1759 621 1817 loca
648 1780 683 1816 a
722 1779 1011 1818 murmure
1052 1761 1249 1838 populi
1299 1762 1381 1820 ita
1424 1762 1601 1820 fuisse
1648 1763 2032 1832 denominata,
2063 1765 2159 1822 vel
2187 1765 2464 1842 populum
2512 1766 2603 1824 bis
2645 1767 2706 1824 in
2747 1768 2900 1826 idem

492 1847 791 1915 peccatum
822 1840 1107 1898 incidisse.
1192 1840 1411 1899 Verum
1442 1841 1540 1898 alii
1561 1843 1774 1901 rectius
1803 1843 2168 1919 arbitrantur,
2211 1844 2454 1904 similem
2499 1847 2750 1922 quidem,
2797 1847 2901 1906 sed

492 1939 607 1976 non
656 1919 896 1977 eandem
952 1920 1200 1978 describi
1254 1921 1570 1980 historiam.
1679 1922 1843 1981 Licet
1897 1924 2048 1982 enim
2099 1925 2405 2001 utrobique
2453 1928 2902 1986 murmuraverit

492 1999 737 2074 populus
765 2020 882 2077 prae
932 1999 1045 2074 siti,
1078 2010 1135 2058 et
1176 1999 1401 2060 dederit
1450 2001 1611 2060 Deus
1640 2021 1846 2080 aquam
1877 2023 1952 2063 ex
2003 2005 2192 2079 Petra,
2241 2005 2290 2062 si
2319 2005 2763 2065 circumstantiae
2811 2008 2897 2065 lo-

490 2099 703 2153 corum,
733 2088 1073 2157 temporum,
1106 2090 1164 2138 et
1191 2101 1562 2157 personarum
1592 2083 1977 2159 attendantur,
2009 2084 2176 2142 facile
2204 2093 2362 2162 patet
2403 2086 2554 2144 inter
2581 2105 2642 2144 se
2684 2086 2896 2145 discre-

488 2177 643 2234 pare.
669 2163 720 2217 1'.
754 2159 909 2218 Loca
939 2168 1073 2218 sunt
1100 2160 1370 2219 diversa:
1414 2181 1547 2219 nam
1564 2163 1723 2239 prior
1739 2163 1984 2240 contigit
2012 2165 2072 2221 in
2103 2164 2431 2241 Rephidim,
2463 2165 2524 2222 in
2565 2184 2635 2222 ea
2677 2167 2898 2224 scilicet

488 2237 703 2297 deserti
735 2239 836 2296 Sin
866 2249 1045 2316 parte,
1078 2259 1207 2314 quae
1250 2241 1602 2299 contermina
1631 2250 1753 2300 erat
1798 2242 2102 2320 AEgypt03
2147 2253 2208 2302 at
2250 2246 2534 2320 posterior
2576 2244 2636 2300 in
2681 2245 2893 2304 Cades-

490 2315 683 2392 barne,
709 2338 837 2393 quae
862 2319 1053 2376 vicina
1082 2327 1206 2377 erat
1234 2321 1393 2396 regio
1442 2320 1749 2378 Palestinae
1791 2323 2086 2380 meridiem
2117 2341 2342 2380 versus.
2429 2324 2620 2380 Locus
2662 2323 2760 2380 ille
2789 2343 2898 2380 vo-

487 2405 649 2454 catur
677 2396 964 2455 desertum
983 2421 1058 2476 1¹⁸0
1095 2397 1214 2472 Sin,
1242 2398 1343 2455 sed
1372 2399 1479 2456 iste
1510 2419 1641 2457 cum
1671 2399 1858 2458 Tsade
1887 2419 1983 2470 ‘1⁹³-
2070 2401 2142 2457 In
2171 2401 2273 2460 illo
2293 2402 2516 2458 mansio
2545 2401 2653 2458 fuit
2695 2402 2895 2476 populi

484 2475 822 2552 undecima3
867 2477 970 2536 sed
1012 2477 1072 2534 in
1112 2477 1225 2535 isto
1268 2478 1563 2554 trigesima
1611 2479 1798 2537 tertia.
1883 2483 1939 2536 2.
1983 2479 2240 2553 Tempus
2290 2480 2464 2537 etiam
2514 2477 2717 2552 variat,
2759 2499 2892 2536 nam

482 2557 667 2632 prima
692 2555 1069 2615 murmuratio
1091 2557 1336 2634 contigit
1367 2558 1542 2634 paulo
1570 2566 1702 2635 post
1729 2559 1950 2616 exitum
1979 2579 2052 2616 ex
2083 2556 2365 2634 AEgyptO,
2412 2557 2514 2616 sed
2541 2557 2745 2616 ultima
2785 2559 2892 2616 sub

483 2636 657 2694 finem
685 2637 1179 2714 peregrinationis,
1213 2646 1271 2695 et
1299 2637 1549 2696 instante
1569 2639 1697 2713 jam
1726 2658 1876 2696 anno
1905 2638 2364 2714 quadragesime,
2397 2647 2456 2696 et
2482 2645 2613 2714 post
2649 2647 2894 2697 mortem

486 2715 709 2776 Mariae.
797 2721 853 2776 3.
900 2718 971 2775 In
998 2717 1100 2774 illa
1126 2717 1288 2775 nulla
1316 2716 1383 2776 fit
1402 2719 1617 2776 mentio
1649 2717 2067 2777 incredulitatis
2098 2718 2282 2775 Mosis
2311 2725 2369 2776 et
2399 2717 2670 2791 Aesonis,
2700 2719 2758 2774 in
2785 2719 2894 2777 ista

484 2805 730 2856 notatur.
832 2801 888 2856 4.
935 2797 1109 2855 Petra
1150 2797 1209 2855 in
1248 2806 1441 2856 monte
1492 2797 1696 2856 Horeb
1743 2817 2018 2874 percussa
2057 2805 2300 2856 vocatur
2339 2815 2438 2872 wize,
2484 2799 2610 2856 haec
2650 2807 2894 2856 vocatur

480 2885 594 2941 2²:0-
684 2881 738 2936 5.
786 2877 879 2936 Ibi
904 2877 1245 2938 miraculum
1266 2883 1597 2956 patraturus
1627 2878 1825 2936 Moses
1863 2878 2102 2954 jubetur
2143 2877 2266 2954 ipse
2311 2896 2507 2936 secum
2535 2896 2760 2937 sumere
2789 2879 2891 2936 ali-

480 2968 622 3036 quot
649 2979 679 3017 e
708 2957 1041 3017 Senioribus
1073 2957 1321 3033 Israe'liS,
1350 2957 1445 3016 hic
1464 2957 1747 3035 jubentur
1777 2959 1973 3016 Moses
2001 2967 2060 3016 et
2088 2957 2289 3015 Aaron
2319 2977 2673 3034 congregare
2706 2966 2890 3016 totum

482 3048 694 3098 coetum
721 3038 971 3097 filiorum
1000 3039 1232 3096 Israe'lis
1260 3038 1335 3096 ad
1388 3037 1663 3097 Petram:
1726 3037 1858 3096 Illic
1889 3039 2130 3116 jubetur
2159 3037 2359 3096 Moses
2409 3038 2641 3096 Petram
2687 3057 2890 3115 percu-

479 3126 617 3193 tere,
673 3118 770 3176 hic
816 3137 957 3177 vero
984 3138 1113 3176 eam
1162 3117 1397 3194 alloqui.
1514 3118 1649 3176 Illic
1700 3118 1874 3176 Petra
1929 3117 2106 3177 semel
2160 3125 2386 3176 tantum
2441 3117 2552 3175 fuit
2599 3137 2888 3194 percussa,

478 3197 573 3254 hic
595 3197 686 3256 bis
710 3219 725 3255 t
750 3197 882 3254 Illic
903 3197 1065 3255 locus
1084 3197 1273 3255 dictus
1295 3204 1383 3255 est
1414 3197 1613 3256 Massa
1640 3206 1701 3256 et
1731 3198 1973 3257 Meriba.
2061 3197 2178 3254 Hie
2199 3216 2338 3256 vero
2367 3204 2596 3256 tantum
2624 3219 2786 3257 ria-w
2827 3219 2884 3255 *a

476 3295 517 3333 a
556 3295 644 3334 uae
660 3296 769 3350 yur
808 3295 862 3333 n.

520 3297 634 3412 qV.
683 3355 747 3412 Si
764 3295 1065 3431 {uzei-atur
1090 3375 1276 3432 porro,
1302 3355 1377 3414 ad
1394 3375 1567 3432 quam
1592 3356 1894 3416 historiam
1923 3357 2193 3434 respiciat
2223 3357 2439 3416 Paulus
2455 3359 2486 3415 ⁴?
2527 3357 2890 3435 Responderi

478 3433 711 3512 quidem
759 3442 950 3510 potest
994 3455 1109 3492 non
1157 3435 1535 3510 incommode,
1588 3437 1664 3495 ad
1719 3445 2022 3514 utramque
2071 3437 2413 3514 respexisse,
2466 3457 2596 3496 cum
2645 3445 2890 3514 utraque

478 3524 656 3592 typus
684 3513 857 3571 fuerit
884 3513 1051 3572 istius
1078 3515 1357 3592 mysterii.
1448 3514 1563 3574 Sed
1591 3516 1909 3593 praesertim
1937 3516 2010 3573 ad
2039 3517 2280 3592 primam
2303 3526 2552 3576 mentem
2573 3517 2888 3576 intendisse

476 3595 677 3671 colligi
704 3600 910 3670 potest,
942 3601 1065 3652 tum
1108 3613 1184 3652 ex
1231 3614 1419 3672 poena,
1470 3615 1600 3672 quae
1649 3596 2158 3655 murmurationem
2207 3597 2376 3654 istam
2427 3605 2626 3656 secuta
2679 3597 2892 3656 dicitur

474 3696 650 3734 versu
679 3673 960 3752 sequenti,
992 3682 1050 3732 et
1078 3673 1249 3732 aliam
1292 3676 1601 3734 antecessit
1626 3699 1640 3750 ς
1684 3685 1807 3735 tum
1836 3695 1910 3733 ex
1939 3695 2008 3733 eo
2048 3675 2203 3752 quod
2231 3685 2396 3752 petra
2435 3677 2650 3736 dicitur
2669 3697 2768 3736 eos
2798 3697 2884 3736 se-

476 3765 625 3828 cuta,
657 3754 814 3833 quod
836 3754 1095 3832 apposite
1126 3754 1393 3831 congruit
1416 3756 1581 3832 aquis
1610 3757 1672 3813 in
1713 3755 1915 3814 itinere
1944 3776 2048 3832 per
2073 3755 2362 3814 desertum
2394 3757 2670 3834 populum
2711 3758 2884 3815 comi-

470 3837 749 3894 tantibus.

555 3915 665 3974 VI.
712 3913 1001 3991 Quaeritur
1062 3933 1249 3992 porr0,
1320 3915 1597 3989 Quaenam
1659 3914 1831 3974 fuerit
1877 3916 2051 3975 Petra
2095 3915 2214 3991 illa,
2273 3937 2350 3974 ex
2405 3935 2522 3993 qua
2569 3916 2890 3976 biberunt?

474 4005 533 4054 et
560 4015 736 4074 quare
765 3995 1077 4072 spiritualis
1119 3995 1345 4054 dicatur
1362 3999 1391 4054 ?
1474 3995 1723 4070 Quidam
1750 3997 1957 4055 volunt
2013 3996 2097 4054 sic
2124 3996 2416 4072 designari
2443 4001 2584 4054 κατὰ
2625 4002 2683 4054 τὶ
2736 4002 2884 4078 ῥητὴ,

473 4084 531 4134 et
579 4075 823 4153 proprie,
878 4076 1109 4134 Petram
1152 4075 1475 4150 mysticam,
1522 4075 1793 4133 nimirum
1840 4076 2120 4135 Christum
2177 4076 2382 4153 ipsum,
2435 4077 2590 4135 unde
2641 4079 2886 4135 salutem

470 4156 743 4215 hauriunt
771 4175 969 4214 omnes
1015 4155 1345 4232 Credentes,
1377 4155 1477 4233 qui
1522 4173 1626 4232 per
1653 4155 2016 4215 divinitatem
2044 4165 2183 4215 tunc
2224 4157 2365 4233 ipsis
2413 4156 2628 4232 aderat,
2661 4166 2720 4215 et
2748 4177 2882 4214 nus-

471 4255 643 4311 quam
675 4236 888 4310 aberat,
920 4235 1133 4314 quique
1162 4235 1223 4293 in
1250 4243 1374 4294 toto
1415 4236 1619 4294 itinere
1664 4235 1828 4293 varia
1854 4235 2135 4295 'beneficia
2161 4236 2489 4314 praestando
2517 4255 2618 4295 eos
2646 4237 2884 4294 comita-

468 4315 673 4388 batur;
718 4315 833 4375 Vel
862 4315 1053 4375 Deum
1081 4317 1289 4394 ipsum,
1320 4316 1420 4393 qui
1468 4316 1641 4374 Petra
1685 4324 1743 4374 et
1784 4316 1982 4394 Rupes
2028 4337 2180 4393 saepe
2225 4317 2436 4375 dicitur
2463 4317 2522 4374 in
2569 4317 2881 4394 Scriptura,

468 4395 635 4470 cujus
664 4395 943 4454 beneficio
970 4395 1125 4454 hunc
1168 4405 1369 4473 potum
1410 4396 1702 4455 consecuti
1755 4405 1907 4471 sunt,
1937 4403 2002 4455 ut
2030 4397 2359 4473 praepositio
2409 4396 2458 4454 ἐκ
2503 4416 2620 4455 non
2650 4415 2884 4455 causam

470 4473 824 4532 materialem
850 4483 1030 4550 notet,
1065 4475 1167 4533 sed
1188 4475 1545 4551 efficientem,
1576 4484 1644 4534 ut
1671 4475 1812 4534 alibi
1837 4497 1954 4535 non
1997 4476 2212 4552 seme13
2261 4476 2356 4534 Sic
2387 4478 2438 4534 ἔκ
2468 4476 2674 4557 Hie-gaf,
2707 4477 2767 4534 id
2797 4485 2886 4534 est

471 4573 510 4610 a
539 4553 734 4625 Petra,
764 4551 861 4610 vel
892 4553 1035 4623 Deo,
1068 4555 1165 4611 vel
1214 4554 1443 4614 Christo
1484 4575 1684 4614 eorum
1727 4555 1962 4615 ductore
2007 4557 2066 4614 in
2095 4555 2341 4630 deserto,
2395 4565 2451 4614 et
2501 4577 2665 4632 aquae
2716 4556 2884 4614 istius

471 4631 729 4691 authore.
820 4631 933 4688 Sed
962 4633 1151 4690 minus
1180 4635 1439 4709 apposite
1469 4635 1577 4692 hoc
1605 4635 1832 4710 dicitur,
1864 4635 1999 4711 quia
2029 4637 2111 4693 sic
2139 4645 2303 4712 petra
2330 4636 2661 4712 praecedens
2689 4637 2884 4713 potius
