3234 5192
496 313 612 372 296
1201 326 1280 368 ns
1307 326 1520 367 rmsus
1546 326 1827 367 rsssrmus
1854 326 2242 369 coenssrmus.
2554 308 2815 391 [msrur.
2846 331 2909 373 v.

487 492 602 549 per
627 490 839 548 aquam
866 479 920 529 et
943 469 1285 546 sanquinem,
1316 469 1454 528 nim.
1499 469 1574 527 ad
1613 467 1846 545 plenam
1872 468 2274 547 purgationem
2301 476 2667 546 peccatorum
2697 470 2909 532 facien·

500 552 650 626 dam,
667 572 779 628 per
795 550 1124 627 sanquinem
1141 550 1216 608 ad
1235 559 1428 609 reatus
1445 548 1811 619 ablationem,
1824 569 1939 625 per
1955 569 2166 627 aquam
2183 548 2259 607 ad
2277 550 2520 609 maculae
2537 551 2910 629 ablutionem,

497 652 600 711 per
643 632 911 691 meritum
959 630 1259 707 sanguinis
1307 629 1382 687 ad
1419 628 1910 706 justificationem,
1942 638 2002 688 et
2043 649 2147 707 per
2189 628 2497 688 efficaciam
2548 631 2796 709 Spiritus
2837 632 2915 692 ad

501 711 1030 771 sanctificationem.
1117 710 1240 768 Nec
1268 710 1382 768 alio
1419 709 1655 785 respicit
1682 709 1841 785 quod
1878 708 2055 784 addit,
2086 730 2208 767 ver.
2243 712 2335 785 11,
2369 710 2561 770 “Hoc
2587 730 2715 771 esse
2751 712 2916 771 testi-

499 793 758 852 monium
790 791 918 865 Dei,
948 788 1107 866 quod
1136 788 1298 847 Deus
1325 788 1549 847 dederit
1575 789 1745 847 nobis
1765 789 1964 863 vitam,
1996 796 2055 847 et
2082 790 2238 866 quod
2266 790 2392 849 haec
2418 790 2542 849 vita
2568 791 2645 850 sit
2671 793 2734 851 in
2762 792 2917 851 Filio

503 873 688 949 ejus.''
774 871 1060 929 Nimirum
1087 878 1153 928 ut
1179 868 1386 928 doceat
1409 868 1520 927 Dei
1549 868 1886 927 charitatem
1916 888 2056 946 erga
2080 889 2188 928 nos
2214 870 2277 927 in
2304 890 2373 929 eo
2400 870 2747 947 patefactam
2768 892 2913 949 esse,

500 952 659 1029 quod
686 950 871 1023 nobis,
903 949 1104 1008 electis
1131 948 1254 1007 scil.
1285 956 1343 1007 et
1369 947 1657 1023 fidelibus,
1690 945 1823 1025 (nec
1865 950 2017 1008 enim
2046 949 2177 1008 aliis
2203 950 2387 1009 vitam
2406 951 2698 1032 largitur,)
2733 954 2915 1011 vitam

505 1032 643 1091 dare
671 1029 937 1104 voluerit,
983 1037 1042 1088 et
1068 1048 1187 1087 non
1211 1028 1352 1087 alibi
1381 1048 1554 1106 quam
1582 1028 1644 1085 in
1674 1028 1904 1087 Christo
1945 1030 2127 1088 vitam
2168 1030 2338 1089 istam
2378 1031 2675 1108 locaverit,
2725 1040 2792 1091 ut
2832 1032 2917 1093 sic

503 1112 696 1188 reipsa
743 1117 1092 1188 agnoscatur
1136 1109 1341 1168 unicus
1369 1117 1428 1168 et
1454 1108 1743 1186 perfectus
1792 1109 2073 1168 Ecclesiae
2123 1110 2493 1188 Redemptor,
2538 1120 2705 1171 extra
2744 1132 2915 1190 quem

504 1191 668 1251 nulla
695 1190 792 1249 vel
820 1189 1052 1266 sperari,
1082 1188 1180 1247 vel
1205 1189 1408 1247 haberi
1427 1196 1620 1267 potest
1642 1189 1817 1249 salus.
1902 1189 2051 1248 Haec
2078 1199 2167 1250 est
2184 1210 2408 1249 summa
2436 1192 2765 1269 Evangelii,
2788 1213 2917 1270 quae

505 1272 676 1331 nobis
705 1269 992 1329 credenda
1017 1270 1371 1347 proponitur,
1403 1279 1462 1328 et
1483 1270 1593 1343 cui,
1626 1268 1701 1327 ad
1728 1270 1896 1346 plene
1924 1270 2263 1329 firmandam
2312 1272 2486 1331 fidem
2530 1282 2802 1348 nostram,
2841 1292 2916 1331 ne

507 1352 630 1413 ulla
673 1350 978 1410 dubitandi
1025 1369 1200 1409 causa
1246 1350 1511 1427 supersit,
1563 1358 1681 1407 tam
1737 1350 2129 1427 irrefragabile
2184 1351 2577 1411 testimonium
2629 1352 2917 1430 perhiberi

509 1432 697 1491 voluit
723 1439 782 1489 et
809 1430 870 1488 in
898 1430 1045 1488 coelo
1067 1438 1127 1488 et
1152 1430 1214 1489 in
1233 1438 1404 1490 terra.
1487 1428 1791 1503 Quomodo
1817 1438 2011 1488 autem
2038 1431 2432 1489 testimonium
2460 1432 2614 1491 istud
2634 1433 2863 1491 Christo
2887 1451 2923 1490 a

507 1512 754 1572 testibus
781 1510 910 1569 istis
938 1510 1270 1569 coelestibus
1291 1510 1367 1569 sit
1391 1509 1699 1583 redditum,
1731 1509 1782 1566 si
1809 1511 2101 1584 quaeritur,
2147 1511 2279 1569 Non
2308 1510 2537 1569 difficile
2566 1519 2655 1570 est
2681 1531 2917 1587 respon-

509 1592 664 1666 dere,
694 1591 910 1649 factum
937 1590 999 1647 id
1039 1589 1321 1663 bifariam,
1352 1596 1412 1647 et
1449 1590 1613 1647 aerbo
1664 1596 1724 1646 et
1750 1608 1934 1663 opere.
2018 1589 2098 1647 Et
2138 1589 2213 1647 ad
2242 1590 2472 1647 Patrem
2501 1588 2731 1665 quidem
2762 1589 2920 1665 quod

509 1680 749 1751 spectat,
779 1689 896 1727 non
938 1669 1116 1728 semel
1143 1669 1435 1728 inducitur
1474 1676 1695 1727 testans
1724 1666 1796 1725 de
1826 1667 2093 1742 Christo;
2137 1668 2277 1727 Joh.
2320 1688 2378 1727 v.
2419 1672 2513 1743 37,
2562 1670 2598 1699 ‘⁸
2621 1668 2733 1741 Qui
2761 1669 2921 1730 misit

509 1772 604 1811 me
635 1752 824 1825 Pater,
855 1750 978 1825 ipse
1007 1748 1080 1806 de
1107 1768 1198 1806 me
1247 1747 1641 1807 testimonium
1681 1746 2033 1824 perhibuit,'’
2079 1755 2138 1805 et
2165 1747 2305 1806 Joh.
2350 1747 2473 1807 viii.
2528 1748 2619 1822 18,
2670 1752 2705 1781 “
2728 1748 2915 1808 Testi-

509 1831 770 1891 monium
803 1829 1068 1906 perhibet
1107 1828 1178 1885 de
1225 1846 1318 1885 me
1361 1827 1462 1903 qui
1504 1826 1663 1885 misit
1690 1846 1782 1883 me
1832 1826 2061 1899 Pater,'’
2123 1827 2279 1903 quod
2320 1826 2474 1901 fecit,
2526 1827 2677 1886 Tum
2717 1830 2913 1906 Verbo,

513 1910 724 1990 partim
751 1907 1097 1981 immediate,
1127 1926 1272 1965 voce
1301 1906 1528 1965 coelitus
1570 1905 1769 1964 audita
1808 1925 1925 1965 non
1964 1907 2159 1982 semel,
2192 1908 2402 1967 Matth.
2446 1907 2527 1966 iii.
2564 1911 2655 1981 17,
2686 1918 2746 1968 et
2772 1910 2916 1968 xvii.

515 1994 572 2067 5,
603 1991 647 2050 J
650 1990 743 2048 oh.
785 1989 888 2047 xii.
919 1989 1014 2061 28,
1045 1986 1254 2063 partim
1293 1986 1533 2044 mediate
1559 2005 1665 2063 per
1692 1986 1925 2045 oracula
1954 1986 2390 2065 Prophetarum,
2421 1996 2479 2047 et
2507 1988 2583 2047 V.
2614 1989 2680 2048 T.
2706 1990 2920 2067 scripta

513 2090 646 2148 quae
675 2069 747 2127 de
790 2068 1019 2127 Christo
1045 2066 1423 2140 testabantur,
1453 2066 1593 2125 Joh.
1637 2085 1695 2126 v.
1726 2069 1821 2142 46,
1853 2065 1991 2127 Act.
2034 2084 2093 2127 x.
2138 2071 2235 2144 43,
2280 2076 2339 2128 et
2384 2088 2489 2146 per
2514 2069 2557 2128 J
2562 2069 2654 2127 oh.
2686 2070 2918 2147 Baptis-

513 2158 591 2212 ιω
647 2148 1057 2220 testimonium,
1113 2145 1157 2204 J
1160 2146 1253 2203 oh.
1309 2145 1347 2203 i.
1384 2148 1439 2222 6,
1498 2150 1552 2221 7,
1600 2148 1637 2179 ‘⁸
1656 2146 1795 2205 Fuit
1846 2147 2020 2205 homo
2073 2148 2287 2208 missus
2334 2168 2371 2207 a
2399 2149 2542 2224 Deo,
2574 2150 2667 2208 cui
2711 2169 2923 2215 nomen

513 2230 557 2291 J
560 2230 834 2301 ohanneS,
857 2225 973 2283 Hic
990 2225 1152 2283 venit
1171 2232 1238 2283 ut
1258 2226 1651 2285 testimonium
1672 2226 1995 2302 perhiberet
2018 2227 2089 2286 de
2111 2229 2385 2305 lumine,'’
2408 2226 2545 2305 &c.;
2566 2229 2715 2289 Tum
2742 2236 2923 2306 Opere

514 2327 618 2386 per
645 2325 820 2382 opera
847 2305 948 2363 illa
973 2304 1151 2378 varia,
1194 2325 1325 2382 quae
1365 2306 1426 2363 in
1455 2306 1701 2382 gratiam
1741 2306 1956 2365 Christi
1981 2306 2134 2381 fecit,
2178 2308 2295 2369 imo
2341 2328 2471 2385 quac
2496 2329 2601 2387 per
2629 2310 2921 2369 Christum

513 2388 706 2464 ipsum
753 2392 814 2443 et
865 2384 927 2441 in
957 2382 1186 2441 Christo
1212 2385 1498 2463 praestitit,
1529 2385 1572 2444 J
1576 2386 1670 2444 oh.
1713 2385 1837 2445 xiv.
1871 2388 1963 2444 10.
2009 2388 2045 2419 “
2069 2386 2244 2446 Pater
2283 2388 2344 2446 in
2384 2408 2476 2446 me
2517 2408 2757 2448 manens
2796 2391 2921 2468 ipse

513 2466 654 2525 facit
682 2484 716 2521 o
757 2482 854 2521 era
878 2464 934 2537 ;’'
967 2462 1084 2521 Cur
1135 2466 1290 2523 enim
1343 2465 1618 2524 virtutem
1675 2484 1837 2523 suam
1878 2474 1939 2525 et
1966 2465 2229 2542 gloriam>
2260 2466 2489 2525 Christo
2544 2467 2799 2528 dedisset
2847 2470 2923 2529 ad

513 2484 797 2625 pati-auga
823 2551 912 2602 tot
949 2550 1226 2619 tantaque
1261 2544 1555 2618 miracula,
1605 2544 1720 2602 nisi
1747 2552 1813 2603 ut
1852 2544 2215 2604 divinitatem
2262 2546 2583 2605 vocationis
2631 2548 2757 2624 ejus
2786 2569 2920 2607 con-

511 2626 784 2698 firmaret,
829 2631 889 2682 et
929 2622 1180 2699 quodam
1208 2626 1394 2685 veluti
1419 2624 1615 2703 sigillo
1643 2624 1905 2702 apposito
1927 2624 2277 2701 obsignaret,
2308 2626 2351 2685 J
2355 2626 2448 2683 oh.
2479 2626 2558 2685 vi.
2590 2630 2663 2685 27
2685 2630 2715 2686 9
2801 2628 2919 2689 Sed

513 2722 792 2784 magnum
819 2711 878 2763 et
932 2702 1269 2765 admirabile
1324 2725 1470 2783 opus
1513 2704 1723 2778 Patris,
1767 2724 1883 2780 quo
1932 2702 2005 2763 de
2053 2704 2283 2764 Christo
2338 2713 2398 2764 et
2426 2706 2552 2781 ejus
2594 2706 2920 2785 Evangelio

513 2792 760 2847 testatus
788 2790 894 2861 est,
925 2782 1036 2844 fuit
1075 2786 1278 2881 procul
1325 2785 1503 2846 dubio
1531 2784 1731 2844 missio
1778 2785 1905 2861 ejus
1944 2784 2007 2842 in
2046 2785 2327 2844 mundum
2374 2805 2505 2862 quac
2546 2786 2717 2846 nobis
2759 2788 2921 2847 lucu·
3026 2782 3039 2792 ’

512 2869 701 2928 lenter
753 2883 1037 2925 summam
1078 2886 1205 2944 ejus
1241 2886 1382 2945 erga
1434 2884 1541 2925 nos
1582 2864 1937 2940 charitatem,
1995 2871 2055 2924 et
2096 2864 2353 2925 divinam
2380 2864 2584 2925 salutis
2626 2866 2923 2946 dispensa-

510 2948 731 3009 tionem
757 2945 1041 3007 exhibuit.
2280 2959 2289 2967 '

835 3079 851 3097 ,
1122 3026 1309 3086 XVI.
1358 3024 1661 3085 Secundus
1688 3025 1835 3083 testis
1861 3024 2023 3097 Λόγος
2050 3032 2156 3102 est,
2187 3024 2288 3103 qui
2314 3043 2433 3083 non
2461 3027 2639 3087 semel
2664 3027 2777 3087 hoc
2818 3048 2921 3089 no·

516 3080 933 3189 Quoaozlssssy„
947 3086 1000 3126 θ*
1040 3106 1194 3165 mine
1223 3106 1562 3183 designatur
1587 3105 1649 3163 in
1679 3102 1759 3164 V.
1789 3104 1858 3163 Τ.
1889 3106 2006 3164 Isa.
2061 3105 2143 3165 lv.
2187 3108 2243 3181 4,
2306 3104 2459 3164 “En
2481 3114 2689 3167 testem
2736 3108 2918 3168 natio-

1041 3206 1180 3246 num
1230 3186 1519 3245 constituo
1549 3184 1741 3259 eum,''
1770 3192 1830 3242 et
1856 3185 1917 3242 in
1966 3184 2137 3244 Novo
2185 3194 2310 3244 tum
2342 3185 2455 3260 hic,
2502 3194 2625 3245 tum
2666 3187 2807 3247 Joh.
2834 3188 2920 3249 iii.

521 3269 614 3341 11,
673 3276 732 3326 et
775 3267 962 3344 Apoc.
1005 3266 1086 3324 iii.
1136 3267 1227 3340 14,
1289 3268 1324 3297 ‘⁸
1346 3264 1538 3324 Testis
1577 3262 1769 3322 fidelis
1810 3272 1870 3322 et
1908 3283 2107 3338 verax,
2150 3265 2253 3341 qui
2293 3265 2354 3322 in
2401 3265 2461 3323 id
2490 3267 2721 3342 genitus
2748 3276 2839 3327 est
2864 3276 2925 3328 et

515 3346 681 3405 venit
719 3344 782 3402 in
823 3343 1119 3419 mundum,
1161 3350 1230 3401 ut
1267 3343 1662 3402 testimonium
1702 3342 1971 3402 redderet
1995 3344 2285 3420 veritati‚”
2314 3352 2381 3403 ut
2405 3344 2706 3422 profitetur
2730 3344 2924 3407 co'ram

516 3424 726 3498 Pilato,
771 3424 814 3483 J
817 3425 912 3483 oh.
953 3422 1119 3481 xviii.
1170 3425 1267 3481 37.
1318 3422 1589 3481 Testatus
1631 3429 1721 3480 est
1762 3430 1955 3481 autem
2002 3422 2267 3483 Christus
2295 3424 2432 3502 λέγῃ
2457 3430 2548 3483 καὶ
2586 3422 2709 3506 i'qu
2749 3427 2923 3487 dictis

519 3512 580 3565 et
606 3503 809 3580 factis3
855 3504 934 3563 Et
960 3501 1118 3561 dictis
1145 3501 1346 3578 prim0,
1377 3501 1610 3577 quando
1648 3501 2017 3578 evangelium
2046 3520 2213 3561 suum
2242 3523 2317 3562 ex
2346 3505 2475 3564 sinu
2504 3510 2703 3565 aeterni
2733 3507 2923 3567 Patris

519 3584 688 3644 nobis
715 3583 926 3658 attulit,
951 3591 1010 3642 et
1036 3581 1354 3641 voluntatis
1375 3581 1504 3658 ejus
1529 3580 1641 3640 fuit
1666 3580 1966 3657 interpres,
1996 3600 2099 3658 per
2124 3601 2299 3659 quem
2329 3584 2501 3644 Pater
2528 3604 2635 3645 nos
2662 3595 2751 3646 est
2778 3587 2921 3647 allo-

521 3672 754 3742 quutus,
801 3664 845 3723 J
849 3664 941 3721 oh.
995 3662 1035 3721 i.
1083 3662 1177 3728 18,
1221 3661 1378 3720 Heb.
1435 3660 1472 3719 i.
1515 3664 1574 3719 2.
1660 3660 1818 3718 Hinc
1859 3660 1983 3738 ipse
2026 3669 2287 3738 testatur,
2332 3682 2395 3723 se
2448 3665 2607 3741 quod
2647 3666 2797 3727 vidit
2864 3676 2925 3727 et

520 3743 746 3803 audivit
786 3742 1003 3819 testari,
1034 3742 1078 3801 J
1081 3741 1174 3800 oh.
1203 3740 1286 3799 iii.
1322 3743 1414 3817 11,
1461 3742 1557 3815 31,
1587 3748 1647 3798 et
1697 3739 1871 3799 Pater
1915 3740 2105 3818 ipsum
2147 3742 2497 3803 audiendum
2540 3764 2667 3805 esse
2696 3746 2925 3807 coelitus

521 3824 850 3899 denunciat,
899 3821 1112 3881 Matth.
1160 3820 1306 3880 xvii.
1353 3822 1408 3896 5,
1466 3822 1641 3879 Hunc
1680 3820 1887 3879 audite.
1972 3819 2243 3880 Testatus
2291 3830 2381 3881 est
2439 3825 2693 3885 secundo
2740 3830 2919 3905 verbe,

520 3922 699 3981 quum
727 3904 900 3963 toties
922 3923 985 3962 se
1015 3900 1128 3959 Dei
1149 3900 1382 3975 Filium,
1416 3900 1710 3959 Christum
1739 3897 1993 3975 Domini,
2044 3920 2079 3959 a
2107 3901 2280 3961 Patre
2319 3903 2561 3963 missum
2588 3914 2649 3965 et
2676 3908 2927 3967 sanctifi·

521 3992 714 4045 catum
741 3982 818 4041 ad
844 4002 990 4061 opus
1017 3980 1428 4058 redemptionis
1471 3979 1778 4057 significat,
1808 3980 2026 4040 Lucem
2070 3982 2287 4058 mundi,
2322 3983 2538 4042 Panem
2580 3986 2737 4063 vitae,
2770 3988 2926 4047 Mes-

525 4064 688 4140 siam,
732 4063 832 4140 qui
875 4060 1306 4140 expectabatur,
1337 4060 1512 4137 viam,
1542 4060 1846 4120 veritatem
1891 4068 1951 4121 et
1992 4061 2191 4137 vitam,
2224 4060 2351 4140 δια,
2384 4064 2427 4123 J
2431 4064 2525 4123 oh.
2554 4063 2636 4124 iii.
2668 4075 2728 4125 et
2755 4067 2833 4125 iv.
2864 4074 2925 4126 et

525 4164 583 4203 v.
615 4152 672 4203 et
698 4144 822 4202 viii.
869 4151 928 4202 et
971 4163 1030 4200 x.
1061 4144 1158 4217 30,
1189 4142 1285 4216 35,
1337 4143 1434 4216 36,
1465 4149 1523 4199 et
1550 4139 1674 4199 xiv.
1706 4142 1760 4215 5,
1795 4143 1849 4199 6.
1934 4140 2137 4219 Neque
2166 4142 2261 4201 hic
2290 4145 2714 4237 opponendum,
2760 4146 2921 4205 testi-

523 4225 780 4283 monium
809 4224 922 4282 hoc
949 4221 1164 4281 Christi
1192 4240 1319 4281 esse
1357 4220 1430 4280 de
1457 4240 1520 4280 se
1547 4221 1693 4299 ipso,
1723 4228 1897 4298 atque
1918 4220 2065 4280 adeo
2090 4241 2208 4280 non
2236 4223 2676 4299 admittendum,
2704 4232 2772 4283 ut
2798 4224 2924 4302 ipse

525 4303 755 4378 fatetur,
805 4303 945 4362 Joh.
984 4321 1044 4362 v.
1095 4305 1191 4376 31,
1259 4302 1295 4335 “
1319 4301 1382 4361 Si
1423 4308 1606 4360 testor
1654 4300 1727 4360 de
1773 4301 2038 4379 meipso,
2068 4303 2463 4363 testimonium
2489 4322 2682 4362 meum
2722 4322 2925 4362 verum

525 4401 642 4441 non
671 4390 760 4440 est
777 4383 834 4458 ;”
865 4383 976 4441 hoc
1003 4382 1158 4441 enim
1183 4401 1302 4440 non
1329 4380 1592 4442 absolute
1622 4388 1681 4441 et
1708 4380 2065 4459 simplicitur,
2096 4382 2200 4441 sed
2218 4409 2358 4442 κατι
2383 4409 2433 4442 τι
2460 4389 2685 4442 tantum
2712 4382 2927 4442 intelli·

527 4460 784 4539 gundum
831 4480 976 4537 esse,
1023 4462 1193 4521 docet
1237 4462 1401 4521 locus
1449 4462 1592 4521 alter
1649 4462 1692 4521 J
1696 4461 1790 4520 oh.
1840 4462 1960 4521 viii.
1997 4465 2091 4537 14,
2138 4465 2174 4497 ‘⁴
2197 4464 2327 4523 Etsi
2354 4470 2535 4522 testor
2581 4460 2655 4519 de
2682 4462 2921 4541 meipso,

526 4539 921 4600 testimonium
947 4560 1137 4601 meum
1158 4560 1362 4601 verum
1390 4542 1537 4614 est‚''
1567 4560 1699 4599 cum
1724 4560 1842 4618 quo
1870 4550 2065 4619 aperte
2092 4551 2393 4619 pugnaret,
2424 4542 2475 4600 si
2500 4541 2740 4619 praecise
2768 4552 2827 4602 et
2852 4542 2931 4604 ad

525 4618 755 4679 literam
808 4628 1124 4696 urgeretur.
1209 4620 1417 4698 Itaque
1463 4619 1540 4679 ad
1585 4620 1879 4679 hominem
1932 4630 2367 4698 argumentatur
2396 4620 2677 4699 Christus,
2722 4630 2781 4682 et
2827 4642 2933 4703 per
