3234 5192
502 364 621 430 750
1092 380 1171 421 na
1214 378 1561 423 conconnm
1606 378 1789 419 mum
1833 379 1907 419 nr
1939 376 2174 434 neom,
2206 378 2334 422 n'rc.
2471 364 2733 440 [msrur.
2765 383 2910 426 xxv.

502 544 611 583 nec
639 522 891 583 charitas
919 522 1043 582 sine
1070 523 1203 601 fide,
1232 542 1368 581 nam
1404 530 1465 582 et
1490 521 1593 580 illa
1622 520 1745 581 sine
1792 521 1902 579 hac
1945 529 2243 598 peccatum
2281 530 2387 598 est,
2419 531 2478 584 et
2503 523 2629 582 haec
2657 524 2781 583 sine
2808 524 2914 584 illa

502 612 747 674 mortua,
775 604 931 663 unde
958 612 1220 663 neutram
1246 602 1465 663 habent
1492 602 1593 680 qui
1623 610 1925 679 utramque
1953 620 2070 660 non
2096 602 2326 673 habent,
2366 612 2424 663 et
2451 613 2752 681 utramque
2779 624 2908 683 per-

502 684 666 759 dunt,
696 683 798 760 qui
826 684 1107 744 utramvis
1133 703 1253 743 non
1300 682 1651 742 custodiunt.
1696 681 1768 739 In
1811 682 1921 739 hoc
1970 701 2110 759 ergo
2148 682 2374 761 judicio
2408 684 2564 760 quod
2591 704 2666 743 ex
2693 683 2908 743 foedere

502 765 707 842 gratiae
732 764 892 824 Deus
919 764 1171 824 instituit
1198 784 1330 823 cum
1356 762 1596 837 voeatis,
1627 761 1740 820 hoe
1774 762 2138 839 potissimum
2167 764 2390 840 quaerit,
2423 784 2498 822 an
2545 783 2682 823 vere
2710 772 2770 823 et
2789 764 2908 823 sin-

500 864 631 904 cere
661 844 712 903 si
737 864 855 903 non
874 844 1125 922 perfecte
1152 844 1327 903 fidem
1354 862 1528 920 quam
1574 840 1820 920 professi
1847 849 1982 901 sunt
2030 862 2144 917 ore,
2174 843 2483 903 habuerint
2529 844 2590 902 in
2629 845 2817 920 corde,
2849 854 2910 904 et

494 944 633 983 eum
660 923 775 983 fide
804 924 1141 985 charitatem
1168 944 1299 1001 quse
1327 924 1453 1000 ejus
1482 941 1676 981 comes
1704 930 1795 980 est
1829 921 2250 999 inseparabilis.
2321 924 2492 998 Quod
2541 924 2591 982 si
2617 923 2761 983 falso
2782 925 2906 1002 jae-

498 1012 655 1064 tasse
683 1004 1189 1082 deprehenduntur
1216 1004 1389 1063 fidem
1417 1010 1477 1061 et
1501 1002 1860 1079 religionem,
1892 1002 2347 1063 condemnantur
2373 1023 2450 1063 ex
2476 1004 2608 1081 lege
2639 1005 2906 1081 Evange-

498 1084 615 1144 h'co
642 1092 915 1161 tanquam
943 1083 1493 1161 pseudo-christiani
1520 1091 1578 1141 et
1604 1082 1924 1159 hypocritoe
1951 1084 2052 1159 qui
2093 1083 2334 1143 formam
2361 1084 2593 1161 pietatis
2629 1084 2908 1144 habentes

500 1166 631 1243 ejus
658 1172 852 1225 tamen
880 1164 999 1223 vim
1028 1164 1195 1223 factis
1223 1165 1583 1241 abnegarunt
1610 1170 1672 1220 et
1699 1163 2019 1239 separando
2048 1163 2192 1223 duas
2232 1164 2406 1223 hasce
2435 1163 2668 1224 foederis
2695 1173 2904 1242 partes,

500 1253 763 1304 neutram
794 1264 855 1303 se
883 1264 1019 1303 vere
1046 1244 1343 1322 possidere
1380 1242 1866 1303 demonstrarunt.
1933 1244 1996 1303 Si
2023 1264 2161 1303 vero
2205 1244 2419 1304 habere
2467 1244 2904 1323 comperiantur,

491 1324 888 1403 justificantur
914 1345 989 1383 ex
1018 1324 1219 1384 eadem
1247 1324 1377 1401 lege
1408 1323 1613 1401 Regia,
1645 1322 1707 1381 id
1734 1332 1826 1384 est
1873 1322 2238 1383 declarantur
2263 1334 2322 1383 et
2362 1325 2754 1403 approbantur
2779 1333 2905 1383 tan-

497 1424 672 1481 quam
701 1404 825 1463 veri
852 1404 1055 1464 fideles
1082 1414 1141 1464 et
1186 1404 1294 1463 filii
1325 1404 1453 1480 Dei,
1478 1403 1579 1481 qui
1606 1400 1887 1485 ἁδιαιςίτως
1917 1405 2168 1465 retinent
2215 1425 2344 1483 quae
2375 1406 2536 1464 Deus
2584 1405 2902 1483 conjunxit.

496 1483 599 1542 Ad
626 1486 739 1542 hoc
766 1494 959 1544 autem
990 1504 1235 1544 examen
1260 1484 1586 1544 necessaria
1614 1493 1752 1543 sunt
1779 1484 2012 1544 omnino
2041 1505 2216 1561 opera
2241 1494 2442 1563 utpote
2471 1505 2545 1544 ex
2573 1485 2785 1562 quibus
2813 1504 2904 1543 so-

492 1564 569 1623 lis
596 1572 873 1642 tanquam
902 1584 978 1624 ex
1007 1566 1191 1643 signis
1219 1572 1279 1625 et
1306 1563 1527 1625 effectis
1555 1564 1894 1623 certissimis
1921 1565 2302 1624 demonstrari
2348 1574 2542 1641 potest
2590 1573 2649 1622 et
2675 1564 2908 1641 probari

492 1644 711 1703 veritas
752 1652 813 1703 et
860 1645 1159 1705 sinceritas
1176 1645 1331 1704 fidei.
1393 1645 1561 1703 Prior
1599 1644 1930 1721 justificatio
1979 1644 2285 1719 opponitur
2331 1645 2780 1701 condemnationi
2802 1664 2905 1720 ge-

488 1722 675 1782 nerali
711 1726 1047 1802 peccatoris,
1098 1726 1382 1803 posterior
1428 1723 1879 1782 condemnationi
1909 1722 2144 1797 speciali
2183 1721 2486 1794 hypocriten
2505 1740 2530 1782 ‚·
2579 1722 2754 1797 priori
2798 1743 2904 1779 no·

490 1802 646 1863 tione
670 1804 989 1881 justificare
1038 1814 1127 1865 est
1154 1804 1453 1863 absolvere
1498 1802 1788 1859 hominem
1817 1806 2172 1875 peccatorem
2201 1807 2260 1855 et
2307 1798 2562 1874 impium,
2593 1800 2783 1874 qualis
2811 1810 2906 1861 est

489 1883 551 1941 in
580 1902 642 1942 se
672 1884 959 1944 obnoxius
988 1885 1105 1961 legi
1152 1891 1212 1941 et
1252 1901 1385 1941 reus
1412 1881 1631 1953 mortiS,
1662 1886 1895 1955 propter
1927 1876 2216 1951 justitiam
2247 1876 2458 1935 Christi
2509 1877 2620 1956 ipsi
2648 1878 2902 1958 imputa-

488 1971 625 2039 tam,
670 1964 973 2042 posteriori
1002 1983 1141 2023 vero
1166 1961 1313 2019 nihil
1341 1958 1499 2017 aliud
1527 1967 1616 2017 est
1643 1976 1816 2033 quam
1845 1957 2168 2033 approbare
2207 1957 2268 2015 in
2304 1957 2528 2036 judicio
2556 1959 2813 2037 benigno
2842 1972 2904 2022 et

488 2052 729 2121 paterno
770 2044 1061 2105 hominem
1104 2061 1220 2120 qua
1265 2038 1494 2098 fidelem
1538 2044 1601 2095 et
1641 2036 1826 2095 filium
1859 2037 1970 2096 Dei
2017 2056 2154 2096 vere
2203 2039 2645 2117 respondentem
2696 2040 2902 2103 foederi

488 2126 692 2203 gratiae
720 2146 824 2203 per
847 2124 985 2183 fidei
1010 2132 1070 2182 et
1096 2140 1331 2198 operum
1354 2116 1731 2194 exercitium3
1778 2118 1840 2177 iu
1886 2118 2072 2196 prima
2119 2127 2209 2178 est
2237 2119 2362 2198 ipsa
2402 2121 2742 2199 justificatio
2770 2143 2893 2200 pro-

488 2206 613 2283 prie
662 2212 913 2283 accepta,
962 2202 1025 2261 in
1072 2201 1184 2259 ista
1222 2197 1657 2276 justificationis
1701 2206 1927 2259 tantum
1971 2198 2288 2261 declaratio
2336 2210 2396 2261 et
2424 2201 2734 2279 patefactio
2757 2225 2772 2279 ς
2817 2204 2901 2263 sic

491 2285 791 2344 Abraham
814 2281 1165 2361 justificatus
1194 2286 1283 2338 est
1308 2278 1423 2337 fide
1451 2278 1513 2336 in
1542 2279 1728 2357 primo
1771 2280 1874 2339 illo
1897 2280 2120 2358 judicio
2149 2280 2286 2340 dum
2316 2281 2426 2341 fuit
2452 2282 2512 2340 in
2542 2302 2604 2341 se
2632 2292 2900 2359 peccator

488 2374 549 2425 et
576 2366 801 2442 impius,
834 2372 893 2420 at
921 2360 1071 2418 idem
1110 2360 1233 2436 jam
1264 2378 1577 2419 conversus
1607 2369 1667 2420 et
1695 2360 1936 2420 credens
1950 2362 2286 2441 justzficatus
2313 2369 2402 2421 est
2430 2382 2504 2421 ex
2533 2364 2806 2440 operibus,
2836 2363 2899 2422 id

486 2452 593 2520 est,
626 2464 688 2503 se
718 2462 819 2519 per
846 2459 1019 2517 opera
1045 2438 1364 2499 declaravit
1390 2459 1527 2499 vere
1555 2440 1806 2518 fidelem,
1831 2450 1891 2501 et
1919 2461 1954 2498 a
1984 2441 2109 2500 Deo
2137 2441 2372 2519 agnitus
2399 2450 2505 2518 est,
2538 2450 2596 2501 et
2623 2444 2898 2520 probatus

488 2526 547 2585 in
566 2524 823 2583 secundo·

570 2600 864 2659 XXXII.
911 2599 1001 2659 De
1044 2600 1350 2679 posteriori
1378 2609 1571 2661 autem
1598 2602 1712 2660 hoc
1732 2601 1955 2678 judicio
1997 2600 2156 2679 quod
2183 2600 2542 2661 Christianos
2571 2610 2630 2662 et
2657 2609 2893 2661 vocatos

486 2680 854 2760 peculiariter
897 2690 1120 2759 spectat
1166 2682 1329 2759 loqui
1377 2682 1612 2741 omnino
1639 2682 1873 2742 videtur
1902 2681 2183 2756 ChristuS,
2215 2682 2428 2742 Matth.
2475 2704 2618 2741 xxv.
2669 2682 2761 2756 31,
2794 2682 2887 2755 32,

488 2760 617 2835 δὶα,
648 2762 709 2819 in
738 2761 1013 2840 graphica
1040 2762 1144 2822 illa
1173 2762 1365 2822 ultimi
1404 2762 1613 2841 judicii
1654 2762 2055 2841 descriptione,
2085 2770 2152 2821 ut
2181 2761 2436 2840 August.
2481 2764 2746 2822 observat
2773 2780 2891 2819 ser-

486 2861 658 2901 mone
687 2845 784 2917 38,
816 2843 889 2902 de
938 2843 1170 2903 sanctis.
1237 2842 1389 2902 Nam
1436 2844 1545 2903 etsi
1588 2852 1911 2902 extremum
1951 2842 2236 2920 judicium
2286 2844 2489 2920 procul
2533 2842 2688 2902 omni
2715 2840 2892 2900 dubio

487 2923 815 2983 universale
844 2924 922 2984 sit
967 2922 1241 3000 futurum,
1271 2923 1367 2982 hic
1395 2931 1587 2982 tamen
1617 2922 1690 2981 de
1719 2942 1788 2982 eo
1831 2922 1892 2980 in
1923 2930 2048 2981 tota
2093 2922 2400 2982 latitudine
2443 2942 2548 2982 sua
2575 2941 2895 2982 sermonem

488 3022 609 3063 non
636 3024 781 3080 esse,
812 3004 917 3064 sed
942 3005 1121 3064 relate
1148 3012 1369 3063 tantum
1399 3002 1477 3062 ad
1520 3022 1622 3062 eos
1649 3002 1750 3080 qui
1797 3010 1932 3062 sunt
1958 3002 2020 3060 in
2050 3002 2316 3061 Ecclesia
2361 3004 2539 3062 variis
2575 3002 2894 3062 rationibus

490 3085 720 3144 ostendi
748 3092 956 3162 potest.
1003 3085 1216 3159 Primo,
1258 3103 1335 3143 ex
1378 3084 1507 3161 ipsa
1534 3082 1811 3142 orationis
1861 3082 2026 3158 serie,
2057 3082 2542 3159 quemadmodum
2591 3083 2743 3141 enim
2767 3082 2895 3142 duae

488 3165 779 3242 parabolae
821 3164 1213 3241 praecedentes
1251 3163 1324 3222 de
1344 3163 1691 3241 Virginibus
1733 3170 1792 3221 et
1819 3162 2078 3222 Talentis
2105 3162 2498 3222 referebantur
2543 3162 2619 3221 ad
2667 3182 2766 3221 eos
2795 3162 2895 3239 qui

490 3252 656 3303 erant
682 3244 875 3302 vocati
902 3244 963 3300 in
994 3243 1273 3317 Ecclesia,
1306 3242 1620 3302 verisimile
1650 3250 1740 3301 est
1769 3242 2060 3301 Christum
2080 3242 2152 3301 de
2181 3242 2384 3301 iisdem
2413 3242 2574 3319 loqui
2602 3242 2663 3300 in
2691 3242 2892 3301 eodem

490 3323 765 3382 orationis
790 3322 908 3380 filo.
958 3320 1243 3398 Secundo,
1274 3342 1351 3381 ex
1380 3322 1592 3381 Ezech.
1623 3322 1832 3380 xxxiV.
1862 3322 1937 3380 ad
1965 3342 2136 3399 quem
2163 3322 2355 3381 locum
2376 3321 2632 3379 alludere
2661 3321 2896 3381 videtur

490 3402 772 3478 Christus,
805 3402 905 3462 ubi
932 3401 1007 3461 de
1028 3401 1252 3479 judicio
1299 3402 1411 3460 Dei
1458 3402 1718 3479 loquitur
1765 3402 1924 3481 quod
1971 3402 2032 3460 in
2064 3402 2324 3461 Ecclesia
2367 3399 2752 3458 exercendum
2781 3410 2889 3476 est,

488 3483 529 3517 “
552 3482 705 3541 Ecce
754 3501 865 3559 ego
905 3481 1271 3559 judicaturus
1326 3482 1513 3557 sum,''
1553 3481 1759 3558 inquit,
1813 3502 1932 3541 ver.
1977 3486 2068 3557 17,
2119 3482 2326 3540 “inter
2368 3498 2577 3557 parvas
2617 3480 2890 3559 pecudes,

488 3562 697 3622 arietes
726 3571 785 3622 et
809 3562 1060 3638 hireoS‚”
1084 3570 1145 3621 et
1164 3582 1288 3639 cap.
1311 3582 1414 3621 xx.
1438 3564 1533 3637 37,
1562 3563 2004 3622 “transmittam
2021 3581 2129 3620 vos
2157 3560 2266 3619 sub
2287 3560 2572 3637 virgam,”
2603 3568 2669 3619 ut
2694 3570 2894 3637 pastor

486 3663 619 3702 cum
648 3651 911 3702 numerat
953 3650 1012 3701 et
1058 3641 1420 3718 recognoscit
1452 3662 1692 3721 gregem
1739 3662 1923 3718 suum,
1973 3644 2010 3674 “
2039 3652 2098 3700 et
2123 3640 2390 3699 inducam
2422 3660 2528 3699 vos
2555 3640 2632 3699 ad
2657 3640 2894 3701 vincula

486 3722 778 3783 foederis.''
822 3723 1035 3799 Tertio,
1068 3724 1205 3799 quia
1223 3723 1320 3781 hic
1348 3731 1571 3783 tantum
1599 3724 1816 3782 mentio
1839 3722 1904 3782 fit
1935 3720 2257 3780 Hoedorum
2284 3728 2342 3779 et
2363 3720 2592 3796 Ovium,
2617 3740 2746 3798 quae
2769 3721 2888 3779 ani-

488 3803 660 3862 malia
690 3811 824 3863 sunt
853 3803 1184 3875 domestica,
1215 3822 1333 3861 non
1360 3810 1553 3863 autem
1583 3804 1896 3881 Luporum,
1928 3801 2205 3876 Leonum,
2231 3800 2531 3876 Ursorum,
2563 3810 2622 3861 et
2649 3802 2889 3860 aliarum

487 3883 547 3942 id
578 3904 761 3960 genus
789 3883 1035 3942 ferarum
1058 3882 1270 3959 quibus
1297 3884 1460 3961 impii
1488 3883 1736 3944 conferri
1765 3884 1966 3957 solent,
1990 3889 2058 3939 ut
2085 3881 2306 3940 scilicet
2331 3889 2564 3940 notetur
2588 3881 2662 3940 de
2692 3900 2885 3941 eorum

486 3971 712 4023 tantum
738 3963 835 4022 hic
856 3964 954 4041 agi
973 3962 1197 4040 judicio
1224 3964 1325 4040 qui
1354 3972 1489 4024 sunt
1516 3964 1576 4022 in
1625 3964 1796 4023 domo
1827 3961 1954 4036 Dei,
1985 3962 2046 4019 in
2095 3961 2368 4021 societate
2417 3970 2658 4021 externa
2687 3962 2884 4020 Eccle-

486 4044 606 4120 siae,
636 4063 753 4102 non
781 4043 853 4103 de
875 4044 1005 4102 aliis
1045 4042 1146 4119 qui
1174 4054 1340 4104 extra
1382 4065 1509 4104 eam
1556 4050 1808 4102 manent.
1854 4042 2088 4117 Quart0,
2119 4041 2256 4119 quia
2283 4061 2458 4101 eausa
2506 4039 2886 4101 damnationis

484 4124 788 4184 hoedorum
814 4124 941 4182 haec
961 4122 1198 4183 affertur
1215 4124 1374 4202 quod
1414 4144 1533 4183 non
1560 4123 1806 4183 cibarint
1833 4128 1892 4180 et
1933 4141 2050 4180 non
2092 4121 2386 4181 visitarint
2415 4122 2722 4197 Christum,
2755 4118 2882 4195 sau,

484 4224 662 4281 opera
690 4204 989 4265 charitatis
1018 4211 1075 4264 et
1095 4204 1503 4264 misericordiae
1531 4223 1670 4280 erga
1697 4202 1954 4260 membra
1985 4201 2198 4261 Christi
2226 4202 2586 4279 praestando3
2633 4201 2719 4260 At
2746 4220 2885 4279 gen-

484 4284 619 4344 tiles
638 4284 851 4361 quibus
876 4304 1171 4362 nunquam
1192 4284 1442 4344 innotuit
1471 4283 1733 4342 Christus
1750 4281 2040 4358 quomodo
2068 4290 2370 4360 propterea
2399 4282 2656 4341 damnari
2685 4282 2890 4341 merito

484 4367 770 4439 possent?
811 4364 1235 4424 damnabuntur
1281 4364 1513 4442 quidem
1556 4369 1790 4440 propter
1833 4362 2024 4439 legem
2051 4370 2272 4422 naturae
2300 4362 2574 4421 violatam
2604 4382 2734 4438 quae
2763 4381 2886 4419 cor-

485 4442 657 4501 dibus
684 4443 939 4521 ipsorum
968 4444 1257 4521 insculpta
1282 4444 1423 4517 fuit3
1468 4443 1571 4502 sed
1598 4450 1833 4519 propter
1877 4441 2167 4501 defectum
2193 4441 2330 4501 fidei
2377 4442 2474 4500 vel
2502 4441 2799 4501 charitatis
2827 4442 2888 4499 in

482 4522 778 4581 Christum
806 4524 907 4599 qui
935 4524 1076 4600 ipsis
1114 4524 1349 4601 ignotus
1378 4522 1547 4601 plane
1576 4521 1686 4581 fuit
1724 4522 1856 4600 jure
1885 4522 2254 4582 condemnari
2303 4541 2420 4580 non
2448 4528 2702 4598 possent.
2769 4521 2888 4579 Ita—

482 4620 595 4679 que
625 4611 885 4679 superest
911 4610 978 4661 ut
1005 4602 1077 4661 de
1104 4603 1177 4661 iis
1202 4604 1473 4681 loquatur
1495 4602 1760 4663 Christus
1777 4603 1872 4662 vel
1901 4604 2002 4681 qui
2031 4603 2090 4662 in
2119 4602 2396 4661 Ecclesiae
2426 4600 2886 4660 communionem

480 4678 647 4741 asciti
674 4688 733 4741 et
758 4680 931 4741 fidem
960 4700 1057 4741 ore
1084 4690 1254 4743 tenus
1273 4682 1609 4762 profitentes
1629 4683 2016 4760 neglexerunt
2055 4682 2334 4743 bonorum
2365 4700 2602 4759 operum
2631 4680 2886 4739 studium
