3234 5192
528 270 643 329 746
1124 288 1205 327 ns
1248 286 1589 329 coxo-osma
1633 286 1811 328 raum
1854 286 1928 325 m·
1970 284 2198 343 Jacom,
2231 284 2360 326 arc.
2491 263 2752 348 [DISPUT.
2787 284 3002 325 xxv.

522 448 679 487 mum
710 428 1019 506 agnovisse
1050 428 1448 489 Abrahamum
1474 426 1653 489 fuisse
1681 427 1885 487 timore
1913 446 2054 487 vero
2083 427 2197 486 Dei
2221 425 2544 505 praeditum,
2585 446 2715 485 cum
2747 425 2992 489 filium

524 528 693 568 suum
738 509 1137 569 charissimum
1175 511 1473 570 immolare
1516 530 1636 568 non
1677 508 1986 583 recusavit,
2035 506 2297 567 Praelect.
2327 527 2377 565 c.
2405 506 2487 566 xi.
2531 506 2753 566 Verum
2781 507 2984 569 frus-

524 597 615 647 tra
643 588 900 649 clamitat
928 610 993 649 os
1021 591 1326 669 impurum,
1374 599 1433 650 et
1459 589 1850 667 blasphemias
1878 588 1940 647 in
1969 588 2158 647 Deum
2187 588 2421 647 evomit.
2483 588 2636 647 Sane
2677 586 2730 645 si
2773 607 2979 665 quae-

524 689 753 747 cunque
793 670 855 728 in
900 670 1196 749 Scriptura
1236 671 1309 730 de
1353 671 1481 729 Deo
1522 669 1894 729 enuntiantur
1919 667 1995 727 ad
2023 668 2225 727 vivum
2265 675 2460 727 essent
2501 668 2834 744 resecanda,
2897 679 2982 729 et

523 750 754 827 proprie
800 749 875 809 ad
916 751 1145 810 literam
1190 759 1255 811 ut
1298 752 1478 809 verba
1520 758 1730 810 sonant
1771 758 1966 808 essent
2008 746 2404 825 intelligenda,
2449 748 2650 825 utique
2677 747 2975 825 aliquam

524 830 649 889 veri
694 831 943 908 speciem
990 832 1205 891 habere
1248 832 1543 890 videretur
1584 829 1732 889 ratio
1775 828 2070 889 haeretici:
2115 828 2220 887 sed
2245 828 2378 905 quis
2403 829 2590 887 nescit
2631 828 2974 889 innumera

526 930 653 969 esse
699 910 760 968 in
805 910 1085 988 scriptura
1120 932 1251 989 quae
1293 917 1379 970 ἀνθ
1406 914 1680 976 urano&
1711 910 1837 969 Deo
1885 909 2231 984 tribuuntur,
2275 916 2334 967 et
2373 908 2754 985 intelligenda
2799 920 2970 969 sunt

527 998 752 1050 tantum
806 992 1103 1071 Saurea-35,
1150 992 1263 1051 nisi
1304 938 1552 1051 velimus
1583 992 1772 1049 Deum
1815 990 2034 1067 fingere
2073 1007 2408 1065 corporeum
2437 1008 2570 1047 cum
2598 988 2965 1067 Anthropo—

526 1070 845 1149 morphitis,
890 1072 1244 1148 mutabilem,
1292 1072 1663 1149 poenitentiae,
1712 1069 1914 1145 dolori,
1961 1077 2022 1128 et
2064 1068 2313 1127 tristitiae
2340 1076 2400 1126 et
2428 1068 2713 1128 similibus
2755 1069 2958 1130 affec-

526 1151 683 1209 tibus
727 1152 1061 1227 obnoxium,
1113 1152 1271 1229 quod
1310 1171 1479 1211 aures
1524 1150 1867 1211 Christianae
1915 1150 2194 1207 hactenus
2241 1147 2390 1207 ferre
2435 1168 2554 1207 non
2599 1158 2955 1227 potuerunt,

524 1230 810 1307 quidquid
860 1231 1159 1291 Conradus
1200 1232 1491 1307 Vorstius,
1543 1230 1741 1291 Socini
1795 1229 2130 1307 discipuluS‚
2186 1227 2363 1307 impie
2405 1237 2607 1287 contra
2651 1228 2768 1287 Dei
2823 1230 2955 1289 im-

524 1312 906 1385 mensitatem,
953 1312 1496 1387 immutabilitatem,
1544 1319 1603 1370 et
1650 1310 1795 1369 alias
1842 1309 2220 1387 proprietates
2268 1308 2550 1367 blaterare
2593 1308 2670 1368 sit
2713 1330 2950 1388 ausus;

523 1390 719 1467 itaque
764 1400 823 1450 et
859 1392 984 1469 jam
1030 1392 1169 1451 olim
1212 1400 1272 1451 et
1314 1392 1628 1451 etiamnum
1672 1389 1845 1449 hodie
1875 1389 2184 1449 Christiani
2229 1388 2571 1467 interpretes
2613 1390 2696 1447 ita
2734 1387 2948 1449 locum

520 1470 677 1529 hunc
704 1471 1064 1549 interpretati
1106 1480 1256 1549 sunt,
1304 1481 1370 1532 ut
1412 1472 1559 1530 nihil
1603 1471 1922 1530 detractum
1959 1468 2249 1528 voluerint
2287 1469 2664 1547 praescientiae
2692 1469 2941 1547 divinae,

523 1550 627 1609 sed
674 1571 1037 1629 quocumque
1086 1552 1317 1611 tandem
1362 1551 1535 1611 modo
1578 1551 1746 1609 illum
1793 1549 2166 1623 reddiderint,
2217 1557 2580 1625 agnoverunt
2627 1558 2822 1609 tamen
2871 1560 2945 1611 et

521 1630 773 1689 confessi
816 1639 952 1690 sunt
994 1632 1215 1691 nullam
1258 1651 1469 1690 novam
1534 1630 1922 1707 cognitionem
1967 1627 2194 1706 proprie
2241 1628 2370 1687 Deo
2414 1628 2687 1688 accedere
2733 1650 2938 1709 posse.

523 1709 768 1769 Duobus
811 1718 1003 1769 autem
1046 1712 1233 1769 modis
1269 1712 1634 1787 potissimum
1660 1710 1825 1769 locus
1865 1708 1960 1767 hic
1988 1717 2078 1767 est
2105 1708 2438 1786 expositus3
2483 1709 2585 1767 alii
2611 1709 2763 1768 enim
2791 1730 2934 1770 cum

519 1788 774 1865 August.
821 1809 917 1865 qu.
962 1792 1057 1863 58,
1101 1791 1161 1847 in
1193 1790 1485 1865 Genesim,
1531 1789 1680 1847 illud
1721 1788 1952 1865 coqnovi
1989 1787 2437 1865 interpretantur
2477 1789 2777 1849 transitive
2819 1811 2934 1867 pro

516 1888 845 1944 coquoscere
871 1870 997 1943 feci
1033 1885 1179 1923 aava*
1220 1889 1324 1945 pro
1366 1888 1563 1944 *ns-ran,
1608 1877 1676 1928 ut
1715 1868 1778 1927 id
1819 1867 2114 1943 referatur,
2146 1876 2264 1927 tam
2291 1867 2368 1927 ad
2397 1868 2792 1929 Abrahamum
2836 1872 2932 1948 ip-

514 1966 645 2007 sum
673 1956 733 2007 et
761 1948 1043 2025 Isaacum,
1091 1968 1263 2026 quam
1292 1948 1369 2008 ad
1410 1948 1557 2007 alios
1578 1948 1792 2027 quibus
1830 1948 1942 2007 hoc
1983 1947 2152 2024 facte,
2199 1949 2326 2007 Deo
2353 1948 2416 2008 id
2445 1960 2802 2027 procurante,
2834 1951 2930 2009 in·

514 2028 707 2088 notuit
741 2028 888 2087 fides
917 2028 1190 2105 Abrahae,
1236 2049 1352 2107 qua
1378 2027 1437 2085 in
1468 2028 1755 2088 sententia
1787 2028 1898 2088 fuit
1937 2028 2110 2087 etiam
2141 2029 2606 2107 chrysostomus,
2639 2036 2730 2106 νῦν,
2760 2036 2926 2108 φησὶν,

514 2106 717 2168 εἴπεο-ιι
744 2108 979 2189 {waleton
1006 2108 1134 2175 iia-m,-
1163 2113 1393 2191 stangan&
1416 2106 1562 2181 φὸςον
1588 2107 1712 2187 ἵκεις
1741 2114 1858 2191 πρὶς
1886 2114 1964 2169 τὶν
1989 2112 2112 2185 θτὶν,
2167 2112 2326 2189 “per
2353 2118 2411 2169 te
2439 2109 2786 2185 declaravi,”
2834 2112 2930 2169 in..

515 2190 658 2267 quit,
708 2193 744 2223 “
762 2200 821 2250 et
846 2191 1206 2250 innotescere
1234 2191 1345 2251 feci
1371 2191 1658 2265 omnibus,
1689 2190 1978 2269 quomodo
2007 2190 2230 2249 sincero
2259 2191 2462 2249 timore
2491 2191 2682 2249 Deum
2711 2189 2926 2265 colas‚”

510 2289 648 2327 nam
691 2270 905 2329 ibidem
946 2270 1125 2346 addit,
1174 2273 1210 2305 “
1233 2272 1364 2348 Ego
1392 2290 1666 2330 noveram
1694 2269 1974 2330 famulum
2001 2289 2210 2345 meum,
2241 2289 2370 2346 quae
2398 2279 2592 2330 autem
2619 2290 2773 2330 nunc
2800 2291 2836 2328 a
2861 2280 2926 2331 te

514 2349 667 2408 facta
694 2359 845 2427 sunt,
875 2350 938 2408 in
966 2350 1285 2409 doctrinam
1315 2358 1450 2410 sunt
1478 2358 1591 2408 tam
1623 2350 2004 2427 praesentibus
2032 2368 2205 2425 quam
2233 2348 2498 2409 futuri8.''
2581 2349 2707 2408 Alii
2739 2350 2924 2410 satius

512 2429 849 2490 existimant
896 2438 955 2490 et
990 2430 1181 2488 minus
1218 2438 1481 2489 coactum
1518 2430 1629 2487 hoc
1665 2428 1739 2487 de
1771 2430 1898 2487 Deo
1935 2427 2050 2485 dici
2087 2428 2332 2504 figurate
2361 2436 2421 2487 et
2446 2448 2550 2505 per
2587 2432 2921 2511 ἀνθρωπηί-

506 2517 649 2584 ·emn,
694 2509 933 2587 quiajn
973 2518 1097 2570 toto
1138 2510 1249 2569 hoo
1287 2508 1539 2586 negoti0‚
1584 2528 1647 2567 se
1685 2507 1889 2567 habuit
1915 2505 1990 2564 ad
2015 2506 2251 2565 modum
2277 2506 2530 2565 hominis
2571 2509 2751 2567 alium
2791 2520 2918 2571 ten-

508 2589 705 2666 tantis,
751 2597 811 2648 et
852 2590 1308 2668 experimentum
1349 2588 1659 2667 quaerentis
1701 2586 1879 2645 animi
1919 2586 2192 2663 latentis;
2242 2584 2724 2661 quemadmodum
2773 2610 2920 2667 ergo

506 2670 894 2748 metaphorice
939 2679 999 2730 et
1039 2670 1285 2748 figurate
1330 2669 1541 2728 dicitur
1582 2676 1816 2727 tentasse
1845 2666 2243 2725 Abrahamum
2273 2666 2450 2742 DeuS‚
2493 2665 2694 2725 eodem
2737 2670 2917 2730 modo

506 2750 851 2828 cognovisse
894 2770 967 2809 ex
1010 2759 1225 2811 eventu
1268 2749 1480 2810 dicitur
1518 2748 1658 2826 quia
1697 2746 2152 2825 experimentum
2191 2747 2304 2806 hoc
2330 2746 2529 2806 elicuit
2553 2746 2692 2807 fidei
2721 2748 2910 2809 Abra—

503 2830 700 2908 hami;
745 2831 827 2889 ita
868 2831 1015 2889 nihil
1058 2831 1219 2891 aliud
1259 2830 1389 2890 vult
1427 2831 1588 2889 Deus
1633 2848 1806 2907 quam
1849 2827 2248 2887 Abrahamum
2290 2828 2402 2887 hoc
2446 2826 2600 2887 facto
2641 2836 2908 2888 testatam

503 2910 709 2971 fecisse
738 2931 929 2970 coram
963 2911 1089 2969 Deo
1129 2920 1189 2971 et
1230 2911 1561 2970 hominibus
1601 2909 1777 2968 fidem
1823 2928 1984 2969 suam
2022 2916 2081 2967 et
2114 2908 2406 2986 pietatem,
2447 2928 2690 2986 eamque
2721 2910 2904 2968 Deum

502 3000 727 3068 gratam
756 2999 814 3050 et
840 2998 1135 3069 acceptam
1161 2992 1453 3051 habuisse.
1496 2990 1640 3064 Quae
1667 2989 2022 3049 commodior
2047 2988 2281 3047 videtur
2307 2988 2592 3049 sententia
2609 3011 2624 3065 3
2643 3009 2776 3048 nam
2799 2990 2903 3049 etsi

506 3072 667 3131 Deus
694 3091 811 3129 non
840 3079 1009 3147 egeat
1037 3072 1449 3150 experimentO,
1496 3088 1612 3127 non
1641 3068 1914 3128 desinunt
1941 3077 2134 3127 tamen
2160 3068 2424 3128 homines
2451 3068 2707 3146 praebere
2733 3089 2900 3147 expe-

500 3151 810 3210 rimentum
838 3150 930 3208 sui
959 3150 1103 3224 De0,
1149 3150 1304 3209 unde
1346 3149 1493 3210 illud
1524 3149 1710 3224 Pauli,
1764 3152 1800 3182 “
1827 3147 2140 3209 Studemus
2167 3168 2276 3208 nos
2303 3148 2621 3228 approbare
2652 3150 2834 3225 Deo,''
2864 3154 2898 3209 2

502 3229 632 3288 Cor.
662 3248 721 3287 v.
752 3232 809 3287 9.
876 3228 1037 3287 Deus
1079 3228 1232 3287 enim
1274 3238 1341 3289 ut
1381 3230 1636 3307 seipsum
1663 3227 2167 3288 vehementissime
2209 3236 2382 3304 amat,
2427 3248 2545 3288 non
2571 3238 2764 3307 potest
2788 3250 2900 3289 non

499 3308 741 3387 probare
790 3316 849 3367 et
897 3307 1221 3367 deosculari
1267 3307 1617 3369 lineamenta
1663 3308 1935 3387 imaginis
1983 3327 2103 3366 suae
2151 3308 2481 3386 ubicunque
2525 3309 2628 3367 illa
2681 3308 2896 3387 fulgere

498 3387 698 3461 videt3
744 3386 824 3447 ita
866 3387 977 3447 etsi
1014 3388 1243 3447 noverit
1280 3388 1404 3467 jam
1442 3389 1518 3449 ab
1560 3398 1776 3449 aeterno
1819 3388 2013 3447 omnia
2047 3386 2306 3447 fidelium
2334 3408 2509 3466 opera
2535 3390 2728 3465 quoad
2747 3410 2896 3467 prce·

498 3468 785 3529 scientiam
812 3474 871 3527 et
888 3468 1459 3545 proedaetinationem‚
1490 3489 1566 3528 110
1574 3470 1657 3529 vit
1685 3477 1876 3529 tamen
1903 3487 1972 3526 ea
1997 3467 2363 3547 peculiariter
2383 3488 2459 3527 ex
2481 3478 2695 3529 eventu
2713 3470 2898 3547 quoad

498 3550 957 3626 complacentiam
985 3557 1043 3608 et
1070 3550 1550 3627 approbationem.

580 3630 832 3689 XXVI.
876 3629 1101 3705 Quibus
1141 3629 1225 3689 ita
1250 3630 1471 3707 positis,
1502 3628 1672 3689 facile
1700 3629 1922 3688 tollitur
1949 3627 2136 3687 omnis
2163 3627 2314 3687 inter
2342 3627 2661 3706 Apostolos
2689 3650 2891 3707 pugna,

498 3730 631 3770 nam
662 3710 713 3771 si
741 3710 1113 3770 Abrahamus
1153 3710 1311 3788 apud
1348 3710 1596 3769 Paulum
1633 3708 1678 3769 J
1681 3709 2000 3768 ustificatus
2042 3708 2254 3768 dicitur
2291 3707 2407 3767 fide
2451 3708 2575 3768 sine
2613 3710 2890 3787 operibus,

497 3790 878 3869 intelligenda
904 3798 994 3849 est
1018 3791 1356 3864 Justaeficatio
1374 3789 1626 3867 propria
1653 3809 1854 3863 causae,
1900 3796 2185 3867 quatenus
2225 3808 2330 3865 per
2369 3789 2552 3847 solam
2579 3788 2754 3849 fidem
2781 3810 2891 3849 me-

495 3880 718 3949 tonym.
749 3870 1168 3930 consideratam
1205 3871 1403 3949 justus
1447 3877 1537 3929 est
1578 3888 1772 3929 coram
1815 3870 1941 3928 Deo
1974 3868 2378 3947 pronuntiatus
2419 3877 2478 3928 et
2505 3869 2890 3929 remissionem

494 3959 859 4031 peccatorum
902 3950 1167 4026 obtinuit,
1219 3959 1280 4010 at
1320 3950 1475 4009 idem
1516 3948 1885 4010 Justificatus
1925 3949 2075 4009 bene
2101 3948 2313 4009 dicitur
2339 3948 2496 4027 apud
2520 3950 2796 4009 Jacobum
2822 3970 2890 4009 ex

494 4032 782 4109 operibus,
827 4039 887 4091 et
912 4050 1030 4089 non
1059 4050 1135 4090 ex
1160 4030 1296 4105 fide,
1324 4030 1732 4104 Justzficatione
1769 4028 1948 4105 effecti
1969 4038 2026 4087 et
2045 4029 2207 4105 siqui,
2249 4038 2534 4106 quatenus
2563 4049 2738 4107 opera
2764 4050 2889 4090 vere

496 4112 862 4172 declararunt
888 4130 1021 4171 eum
1039 4110 1267 4169 fidelem
1299 4129 1425 4169 esse
1453 4118 1513 4170 et
1531 4108 1930 4188 justificatum,
1959 4108 2022 4166 in
2049 4128 2119 4167 ea
2145 4108 2296 4167 enim
2319 4108 2706 4169 declaratione
2728 4130 2890 4188 opera

495 4192 849 4252 intercedere
894 4189 1258 4269 potissimum
1306 4188 1520 4250 debent
1566 4196 1633 4247 ut
1679 4194 2022 4267 argumenta
2067 4208 2143 4247 ex
2187 4188 2399 4265 quibus
2439 4209 2534 4248 res
2577 4190 2804 4249 interna
2835 4200 2888 4250 et

494 4272 682 4332 latens
709 4270 771 4331 in
798 4271 969 4331 corde
998 4270 1197 4349 patefit
1224 4278 1283 4330 et
1312 4270 1690 4348 dignoscitur.
1777 4269 1957 4328 Porro
1984 4286 2102 4327 non
2141 4268 2310 4328 nobis
2347 4269 2488 4328 solis
2527 4270 2640 4329 hoc
2667 4270 2848 4329 visum
2871 4293 2884 4346 ;

496 4352 764 4430 Agnovit
810 4351 872 4409 id
899 4351 1092 4429 ipsum
1118 4351 1372 4410 Thomas
1398 4352 1461 4409 in
1488 4370 1613 4428 cap.
1644 4348 1725 4408 iii.
1771 4349 1938 4427 epist.
1969 4347 2043 4407 ad
2073 4347 2206 4407 Gal.
2237 4348 2400 4408 Lect.
2429 4348 2530 4425 iv.,
2575 4350 2674 4409 ubi
2703 4350 2883 4409 conci-

492 4432 738 4490 liaturus
765 4432 809 4491 J
811 4430 1056 4490 acobum
1084 4450 1217 4491 cum
1246 4431 1447 4509 Paulo,
1480 4433 1519 4465 “
1540 4428 1774 4508 opera,”
1800 4428 2007 4508 inquit,
2040 4430 2076 4462 “
2097 4448 2215 4487 non
2243 4437 2380 4489 sunt
2405 4448 2581 4489 causa
2607 4430 2765 4509 quod
2791 4430 2882 4489 ali-

490 4510 624 4588 quis
652 4509 728 4569 sit
745 4510 943 4587 justus
970 4511 1126 4590 apud
1155 4512 1361 4583 Deum,
1406 4511 1511 4571 sed
1538 4519 1676 4571 sunt
1701 4510 1894 4589 potius
1921 4508 2294 4571 executiones
2319 4517 2380 4569 et
2405 4509 2884 4569 manifestationes

482 4588 787 4670 justitiae.”
840 4588 1006 4647 Idem
1044 4591 1301 4651 sentiunt
1330 4592 1515 4670 Hugo
1540 4590 1880 4668 Cardinalis,
1901 4598 1962 4651 et
1990 4590 2234 4667 Dionys.
2265 4588 2575 4668 carthusi„
2595 4588 2754 4668 quod
2770 4591 2882 4669 jam
