3234 5192
288 330 523 375 msrur.
554 318 694 390 xta]
864 332 943 373 mr
974 332 1465 374 sansmc‘rroms
1495 332 1740 374 cmusn
1767 332 2187 376 sucessuum
2585 316 2702 375 435

374 472 619 531 XLIX
660 472 747 533 At
774 474 901 533 istae
930 494 1129 534 omnes
1158 474 1561 533 conditiones·
1546 495 1607 533 ιιι
1630 474 1859 533 Christo
1888 473 2428 552 deprehenduntur3
2475 474 2700 553 Quippe

290 559 349 610 et
372 552 656 613 Dominus
686 554 795 613 fuit
822 554 1206 613 membrorum
1236 574 1487 628 suorum,
1517 554 1984 631 libel-rimamque
2011 554 2086 613 de
2107 574 2168 613 se
2187 520 2478 613 statuen’di
2507 564 2697 632 potcs-

287 640 467 691 tatem
494 634 715 709 habuit,
746 634 791 692 J
794 634 886 692 oh
907 655 965 692 x.
1000 636 1092 711 18,
1128 636 1163 667 “
1188 635 1371 693 Nemo
1401 634 1555 693 tollit
1582 635 1832 693 animam
1855 654 2016 709 ame,
2044 633 2147 693 sed
2173 654 2285 711 ego
2314 634 2540 711 depono
2569 654 2698 693 eam

288 732 391 789 per
418 714 719 791 meipsum,
751 714 1157 773 authoritatem
1188 715 1373 773 habeo
1402 734 1527 773 eam
1551 714 1878 792 deponendi
1921 722 1982 773 et
2022 732 2146 772 eam
2176 733 2374 773 rursus
2402 734 2700 773 assumen-

285 792 407 868 di3’
414 794 611 871 'Ipse
640 802 861 853 reatum
890 803 1149 853 nostrum
1169 794 1365 853 ultro·
1350 814 1410 851 ιιι
1439 814 1501 853 se
1531 794 1801 871 suscepit,
1821 802 1882 852 et
1901 792 2288 871 supplicium‘
2273 813 2462 871 ipsum
2481 814 2698 871 gnarus

282 881 567 949 quantum
594 882 751 933 esset
790 882 993 953 sponte
1042 874 1203 948 adiit,
1257 874 1412 931 Psal.
1462 874 1544 932 xl.
1590 878 1645 949 7,
1691 877 1768 932 8·
1752 920 1767 949 ,
1814 873 1969 932 Heb.
2015 893 2074 931 x.
2106 876 2160 948 8,
2209 875 2264 948 9,
2320 876 2413 933 10.
2499 874 2698 932 Ροιιιίι

282 972 489 1013 omnes
536 974 739 1031 poenas
766 954 935 1013 nobis
964 952 1189 1013 debitas
1216 962 1275 1012 et
1302 953 1449 1011 ferre
1478 962 1536 1011 et
1564 953 1870 1011 exhaurire
1896 960 1963 1012 ut
1983 918 2310 1047 διώδευσε-ος,
2357 953 2471 1011 Isa.
2501 953 2604 1011 liii.
2637 958 2692 1029 7,

288 1035 381 1108 10,
418 1036 530 1108 11;
578 1034 732 1093 Heb.
762 1033 799 1093 i.
831 1036 907 1109 3;
952 1032 1089 1091 Act.
1120 1033 1179 1091 ii.
1211 1036 1309 1091 24.
1394 1032 1594 1092 Potuit
1633 1040 1939 1109 peccantes
1981 1034 2136 1110 ipsos
2167 1042 2500 1092 convertere
2529 1033 2694 1110 spiri-

280 1119 409 1171 tum
460 1114 663 1191 gratiae
693 1114 808 1171 illis
833 1080 1137 1189 lai-giendo
1185 1132 1301 1189 quo
1349 1132 1517 1171 novae
1562 1121 1840 1171 creaturae
1879 1112 2100 1189 fierent,
2147 1113 2279 1173 Gal.
2309 1113 2389 1171 iv.
2422 1116 2476 1187 6,
2523 1113 2694 1173 Rom.

288 1192 415 1251 viii.
449 1196 507 1268 9,
544 1196 635 1252 15.
686 1193 961 1253 Summus
989 1192 1191 1251 Judcx
1219 1212 1335 1251 non
1364 1200 1589 1251 tantum
1627 1212 1746 1250 non
1773 1158 2136 1269 repugnavit,
2169 1192 2316 1250 sed'
2299 1212 2422 1270 ipse
2453 1192 2697 1251 admira—

194 1334 205 1345 ,
280 1271 421 1329 bilis
450 1272 747 1349 sapientise
796 1292 917 1331 suae
962 1272 1203 1330 consilio
1252 1272 1326 1330 ad
1369 1272 1431 1331 id
1478 1292 1688 1331 munus
1731 1272 1805 1331 ab
1855 1282 2069 1331 aeterno
2117 1292 2248 1331 eum
2293 1272 2608 1331 destinavit
2636 1282 2694 1330 et

280 1351 523 1411 vocavit
542 1352 603 1409 in
625 1361 881 1429 tempore
910 1371 1041 1410 cum
1070 1352 1131 1409 in
1158 1352 1438 1411 mundum
1465 1371 1597 1446 pro
1598 1352 1768 1410 nobis
1794 1351 1969 1427 misit,
2001 1359 2059 1410 et
2086 1352 2172 1409 illi
2199 1371 2316 1409 non
2343 1351 2600 1429 pepercit
2629 1364 2694 1410 ut

280 1431 457 1490 nobis
505 1440 780 1507 parceret,
832 1431 974 1491 Joh.
1022 1431 1103 1490 iii.
1159 1434 1249 1507 16,
1297 1432 1467 1490 Rom.
1496 1432 1617 1490 viii.
1651 1434 1745 1507 32,
1795 1435 1824 1505 1
1860 1431 1986 1490 Pet.
2031 1431 2070 1489 i.
2125 1434 2217 1504 19,
2269 1434 2364 1506 20,
2409 1440 2583 1509 atque
2612 1431 2694 1491 ita

280 1518 511 1587 gratam
542 1511 745 1570 habuit
772 1512 897 1589 ejus
940 1478 1391 1571 satisfactionem
1416 1520 1483 1571 ut
1512 1512 1642 1589 ejus
1669 1513 1730 1569 vi
1729 1477 1926 1569 nobis
1966 1511 2136 1589 plane
2167 1511 2240 1569 sit
2268 1477 2688 1586 reconciliatus,

279 1592 318 1647 2
352 1590 486 1649 Cor.
516 1611 574 1649 v.
610 1594 702 1667 19,
734 1594 829 1649 21.
916 1591 1215 1650 Postremo
1258 1611 1377 1650 non
1420 1591 1531 1651 fuit
1574 1590 1837 1650 Christus
1885 1591 2107 1649 alienus
2134 1611 2170 1648 a
2197 1591 2381 1666 nobis,
2423 1590 2527 1649 sed
2555 1611 2690 1649 con-

272 1637 711 1755 junctissimus}
744 1672 888 1729 Cum
907 1671 995 1729 illi
1015 1670 1161 1730 uniti
1182 1671 1360 1729 simus
1378 1672 1638 1749 triplici
1620 1672 1862 1731 vinculo:
1891 1668 1966 1729 10.
1985 1672 2243 1729 naturali
2266 1690 2442 1747 quum
2461 1690 2691 1729 carnem

276 1758 539 1809 nostram
561 1740 767 1828 induit,
799 1758 857 1810 et
886 1750 1061 1809 frater
1085 1760 1285 1811 noster
1309 1751 1497 1810 factus
1524 1759 1632 1826 est,
1665 1751 1818 1809 Heb.
1848 1749 1909 1810 ii.
1943 1754 2051 1825 14,
2111 1750 2190 1809 20.
2214 1752 2443 1825 forensi
2466 1758 2524 1809 et
2535 1752 2692 1825 juri-

272 1832 409 1889 dico
434 1832 625 1907 posito
646 1797 769 1890 tuni
798 1831 857 1888 in
887 1832 1262 1890 consensione
1284 1831 1666 1906 voluntatum,
1697 1839 1818 1889 tum
1850 1798 2056 1889 summi
2078 1830 2121 1891 J
2123 1831 2311 1889 udicis
2333 1830 2692 1890 ordinatione

272 1929 400 1986 qua
432 1910 695 1970 Christus
722 1918 789 1969 ut
817 1930 1060 1987 sponsor
1085 1910 1255 1969 nobis
1283 1911 1453 1969 datus
1482 1919 1573 1969 est
1612 1930 1648 1967 a
1679 1910 1823 1984 Dec,
1853 1910 1952 1989 qui
1980 1930 2084 1987 pro
2111 1910 2280 1969 nobis
2323 1910 2694 1985 satisfaceret,

271 1998 335 2049 et
387 2009 497 2049 nos
545 1990 773 2049 Christo
824 1990 943 2048 dati
971 1998 1037 2049 ιιι
1064 1990 1138 2047 ab
1166 1990 1293 2067 ipso
1334 1990 1700 2064 redimamur,
1750 1990 1961 2049 Matth.
2013 2010 2115 2049 xx.
2168 1992 2263 2065 28,
2311 1990 2428 2049 Isa.
2477 1990 2580 2047 liii.
2633 1993 2688 2066 6,

224 2096 247 2105 -
273 2068 321 2129 J
324 2088 409 2128 er.
440 2070 606 2130 xxiii.
652 2074 687 2129 6
712 2090 729 2146 3
774 2068 853 2128 30.
884 2070 1109 2144 mystico
1157 2078 1211 2126 et
1253 2069 1542 2145 spirituali
1585 2089 1701 2145 quo
1745 2069 2045 2127 nobiscum
2101 2070 2366 2127 Christus
2412 2070 2471 2126 in
2516 2089 2694 2127 unam

272 2168 589 2226 personam
617 2158 675 2209 et
704 2168 914 2225 corpus
942 2148 1214 2206 coalescit
1256 2148 1422 2224 cujus
1462 2147 1561 2206 ille
1590 2156 1682 2206 est
1728 2156 1916 2224 caput,
1967 2166 2074 2207 nos
2121 2148 2396 2223 membra,
2449 2148 2600 2225 Eph.
2650 2149 2690 2208 i.

273 2233 359 2287 22
413 2235 471 2286 et
526 2232 623 2304 23,
674 2227 828 2287 unde
877 2227 1089 2287 factum
1142 2234 1206 2286 ut
1248 2236 1308 2285 et
1356 2227 1467 2305 ipsi
1514 2227 1774 2285 fidelium
1818 2237 2071 2303 peccata,
2121 2236 2182 2287 et
2246 2228 2503 2286 vicissim
2564 2228 2692 2305 ejus

274 2307 617 2367 obedientia
644 2315 702 2366 et
721 2307 951 2383 justitia
978 2306 1247 2365 fidelibus
1296 2307 1565 2384 imputari
1604 2315 1834 2385 queant,
1879 2316 2177 2384 peccatum
2207 2308 2359 2367 enim
2391 2308 2576 2366 factus
2605 2316 2694 2367 est

273 2396 347 2445 ιιι
376 2406 635 2447 essemus
657 2388 887 2465 justitia
917 2387 1072 2446 Dei'
1056 2406 1115 2445 ιιι
1145 2387 1288 2464 ipso,
1320 2391 1357 2445 2
1384 2388 1511 2446 Cor.
1542 2408 1600 2446 v.
1631 2392 1727 2463 21,
1759 2396 1818 2447 et
1847 2388 1978 2447 Gal.
2009 2388 2090 2449 iii.
2124 2391 2217 2448 13.
2293 2388 2386 2447 Ita
2414 2388 2462 2447 si
2490 2387 2692 2466 plecti-

272 2476 378 2526 tur
404 2486 520 2524 ιιοιι
546 2468 819 2547 plectitur
859 2468 1057 2527 invitus
1085 2467 1181 2525 vel
1208 2478 1271 2525 ut
1296 2469 1569 2543 inuocem,
1602 2466 1758 2546 quod
1803 2467 2084 2545 injustum
2125 2468 2311 2545 foret3
2361 2467 2476 2527 Sed
2505 2478 2567 2525 ut
2591 2488 2694 2527 vas

273 2546 433 2683 qu}
410 2565 515 2623 pro
546 2549 716 2608 nobis
745 2567 807 2607 se
836 2548 1004 2625 sistit,
1036 2557 1094 2607 et
1122 2556 1183 2605 ut
1207 2569 1339 2607 reus
1382 2548 1482 2625 qui
1526 2558 1740 2608 sortem
1777 2548 1927 2607 hanc
1973 2558 2178 2626 sponte
2205 2568 2282 2608 ex
2321 2548 2434 2606 Dei
2462 2547 2694 2607 decreto

278 2645 355 2684 su
398 2626 481 2686 iit.

362 2706 434 2765 L.
478 2706 655 2766 Absit
674 2727 811 2785 ergo
832 2717 899 2767 ut
919 2706 1276 2766 crudelitatis
1299 2708 1395 2766 vel
1425 2707 1723 2783 injustitiae
1745 2706 1937 2765 labem
1959 2706 2137 2765 ullam
2167 2705 2530 2765 sanctissimo
2559 2706 2694 2764 huic

274 2805 656 2863 aspergamus
688 2787 797 2844 Dei
826 2788 1102 2862 consili0,
1148 2786 1478 2845 Adoremus
1506 2788 1700 2861 potius
1727 2793 1787 2843 et
1813 2805 1888 2841 ex
1916 2785 2136 2843 intimis
2163 2784 2354 2843 cordis
2385 2785 2695 2861 penetrali-

272 2867 393 2924 bus
438 2865 833 2923 admirabilem
880 2866 1039 2923 illam
1088 2885 1428 2923 veneremur
1472 2864 1810 2941 sapientiam
1855 2882 1985 2939 quse
2031 2863 2114 2921 ita
2157 2862 2482 2939 prospicere
2509 2862 2700 2922 voluit

275 2944 456 3003 saluti
484 2954 695 3002 nostrae
724 2952 789 3001 ut
838 2944 1041 3019 gloriae
1090 2962 1209 3001 suae
1250 2952 1553 3021 propterea
1584 2942 1730 2999 nihil
1785 2941 2106 3015 decederet,
2137 2942 2218 3000 ita
2244 2941 2696 3000 misericordiam

276 3023 572 3099 explicare
590 3031 655 3082 ut
676 3022 920 3099 justitiae
936 3031 1131 3081 tamen
1158 3022 1305 3080 nihil
1322 3020 1742 3097 detraheretur3
1775 3020 1958 3080 Grato
1979 3020 2170 3078 animo
2189 3040 2475 3079 summum
2506 3020 2698 3081 Patris

276 3121 536 3161 amorem
576 3100 955 3179 praedicemus
996 3102 1097 3178 qui
1136 3108 1201 3159 ιιι
1242 3100 1409 3159 nobis
1453 3110 1714 3177 parceret
1755 3100 2055 3177 unigenito
2105 3120 2210 3159 suo
2257 3120 2376 3160 non
2419 3102 2693 3179 pepercit,

268 3181 501 3258 justum
534 3202 637 3260 pro
666 3181 915 3259 injustis,
948 3182 1312 3239 innocentem
1333 3200 1437 3257 pro
1458 3180 1588 3255 reis,
1615 3180 1798 3239 filium
1820 3200 1924 3258 pro
1953 3180 2138 3239 servis
2167 3180 2294 3240 neci
2324 3181 2549 3240 tradere
2579 3200 2696 3240 non

278 3260 1006 3338 dubitavit31mmensam
1036 3260 1285 3337 denique
1315 3259 1452 3317 Filii
1481 3259 1818 3319 charitatem
1836 3260 2210 3337 celebremus„
2235 3260 2336 3338 qui
2362 3261 2694 3339 posthabito

278 3340 496 3400 divinae
524 3342 843 3419 majestatis
870 3360 986 3417 quo
1016 3340 1158 3398 felix
1188 3360 1317 3397 cum
1348 3338 1565 3399 Patre
1548 3360 1609 3397 m
1636 3338 1820 3399 forma
1849 3339 1960 3399 Dei
2003 3341 2342 3400 coruscabat
2369 3342 2692 3419 splendore,

279 3422 356 3479 ad
384 3422 829 3499 abjectissimam
858 3420 1011 3479 servi
1052 3420 1293 3477 formam
1339 3438 1463 3478 sese
1508 3418 1810 3479 demittere
1857 3422 2040 3479 nostri
2085 3441 2259 3481 causa
2302 3441 2418 3481 non
2446 3422 2694 3497 erubuit,

283 3500 568 3559 Dominus
596 3501 796 3577 gloriae
824 3500 980 3558 cruci
1008 3498 1165 3577 affigi
1188 3500 1460 3558 sustinuit
1482 3508 1547 3559 ut
1572 3520 1681 3559 nos
1707 3500 2030 3577 redimeret,
2066 3501 2476 3561 Sanctissimus
2492 3521 2694 3579 pecca·

279 3589 403 3638 tum
431 3579 556 3639 fieri
584 3588 649 3638 ut
678 3599 783 3637 nos
823 3578 1183 3656 justificaret,
1216 3579 1571 3638 Benedictus
1612 3580 1674 3637 in
1716 3581 1910 3639 secula
1956 3581 2349 3640 maledictioni
2393 3582 2604 3658 subjici
2630 3589 2697 3639 ut

278 3678 387 3717 nos
414 3659 627 3733 bearet,
660 3658 939 3718 AEternus
965 3660 1112 3717 mori
1139 3667 1205 3718 ut
1245 3660 1425 3719 vitam
1468 3658 1928 3737 conferret31ta
1969 3660 2370 3720 admirabundi
2409 3680 2540 3718 cum
2570 3660 2694 3717 uni-

278 3758 449 3795 versa
478 3738 742 3797 Ecclesia
786 3740 1106 3816 conjunctis
1156 3738 1363 3797 animis
1407 3739 1765 3817 vocibusque
1793 3741 2080 3799 canticum
2109 3761 2325 3799 novum
2353 3740 2440 3797 illi
2470 3740 2696 3798 occina-

279 3838 443 3877 mus:

441 3904 533 3973 'rs-⁰
556 3907 799 3978 aalma?
827 3899 907 3957 ir)
932 3906 1019 3959 vot
1042 3900 1213 3980 &edua
1238 3902 1329 3957 καὶ
1354 3904 1429 3976 τᾷ
1467 3898 1633 3980 Ἀςνῖρ
1675 3900 1700 3962 ἦ
1743 3900 1994 3971 ιῦλογῖιιῆ
2022 3902 2140 3975 τιμὰ
2161 3906 2251 3958 καὶ
2283 3900 2308 3961 ἦ
2336 3896 2455 3971 δι’ξσι
2497 3904 2557 3964 εἰς
2585 3898 2695 3964 τοὺς

439 3982 615 4046 affixae
640 3983 733 4037 τὸν
756 3980 951 4038 ain‘rm.
1028 3982 1183 4057 Apula

1203 4137 1757 4198 COROLLARIA.

360 4296 409 4355 Ι.
453 4297 556 4356 An
582 4295 772 4357 foedus
802 4299 1004 4377 gratiae
1030 4298 1187 4357 idem
1214 4297 1387 4356 fuerit
1416 4297 1525 4355 sub
1553 4297 1632 4355 V.
1663 4304 1722 4356 et
1751 4296 1858 4355 sub
1888 4295 1961 4354 N.
1992 4288 2112 4354 Tj?
2151 4296 2271 4371 Affi

359 4377 447 4436 11.
490 4378 589 4436 An
623 4378 1127 4438 satisfactionibus
1152 4378 1423 4435 humanis
1465 4374 1651 4454 possit
1698 4394 1824 4435 esse
1865 4375 2029 4434 locus
2069 4384 2202 4453 post
2235 4374 2700 4436 Satisfactionem

273 4454 495 4597 01111ῗί
514 4460 937 4597 ἱ14ξιν1ἰ1)ειιί.ι),ιὶει
962 4536 1111 4597 ratio
1137 4494 1395 4594 formalis
1421 4534 1613 4613 posita
1641 4535 1718 4595 sit
1742 4537 1804 4592 in
1831 4536 2102 4619 ἐδιεφοςίι
2119 4538 2148 4596 Ρ
2187 4539 2267 4597 Ν.

364 4616 476 4677 IV.
525 4617 624 4675 An
654 4618 860 4677 Gratia
888 4615 1283 4676 conversionis
1312 4614 1388 4675 sit
1414 4614 1790 4675 irresistibilis
1809 4618 1838 4675 ?
1875 4617 1924 4675 A
1917 4618 1994 4692 ff
