3234 5192
537 328 649 384 122
1320 342 1399 383 nr:
1442 340 1806 383 >incassum
1837 340 2184 383 sscass1ous
2603 326 2857 402 [msr‘u‘r.
2889 345 2946 387 v.

539 482 837 543 servitutis
859 484 1069 562 jugum
1100 484 1317 545 reduci.
1409 484 1505 543 Sic
1532 504 1653 544 non
1679 484 1886 542 melius
1914 492 2184 560 poterunt
2223 504 2260 542 a
2301 483 2468 542 nobis
2513 483 2743 562 dimitti,
2773 507 2947 565 quam

532 564 671 624 olim
699 585 734 622 a
755 564 915 624 Jehu
956 564 1229 624 dimissus
1258 573 1349 623 est
1391 566 1434 624 J
1438 585 1614 640 oram,
1660 584 1922 641 quaerens
1965 582 2038 621 an
2079 584 2198 622 non
2224 584 2342 641 pax
2383 573 2537 624 esset
2563 565 2692 642 ipsi,
2725 572 2760 625 2
2795 568 2941 645 Reg.

531 644 612 703 ix.
637 648 733 721 22,
782 647 818 677 “
838 645 979 721 Quae
1026 665 1143 723 pax
1170 654 1363 723 potest
1392 646 1578 719 esse,’'
1610 644 1801 721 inquit
1828 644 1871 704 J
1874 644 2003 719 cha,
2032 647 2067 677 “
2085 645 2342 720 quandiu
2363 643 2574 703 durant
2601 647 2800 705 matris
2828 655 2944 706 tuae

534 726 577 786 J
580 725 779 785 ezabel
799 726 1179 785 scortationes
1206 733 1266 783 et
1284 725 1594 802 praestigiae
1622 725 1688 783 ?''
1775 724 1916 798 Quae
1937 744 2055 800 pax
2083 733 2273 801 potest
2301 744 2427 783 esse
2457 725 2773 801 vobiscum,
2807 727 2946 786 dum

526 815 711 865 mater
739 814 932 865 vestra
959 825 1131 864 aureo
1162 806 1571 865 scortationum
1612 804 1820 882 poculo
1849 804 2093 881 populos
2136 804 2445 879 dementat,
2477 814 2537 863 et
2563 826 2666 884 per
2693 806 2939 865 foedissi-

528 906 655 945 mos
684 905 905 944 errores
947 893 1006 944 et
1045 885 1404 943 idololatrias
1447 904 1509 943 se
1552 904 1684 942 cum
1725 884 2003 943 adulteris
2047 884 2304 962 polluere
2348 886 2583 963 pergit?
2684 886 2784 944 An
2827 908 2942 946 non

528 967 741 1025 stultus
759 975 927 1039 esset,
952 965 1052 1041 qui
1074 965 1296 1041 marit0,
1329 972 1459 1041 post
1486 965 1657 1023 uxori
1684 965 1924 1023 missum
1952 964 2252 1043 repudium
2282 965 2356 1023 ob
2385 966 2706 1043 impudicos
2733 987 2940 1042 mores,

530 1044 770 1104 suadere
800 1053 1119 1120 conaretur,
1164 1054 1229 1104 ut
1256 1046 1429 1103 talem
1460 1045 1738 1122 reciperet
1779 1046 2008 1121 qualem
2049 1045 2392 1123 repudiavit,
2439 1066 2556 1103 non
2596 1048 2942 1125 repromissa

528 1145 606 1183 ex
633 1133 795 1202 parte
824 1124 1025 1183 uxoris
1054 1133 1187 1183 ante
1217 1133 1473 1184 aetorum
1529 1126 1886 1202 poenitentia,
1946 1135 2004 1185 et
2057 1127 2196 1184 vitae
2239 1126 2448 1204 prioris
2493 1126 2940 1187 emendatione?

532 1204 649 1265 Sed
670 1206 843 1281 longe
874 1204 1103 1263 stultior
1130 1213 1235 1281 est,
1268 1206 1367 1283 qui
1395 1226 1503 1264 nos
1531 1206 1591 1263 in
1634 1206 1878 1282 gratiam
1922 1205 2106 1265 redire
2127 1205 2299 1284 jubet
2325 1226 2454 1265 cum
2493 1226 2564 1265 ea
2591 1206 2873 1285 Ecclesia,
2904 1229 2941 1267 a

526 1306 645 1363 qua
672 1305 777 1344 ceu
805 1285 1102 1345 meretrice
1133 1286 1445 1344 divortium
1474 1287 1662 1344 facere
1705 1285 1888 1344 coacti
1934 1306 2132 1345 sumus
2161 1287 2235 1345 ob
2278 1287 2666 1363 impuritatem
2695 1289 2821 1365 ejus
2857 1290 2936 1348 ri-

526 1374 691 1425 tuum
746 1374 805 1425 et
830 1366 1173 1444 pravitatem
1230 1366 1583 1443 dogmatum,
1630 1366 1729 1443 qui
1772 1365 1940 1425 nobis
1995 1386 2110 1425 non
2165 1368 2339 1426 etiam
2383 1368 2663 1445 spondeat
2716 1389 2821 1447 pro
2869 1388 2940 1429 ea

521 1446 899 1507 mutationem
927 1446 989 1504 in
1010 1448 1232 1520 melius,
1262 1448 1667 1523 purioremque
1696 1447 1757 1503 in
1797 1454 2092 1523 posterum
2120 1448 2341 1506 cultum
2371 1468 2501 1506 cum
2530 1449 2935 1510 reformatione

523 1527 777 1604 priorum
820 1546 1092 1586 errorum.
1178 1526 1404 1585 Redeat
1430 1546 1571 1603 ergo
1598 1526 1785 1603 primo
1813 1526 1874 1582 in
1916 1530 2160 1602 gratiam
2190 1548 2320 1586 cum
2365 1528 2616 1603 Christo,
2649 1538 2707 1587 et
2733 1550 2936 1607 pacem

524 1627 656 1666 cum
706 1608 832 1685 ipso
875 1606 1064 1682 faciat,
1110 1614 1169 1665 et
1216 1626 1321 1665 nos
1371 1606 1568 1664 faciles
1612 1605 1687 1664 ad
1733 1625 1936 1683 pacem
1965 1626 2096 1665 cum
2133 1606 2260 1685 ipsa
2301 1608 2806 1685 redintegrandam
2848 1610 2934 1667 in-

530 1688 744 1745 veniet.

605 1766 779 1825 XLI.
825 1766 937 1841 Qui
979 1788 1145 1827 secus
1172 1768 1426 1843 fecerint,
1459 1775 1517 1825 et
1558 1788 1726 1827 aures
1767 1766 2000 1826 nefariis
2029 1767 2287 1827 consiliis
2325 1768 2584 1845 praebere
2611 1788 2727 1827 non
2774 1790 2938 1829 recu-

524 1847 719 1923 sarint,
751 1847 1097 1924 gravissimo
1128 1868 1253 1908 sose
1276 1868 1467 1907 coram
1492 1849 1617 1908 Deo
1647 1848 1884 1907 crimine
1913 1848 2291 1925 obstringent,
2323 1850 2382 1906 in
2405 1848 2649 1926 gratiam
2678 1850 2936 1909 divinam

522 1926 753 2004 ingrati,
803 1928 1203 1987 contumeliosi
1251 1928 1313 1986 in
1352 1929 1581 1988 labores
1637 1938 1883 2006 patrum,
1935 1936 1994 1987 et
2039 1930 2260 1987 cineres
2302 1936 2637 2007 martyrum,
2685 1931 2786 2006 qui
2831 1952 2936 1990 suo

523 2008 803 2085 sanguine
846 2008 1015 2067 nobis
1048 2008 1199 2067 hanc
1226 2028 1343 2086 qua
1368 2008 1611 2068 fruimur
1659 2009 1985 2069 libertatem
2013 2019 2372 2087 pepererunt,
2419 2010 2681 2069 veritatis
2719 2012 2933 2088 hosteS,

524 2086 803 2147 Ecclesiae
848 2096 1059 2166 pestes,
1106 2097 1163 2148 et
1206 2089 1421 2148 Christi
1473 2090 1658 2167 ipsius
1685 2089 2028 2167 proditores.
2120 2091 2397 2149 Facessat
2426 2110 2461 2149 a
2501 2091 2669 2149 nobis
2697 2100 2814 2150 tam
2848 2092 2933 2149 in-

521 2166 724 2227 faustae
752 2169 1368 2246 pacisafflffffium
1397 2170 1765 2229 desiderium.
1855 2169 2032 2228 Absit
2059 2178 2124 2229 ut
2151 2170 2541 2230 claudicemus
2589 2171 2662 2230 ab
2690 2181 2934 2250 utroque

519 2247 716 2326 latere,
753 2252 782 2309 1
827 2245 979 2329 Reg.
1003 2252 1167 2311 xviii.
1199 2255 1294 2326 21,
1328 2259 1428 2309 aut
1454 2270 1557 2328 pro
1587 2250 1840 2327 genuina
1867 2249 2070 2326 lingua
2091 2251 2341 2327 Canaan,
2377 2251 2704 2310 Ascdodice
2732 2253 2934 2330 loqua-

518 2348 663 2407 mur,
708 2332 804 2390 vel
852 2332 911 2389 in
941 2331 1227 2408 ejusmodi
1254 2330 1530 2389 formulas
1571 2331 1875 2406 ambiguas
1903 2340 1962 2389 et
1988 2329 2332 2408 flexiloquas
2355 2332 2794 2407 consentiamuS,
2828 2334 2936 2391 sub

518 2411 731 2487 quibus
760 2412 1063 2469 haereticus
1090 2418 1283 2485 potest
1308 2410 1487 2468 latere
1517 2430 1738 2483 sensus,
1771 2410 1972 2485 quales
2014 2408 2153 2467 olim
2180 2410 2240 2467 in
2271 2410 2623 2469 Ariminensi
2655 2413 2930 2485 Concilio,

520 2490 725 2549 edictis
796 2489 1136 2565 Constantii,
1195 2498 1255 2547 et
1323 2490 1575 2549 Zenonis
1655 2488 1946 2547 lIenotico
2013 2489 2363 2565 improbavit
2428 2490 2527 2568 pia
2599 2491 2930 2567 antiquitas

521 2568 790 2644 Quinimo
840 2589 1123 2628 memores
1161 2568 1305 2628 dicti
1344 2568 1668 2647 apostolici,
1713 2573 1749 2627 2
1783 2568 1912 2625 Cor.
1964 2568 2042 2625 vi.
2093 2571 2184 2642 14,
2234 2572 2326 2644 15,
2376 2573 2468 2644 16,
2525 2570 2746 2627 nullam
2805 2590 2933 2629 esse

518 2648 980 2708 communionem
1030 2650 1245 2709 Christi
1296 2670 1427 2709 cum
1462 2647 1671 2725 Belial,
1719 2647 1866 2705 lucis
1895 2668 2027 2705 cum
2076 2648 2346 2724 tenebris,
2373 2649 2619 2726 justitiae
2649 2670 2781 2707 cum
2825 2652 2930 2709 ini-

517 2729 755 2807 quitate,
786 2737 845 2788 et
873 2730 1074 2808 templi
1104 2730 1215 2789 Dei
1258 2750 1390 2789 cum
1432 2730 1624 2805 idolis,
1677 2737 1900 2787 mature
1947 2727 2019 2785 ab
2068 2728 2212 2805 ipsis
2255 2728 2608 2803 secedamuS,
2655 2750 2770 2788 non
2813 2740 2932 2789 tam

517 2816 772 2889 corpore,
805 2830 979 2889 quam
1007 2811 1199 2869 animo
1220 2820 1279 2870 et
1296 2809 1525 2886 affectu,
1548 2830 1622 2868 ne
1644 2806 2068 2867 immunditiem
2091 2808 2270 2867 ullam
2297 2807 2396 2868 vel
2433 2810 2640 2868 erroris
2669 2810 2766 2869 vel
2797 2810 2929 2871 vitii

518 2892 940 2951 contrahamus·
1027 2890 1149 2951 Nec
1194 2912 1229 2949 a
1275 2910 1557 2968 generoso
1604 2890 1716 2948 hoc
1763 2888 2028 2947 instituto
2074 2908 2343 2948 amovere
2407 2887 2620 2949 debent
2674 2910 2798 2966 n05,
2829 2892 2926 2949 vel

516 2971 816 3031 hominum
872 2971 1161 3048 mandata,
1220 2972 1315 3030 vel
1370 2970 1797 3049 promissiones,
1842 2969 1942 3027 vel
1989 2968 2194 3045 minae3
2265 2969 2349 3028 ita
2389 2970 2541 3028 enim
2578 2989 2698 3027 vox
2747 2971 2928 3029 homi-

517 3071 659 3111 num
686 3062 777 3113 est
803 3052 1107 3128 audienda,
1155 3061 1223 3111 ut
1262 3071 1489 3129 semper
1537 3050 1798 3109 obtineat
1839 3048 1988 3108 illud
2025 3050 2422 3126 apostolicum,
2455 3050 2650 3109 Satius
2679 3060 2758 3109 est
2805 3053 2932 3111 Deo

518 3134 759 3209 obedire,
792 3153 965 3209 quam
1018 3134 1339 3191 hominibus.
1426 3130 1579 3206 Quid
1625 3130 1800 3190 etiam
1847 3128 2104 3205 proderit
2150 3129 2370 3189 homini
2424 3138 2609 3189 totum
2651 3131 2928 3190 mundum

515 3212 745 3287 lucrari,
768 3212 816 3270 si
828 3213 1078 3270 animam
1106 3232 1270 3271 suam
1292 3219 1350 3270 et
1378 3211 1622 3271 salutem
1651 3208 2013 3287 perdiderit?
2057 3210 2285 3287 Ecquid
2303 3230 2440 3269 vero
2459 3211 2653 3269 damni
2681 3211 2803 3269 dari
2828 3233 2926 3290 po—

516 3296 650 3367 test,
680 3291 837 3368 quod
866 3291 943 3350 sit
970 3290 1395 3366 conferendum,
1429 3292 1525 3349 vel
1554 3312 1688 3349 curn
1713 3289 2014 3349 tremenda
2055 3290 2168 3348 Dei
2209 3290 2627 3366 maledictione,
2653 3299 2712 3349 et
2741 3292 2930 3351 Patris

520 3370 923 3448 abnegatione,
954 3371 1017 3429 in
1040 3391 1214 3447 quam
1235 3373 1537 3431 incurrunt
1563 3370 1808 3429 infames
1837 3368 1924 3427 illi
1951 3389 2296 3445 emansoreS,
2328 3390 2477 3448 quos
2505 3370 2692 3429 crucis
2721 3371 2936 3431 Christi

519 3450 713 3528 pudet,
746 3460 805 3510 et
832 3451 949 3529 qui,
982 3449 1225 3523 φιληδοιοι
1264 3452 1459 3530 potius
1487 3471 1660 3529 quam
1689 3458 1916 3524 φιλοοωι,
1949 3468 2080 3508 cum
2112 3450 2299 3508 Dema
2327 3450 2618 3510 Christum
2637 3450 2925 3529 deserunt,

520 3539 581 3589 et
621 3551 875 3608 praesens
904 3533 1164 3591 seculum
1213 3541 1444 3608 amant3
1504 3531 1602 3591 vel
1645 3551 1778 3590 cum
1823 3529 2238 3607 gloriosissima
2280 3532 2755 3607 remuneratione,
2800 3553 2930 3610 quse

518 3610 698 3670 fortes
745 3612 959 3671 Christi
1014 3612 1261 3672 athletas
1304 3621 1363 3672 et
1388 3611 1590 3671 fideles
1618 3610 1936 3687 discipulos
1977 3613 2220 3669 manet?
2261 3611 2560 3671 Pellantur
2579 3612 2640 3670 in
2670 3613 2926 3691 exilium,

521 3692 684 3751 Deus
715 3692 873 3770 ipsos
902 3692 1171 3771 excipiet.
1258 3693 1593 3751 Honoribus
1623 3701 1681 3751 et
1718 3689 2104 3768 dignitatibus
2133 3690 2468 3767 spolientur,
2499 3712 2744 3769 regnum
2785 3693 2929 3771 ipsis

518 3771 803 3851 disponet,
828 3781 887 3832 et
918 3792 1189 3832 coronam
1230 3772 1724 3850 incorruptibilem
1767 3770 2064 3847 largietur.
2150 3772 2264 3829 Pro
2313 3772 2660 3832 retrimentis
2709 3774 2927 3850 mundi,

519 3860 579 3911 et
608 3852 1059 3931 despectissimis
1100 3853 1427 3912 mortalium
1477 3852 1818 3925 habeantur,
1864 3858 1926 3909 at
1975 3850 2149 3909 Pater
2189 3852 2439 3911 coelestis
2479 3852 2539 3910 in
2588 3852 2929 3912 dilectorum

517 3933 765 3992 filiorum
818 3953 1054 3993 censum
1098 3934 1355 4011 recipiet.
1457 3930 1856 3992 Persecutioni
1913 3930 2260 4008 objiciantur
2287 3942 2346 3991 et
2391 3932 2809 3992 maledicantur
2855 3935 2929 3993 ab

518 4014 801 4087 omnibuS,
834 4014 957 4091 ipse
982 4014 1220 4090 colliget
1239 4014 1301 4071 in
1338 4013 1527 4071 sinum
1556 4033 1743 4088 suum,
1767 4020 1826 4070 et
1845 4010 2168 4071 benedicet.
2217 4012 2396 4072 Morti
2423 4012 2533 4089 ipsi
2563 4013 2924 4089 addicantur,

517 4103 579 4153 at
606 4096 729 4172 ipse
754 4094 1031 4172 Princeps
1060 4094 1197 4152 vitae
1238 4094 1729 4153 immortalitatem
1772 4091 2065 4167 concedet,
2099 4101 2156 4151 et
2184 4091 2347 4152 dabit
2386 4102 2468 4168 ut,
2501 4114 2536 4151 a
2561 4104 2744 4153 morte
2773 4103 2925 4154 tran-

520 4182 752 4234 seuntes
780 4174 857 4233 ad
886 4175 1083 4251 vitam,
1117 4182 1331 4233 aeterna
1360 4194 1554 4233 secum
1584 4172 1857 4231 felicitate
1885 4171 2165 4230 fruantur.

600 4338 635 4391 2
669 4334 799 4393 Cor.
830 4334 909 4393 vi.
959 4338 1051 4412 17,
1086 4338 1315 4407 Εξιλθιτι
1342 4362 1393 4393 εκ
1418 4358 1573 4409 pua-ov
1604 4338 1782 4409 σιντ-ὅν,
1829 4358 1916 4391 και
1944 4342 2246 4413 awogne-Onu,
2281 4350 2412 4407 λεγει
2437 4348 2623 4413 Κυςιος,
2667 4358 2750 4389 και
2796 4358 2926 4389 σικα-

518 4420 695 4493 θιιςτου
724 4440 795 4488 μη
824 4412 1053 4489 ἅπτεσθε,
1084 4442 1233 4487 κου-μυ
1260 4413 1529 4490 “chiupam
1560 4420 1708 4489 ὖμόἔς,
1735 4441 1820 4473 και
1843 4440 2014 4489 scopam
2039 4420 2149 4490 ὑμῖν
2178 4442 2238 4480 εις
2269 4442 2478 4495 wanga,
2502 4440 2587 4471 και
2621 4418 2752 4486 ὑμεῖς
2779 4423 2930 4471 §noos

516 4518 598 4551 uu
630 4518 690 4558 εις
722 4496 849 4559 υἱους
876 4522 963 4553 aaa
992 4500 1297 4577 &myos-ngas,
1330 4514 1462 4568 λιγιι
1494 4508 1668 4576 Κυςιος
1691 4522 2059 4575 wartengeis-ug.
