3234 5192
279 342 519 385 mem-r.
548 322 665 405 iv.]
1034 338 1263 381 xosras
1294 338 1373 379 ΑΒ
1400 336 1682 379 sccnssu
1711 338 1984 382 nonni-u.
2633 330 2710 387 79

280 482 444 543 aliud
467 504 501 542 a
528 482 809 543 doctrinae
837 482 1087 541 falsitate
1111 488 1439 559 suppeteret
1460 489 1884 557 argumentum,
1916 480 2241 543 sufficerent
2261 493 2454 544 tamen
2483 486 2558 545 ad
2587 507 2713 546 cam

280 564 679 640 rejiciendam,
712 572 771 623 et
798 582 906 621 nos
934 563 1105 620 etiam
1134 560 1425 619 inauditos
1455 559 1922 618 condemnandos
1951 584 1964 635 ;
2013 562 2208 638 qualia
2237 575 2372 623 sunt
2392 568 2715 626 vocationis

282 652 346 702 et
372 644 668 703 missionis
706 642 983 717 defectus,
1017 641 1265 700 secessio
1312 640 1678 699 schismatica
1705 660 1740 696 a
1763 660 1902 698 vera
1932 640 2212 719 Ecclesia,
2243 663 2432 702 mores
2461 648 2716 723 corrupti

280 722 772 797 Reformatorum,
804 734 863 781 et
906 721 1185 781 tumultus
1227 741 1294 778 ac
1331 720 1485 777 bella
1512 719 1620 777 hac
1651 721 1950 779 occasione
1979 732 2198 797 exorta,
2230 723 2532 783 dissidium
2556 726 2716 802 quod

280 804 441 861 inter
464 824 571 862 nos
600 812 661 862 et
690 798 1053 861 Lutheranos
1080 810 1298 873 natum,
1330 809 1388 858 et
1410 800 1523 857 alia
1552 800 1611 856 id
1641 820 1842 877 genus,
1861 821 1992 877 quae
2020 802 2360 879 injustitiam
2383 824 2571 863 causae
2593 816 2712 865 tam

282 890 486 960 aperte
514 883 792 942 videntur
813 882 1071 960 prodere,
1102 890 1167 939 ut
1195 900 1311 938 non
1334 898 1478 955 opus
1508 880 1583 938 sit
1610 880 1877 955 penitiori
1907 880 2182 940 doctrinae
2211 883 2504 959 indagine.

280 999 430 1045 Viam
450 1000 779 1047 submissionis
899 950 1011 1019 Vl.
1054 961 1293 1035 Verum,
1344 968 1410 1019 ut
1452 958 1672 1037 aliquid
1718 960 1902 1020 obiter
1949 970 2008 1019 et
2054 962 2114 1027 ὥς
2161 988 2203 1021 ιν
2250 961 2448 1045 arag-39·
2503 964 2574 1023 de
2611 963 2718 1024 tali

344 1061 652 1105 zpontificis,
677 1073 775 1103 ma.-
820 1041 1060 1101 consilio
1098 1039 1374 1114 dicamus,
1418 1060 1525 1097 nec
1569 1040 1723 1097 enim
1767 1040 1948 1099 nostri
1986 1062 2140 1102 nunc
2187 1055 2276 1103 est
2317 1046 2566 1103 instituti
2603 1046 2714 1104 hoc

348 1119 395 1163 1⁰
415 1119 593 1177 ”¹8⁶¹ss
815 1130 1217 1199 argumentum
1266 1118 1449 1177 fusius
1498 1120 1726 1196 exequi,
1762 1121 1858 1177 vel
1905 1119 2111 1181 falcem
2159 1122 2220 1180 in
2274 1125 2520 1183 alienam
2563 1146 2712 1183 mes-

284 1224 414 1263 sem
455 1203 782 1262 immittere.
867 1200 1154 1277 Quicquid
1196 1199 1269 1257 ab
1324 1209 1557 1257 auctore
1608 1199 1719 1257 isto
1775 1200 2032 1275 speciose
2087 1211 2145 1261 et
2201 1204 2441 1263 subdole
2499 1206 2714 1264 obten—

284 1284 461 1342 datur
487 1283 562 1341 ad
589 1282 759 1341 nobis
787 1280 1066 1339 invidiam
1094 1280 1473 1353 conflandam,
1502 1286 1560 1337 et
1589 1290 1914 1354 suspectam
1943 1300 2008 1337 ac
2037 1300 2270 1339 exosam
2297 1284 2563 1342 omnibus
2584 1285 2712 1343 red-

283 1362 539 1422 dendam
566 1363 742 1421 fidem
772 1370 1043 1435 nostram,
1088 1361 1137 1418 si
1185 1360 1437 1437 penitius
1464 1357 1771 1418 methodus
1800 1359 1912 1416 ista
1939 1362 2315 1436 expendatur,
2346 1363 2568 1439 patebit
2596 1364 2712 1423 cla-

282 1443 516 1501 rissime
556 1441 703 1499 nihil
744 1440 1051 1500 absurdius
1092 1460 1160 1498 ea
1203 1440 1327 1497 dari
1362 1458 1529 1515 posse
1559 1447 1617 1495 et
1646 1437 1916 1514 iniquiuS,
1947 1439 2092 1496 nihil
2120 1440 2276 1516 quod
2306 1444 2516 1500 certius
2544 1443 2712 1502 malie

287 1532 351 1581 et
386 1522 767 1599 periclitantis
808 1541 995 1579 causa».
1036 1520 1291 1597 praebeat
1332 1527 1752 1595 argumentum.
1839 1517 1981 1592 Quis
2023 1520 2192 1595 enim,
2237 1521 2350 1579 nisi
2378 1522 2476 1598 qui
2507 1532 2712 1599 sponte

286 1602 561 1661 caecutire
604 1601 868 1675 voluerit,
912 1620 1028 1659 non
1070 1599 1238 1658 facile
1292 1598 1792 1672 animadverteret,
1835 1598 1960 1657 haec
2002 1600 2194 1658 omnia
2237 1621 2304 1659 eo
2348 1602 2599 1677 tendere,
2644 1612 2712 1663 ut

286 1683 507 1741 omisso
536 1680 815 1740 doctrinae
844 1680 1125 1753 examine,
1156 1679 1231 1737 ad
1276 1678 1433 1755 quod
1462 1698 1686 1754 semper
1713 1678 2172 1754 provocavimuS,
2205 1689 2263 1739 et
2285 1701 2320 1738 a
2346 1702 2462 1758 quo
2491 1692 2710 1741 certum

282 1772 379 1821 est
422 1761 721 1837 religionis
762 1760 1065 1818 veritatem
1108 1760 1275 1817 unice
1320 1758 1587 1835 pendere,
1634 1758 1693 1815 in
1757 1757 1885 1815 aliis
1929 1760 2328 1834 questionibus
2369 1762 2706 1839 haereamus,

282 1861 425 1919 quae
464 1850 523 1899 et
563 1840 753 1899 minus
796 1849 930 1898 sunt
972 1839 1329 1913 necessariae,
1361 1848 1419 1897 et
1459 1838 1633 1915 longe
1675 1838 2102 1897 intricatiores?
2187 1840 2271 1899 At
2313 1842 2360 1899 si
2405 1843 2553 1900 serio
2582 1863 2709 1920 per-

284 1920 451 1981 suasi
478 1928 611 1979 sunt
640 1920 712 1978 dc
740 1920 892 1993 fidei,
924 1940 1096 1996 quam
1125 1919 1480 1995 profitentur,
1513 1917 1774 1991 veritate,
1821 1938 1924 1975 cur
1963 1918 2262 1981 declinant,
2275 1923 2402 1997 ejus
2423 1944 2666 1980 examen
2683 1926 2713 1981 ἱ)

286 2002 412 2060 Οιιι·
450 2009 537 2059 tot
578 2000 921 2059 diverticula
962 2009 1021 2058 et
1062 2000 1336 2074 ambages
1378 2006 1644 2073 quaerunt
1669 2000 1698 2055 Ρ
1781 1998 1898 2055 Cur
1923 2016 2038 2055 non
2068 1998 2384 2059 deveniunt
2413 2003 2605 2061 statim
2635 2003 2712 2061 ad

284 2100 481 2141 causae
515 2080 805 2157 jugulum,
838 2088 896 2137 et
934 2078 1469 2137 momentosissimae
1512 2076 1847 2153 quoestionis
1876 2078 2198 2153 cardinem,
2230 2101 2344 2156 quo
2388 2082 2562 2139 semel
2593 2082 2708 2141 dis-

285 2180 477 2233 cussO,
512 2170 717 2219 caetera
758 2159 951 2217 omnia
978 2158 1169 2217 facilia
1208 2166 1342 2216 sunt
1368 2170 1426 2215 et
1454 2156 1770 2235 expedita?
1812 2157 1960 2214 Nam
1991 2157 2039 2215 si
2058 2158 2448 2219 demonstrare
2467 2162 2708 2238 possint,

286 2260 351 2300 se
382 2239 703 2298 doctrinam
734 2239 947 2297 Christi
976 2248 1033 2297 et
1062 2238 1477 2314 Apostolorum
1503 2237 1795 2295 mordicus
1824 2237 2084 2311 retinere,
2118 2239 2249 2315 quis
2277 2238 2564 2316 denegare
2593 2240 2710 2301 illis

282 2322 502 2399 poterit
542 2339 695 2377 verae
726 2318 1003 2377 Ecclesiae
1031 2338 1239 2377 nomen
1267 2322 1295 2376 1>
1379 2316 1463 2375 At
1504 2317 1554 2374 si
1595 2326 1795 2375 contra
1836 2326 2098 2376 constare
2138 2327 2345 2395 potest,
2377 2340 2476 2378 eos
2503 2320 2712 2380 misere

282 2401 445 2459 illam
492 2399 829 2476 corrupisse,
860 2399 991 2475 quis
1030 2399 1185 2457 hunc
1212 2397 1329 2455 illis
1357 2397 1605 2471 titulum,
1637 2397 1751 2454 nisi
1777 2417 2092 2474 perperam,
2123 2399 2339 2459 tribuat
2365 2402 2393 2458 Ρ
2455 2399 2570 2459 Sed
2599 2401 2714 2459 alia

286 2479 453 2539 sedet
483 2478 769 2537 sententia
794 2479 990 2551 menti,
1022 2476 1265 2536 credunt
1292 2477 1403 2535 sibi
1434 2477 1696 2535 sufficere
1726 2477 1912 2535 solum
1943 2478 2218 2537 Ecclesiae
2248 2500 2364 2556 quo
2391 2480 2714 2557 gloriantur

285 2578 517 2633 nomen,
562 2568 628 2617 ut
667 2559 816 2617 hanc
858 2557 1157 2616 fraudibus
1200 2557 1319 2615 suis
1360 2557 1571 2615 nubem
1610 2557 1905 2634 objiciant.
1965 2558 2144 2616 Plane
2187 2567 2251 2618 ut
2277 2561 2492 2637 hostes,
2523 2560 2712 2639 quiin

286 2648 488 2717 aperto
518 2658 720 2715 campo
750 2638 1063 2697 consistere
1092 2646 1402 2714 nequeunt,
1434 2638 1493 2694 in
1522 2637 1701 2695 silvas
1730 2646 1788 2696 et
1816 2638 2050 2697 dumeta
2079 2658 2138 2697 se
2168 2640 2441 2715 condunt,
2472 2650 2538 2700 ut
2565 2641 2709 2700 sale-

283 2720 425 2793 bris,
474 2738 717 2795 quarum
766 2718 961 2776 nullus
1002 2718 1212 2791 exitus,
1244 2726 1475 2775 arceant
1514 2724 1942 2794 persequentes,
1973 2726 2032 2776 et
2073 2718 2324 2779 excitato
2365 2722 2621 2795 pulvere,
2654 2730 2713 2779 et

286 2799 535 2876 objectis
563 2797 987 2874 impedimentis
1018 2798 1107 2856 sui
1136 2806 1503 2873 conspectum
1532 2797 1809 2871 furentur,
1841 2806 1899 2856 et
1927 2798 2106 2855 aciem
2135 2818 2239 2874 pro
2266 2799 2436 2858 libitu
2459 2820 2710 2858 commu-

286 2888 429 2951 tent,
478 2879 563 2937 ita
612 2878 709 2937 isti
744 2877 1021 2936 Ecclesiae
1060 2878 1418 2935 auctoritatis
1453 2875 1778 2953 speciosum
1805 2896 2015 2933 nomen
2061 2876 2456 2951 obtendentes,
2507 2887 2714 2953 putant

289 2978 351 3017 se
394 2958 623 3017 facilius
663 2976 833 3034 posse
873 2958 1069 3031 latere,
1102 2964 1161 3015 et
1198 2957 1313 3015 tela
1351 2956 1541 3013 omnia
1579 2954 1886 3013 declinare.
1972 2955 2094 3011 Nec
2122 2956 2226 3013 abs
2255 2976 2333 3031 re,
2365 2957 2464 3033 qui
2493 2958 2552 3013 in
2582 2958 2712 3017 aliis

286 3038 647 3097 liberaliores
677 3036 962 3110 videntur,
984 3037 1043 3094 in
1064 3036 1175 3094 hoc
1194 3044 1382 3095 tamen
1401 3034 1723 3112 pertinaces
1747 3042 1897 3092 sunt.
1942 3034 2141 3108 Crede,
2163 3034 2446 3111 inquiunt,
2466 3044 2532 3095 ut
2547 3036 2708 3113 libet,

288 3118 463 3177 modo
490 3128 549 3176 te
581 3117 858 3175 Ecclesiae
888 3116 1212 3175 committas
1234 3124 1292 3173 et
1313 3112 1603 3189 subjicias,
1625 3112 1910 3189 fidemque
1934 3114 2220 3190 captivam
2245 3114 2458 3175 dedas:
2501 3128 2713 3177 norunt

288 3198 443 3256 enim
490 3196 603 3255 viri
632 3216 887 3273 sagaces,
918 3216 987 3255 ea
1014 3216 1143 3273 quae
1172 3203 1341 3253 antea
1368 3193 1717 3251 videbantur
1752 3195 2121 3269 concessisse,
2175 3195 2368 3255 statim
2407 3216 2470 3255 se
2512 3216 2710 3276 recep-

288 3286 469 3349 turos,
501 3276 733 3353 quando
760 3277 917 3353 ipsos
946 3276 1167 3334 animos
1198 3273 1474 3333 Ecclesiae
1494 3272 1746 3331 fascibus
1777 3272 2160 3334 submiserint.

374 3356 522 3414 VII.
570 3357 723 3415 Dum
764 3376 904 3414 vero
944 3357 1095 3414 viam
1138 3354 1486 3413 auctoritatis
1533 3353 1630 3411 hic
1659 3353 2008 3428 sequendam
2039 3357 2364 3415 necessario
2391 3357 2714 3433 praescribit

290 3444 511 3509 auctor,
536 3437 667 3513 quis
704 3436 980 3495 audacem
1010 3443 1068 3494 et
1094 3434 1453 3493 temerariam
1474 3434 1644 3492 istam
1670 3432 2002 3508 disputandi
2029 3436 2306 3494 rationem
2327 3436 2472 3495 ferre
2495 3448 2669 3514 queat
2685 3442 2714 3496 Ρ

289 3515 397 3575 ubi
434 3517 615 3593 gratis
654 3524 1055 3593 supponuntur
1081 3516 1242 3573 varia
1279 3524 1551 3590 tanquam
1596 3518 2019 3589 ἄναμφισβιηππ
2051 3534 2180 3590 quse
2209 3524 2400 3574 tamen
2429 3518 2580 3575 inter
2606 3538 2713 3577 nos

291 3596 544 3653 maxime
573 3604 1094 3655 controvertuntur.
1181 3594 1391 3668 Primo,
1424 3592 1548 3651 dari
1594 3613 1918 3669 supremam
1957 3594 2204 3669 aliquam
2225 3596 2622 3654 auctoritatem
2653 3598 2712 3655 in

292 3676 575 3751 Ecclesia,
609 3676 702 3734 cui
728 3675 930 3734 fideles
958 3682 1261 3733 teneantur
1289 3674 1413 3731 sine
1450 3672 1710 3731 ulteriori
1738 3672 2000 3731 examine
2031 3693 2156 3732 sese
2185 3674 2540 3733 submittere.
2627 3676 2712 3735 At

292 3755 396 3831 qui
442 3754 631 3832 potuit
673 3764 873 3813 auctor
915 3756 1199 3831 ignorare,
1229 3754 1341 3812 hoc
1374 3753 1563 3831 ipsum
1592 3773 1720 3812 esse
1746 3779 1804 3811 το
1827 3777 2104 3833 auger-pum,
2135 3753 2208 3811 de
2252 3773 2366 3829 quo
2414 3754 2566 3812 inter
2603 3774 2711 3814 nos

292 3834 664 3912 disceptatur,
695 3835 853 3911 quod
880 3833 1239 3911 probandum
1268 3832 1393 3908 fuit,
1415 3835 1630 3891 nonita
1651 3833 2012 3910 praefidenter
2033 3832 2466 3910 supponendum
2499 3855 2513 3907 3
2545 3835 2712 3909 quasi

290 3934 368 3973 ex
390 3934 507 3991 quo
534 3915 807 3991 loquutus
837 3923 925 3973 cst
952 3912 1384 3972 acclamendum
1414 3924 1567 3972 esset
1585 3938 1734 3978 aum
1760 3912 1874 3989 ἔφη,
1906 3922 1964 3973 et
1983 3934 2056 3973 ne
2085 3914 2292 3971 mutire
2319 3911 2550 3990 quidem
2573 3914 2710 3972 lice-

290 4004 400 4053 ret.
462 3993 545 4053 At
586 3995 769 4053 solide
812 4004 1005 4053 tamen
1039 3993 1221 4051 nostri
1247 3993 1527 4051 hactenus
1553 3993 1814 4052 fictitiam
1837 4014 1962 4053 esse
1985 4012 2308 4071 supremam
2337 3992 2494 4049 illam
2513 4002 2708 4051 aucto-

290 4075 524 4133 ritatem
570 4074 847 4133 Ecclesiae
892 4073 1373 4148 demonstrarunt,
1406 4082 1463 4132 et
1500 4074 1786 4132 neminem
1827 4074 1938 4133 nisi
1985 4074 2174 4131 Deum
2212 4073 2268 4130 in
2303 4072 2597 4147 Scriptura
2623 4073 2709 4132 lo-

290 4161 565 4231 quentem
594 4162 659 4212 ut
700 4153 959 4229 judicem
988 4173 1274 4212 summum
1302 4162 1361 4211 et
1388 4152 1749 4211 infallibilem
1778 4154 1838 4210 in
1869 4154 2130 4212 Ecclesia
2158 4172 2282 4210 esse
2312 4151 2660 4211 audiendum
2691 4176 2706 4229 3

293 4233 575 4291 Ecclesiae
617 4242 811 4292 autem
852 4233 1104 4309 aliquam
1146 4252 1263 4294 non
1304 4231 1702 4308 denegandam
1723 4234 2139 4306 auctoritatem,
2171 4231 2274 4289 sed
2301 4232 2568 4307 doctoris,
2593 4254 2708 4292 non

285 4313 524 4391 judicis,
570 4313 813 4388 consilii,
856 4332 971 4370 non
1010 4312 1249 4389 imperii,
1282 4319 1341 4370 et
1384 4312 1832 4385 ministerialem,
1883 4332 2000 4369 uon
2039 4310 2378 4387 absolutam,
2425 4333 2554 4390 quse
2592 4333 2710 4373 non

290 4392 538 4451 ulterius
566 4392 804 4469 obliget,
835 4412 1007 4469 quam
1036 4400 1321 4469 quatenus
1349 4391 1527 4449 verbo
1560 4390 1870 4449 conformis
1905 4390 2367 4468 deprehenditur.
2425 4394 2704 4470 Secunde,

294 4472 637 4545 Ecclesiam,
682 4492 861 4549 penes
905 4490 1077 4549 quam
1124 4490 1389 4548 suprema
1434 4470 1538 4528 illa
1584 4470 1895 4529 auctoritas
1943 4469 2172 4543 residet,
2218 4492 2334 4531 non
2377 4474 2548 4531 aliam
2584 4495 2710 4534 esse

290 4570 469 4628 quam
529 4551 715 4625 Rom„
774 4560 839 4611 ut
892 4551 974 4609 ita
1028 4550 1267 4609 sedeant
1320 4551 1381 4607 in
1428 4550 1658 4627 propria
1704 4569 1878 4609 causa
1917 4550 2164 4628 judices,
2213 4572 2340 4611 cum
2397 4561 2588 4613 tamen
2639 4555 2712 4613 de

292 4632 407 4689 hoe
464 4631 590 4707 ipso
648 4639 767 4691 tota
824 4631 895 4689 lis
950 4637 1147 4689 nostra
1202 4630 1292 4703 sit,
1352 4638 1407 4689 et
1464 4637 1794 4689 constanter
1845 4650 1880 4688 a
1935 4632 2102 4690 nobis
2159 4652 2382 4710 semper
2436 4644 2710 4711 negatum
