3234 5192
309 374 539 417 ntsru‘r.
572 358 777 440 xxiia]
850 376 927 417 ns
957 376 1438 419 sarxsrac'rioms
1467 376 1704 418 cnms'ri
1730 378 2154 421 raas-seriose.
2607 370 2724 427 695

306 517 537 595 cipium,
568 518 866 595 passiones
895 516 1117 577 scilicet
1161 517 1433 596 Apostoli
1480 520 1738 597 potuisse
1783 539 1909 579 esse
1948 519 2298 599 expiatorias
2326 522 2422 581 vel
2452 524 2714 587 satisfac-

306 598 519 671 torias;
551 599 708 675 quod
737 597 1094 675 probandum
1122 596 1246 673 fuit,
1278 616 1394 655 non
1424 599 1882 675 supponendum.

389 678 573 736 V111.
621 678 813 752 DiceS,
848 677 1065 735 Paulus
1091 686 1286 737 tamen
1334 677 1476 736 dicit
1502 698 1565 737 se
1606 680 1728 757 pati
1759 682 1878 761 §uie
1904 686 1993 739 τοῦ
2018 682 2174 740 αὐτοῦ
2199 679 2424 757 νάματος
2443 703 2559 760 pro
2587 705 2712 743 cor·

294 776 447 832 porc
473 758 647 833 ipsius
661 782 687 831 ;
730 758 815 817 Ut
841 765 1033 817 autem
1063 777 1183 816 vox
1211 758 1323 817 ista
1348 766 1613 835 respectu
1645 760 1858 819 Christi
1887 769 1946 819 et
1998 760 2460 820 Satisfactionem
2489 775 2548 822 et
2576 765 2714 823 sub-

304 837 661 895 stitutionem
690 845 853 897 notat
880 857 1057 915 quum
1086 836 1297 897 dicitur
1321 857 1527 915 passus
1555 858 1660 917 pro
1686 840 1857 899 nobis
1885 848 1950 899 ut
1977 841 2117 899 alibi
2144 852 2234 900 est
2261 861 2296 899 a
2322 841 2491 902 nobis
2520 853 2712 903 osten-

307 936 453 992 sum,
487 917 702 992 Quidni
728 925 787 977 et
812 918 908 977 hic
936 919 1109 976 etiam
1131 918 1379 977 eundem
1402 938 1634 977 sensum
1658 920 1932 995 obtineat,
1958 940 2088 979 cum
2112 922 2295 981 sancti
2322 922 2432 980 hac
2460 924 2520 981 in
2547 934 2710 1001 parte

304 998 601 1074 patiantur
627 998 702 1057 ad
729 998 1059 1075 exemplum
1090 998 1352 1056 Christi?
1434 999 1630 1074 Resp.,
1683 998 1817 1057 Non
1861 1019 2140 1077 negamus
2168 1002 2380 1079 saepius
2406 1002 2556 1061 hanc
2585 1024 2711 1063 esse

306 1078 728 1155 praepositionis
758 1080 878 1157 ὕει-ἐς
904 1078 1024 1136 vim
1054 1086 1113 1137 et
1140 1096 1389 1152 sensum,
1420 1088 1487 1137 ut
1530 1078 1740 1138 inferat
1768 1088 1826 1139 et
1867 1081 2334 1142 substitutionem
2361 1102 2624 1159 personae
2652 1096 2712 1144 et

308 1158 759 1217 satisfactionem
788 1158 985 1235 debiti,
1016 1165 1083 1216 ut
1111 1157 1329 1234 aliquid
1356 1159 1483 1215 fieri
1521 1159 1641 1239 '‘m-ig
1669 1160 1798 1221 §uzu
1827 1159 2055 1233 dicitur,
2085 1180 2218 1219 cum
2245 1162 2311 1221 fit
2338 1162 2467 1221 loco
2495 1172 2554 1221 et
2580 1164 2710 1223 vice

306 1246 520 1313 nostra,
551 1258 666 1316 quo
696 1258 870 1297 sensu
898 1246 1118 1297 certum
1166 1246 1255 1296 est
1301 1237 1479 1296 tribui
1528 1240 1759 1298 Christo
1789 1240 1926 1298 dum
1956 1240 2169 1299 dicitur
2193 1241 2344 1299 mori
2355 1262 2474 1319 pro
2501 1244 2704 1320 impiis,

308 1316 476 1378 Rom.
507 1338 565 1375 v.
597 1322 651 1394 6,
684 1327 743 1377 et
768 1338 873 1397 pro
900 1320 1103 1394 ovibus,
1135 1318 1275 1377 Joh.
1305 1338 1365 1377 x.
1396 1316 1505 1377 ἕω.
1552 1318 1671 1377 Sed
1715 1321 1865 1378 hanc
1905 1339 2080 1378 unam
2108 1341 2225 1380 non
2252 1340 2380 1381 esse
2409 1322 2576 1382 istius
2603 1344 2706 1384 vo·

304 1398 451 1457 culae
481 1398 959 1475 significationem
988 1397 1412 1476 pertendimus;
1459 1397 1587 1455 Imo
1631 1418 1742 1457 nec
1785 1400 1909 1461 sine
1939 1400 2107 1477 gravi
2133 1400 2488 1461 absurditate
2515 1404 2708 1462 locum

302 1478 399 1537 hic
448 1479 660 1537 habere
707 1498 879 1559 posse
923 1497 1245 1553 consemus,
1276 1478 1428 1555 quia,
1458 1486 1525 1537 ut
1560 1498 1730 1537 nemo
1758 1500 1863 1557 pro
1892 1500 1954 1539 se
1983 1479 2329 1557 satisfacere,
2359 1482 2443 1540 ita
2467 1502 2576 1541 nec
2603 1504 2709 1561 pro

304 1558 435 1617 aliis
461 1566 671 1637 potest.
716 1558 870 1634 Quid
890 1579 1029 1637 ergo
1049 1562 1078 1618 P
1117 1554 1207 1619 Ut
1224 1558 1366 1616 alibi
1386 1559 1717 1635 praepositio
1733 1560 1860 1618 haec
1877 1559 2164 1638 duplicem
2188 1580 2422 1621 sensum
2449 1563 2708 1624 obtinet:

304 1639 401 1697 vel
427 1640 730 1699 occasionis
759 1659 873 1716 qua
901 1638 1122 1717 aliquid
1146 1639 1230 1715 fit,
1260 1648 1326 1698 ut
1352 1658 1484 1697 cum
1512 1637 1714 1698 fideles
1755 1639 2026 1700 dicuntur
2063 1641 2183 1720 pati
2214 1643 2333 1722 §rig
2360 1650 2575 1724 :tenea-0⁶23
2590 1664 2708 1721 pro

308 1720 532 1779 Christo
579 1720 677 1779 vel
726 1721 846 1801 {ea-ig
893 1725 982 1779 nii
1026 1720 1257 1796 ὀνόματος
1303 1721 1457 1779 αὐτοῦ
1487 1739 1605 1796 pro
1649 1720 1869 1779 nomine
1917 1723 2051 1797 ejus,
2101 1722 2253 1783 Phil.
2283 1723 2320 1782 i.
2353 1727 2448 1799 29,
2481 1726 2617 1784 Act.
2648 1745 2705 1784 v.

301 1803 399 1875 41,
430 1800 509 1860 id.
553 1820 671 1859 non
712 1800 786 1859 ad
836 1800 1302 1860 satisfaciendum
1346 1820 1451 1878 pro
1498 1800 1644 1878 ipsc,
1688 1800 1855 1877 absit,
1887 1802 1992 1859 sed
2034 1804 2336 1862 occasione
2384 1806 2547 1882 ejus3
2613 1805 2711 1864 vel

307 1880 723 1961 Gausaefinalis
750 1890 810 1941 et
837 1881 1165 1958 impulsivae
1192 1881 1269 1939 ob
1296 1899 1470 1957 quam
1498 1900 1593 1939 res
1640 1880 1724 1955 fit,
1763 1890 1829 1941 ut
1857 1901 1990 1940 cum
2019 1882 2237 1943 Paulus
2266 1884 2408 1943 dicit
2435 1904 2498 1943 se
2525 1886 2709 1963 premi

296 1980 411 2035 pro
433 1960 807 2019 consolatione
826 1961 1101 2035 fidelium,
1127 1964 1162 2017 2
1188 1961 1318 2019 Cor.
1342 1959 1380 2018 i.
1412 1964 1447 2019 6
1473 1982 1487 2035 ;
1537 1960 1629 2018 Ita
1648 1962 1745 2018 hic
1765 1970 1920 2019 recte
1942 1961 2154 2021 dicitur
2161 1964 2298 2038 pali
2303 1984 2421 2039 pro
2449 1966 2709 2023 Ecclesia

302 2040 535 2115 gemino
561 2039 673 2097 hoc
700 2040 1029 2115 significatu
1054 2062 1069 2099 ι
1111 2049 1233 2098 tum
1250 2040 1388 2115 quia
1412 2040 1676 2097 Ecclesia
1693 2038 1804 2097 fuit
1830 2040 2066 2098 istarum
2096 2042 2430 2118 passionum
2459 2044 2704 2118 oceasi0‚

298 2119 512 2197 quippe
541 2118 677 2176 dum
707 2117 795 2175 illi
821 2119 1145 2175 ministrare
1174 2118 1369 2175 studet
1394 2118 1451 2173 in
1483 2136 1770 2175 carcerem
1799 2118 2142 2194 conjicitur;
2185 2128 2308 2177 tum
2336 2120 2474 2196 quia
2503 2121 2705 2181 Eccle-

302 2198 403 2257 siae
432 2197 736 2257 aedificatio
781 2206 839 2256 et
868 2196 1224 2255 confirmatio
1268 2196 1399 2255 finis
1427 2196 1535 2253 fuit
1562 2195 1638 2253 ad
1667 2215 1837 2272 quem
1867 2196 2269 2274 respiciebant.
2335 2198 2507 2257 Hanc
2535 2220 2706 2278 porro

300 2287 551 2337 mentem
581 2297 706 2335 esse
738 2276 1010 2355 Apostoli
1036 2275 1217 2335 verba
1260 2275 1561 2353 sequentia
1604 2276 1757 2333 clare
1805 2275 2030 2351 docent,
2062 2296 2194 2336 cum
2223 2277 2304 2337 ait
2331 2298 2394 2337 se
2425 2279 2705 2339 Ecclesiae

302 2357 569 2417 “factum
598 2357 985 2433 ministrum,'’
1014 2376 1129 2415 non
1170 2356 1247 2415 ad
1292 2354 1762 2433 redemptionem,
1795 2355 1898 2415 sed
1929 2360 1964 2391 “
1987 2356 2301 2417 secundum
2325 2358 2706 2437 dispensatio-

298 2457 432 2497 nem
460 2458 589 2516 quae
618 2438 705 2496 illi
749 2437 1057 2497 commissa
1100 2445 1223 2497 erat
1266 2436 1339 2495 ad
1384 2436 1816 2515 praedicandum
1846 2436 2062 2497 Christi
2092 2438 2475 2517 Evangelium
2502 2441 2560 2518 ;”
2604 2442 2706 2501 de-

296 2518 425 2577 buit
453 2539 591 2597 ergo
620 2537 746 2577 esse
774 2518 1036 2578 minister
1064 2517 1358 2593 Ecclesiae,
1389 2537 1504 2576 non
1535 2517 1828 2576 Mediator
1863 2526 1964 2578 aut
1993 2518 2379 2599 Redemptor;
2410 2529 2475 2580 ut
2503 2522 2706 2581 innuat

300 2618 361 2657 se
390 2618 507 2658 non
533 2600 695 2677 loqui
724 2599 797 2658 de
815 2599 1172 2675 passionibus
1198 2598 1567 2674 satisfactoriis
1595 2597 1699 2659 sed
1726 2599 2116 2678 aedzficatoriss.

381 2679 501 2740 IX.
550 2680 647 2739 Sic
667 2681 920 2757 August.
952 2679 1256 2753 intellexit,
1277 2679 1468 2737 Tract.
1499 2681 1595 2753 47,
1627 2680 1688 2735 in
1717 2678 1857 2738 Joh.
1883 2701 1898 2753 ;
1967 2682 2004 2713 “
2028 2678 2233 2755 Quia,’'
2257 2680 2462 2757 inquit,
2498 2684 2534 2715 “
2563 2702 2704 2742 oves

299 2760 516 2821 Christi
544 2760 699 2836 estis,
733 2760 1013 2837 sanguine
1042 2760 1183 2817 estis
1223 2757 1553 2834 comparati,
1588 2757 1911 2833 Agnoscite
1954 2759 2203 2835 pretium
2248 2770 2506 2818 vestrum
2546 2764 2703 2838 quod

194 2828 205 2843 ’
299 2858 335 2897 a
362 2860 455 2897 me
482 2860 599 2897 non
628 2839 816 2914 datur,
841 2837 944 2897 sed
962 2858 1065 2915 per
1090 2856 1183 2895 me
1200 2837 1545 2913 praedicatur
1563 2836 1617 2910 ;”
1650 2836 1876 2895 Deinde
1899 2838 2152 2913 subjicit,
2187 2840 2223 2871 ‘⁶
2247 2838 2550 2913 Quomodo
2577 2841 2702 2917 ipse

297 2918 547 2977 animam
576 2937 737 2977 suam
768 2917 976 2995 posuit,
1008 2916 1091 2975 sic
1119 2925 1177 2975 et
1204 2936 1311 2975 nos
1359 2915 1638 2973 debemus
1677 2916 1926 2973 animam
1955 2936 2058 2993 pro
2087 2916 2360 2976 fratribus
2386 2938 2599 2995 ponere
2627 2920 2704 2979 ad

298 2997 693 3056 aedificandam
723 2996 970 3073 plebem,
1002 2995 1078 3054 ad
1120 2994 1295 3053 fidem
1338 2994 1767 3052 asserendam.'’
1853 2994 1987 3054 Hoc
2035 2997 2224 3073 ipsum
2253 3016 2368 3054 non
2398 2999 2567 3074 pauci
2593 3018 2701 3058 nec

297 3076 585 3155 ignobiles
629 3097 706 3135 ex
752 3076 1124 3135 Adversariis
1168 3080 1569 3151 agnoverunt3
1613 3074 1870 3133 Thomas
1897 3075 1959 3132 in
1985 3076 2044 3133 h.
2073 3075 2134 3149 1.‚
2167 3078 2204 3109 ‘⁶
2229 3075 2376 3135 Haec
2403 3077 2585 3136 verba
2611 3098 2699 3138 se-

296 3156 549 3216 cundnm
606 3156 965 3235 superficiem
1018 3154 1236 3214 malum
1290 3162 1534 3231 possunt
1584 3154 1800 3213 habere
1845 3154 2222 3230 intellectum,
2269 3156 2491 3217 scilieet
2544 3158 2703 3236 quod

297 3237 513 3297 Christi
538 3237 731 3315 passio
758 3256 875 3294 non
904 3234 980 3294 sit
1006 3235 1294 3294 sufficiens
1321 3234 1395 3293 ad
1425 3234 1894 3311 redemptionem,
1927 3235 2030 3294 sed
2057 3236 2269 3295 additae
2299 3238 2416 3297 sint
2442 3237 2518 3296 ad
2545 3258 2700 3298 com·

296 3317 573 3395 plendum
617 3316 916 3395 passiones
964 3325 1310 3391 sanctorum,
1358 3314 1462 3373 sed
1504 3315 1615 3373 hoc
1665 3323 1755 3374 est
1781 3316 2116 3376 haereticum
2140 3317 2198 3393 ;'’
2244 3318 2322 3377 Et
2348 3318 2522 3395 paulo
2548 3328 2699 3397 post,

300 3402 337 3432 ‘⁶
364 3398 460 3457 Sic
488 3398 659 3457 etiam
689 3415 889 3455 omnes
916 3395 1106 3455 sancti
1151 3396 1448 3474 patiuntur
1474 3402 1710 3473 propter
1738 3395 2078 3471 Ecclesiam,
2110 3415 2241 3474 quae
2269 3418 2344 3457 ex
2373 3419 2568 3457 eorum
2599 3420 2700 3458 ex-

296 3478 488 3555 emplo
516 3479 867 3536 roboretur.”
950 3476 1181 3535 Cardin.
1226 3476 1583 3535 Contarenus
1627 3476 1690 3533 in
1729 3476 1786 3535 h.
1815 3476 1875 3551 l.,
1905 3479 1940 3510 ‘⁶
1963 3476 2092 3536 Non
2125 3497 2192 3535 ea
2213 3479 2433 3537 ratione
2460 3479 2587 3539 haec
2615 3480 2702 3538 di·

298 3569 508 3618 cuntur
534 3578 570 3616 a
598 3556 781 3616 Paulo
811 3556 977 3633 quasi
1023 3556 1321 3635 passiones
1368 3556 1581 3616 Christi
1608 3575 1727 3613 non
1756 3556 2042 3616 sufficiant
2067 3557 2143 3616 ad
2171 3557 2418 3616 delenda
2443 3570 2697 3636 peecata,

298 3646 357 3697 et
384 3637 542 3715 quod
571 3638 687 3696 illis
715 3635 1011 3715 quidpiam
1060 3635 1211 3697 desit
1258 3635 1417 3713 quod
1464 3644 1727 3713 oporteat
1752 3636 1814 3693 in
1841 3636 2010 3695 nobis
2037 3637 2282 3714 impleri.
2366 3638 2546 3696 Absit
2573 3639 2701 3713 hoc,

297 3718 418 3793 sed,
445 3718 730 3792 Quoniam
758 3716 1035 3776 debemus
1062 3736 1169 3775 nos
1191 3716 1403 3775 imitari
1427 3714 1720 3774 Christum
1743 3724 1802 3774 ct
1821 3716 1942 3793 pati
1962 3737 2067 3795 pro
2090 3716 2467 3775 aedificatione
2497 3717 2701 3777 Eccle-

297 3798 397 3857 siae
426 3799 577 3857 sicut
606 3797 870 3857 Christus
896 3816 1103 3874 passus
1132 3800 1271 3855 est.”
1357 3795 1453 3855 Sic
1502 3796 1545 3855 J
1549 3802 1738 3854 esui'ta
1766 3796 1809 3855 J
1813 3797 2136 3855 ustinianu's
2164 3796 2224 3853 in
2253 3799 2309 3855 h.
2339 3796 2398 3871 l.,
2433 3800 2470 3829 “
2492 3797 2699 3855 Adim-

294 3878 453 3955 plere
482 3897 544 3936 se
572 3877 715 3936 dicit
741 3897 811 3935 ea
837 3897 967 3955 quse
994 3876 1203 3935 desunt
1243 3876 1575 3953 passionum
1623 3875 1838 3934 Christi
1880 3896 1998 3936 non
2035 3876 2268 3953 quidem
2312 3876 2387 3935 ad
2433 3877 2702 3937 meritum

295 3966 399 4016 aut
440 3958 561 4015 vim
610 3956 1017 4031 satisfaciendi,
1068 3953 1232 4035 (quid
1279 3956 1429 4013 enim
1478 3954 1630 4014 desit
1671 3954 1898 4015 infinito
1917 3956 1971 4050 P)
2003 3956 2106 4013 sed
2153 3957 2272 4013 vim
2303 3964 2361 4015 et
2389 3955 2701 4015 efficaciam

294 4036 636 4096 traducendi
663 4037 937 4096 mortales
986 4035 1061 4093 ad
1103 4035 1294 4111 fidem,
1327 4035 1502 4112 idque
1548 4044 1617 4094 ut
1661 4054 1870 4113 corpus
1913 4054 2040 4113 ejus
2067 4036 2394 4113 mysticum,
2425 4036 2583 4113 quod
2612 4046 2701 4097 est

296 4117 577 4191 Ecclesia,
606 4116 951 4194 perficiatur.
998 4115 1275 4174 Docendo
1303 4115 1533 4192 quippe,
1556 4116 1862 4192 monendo,
1892 4115 2195 4190 hortando,
2227 4114 2476 4193 denique
2504 4116 2698 4174 Evan-

338 4198 511 4256 elium
540 4195 982 4275 promulgando,
1020 4195 1216 4273 magni
1252 4194 1480 4253 labores
1524 4195 1811 4255 tolerandi
1856 4202 2007 4269 sunt,
2054 4194 2310 4272 pericula
2338 4195 2698 4272 subeunda,”

354 4296 405 4335 c.
493 4276 720 4352 Postea,
755 4280 790 4309 ‘⁴
818 4274 1120 4353 Significat
1148 4294 1287 4352 ergo
1330 4294 1391 4333 se
1432 4274 1555 4353 pati
1579 4294 1686 4351 pro
1716 4274 1980 4333 Ecclesia
2007 4274 2411 4352 amplificanda
2437 4296 2540 4335 seu
2566 4297 2698 4355 pro-

294 4355 565 4434 paganda
591 4356 665 4415 ad
710 4356 837 4434 ejus
884 4355 1057 4413 fidem
1108 4354 1555 4414 confirmandam
1600 4374 1670 4413 ac
1715 4352 2116 4413 stabiliendam
2145 4363 2211 4413 ut
2240 4363 2478 4415 caeteros
2506 4356 2581 4415 ad
2608 4356 2701 4417 sui

294 4436 674 4495 imitationem
703 4437 1033 4514 provocet.”
1117 4434 1291 4493 Mitto
1319 4434 1465 4491 alios
1494 4433 1818 4511 complures
1859 4434 1959 4511 qui
1987 4434 2287 4493 nobiscum
2316 4436 2412 4495 hic
2440 4437 2698 4512 faciunt3

294 4517 431 4593 quia
459 4536 532 4575 ex
560 4516 655 4575 his
682 4516 825 4575 satis
854 4534 1137 4593 superque
1159 4514 1341 4590 liquet
1360 4513 1661 4591 passiones
1685 4513 1852 4571 Pauli
1874 4512 2050 4573 fuisse
2079 4514 2311 4592 quidem
2341 4518 2705 4595 exemplares

292 4606 353 4655 et
380 4596 849 4672 confirmatorias,
882 4594 985 4654 sed
1004 4614 1123 4653 non
1144 4592 1555 4653 satisfactorias
1572 4614 1588 4670 3
1634 4601 1807 4671 atque
1827 4593 1975 4654 adeo
1993 4614 2292 4676 perperam
2313 4596 2704 4663 Adversarius

288 4676 401 4737 hoc
429 4678 515 4736 uti
544 4684 885 4755 argumento
912 4675 989 4736 ad
1016 4680 1403 4736 commentum
1431 4691 1600 4734 suum
1630 4673 2057 4736 stabiliendum.

1496 4822 1531 4837 ..Δ
