3234 5192
565 304 682 362 574
1136 320 1215 360 DE
1245 320 1721 362 sarlsracrloms
1752 321 1985 362 CHRISTI
2016 322 2336 362 venrant.
2498 301 2761 386 [matur.
2791 321 2980 364 xvm.

562 459 726 521 coelis
751 465 881 538 post
909 479 1211 520 ascensum
1259 481 1446 537 suum,
1476 471 1535 521 et
1582 483 1658 521 an
1704 463 1767 521 in
1814 463 1961 523 coelo
1990 470 2215 522 tantum
2242 471 2302 522 et
2344 479 2463 521 non
2490 461 2663 522 etiam
2691 463 2753 522 in
2800 485 2979 523 cruce
3068 485 3085 491 ·

561 541 790 620 proprie
807 539 1026 600 dictum
1045 541 1384 600 sacrificium
1407 541 1683 601 obtulerit
1696 545 1726 601 Ρ
1770 539 2055 618 Secundo,
2082 543 2299 601 Annon
2318 543 2513 600 omnia
2530 543 2809 602 sacrificia
2836 544 2978 603 Vet-

563 621 718 680 Test.
739 622 990 678 ἑλκτικὰ
1013 621 1137 698 typi
1165 621 1378 680 fuerint
1399 612 1664 680 sacrificii
1692 622 1906 681 Christi
1922 625 1951 680 P
1992 623 2207 698 Tertio,
2232 623 2449 680 Annon
2470 641 2574 699 pro
2603 623 2981 699 gravioribus

563 701 736 759 etiam
764 703 1016 777 peccatis
1044 701 1281 758 oblata?
1322 701 1556 775 Quarto,
1589 701 1691 759 An
1712 701 1890 760 ullam
1912 703 2032 761 vim
2052 702 2360 762 habuerint
2386 722 2489 778 per
2510 721 2572 760 se
2598 712 2821 760 reatum
2850 705 2975 780 spi·

561 781 828 839 ritualem
857 779 1180 857 expiandi?
1237 781 1328 838 De
1355 781 1566 858 quibus
1595 790 1843 858 quatuor
1882 782 2025 858 quid
2063 801 2139 840 ex
2170 781 2467 859 Scriptura
2494 782 2746 840 sentiant
2772 783 2977 842 ortho-

561 859 704 918 doxi
724 860 924 936 paucis
945 870 1034 917 est
1059 859 1450 936 aperiendum.

643 939 835 998 XIX.
881 939 966 998 Ut
993 956 1029 995 a
1059 938 1254 997 Primo
1281 939 1508 998 initium
1537 939 1833 1014 faciamus,
1872 939 2048 999 Smal.
2078 939 2179 998 lib.
2202 939 2275 998 de
2307 940 2507 1000 Divin.
2540 940 2757 1000 Christi
2784 962 2833 998 c.
2863 945 2973 1015 23,

561 1019 907 1078 sententiam
955 1037 1118 1077 suam
1146 1019 1434 1095 exprimit,
1484 1023 1519 1052 “
1539 1020 1833 1079 Christum
1881 1019 2237 1078 sacerdotem
2265 1029 2388 1079 tum
2414 1021 2665 1098 primum
2692 1020 2879 1096 reipsa
2908 1029 2977 1080 et

561 1099 814 1176 perfecte
857 1099 1072 1157 factum
1109 1117 1238 1156 esse
1267 1119 1445 1174 quum
1486 1099 1544 1157 in
1591 1100 1771 1158 coelos
1797 1099 2075 1172 ascendit,
2106 1098 2166 1157 id
2194 1109 2301 1174 est,
2343 1119 2520 1175 quum
2548 1099 2725 1176 coepit
2750 1109 2973 1159 nostre

560 1178 766 1237 salutis
794 1197 988 1236 curam
1012 1178 1184 1236 talem
1215 1198 1414 1254 gerere
1441 1179 1671 1255 qualem
1690 1199 1752 1238 se
1772 1189 2069 1256 gesturum
2091 1188 2261 1238 antea
2285 1179 2685 1256 promiserat.''
2729 1179 2971 1255 Agnos-

559 1259 640 1316 cit
667 1258 919 1336 quidem,
948 1260 984 1290 ‘⁴
1007 1256 1396 1316 Afflictionem
1425 1268 1485 1317 et
1511 1266 1754 1317 mortem
1782 1258 1857 1316 ab
1886 1259 2012 1335 ejus
2040 1258 2363 1318 sacerdotio
2390 1277 2506 1316 non
2535 1277 2663 1317 esse
2694 1277 2967 1334 separan-

561 1337 712 1412 dam,
743 1339 803 1398 in
831 1345 1013 1396 morte
1043 1344 1234 1395 tamen
1267 1337 1623 1397 Sacrificium
1671 1339 1800 1416 ejus
1828 1337 2161 1396 nullomodo
2206 1337 2523 1416 perfectum
2552 1357 2699 1412 esse,
2728 1347 2787 1396 et
2814 1357 2971 1397 mor-

557 1427 722 1476 tuum
751 1437 878 1476 esse
902 1417 1194 1475 Christum
1221 1425 1530 1494 antequam
1562 1418 1957 1477 Sacerdotium
1988 1437 2155 1476 suum
2194 1418 2397 1493 obiret,
2432 1417 2690 1495 Ejusque
2718 1429 2969 1476 mortem

563 1497 746 1574 ipsius
791 1497 1174 1555 sacerdotium
1219 1497 1476 1556 nondum
1523 1497 1719 1556 fuisse.
1726 1499 1760 1525 ”
1826 1497 1975 1555 Soci.
2006 1497 2078 1556 de
2132 1497 2329 1556 Serva.
2359 1517 2416 1574 p.
2456 1501 2513 1554 2.
2544 1517 2593 1556 c.
2630 1499 2719 1569 15,
2794 1499 2830 1530 ‘⁴
2850 1496 2971 1556 Per

559 1576 776 1636 Christi
803 1575 1208 1650 oblationem,’'
1237 1576 1442 1652 inquit,
1491 1579 1526 1609 “
1547 1585 1673 1636 tota
1698 1577 1799 1634 illa
1828 1577 2091 1653 Epistola
2132 1577 2364 1636 Author
2390 1575 2537 1634 nihil
2564 1540 2723 1634 aliud
2749 1576 2968 1636 intelli-

560 1657 668 1748 git·
677 1675 849 1732 quam
890 1674 992 1730 per
1017 1653 1233 1731 proprii
1281 1655 1581 1731 sanguinis
1613 1654 1916 1748 fusionem,
1950 1656 2161 1716 Christi
2212 1656 2273 1714 in
2300 1655 2449 1714 coelo
2478 1656 2605 1715 Deo
2634 1655 2841 1713 factam
2870 1657 2967 1716 sui

559 1735 743 1811 ipsius
783 1753 888 1810 pro
915 1733 1100 1806 nobis,
1129 1741 1197 1791 ut
1223 1733 1305 1791 ita
1332 1733 1538 1804 dicam,
1581 1735 2143 1810 praesentationemss'
2175 1734 2301 1811 ἀει,
2340 1743 2401 1794 et
2428 1735 2587 1810 ibid,
2636 1738 2672 1770 ⁸
2692 1735 2969 1794 Relativa

559 1821 696 1872 sunt
724 1813 992 1871 sacerdos
1019 1821 1078 1872 et
1099 1811 1332 1885 oblatiO,
1365 1813 1572 1889 Itaque
1599 1813 1701 1872 ubi
1742 1833 1915 1872 verus
1958 1815 2227 1874 sacerdos
2266 1814 2523 1873 nondum
2552 1823 2659 1889 est,
2688 1831 2796 1872 nec
2822 1833 2970 1874 vera

559 1893 776 1950 oblatio
805 1911 931 1950 esse
958 1899 1167 1968 potest,
1200 1891 1490 1951 Christum
1536 1901 1729 1950 autem
1770 1912 1805 1949 a
1856 1893 2144 1970 Scriptore
2172 1894 2274 1952 illo
2300 1913 2417 1952 non
2444 1902 2578 1954 ante
2608 1893 2964 1953 sacerdotem

559 1991 699 2030 vere
747 1971 880 2046 dici,
911 1991 1084 2048 quam
1128 1979 1260 2048 post
1307 1971 1436 2048 ejus
1483 1971 1541 2029 in
1573 1972 1797 2030 Coelum
1824 1974 2236 2047 ascensionem,
2269 1982 2532 2032 constare
2569 1975 2819 2051 potest,''
2848 1971 2961 2032 &a

561 2053 618 2109 N
620 2072 694 2110 on
723 2052 892 2110 aliter
919 2051 1153 2110 Volkel.
1174 2072 1223 2110 c.
1243 2054 1340 2124 37,
1371 2051 1443 2109 de
1469 2051 1689 2110 Christi
1716 2052 2053 2127 sacerdoti0‚
2103 2055 2138 2086 ‘⁴
2158 2053 2315 2111 Illud
2342 2052 2494 2111 inter
2519 2053 2673 2111 hunc
2700 2061 2962 2112 nostrum

561 2141 622 2191 et
648 2132 809 2191 illum
839 2131 990 2208 legis
1017 2131 1372 2190 sacerdotem
1419 2132 1675 2206 interest,
1707 2131 1864 2208 quod
1907 2132 2005 2189 ille
2035 2132 2207 2190 etiam
2236 2141 2543 2209 antequam
2570 2151 2780 2209 pecora
2806 2151 2959 2190 mac-

559 2220 724 2285 taret,
758 2211 1072 2270 sacerdotis
1100 2213 1310 2271 summi
1335 2231 1545 2270 munus
1573 2231 1710 2270 vere
1738 2211 2101 2288 perfecteque
2143 2211 2457 2286 obtinebat,
2490 2212 2753 2270 Christus
2800 2231 2959 2286 vero,

560 2293 790 2350 nonnisi
819 2291 1189 2349 acerbissima
1215 2291 1372 2348 illius
1400 2301 1583 2349 morte
1610 2301 1949 2367 antegressa
1980 2291 2260 2349 Sacerdos
2298 2310 2435 2348 vere
2463 2311 2530 2349 ac
2558 2291 2807 2367 perfecte
2834 2289 2964 2350 fieri

559 2371 765 2447 potuit.
771 2371 806 2397 '⁹
853 2370 1152 2428 Sententia
1189 2388 1328 2427 vero
1376 2369 1827 2428 orthodoxorum
1877 2378 1981 2444 est,
2014 2370 2487 2447 distinguendum
2532 2389 2657 2428 esse
2686 2370 2964 2446 duplicem

559 2459 746 2507 actum
773 2448 944 2506 officii
973 2447 1361 2521 sacerdotalis,
1397 2446 1488 2526 (ut
1515 2448 1735 2524 legales
1756 2449 2006 2507 victimae
2034 2451 2279 2526 primum
2310 2449 2500 2507 offerri
2536 2449 2860 2508 debuerunt
2900 2451 2961 2507 in

559 2529 705 2586 atrio
734 2547 835 2602 per
857 2527 1228 2602 sacerdotem,
1254 2494 1462 2586 dei'ude
1485 2527 1558 2584 ab
1579 2527 1781 2585 eodem
1803 2548 1995 2586 earum
2020 2529 2256 2606 sanguis
2278 2527 2528 2588 deferri
2512 2547 2573 2586 ιιι
2600 2529 2960 2621 sacrarium,)

555 2609 808 2684 primum.
837 2606 894 2664 in
917 2606 1252 2664 mactatione
1277 2615 1336 2666 et
1381 2607 1673 2665 oblatione
1712 2608 1978 2682 victimte,
2010 2612 2247 2666 alterum
2278 2607 2338 2665 in
2366 2607 2625 2685 ejusdem
2657 2608 2962 2667 ostensione

559 2697 620 2746 et
645 2687 1045 2764 applicatione,
1077 2686 1238 2744 illum
1269 2685 1344 2744 ad
1363 2686 1751 2763 expiationem
1781 2687 2141 2780 pertinuisse,
2172 2689 2343 2746 istum
2369 2687 2441 2745 ad
2472 2687 2960 2762 intercessionem,

558 2767 768 2827 illum
752 2787 811 2824 ιιι
839 2767 1008 2824 terris
1025 2776 1318 2842 peractum
1341 2767 1537 2836 semel,
1587 2767 1763 2825 istum
1792 2767 1853 2824 in
1874 2767 2036 2826 coelis
2066 2768 2387 2826 continuari
2408 2767 2683 2844 quotidie,
2714 2767 2963 2844 priorem

559 2867 676 2907 non
721 2847 984 2906 sacrificii
1029 2847 1519 2924 praeparationem,
1571 2846 1677 2905 sed
1720 2848 1907 2925 ipsum
1956 2847 2133 2906 fuisse
2182 2847 2540 2917 sacrificium,
2584 2847 2961 2923 posteriorem

556 2947 672 2985 non
695 2936 812 2986 tam
835 2927 1176 2986 sacrificium
1200 2946 1372 3004 quam
1391 2927 1658 2986 sacrificii
1685 2926 1819 2985 facti
1848 2926 2429 3002 repraesentationem.
2479 2925 2725 3001 Rursus,
2762 2927 2959 2985 Chris-

557 3015 680 3065 tum
723 3007 956 3085 quidem
1001 3007 1062 3063 in
1106 3008 1272 3066 terris
1321 3025 1520 3065 omnes
1570 3007 1823 3065 muneris
1862 3005 2233 3064 sacerdotalis
2260 3014 2453 3082 partes
2481 3025 2597 3064 non
2627 3006 2963 3083 implevisse

556 3085 824 3158 fatentur,
855 3085 1214 3144 inferendum
1263 3086 1416 3144 enim
1460 3085 1639 3145 fuisse
1689 3085 2026 3163 sanguinem
2056 3086 2115 3143 in
2164 3085 2493 3158 sacrarium,
2522 3094 2645 3143 tum
2674 3085 2751 3143 ad
2778 3085 2965 3161 ipsius

557 3165 1063 3238 consecrationem,
1095 3174 1217 3223 tum
1266 3166 1340 3223 ad
1387 3165 1857 3225 intercessionem
1904 3185 2006 3241 pro
2034 3165 2263 3242 popule,
2296 3164 2401 3223 sed
2427 3174 2645 3240 negant
2672 3175 2965 3223 mortuum

555 3263 683 3302 esse
713 3243 1002 3301 Christum
1034 3253 1340 3319 antequam
1369 3244 1751 3302 sacerdotium
1780 3261 1945 3302 suum
1970 3245 2171 3317 obiret,
2192 3252 2408 3320 negant
2436 3243 2803 3303 oblationem
2813 3243 2967 3302 nihil

557 3322 719 3380 aliud
745 3341 888 3395 esse,
923 3341 1096 3396 quam
1127 3322 1338 3380 Christi
1368 3343 1470 3398 pro
1499 3323 1711 3380 nobis
1696 3343 1755 3380 ιιι
1777 3323 1923 3380 coelo
1947 3323 2467 3416 praesentationem,
2498 3332 2715 3400 negant
2741 3322 2963 3401 perfec·

559 3409 680 3460 tam
711 3419 826 3458 non
855 3399 1032 3458 fuisse
1062 3401 1410 3458 oblationem
1439 3411 1572 3459 ante
1601 3401 1902 3478 sanguinis
1944 3403 2004 3460 in
2044 3402 2292 3461 sacrario
2321 3403 2725 3478 ostensionem,
2760 3402 2961 3462 Adeo·

556 3500 670 3558 que
700 3478 1056 3538 contendunt
1083 3487 1141 3538 et
1189 3480 1480 3538 Christum
1530 3499 1730 3539 verum
1760 3481 2171 3542 sacerdotem
2153 3503 2215 3541 ιιι
2242 3483 2411 3541 terris
2437 3482 2632 3554 fuisse,
2658 3491 2717 3542 et
2744 3482 2963 3541 sacrifi-

557 3561 708 3619 cium
739 3558 1122 3637 expiatorium
1151 3578 1286 3617 vere
1327 3559 1388 3618 in
1433 3578 1600 3618 cruce
1630 3561 1887 3620 oblatum
1928 3561 2121 3638 fuisse,
2154 3561 2325 3637 Quod
2357 3561 2483 3639 jam
2526 3561 2696 3620 nobis
2724 3561 2961 3620 demon·

559 3640 858 3700 strandum
889 3639 1187 3698 incumbit.

638 3721 793 3778 XX.
841 3719 1204 3796 Argumenta
1247 3720 1307 3777 in
1355 3738 1481 3777 eam
1509 3739 1631 3778 rem
1676 3729 1989 3798 suppetunt
2031 3721 2230 3779 varia·
2279 3720 2489 3794 Primo,
2526 3720 2807 3780 Sacerdos
2852 3721 2963 3780 sub

558 3797 694 3859 Vet.
726 3800 882 3858 Test.
933 3819 1068 3858 vere
1097 3799 1206 3858 fuit
1251 3799 1386 3858 talis
1414 3808 1723 3876 antequam
1774 3801 2171 3877 ingrederetur
2215 3800 2277 3858 in
2306 3801 2634 3873 sacrarium,
2680 3809 2741 3859 et
2782 3819 2965 3877 quum

557 3871 749 3938 hircos
776 3878 872 3937 vel
895 3879 1160 3938 victimas
1188 3879 1504 3956 piaculares
1531 3880 1836 3945 mactabat,
1870 3879 2183 3939 sacerdotis
2228 3879 2414 3938 officio
2444 3899 2579 3939 vere
2606 3878 2965 3956 defungeba-

557 3967 653 4018 tur
654 3979 824 4036 ipsis
835 3958 1148 4017 fatentibus
1170 3958 1533 4018 adversariis.
1567 3959 1783 4032 Quidni
1802 3960 1872 4017 E.
1894 3959 2157 4018 Christus
2179 3960 2360 4035 quiin
2388 3960 2491 4018 illo
2512 3959 2967 4018 adumbrabatur

559 4059 692 4098 vere
723 4041 782 4097 in
809 4039 978 4098 terris
1006 4039 1274 4097 sacerdos
1301 4038 1472 4097 fuerit
1514 4046 1574 4097 et
1601 4039 1945 4098 sacrificium
1990 4038 2311 4098 obtulerit?
2338 4059 2470 4096 nam
2520 4039 2829 4098 discrimen
2854 4038 2962 4096 ali·

557 4119 716 4196 quod
744 4119 838 4177 hic
859 4118 1096 4194 fingere,
1127 4126 1216 4177 est
1242 4115 1358 4198 ἅτις
1385 4123 1582 4198 tresvir
1604 4117 1759 4189 λίγα,
1785 4126 1844 4177 et
1874 4127 2065 4195 petere
2093 4123 2147 4176 τὶ
2178 4119 2217 4176 in
2238 4124 2397 4198 alexis.
2460 4117 2743 4193 Secundo‚
2776 4117 2965 4176 omnis

560 4198 832 4258 Pontifex
861 4219 936 4256 ex
963 4198 1291 4258 hominibus
1319 4207 1648 4274 assumptus
1676 4197 2045 4258 constituitur
2088 4196 2242 4289 apud
2274 4201 2463 4257 Deum
2484 4207 2551 4257 ut
2580 4197 2733 4256 dona
2758 4195 2965 4256 offerat

557 4285 617 4336 et
643 4279 862 4337 hostias
887 4297 994 4354 pro
1021 4278 1289 4371 peccatis,
1325 4278 1477 4336 Heb.
1508 4297 1565 4335 v.
1601 4281 1653 4336 1.
1737 4277 1823 4337 At
1850 4278 1961 4336 hoc
1988 4296 2105 4335 non
2133 4278 2191 4335 in
2222 4279 2401 4352 coelis,
2434 4277 2581 4336 sed
2564 4297 2626 4334 ιιι
2654 4285 2821 4347 terra,
2850 4295 2965 4335 nec

553 4357 706 4415 enim
735 4357 874 4416 alibi
903 4357 1106 4416 hostias
1134 4356 1606 4416 offeruntur.1ta
1633 4377 1741 4417 nec
1791 4357 2055 4417 Christus
2082 4357 2221 4415 alibi
2264 4356 2467 4416 offerre
2497 4356 2714 4416 debuit.
2744 4355 2965 4431 Tertio,

555 4434 656 4493 ubi
675 4445 764 4494 est
785 4436 1000 4494 oblatio
1017 4445 1078 4494 et
1105 4437 1465 4511 sacrificium,
1495 4436 1556 4494 ib
1583 4437 1779 4497 idebet
1806 4457 1933 4496 esse
1964 4436 2249 4495 sacerdos.
2309 4437 2437 4495 At·
2422 4458 2479 4495 ιιι
2510 4437 2677 4496 terris
2704 4443 2764 4494 et
2790 4455 2969 4494 cruce

553 4512 770 4572 Christi
795 4533 998 4572 verum
1024 4514 1134 4574 fuit
1160 4516 1500 4575 sacrificium
1529 4525 1590 4576 et
1616 4517 1849 4590 oblatio,
1880 4524 2029 4576 teste
2070 4517 2295 4594 Apost.,
2330 4516 2484 4576 Heb.
2530 4515 2631 4574 vii.
2661 4519 2757 4588 27,
2791 4517 2829 4550 “
2852 4515 2971 4575 Cui

549 4611 668 4652 non
696 4593 772 4651 sit
797 4611 1032 4651 necesse
1059 4595 1315 4672 quotidie
1344 4595 1826 4673 quemadmodum
1856 4596 1974 4656 illis
2003 4595 2381 4656 Pontificibus
2425 4595 2584 4674 prius
2622 4613 2727 4672 pro
2754 4613 2972 4672 pecca·
