3234 5192
2756 63 2791 82 S

539 293 656 351 606
1153 303 1232 344 ns
1263 301 1753 345 sursum-roms
1782 303 2025 344 cuais-1³1
2056 301 2371 343 vanu-Ars.
2534 287 2794 360 [maror.
2828 304 2962 344 xix.

536 452 710 510 homo
737 447 896 507 luere
943 446 1162 522 debuit,
1195 449 1232 480 “
1253 447 1446 504 anima
1488 465 1619 524 quae
1646 446 1911 522 peccavit
1964 446 2093 524 ipsa
2118 445 2451 519 morietur,”
2482 443 2693 503 Ezech.
2740 445 2910 504 xviii.
2938 469 2957 522 3

537 550 670 591 cum
699 549 838 606 ergo
867 528 1029 585 nulla
1055 528 1205 586 inter
1231 527 1512 604 pecudem
1561 535 1620 586 et
1648 525 1939 586 hominem
1990 525 2308 585 intercedat
2354 532 2573 584 naturoe
2622 527 2957 585 communio

538 608 892 688 impossibile
921 607 1030 667 fuit
1057 608 1166 666 hac
1193 607 1255 665 in
1299 615 1460 684 parte
1489 606 1787 665 sacrificiis
1829 606 2117 683 legalibus
2142 605 2529 682 expiationem
2558 604 2699 662 fieri.
2750 609 2807 664 2.
2854 607 2957 664 Ex

535 699 698 770 parte
747 689 958 764 objecti,
993 688 1118 746 Deo
1147 697 1448 764 peccatum
1474 686 1600 761 fuit,
1658 687 1782 745 Deo
1828 703 1969 764 ergo
2014 685 2281 745 satisfieri
2324 684 2541 758 debuit,
2572 693 2633 743 at
2674 703 2781 744 nec
2818 686 2955 763 ejus

537 773 760 832 Natura
779 789 886 827 nec
920 767 1216 844 Sapientia.
1259 787 1368 826 nec
1395 767 1438 826 J
1441 767 1641 826 ustitia
1686 766 2053 844 patiebantur
2078 774 2145 825 ut
2194 765 2475 843 sanguine
2518 764 2808 824 hircorum
2834 767 2955 824 tol-

533 853 790 912 lerentur
817 857 1054 926 peccata
1085 870 1099 906 :
1143 847 1276 906 Non
1319 849 1572 922 Natura,
1603 848 1741 925 quia
1781 847 1943 906 Deus
1986 846 2234 922 Spiritus
2273 851 2377 919 est,
2409 845 2549 904 Joh.
2594 845 2671 905 iv.
2702 848 2799 920 24,
2829 866 2955 906 non

533 938 726 1012 potest
753 946 894 1006 ergo
923 927 1204 1004 sanguine
1251 946 1526 1004 corporeo
1573 938 1634 986 et
1676 926 1959 986 materiali
2004 926 2239 1004 placari,
2288 927 2324 960 “
2344 925 2397 982 N
2402 925 2623 1001 unquid
2648 925 2951 984 comedam

536 1030 766 1073 carnem
815 1017 1108 1067 taurorum
1159 1016 1218 1066 et
1265 1008 1605 1085 sanguinem
1648 1007 1938 1066 hircorum
1966 1006 2159 1064 bibam
2182 1007 2247 1064 ?’'
2316 1005 2469 1063 Psal.
2522 1005 2559 1063 1.
2609 1004 2681 1063 13
2714 1028 2729 1082 3
2792 1005 2951 1080 Quid

537 1102 658 1153 tam
680 1090 815 1148 vilis
843 1096 902 1147 et
929 1089 1160 1164 abjecta
1184 1107 1278 1146 res
1325 1088 1512 1166 potuit
1553 1087 1629 1145 ad
1670 1086 2089 1145 conciliandam
2116 1093 2237 1144 tam
2265 1084 2503 1162 gloriosi
2530 1085 2799 1144 Numinis
2826 1105 2951 1146 ma-

528 1175 802 1252 jestatem
821 1173 851 1228 ?
895 1169 948 1226 N
949 1189 1026 1226 on
1078 1169 1372 1244 sapientia,
1409 1177 1474 1227 ut
1529 1167 1683 1226 enim
1736 1175 2037 1244 peccatum
2090 1165 2277 1226 fuerat
2331 1165 2645 1224 admissum
2700 1187 2735 1224 a
2788 1187 2949 1226 crea-

534 1261 666 1314 tura
735 1249 1020 1324 rationali,
1071 1248 1154 1308 ita
1207 1248 1543 1307 rationalem
1615 1247 1911 1306 victimam
1971 1265 2089 1304 non
2141 1246 2371 1305 brutam
2424 1245 2753 1322 postulabat
2816 1267 2951 1323 quae

535 1333 766 1411 culpam
821 1330 991 1389 istam
1053 1330 1273 1388 elueret
1301 1351 1315 1405 ς
1359 1347 1476 1386 non
1520 1337 1641 1386 tam
1686 1327 1925 1404 sanguis
1986 1345 2178 1386 coram
2234 1325 2401 1384 altari
2447 1324 2772 1384 fundendus
2814 1325 2944 1400 fuit,

535 1433 711 1492 quam
765 1411 958 1468 anima
999 1409 1127 1486 ipsa
1177 1409 1302 1468 Deo
1332 1407 1604 1483 sistenda,
1656 1427 1773 1465 non
1816 1415 1935 1467 tam
1986 1425 2192 1483 corpus
2230 1405 2527 1466 doloribus
2574 1415 2633 1464 et
2680 1407 2947 1465 cruciati-

536 1495 647 1554 bus
677 1489 1036 1550 atterendum
1065 1497 1125 1548 et
1153 1487 1552 1566 frangendum,
1573 1507 1747 1564 quam
1764 1507 1864 1546 cor
1892 1505 2067 1546 sensu
2086 1485 2509 1546 maledictionis
2530 1493 2587 1545 et
2603 1485 2704 1545 irae
2731 1486 2949 1546 divium

537 1571 966 1642 conterendum,
997 1567 1152 1627 unde
1173 1567 1316 1626 dicit
1336 1568 1602 1626 Christus
1619 1587 1681 1626 se
1702 1587 1919 1644 ponere
1938 1587 2055 1626 non
2084 1584 2292 1642 corpus
2321 1574 2543 1626 tantum
2570 1569 2673 1624 sed
2694 1567 2949 1625 animam

529 1673 644 1730 pro
667 1651 868 1710 ovibus.
901 1649 1032 1705 Non
1045 1648 1288 1722 justitia,
1320 1666 1449 1724 quae
1479 1648 1865 1724 aequalitatem
1888 1665 2075 1724 poenae
2102 1655 2163 1706 et
2190 1645 2374 1728 λε’ντςου
2394 1666 2525 1705 cum
2542 1647 2761 1724 peccati
2782 1655 2950 1706 reatu

535 1731 826 1808 exigebat,
857 1727 1084 1785 infinita
1113 1727 1225 1785 Dei
1251 1728 1524 1804 majestas
1565 1727 1705 1785 laesa
1741 1727 1943 1802 fuerat,
1973 1725 2261 1786 infinitum
2306 1747 2445 1804 ergo
2472 1726 2741 1786 meritum
2768 1736 2827 1786 et
2854 1747 2947 1786 sa-

533 1809 784 1874 tisfactio
811 1807 899 1865 illi
925 1805 1224 1882 placandae
1251 1806 1669 1883 postulabatur,
1700 1806 1856 1883 quod
1900 1827 2031 1866 cum
2060 1825 2238 1884 penes
2266 1806 2545 1866 sacrificia
2590 1806 2803 1884 legalia
2828 1827 2951 1867 non

533 1897 874 1964 occurreret,
897 1895 1097 1964 utpote
1125 1907 1255 1964 quse
1283 1907 1400 1946 nou
1427 1895 1651 1945 tantum
1680 1888 1975 1946 brutorum
2006 1893 2200 1946 essent
2228 1896 2288 1947 et
2313 1886 2513 1958 ἐλέγου
2540 1895 2948 1962 creaturarum,

537 1972 641 2033 sed
669 1980 728 2031 et
751 1969 1062 2043 finitarum,
1119 1967 1476 2045 impossibile
1529 1965 1640 2026 fuit
1686 1967 1965 2026 hactenus
2008 1967 2351 2044 sanguinem
2404 1967 2695 2026 hircorum
2742 1967 2951 2027 tollere

533 2059 786 2132 peccata.
813 2053 868 2110 3.
899 2048 1128 2108 Tollere
1149 2055 1385 2126 peccata
1403 2067 1517 2106 non
1539 2053 1850 2125 potuerunt
1866 2067 1941 2106 ex
1958 2055 2121 2123 parte
2139 2049 2394 2123 μουσικὴ·
2422 2047 2737 2106 remedium
2758 2046 2949 2124 aptari

537 2134 711 2193 debet
737 2131 889 2189 malo
915 2139 976 2188 et
1002 2129 1152 2206 parti
1179 2128 1416 2204 affectae,
1449 2135 1749 2204 peccatum
1775 2127 2003 2186 macula
2046 2134 2136 2186 est
2162 2147 2279 2185 non
2308 2147 2597 2204 corporea,
2630 2127 2734 2186 sed
2776 2127 2945 2204 spiri·

535 2214 729 2283 tualis,
758 2212 819 2270 in
847 2209 1038 2268 anima
1067 2209 1336 2286 primario
1383 2217 1442 2267 et
1468 2228 1571 2285 per
1619 2227 1681 2267 se
1730 2207 1925 2266 sedem
1973 2207 2212 2282 habens,
2242 2217 2303 2267 et
2323 2207 2731 2266 conscientiam
2758 2207 2949 2284 ipsam

535 2293 865 2362 vulnerans,
891 2289 1033 2364 quid
1059 2307 1198 2346 vero
1227 2289 1466 2365 sanguis
1491 2289 1771 2365 pecuinus
1798 2295 1859 2346 et
1877 2285 2192 2348 materialis
2219 2285 2294 2345 ad
2322 2287 2626 2346 eluendam
2654 2288 2807 2346 hanc
2826 2309 2947 2346 ma-

537 2373 727 2431 culam
754 2369 948 2426 valere
976 2370 1213 2444 potest?
1259 2388 1389 2443 quac
1427 2368 1719 2444 proportio
1748 2368 1937 2426 carnis
1982 2387 2113 2426 cum
2140 2375 2349 2442 mente,
2397 2367 2495 2426 vel
2532 2368 2787 2445 corporis
2814 2387 2949 2427 cum

537 2451 728 2524 corde,
761 2447 1060 2523 sanguinis
1093 2466 1224 2505 cum
1269 2445 1582 2524 cupiditate
1601 2451 1632 2506 Ρ
1678 2447 1987 2506 Peccatum
2006 2447 2191 2506 fuerat
2217 2447 2637 2516 incredulitate,
2668 2447 2803 2508 odio
2830 2447 2951 2508 Lei

537 2539 595 2592 et
620 2528 952 2601 rebellione,
984 2535 1049 2586 ut
1076 2546 1214 2604 ergo
1243 2526 1558 2585 remedium
1600 2528 1753 2585 malo
1775 2527 2139 2604 respondeat,
2170 2527 2424 2605 expiatio
2452 2528 2655 2588 debuit
2676 2529 2799 2587 fieri
2819 2530 2949 2605 jus-

535 2611 664 2671 titia
691 2606 1123 2687 perfectissima,
1155 2605 1482 2666 obedientia
1529 2607 1976 2682 accuratissima,
2008 2617 2069 2667 et
2116 2627 2341 2667 summa
2356 2616 2529 2685 atque
2556 2608 2950 2668 intensissima

535 2710 678 2769 erga
708 2691 896 2748 Deum
925 2695 985 2747 et
1011 2707 1152 2765 erga
1176 2687 1502 2766 proximum
1533 2688 1828 2748 charitate.
1864 2687 1961 2746 Sic
1981 2708 2185 2747 revera
2208 2685 2449 2748 ἃῦηιτον
2470 2689 2581 2748 fuit
2601 2687 2947 2767 sanguinem

539 2772 828 2831 hircorum
856 2769 1060 2829 tollere
1087 2776 1324 2845 peccata
1351 2787 1424 2826 ex
1447 2775 1655 2827 natura
1680 2768 1782 2827 rei.

619 2851 870 2910 XXIV.
913 2853 970 2908 4.
1019 2849 1134 2908 Sed
1161 2850 1272 2906 hoc
1318 2847 1508 2925 ipsum
1550 2848 1907 2928 impossibile
1936 2848 2045 2908 fuit
2072 2869 2146 2907 ex
2174 2849 2529 2908 ordinatione
2548 2849 2755 2923 divina,
2785 2850 2949 2909 Deus

537 2933 692 2994 enim
715 2933 836 3008 jam
865 2930 1004 2990 olim
1033 2937 1278 2988 testatus
1303 2927 1490 2987 fuerat
1519 2949 1580 2988 se
1607 2930 1765 2988 nolle
1792 2928 2119 2988 istiusmodi
2148 2929 2429 2988 sacrificia
2454 2928 2529 2987 ad
2557 2929 2949 3006 expiationem

535 3015 687 3073 hanc
709 3010 1047 3083 faciendam,
1071 3007 1228 3086 quod
1248 3009 1583 3085 ApostoluS,
1617 3030 1737 3069 ver.
1750 3011 1806 3085 5,
1832 3011 1885 3082 6,
1906 3008 2114 3085 probat
2140 3027 2216 3067 ex
2240 3009 2395 3068 Psal.
2418 3009 2521 3082 xl„
2548 3009 2867 3068 “Hostiam
2890 3021 2951 3070 et

535 3093 887 3152 oblationem
915 3107 1032 3146 non
1062 3088 1315 3163 voluisti,
1347 3089 1568 3166 Corpus
1616 3099 1809 3149 autem
1854 3089 2141 3166 adaptasti
2186 3089 2344 3164 mihi,
2379 3089 2863 3148 Holocautomata
2890 3099 2953 3150 et

535 3171 786 3230 hostiam
814 3187 919 3245 pro
947 3175 1182 3243 peccato
1210 3187 1326 3226 non
1375 3170 1764 3245 approbasti,'’
1798 3167 1924 3242 &c.‚
1960 3171 1995 3201 “
2018 3169 2165 3227 Tum
2186 3168 2327 3244 dixi,
2355 3169 2506 3227 Ecce
2536 3168 2737 3228 adsum
2766 3177 2835 3229 ut
2860 3169 2949 3228 fa-

537 3252 702 3324 ciam,
739 3249 915 3320 Deus,
946 3247 1306 3305 voluntatem
1332 3255 1526 3320 tuam;
1557 3248 1745 3308 aufert
1773 3249 1931 3325 prius
1952 3257 2017 3308 ut
2045 3249 2289 3308 alterum
2312 3251 2581 3322 statuat‚’'
2602 3249 2755 3308 unde
2784 3251 2949 3309 colli-

540 3331 748 3407 gimus,
784 3327 848 3387 Si
879 3327 1040 3384 Deus
1067 3326 1252 3385 noluit
1270 3326 1548 3386 sacrificia
1575 3336 1635 3386 et
1662 3328 2015 3403 holocausta,
2046 3327 2297 3387 fierinon
2324 3329 2512 3406 potuit
2532 3349 2608 3388 ex
2636 3328 2949 3407 hypothesi

539 3408 856 3468 voluntatis
885 3415 944 3466 et
971 3403 1188 3464 decreti
1216 3405 1402 3464 divini
1427 3414 1494 3465 ut
1519 3427 1625 3484 per
1652 3407 1793 3466 istas
1838 3409 2060 3468 hostias
2104 3409 2442 3469 tollerentur
2460 3419 2716 3486 peccata.
2758 3409 2949 3488 Atqui

539 3509 746 3548 verum
767 3488 928 3566 prius
955 3506 1030 3545 ex
1056 3486 1186 3544 loco
1217 3485 1392 3561 Psal.,
1425 3487 1585 3565 Ergo
1613 3495 1674 3547 et
1698 3488 2003 3566 posterius.
2049 3489 2333 3549 Caeterum
2360 3489 2498 3566 quia
2524 3488 2757 3548 difficile
2784 3489 2949 3550 vide-

539 3579 635 3631 tur
662 3569 738 3629 ad
765 3565 1206 3644 intelligendum
1233 3566 1522 3644 quomodo
1554 3568 1716 3628 Deus
1744 3568 1969 3628 dicatur
1994 3570 2149 3628 nolle
2168 3578 2227 3628 et
2252 3589 2369 3628 non
2396 3569 2639 3646 probare
2666 3570 2953 3630 sacrificia

542 3671 672 3730 quae
699 3659 894 3710 tamen
921 3649 1044 3726 ipse
1072 3648 1398 3708 instituerat
1425 3656 1484 3707 et
1511 3648 1586 3707 ad
1613 3668 1859 3727 quorum
1888 3649 2349 3708 observationem
2374 3649 2669 3709 Israelitas
2698 3657 2817 3708 tam
2844 3669 2949 3710 ex-

541 3750 737 3810 presse
765 3727 1138 3805 astringebat,
1169 3737 1230 3787 et
1271 3728 1482 3805 quibus
1523 3748 1586 3788 se
1633 3728 1907 3788 delectari
1954 3729 2091 3788 alibi
2139 3749 2259 3788 non
2298 3729 2475 3788 semel
2518 3729 2812 3807 professus
2838 3739 2949 3807 est,

543 3812 742 3892 paucis
770 3808 1206 3888 disquirendum
1251 3816 1340 3867 est
1367 3809 1657 3885 quomodo
1683 3809 1924 3868 remotio
1972 3810 2097 3868 haec
2126 3810 2533 3869 sacrificiorum
2570 3811 2955 3888 intelligenda

543 3893 757 3952 veniat.
805 3889 1028 3967 Saepius
1049 3887 1280 3965 quidem
1309 3888 1392 3948 ita
1416 3890 1749 3967 loquentem
1772 3888 2037 3948 audimus
2069 3890 2259 3948 Deum
2286 3889 2442 3967 apud
2461 3891 2797 3968 Prophetas,
2832 3891 2952 3951 Isa.

545 3973 757 4033 Ezech.
795 3971 943 4029 Hos.
973 3969 1016 4028 J
1019 3988 1211 4042 erem„
1243 3966 1371 4043 ὅκα,
1403 3969 1506 4028 sed
1533 3989 1651 4029 non
1694 3989 1920 4047 semper
1946 3989 2063 4028 una
2082 3969 2398 4048 eademque
2426 3969 2499 4029 de
2528 3991 2719 4030 causa.
2752 3971 2953 4032 Primo

544 4061 764 4114 certum
791 4060 882 4111 est
907 4048 1276 4126 rejectionem
1307 4050 1456 4108 hanc
1485 4049 1895 4108 sacrificiorum
1938 4069 2053 4108 non
2084 4051 2262 4116 ἅπλῧς
2297 4059 2359 4109 et
2394 4051 2657 4125 absolute,
2688 4051 2795 4110 sed
2822 4061 2953 4112 tan·

540 4142 664 4195 tum
691 4157 832 4192 aava
851 4135 902 4190 τὶ
923 4139 982 4189 et
1007 4137 1335 4206 comparate
1361 4148 1486 4188 esse
1515 4129 1969 4208 intelligendam,
2000 4131 2143 4190 alias
2174 4133 2335 4190 Deus
2378 4131 2489 4190 sibi
2517 4131 2630 4208 ipsi
2664 4149 2955 4209 repugna-

541 4223 631 4274 ret
657 4223 717 4274 et
748 4213 1044 4290 Scriptura
1075 4209 1250 4268 Sacra
1275 4228 1405 4285 quae
1433 4209 1604 4269 toties
1642 4210 2109 4270 caeremoniarum
2140 4219 2197 4270 et
2226 4210 2633 4270 sacrificiorum
2661 4208 2723 4269 in
2750 4212 2957 4288 primis

539 4292 960 4352 institutionem
989 4289 1064 4348 ad
1093 4289 1282 4348 Deum
1309 4287 1500 4363 refert,
1525 4289 1629 4348 sed
1646 4309 1906 4368 quaenam
1938 4291 2105 4367 σχίσις
2131 4291 2235 4348 illa
2262 4291 2337 4350 sit
2358 4299 2415 4349 et
2442 4291 2665 4366 relati0,
2686 4311 2809 4350 non
2833 4313 2959 4353 una

543 4372 764 4431 ratione
792 4370 1070 4448 explicari
1096 4378 1303 4448 potest.
1393 4369 1729 4448 Aliquando
1758 4371 1909 4430 enim
1932 4372 2269 4449 rejiciuntur
2294 4371 2581 4448 sacrificia
2606 4391 2725 4430 non
2752 4381 2959 4448 quate-

545 4468 656 4508 nus
684 4451 948 4508 instituta
973 4458 1137 4509 erant
1179 4469 1216 4508 a
1245 4451 1388 4526 Dee,
1442 4451 1544 4510 sed
1586 4459 1653 4512 ut
1680 4450 1753 4510 ab
1800 4452 2117 4528 hypocritis,
2147 4452 2330 4527 impiis
2366 4461 2419 4510 el
2438 4452 2709 4528 profantis
2737 4451 2953 4529 oblata,

545 4529 643 4605 qui
672 4528 756 4588 ita
783 4528 1078 4588 sacrificiis
1125 4529 1252 4590 istis
1300 4531 1558 4590 externis
1595 4531 1983 4606 adhaerebant,
2014 4532 2177 4609 quasi
2225 4540 2383 4592 totus
2416 4531 2527 4592 Dei
2572 4533 2761 4591 cultus
2790 4531 2851 4589 in
2882 4533 2957 4592 iis

545 4613 886 4682 versaretur,
921 4607 1194 4683 Dcusque
1231 4629 1300 4668 ea
1347 4619 1514 4687 grata
1539 4612 1781 4670 haberet
1806 4621 1865 4671 et
1912 4619 2163 4691 accepta,
2193 4611 2304 4672 etsi
2350 4611 2571 4690 alioqui
2618 4612 2875 4689 impuras
2896 4623 2958 4674 et
