3234 5192
293 398 526 441 msru'r.
555 374 675 459 111.]
958 392 1036 435 m:
1066 393 1407 437 scsxrrunsz
1435 392 1639 437 slew
1666 392 2109 439 aumonius-s.
2603 379 2717 437 267

303 540 519 615 agitur,
549 554 728 613 scopo
753 536 1076 611 loquentis,
1107 542 1168 593 et
1187 535 1320 595 aliis
1348 535 1806 594 circumstantiis
1834 535 2144 611 sigillatim
2172 533 2556 611 pensitandis,
2586 554 2719 610 quae

303 617 509 676 omnia
532 617 597 673 in
625 614 952 689 simplicem
979 615 1290 691 popellum
1316 620 1379 672 et
1402 614 1654 671 rusticos
1699 621 1807 673 aut
1832 615 2104 673 foemina-s
2123 632 2247 671 non
2276 615 2514 671 cadunt.
2602 612 2723 672 Sed

302 694 630 772 posteriori,
659 692 764 750 ubi
791 692 992 767 agitur
1017 694 1094 751 de
1139 694 1335 767 gradu
1382 692 1522 749 fidei
1567 694 1767 767 quoad
1817 692 2145 768 simplicem
2190 692 2607 750 sufficientiam.
2644 692 2721 748 ad

305 774 576 843 salutem,
607 788 744 845 quae
773 770 965 827 oritur
991 788 1066 828 ex
1095 770 1400 829 Doctrinis
1425 769 1861 841 essentialibus,
1890 789 2011 827 non
2042 789 2194 845 opus
2214 776 2304 827 est
2330 770 2440 827 tali
2468 777 2527 827 et
2554 774 2725 827 tanta

305 850 683 921 discussione,
712 848 860 924 quia
881 850 1032 907 tales
1060 848 1344 907 doetrinae
1373 848 1516 906 satis
1544 848 1701 905 clare
1728 854 2148 923 proponuntur
2162 848 2227 903 in
2256 846 2581 923 Scriptura,
2600 856 2723 904 non

305 930 370 986 in
397 947 521 986 uno
546 930 702 997 loco,
731 926 833 983 sed
861 926 924 983 in
950 927 1246 1002 pluribus,
1275 934 1335 983 et
1361 926 1502 983 satis
1527 942 1635 999 per
1662 927 1882 1003 seipsas
1909 944 1947 983 a
1972 925 2249 984 fidelibus
2278 925 2475 1001 gratia
2502 926 2724 984 efficaci

305 1006 571 1083 praeditis
597 1011 668 1062 ιιι
694 1004 910 1062 divinae
939 1010 1347 1079 agnoscuntur
1373 1011 1433 1062 et
1457 1002 1649 1060 veluti
1676 1005 2033 1074 sentiuntur,
2083 1010 2154 1061 ut
2178 1021 2288 1060 nec
2324 1005 2579 1061 varietas
2604 1005 2724 1060 lec-

307 1086 561 1154 tionum,
589 1100 700 1141 nec
718 1082 1061 1141 versionum
1087 1082 1400 1139 diversitas
1425 1088 1534 1139 aut
1559 1080 1948 1156 imperfectiO,
1979 1084 2211 1140 obstare
2229 1089 2469 1156 queant,
2494 1081 2729 1157 quomi-

309 1181 426 1220 nus
452 1163 529 1221 ab
555 1162 630 1218 iis
656 1162 1020 1236 apprehendi
1045 1160 1309 1237 possint3
1351 1161 1491 1218 licet
1536 1178 1647 1217 nec
1693 1161 2085 1235 quaestionem
2111 1161 2186 1217 de
2212 1158 2379 1217 libris
2408 1158 2727 1219 Canonicis

311 1240 695 1311 excusserint,
724 1256 835 1296 nec
858 1238 1098 1312 linguas
1125 1238 1446 1312 originales
1472 1237 1804 1296 didicerint.

395 1316 646 1376 XXVI.
693 1316 874 1383 Quod
902 1334 1025 1373 non
1067 1317 1202 1373 ideo
1247 1316 1517 1387 dicimus,
1563 1316 1735 1389 quasi
1780 1334 2123 1374 censeamus
2168 1314 2375 1372 fideles
2422 1314 2549 1373 sine
2594 1316 2725 1373 ullo

314 1396 588 1456 examine
614 1410 786 1469 posse
811 1411 1164 1468 cognoscere
1211 1393 1532 1469 Scripturas
1561 1394 1954 1466 divinitatem,
1998 1395 2096 1451 vel
2123 1393 2451 1469 genuinum
2476 1393 2593 1450 loci
2618 1394 2729 1451 ali-

315 1476 490 1549 cujus
515 1488 788 1541 sensum;
835 1472 933 1531 Sic
957 1472 1118 1530 enim
1142 1472 1289 1530 fides
1315 1478 1467 1530 esset
1508 1490 1664 1531 caeca
1704 1479 1765 1530 et
1806 1472 2113 1547 implicita,
2159 1472 2321 1547 quod
2363 1471 2433 1527 in
2462 1470 2731 1529 Ecclesia

319 1554 432 1612 Ro.
461 1554 834 1622 damnamus,
864 1568 1000 1626 quae
1017 1551 1154 1607 vult
1169 1550 1278 1607 sibi
1295 1552 1456 1607 credi
1508 1551 1818 1624 ἁηξπιίτος,
1863 1550 2009 1626 quia
2034 1568 2095 1608 se
2122 1549 2499 1607 infallibilem
2509 1550 2727 1623 jactat:

319 1632 439 1692 Sed
467 1629 960 1702 distinguendum
985 1635 1076 1686 est
1101 1629 1326 1705 duplex
1353 1628 1623 1688 Examen
1639 1656 1657 1689 .·
1701 1630 1895 1689 Aliud
1925 1627 2285 1688 discussionis
2294 1625 2589 1704 ,plenariae
2606 1647 2732 1685 om-

317 1711 489 1767 nium
515 1706 955 1778 difficultatum,
973 1724 1108 1781 quoe
1135 1707 1233 1763 vel
1258 1707 1416 1765 circa
1439 1714 1614 1767 notas
1640 1708 1981 1784 Scripturas,
2026 1708 2123 1763 vel
2150 1706 2308 1764 circa
2333 1706 2450 1764 loci
2477 1706 2733 1781 alicujus

319 1806 557 1847 sensum
585 1802 890 1843 occurrere
915 1792 1202 1861 possunt:
1286 1785 1480 1842 Aliud
1509 1786 1879 1845 discussionis
1918 1784 2217 1863 partialis,
2258 1802 2362 1843 seu
2402 1785 2735 1843 attentionis

319 1873 381 1924 et
407 1864 827 1943 applicationis,
855 1862 1072 1921 mentis
1099 1864 1177 1921 ad
1225 1863 1534 1922 veritatem
1577 1865 1951 1923 credendam.
2034 1862 2210 1921 Prius
2252 1863 2583 1921 doctiorum
2610 1882 2735 1921 esse

321 1951 559 2003 tantum
585 1942 978 2017 agnoscimus,
1007 1942 1258 2015 ejusque
1283 1940 1445 1999 viam
1471 1950 1532 2000 et
1555 1945 1803 2019 longam
1824 1948 1885 2000 et
1932 1940 2233 1999 difficilem
2279 1960 2407 1999 esse
2433 1960 2555 1999 non
2582 1942 2737 1999 diffi-

319 2030 533 2093 temur,
562 2040 697 2095 quse
723 2037 1012 2093 magnum
1037 2019 1308 2077 laborem
1334 2025 1395 2076 et
1419 2022 1687 2079 studium
1714 2022 1997 2096 postulat,
2028 2026 2087 2077 et
2114 2021 2373 2094 amplam
2391 2019 2738 2077 eruditionis

319 2116 666 2158 mensuram
690 2096 959 2171 requirit.
1045 2097 1164 2155 Sed
1190 2097 1481 2171 posterius
1507 2100 1585 2157 ad
1629 2098 2011 2173 simpliciores
2056 2098 2235 2155 etiam
2280 2098 2573 2171 pertinere
2600 2115 2739 2154 con-

322 2177 644 2244 tendimus,
674 2175 780 2249 qui
807 2174 868 2231 in
891 2192 962 2231 eo
991 2192 1128 2231 cum
1154 2173 1356 2231 fructu
1375 2179 1596 2235 versari
1622 2184 1889 2253 possunt,
1908 2176 1956 2234 si
1972 2176 2153 2233 modo
2170 2192 2307 2232 cum
2326 2182 2487 2232 recta
2505 2175 2739 2231 ratione

330 2254 589 2329 Spiritus
617 2251 820 2310 Sancti
847 2251 1076 2309 lumine
1103 2252 1459 2325 dirigantur,
1507 2274 1629 2330 quo
1676 2255 1839 2312 oculi
1884 2254 2099 2311 mentis
2144 2253 2430 2310 illustrati
2451 2253 2739 2326 mysteria

328 2330 529 2391 sensui
553 2337 615 2387 et
641 2329 862 2387 rationi
890 2330 1038 2387 alias
1055 2330 1345 2405 impervia
1359 2338 1421 2388 et
1435 2332 1729 2391 inaccessa
1750 2334 2001 2390 credunt
2020 2338 2081 2388 et
2096 2331 2555 2405 amplectuntur.
2600 2330 2740 2388 Hoc

328 2416 420 2468 est
445 2424 690 2467 examen
715 2414 777 2465 et
793 2407 1110 2481 judicium,
1142 2410 1218 2465 ad
1249 2410 1411 2483 quod
1442 2409 1721 2486 Apostoli
1749 2428 1906 2485 saepe
1952 2412 2273 2467 hortantur
2299 2410 2519 2479 fideles,
2550 2427 2740 2485 quum

328 2489 546 2546 volunt
571 2494 640 2544 ut
665 2486 978 2561 explorent
1005 2486 1268 2561 spiritus,
1301 2494 1371 2545 ut
1389 2488 1669 2561 judicent
1694 2488 1807 2563 ipsi
1834 2490 1911 2546 de
1938 2488 2060 2546 illis
2087 2507 2223 2565 quse
2247 2487 2542 2557 dicebant,
2573 2488 2737 2562 quod

329 2566 658 2625 Beroenses
683 2564 754 2643 ⁴in
799 2566 1035 2639 praxim
1080 2565 1474 2637 deducebant,
1525 2568 1673 2625 dum
1720 2567 2105 2625 conferebant
2146 2566 2328 2624 verba
2374 2566 2554 2623 Pauli
2602 2583 2741 2623 cum
2789 2564 2798 2569 ’

329 2644 651 2719 Scriptura,
682 2642 776 2717 cuj
783 2661 854 2701 us
879 2644 1218 2701 interventu
1244 2645 1390 2701 fides
1421 2644 1737 2719 Evangelii
1782 2646 1847 2702 in
1889 2644 2061 2702 nobis
2102 2646 2375 2703 firmatur
2401 2662 2505 2718 per
2532 2644 2743 2718 appul-

330 2741 464 2780 sum
490 2720 772 2791 veritatis,
803 2729 1091 2797 tanquam
1116 2722 1268 2779 lueis
1315 2724 1805 2797 supernaturalis,
1850 2742 1983 2798 quae
2012 2740 2051 2780 a
2076 2729 2273 2779 mente
2301 2722 2498 2796 gratia
2523 2721 2741 2778 efficaci

329 2801 564 2858 imbuta
588 2799 886 2873 recipitur,
915 2801 1124 2856 eodem
1151 2801 1351 2871 mod0,
1381 2818 1502 2875 quo
1530 2802 1640 2858 lux
1668 2820 1949 2877 corporea
1974 2802 2051 2858 ab
2081 2801 2256 2857 oculo
2272 2800 2423 2857 bene
2449 2799 2741 2873 disposito

331 2879 612 2954 recipitur
637 2895 742 2951 per
767 2877 1216 2953 impressionem
1244 2879 1506 2953 corporis
1533 2880 1737 2937 lucidi.

414 2953 702 3012 XXVII.
749 2955 954 3029 Atque
996 2954 1136 3011 hinc
1175 2973 1298 3012 non
1328 2957 1572 3015 obscure
1613 2956 1957 3032 percipitur,
1982 2956 2286 3030 quomodo
2315 2956 2575 3029 gradum
2616 2972 2739 3011 cre-

337 3033 615 3091 titudinis
655 3032 1041 3089 sufficientem
1081 3033 1302 3089 habere
1341 3036 1528 3109 possit
1567 3037 1648 3092 ad
1674 3052 1876 3093 veram
1918 3033 2363 3108 persuasionem
2406 3032 2607 3090 animo
2650 3032 2740 3089 in-

341 3111 779 3185 generandam:
821 3109 1106 3166 nimirum
1133 3116 1206 3167 ut
1230 3111 1339 3167 lux
1365 3120 1616 3171 externa
1636 3130 1743 3187 per
1770 3113 2027 3187 seipsam
2054 3112 2179 3168 sine
2206 3110 2337 3167 ullo
2375 3110 2495 3169 alio
2540 3112 2737 3168 medio

341 3189 660 3247 videndam
689 3206 750 3244 se
785 3187 958 3243 nobis
984 3194 1144 3243 certo
1168 3188 1426 3263 praebet3
1471 3192 1562 3249 Ut
1589 3193 1823 3266 obJecta
1863 3208 2147 3247 sensuum
2172 3207 2278 3264 per
2304 3190 2495 3264 seipsa
2535 3208 2740 3247 sensus

342 3273 576 3325 nostros
603 3266 885 3335 afficiunt,
914 3272 986 3323 ut
1011 3271 1188 3321 antea
1213 3266 1456 3339 dictum,
1486 3278 1557 3327 nt
1595 3270 1769 3327 nulla
1809 3268 1928 3327 alia
1956 3286 2107 3343 opus
2132 3268 2209 3325 sit
2234 3286 2413 3327 causa
2440 3269 2515 3325 ad
2545 3268 2626 3339 id,
2670 3276 2741 3325 ut

341 3346 808 3421 persuadeamur
853 3360 962 3400 nos
999 3360 1137 3400 vere
1183 3343 1386 3402 videre
1432 3348 1648 3419 lucem,
1686 3366 1825 3405 vere
1864 3354 2105 3421 gustare
2148 3347 2325 3418 cibos,
2375 3353 2435 3405 et
2481 3346 2628 3405 alias
2676 3348 2739 3403 id

344 3441 534 3498 genus
575 3422 946 3498 operationes
985 3420 1294 3479 sensitivas
1334 3425 1542 3495 edere;
1589 3424 1691 3483 Ita
1719 3425 1959 3484 Veritas
2008 3426 2277 3497 coelestis,
2308 3444 2441 3501 quae
2490 3444 2595 3500 per
2636 3426 2740 3482 ob-

337 3503 500 3576 jecta
526 3518 811 3557 sensuum
839 3498 992 3555 solet
1018 3499 1080 3555 in
1111 3498 1418 3574 Scriptura
1443 3503 1764 3577 designari,
1794 3522 2000 3562 sensus
2026 3512 2260 3562 nostros
2290 3504 2625 3578 spirituales
2655 3505 2743 3561 ita

347 3578 528 3636 afficit
553 3577 890 3634 immediate
916 3595 1022 3651 per
1047 3578 1348 3652 propriam
1389 3581 1585 3638 lucem
1613 3583 1711 3639 vel
1739 3582 2111 3653 suavitatem,
2138 3588 2210 3639 ut
2234 3600 2357 3639 non
2385 3582 2539 3640 sinat
2565 3600 2627 3638 se
2654 3582 2743 3655 ig-

354 3656 590 3727 norari3
652 3656 754 3711 sed
803 3654 1204 3713 certitudinem
1265 3657 1327 3713 in
1376 3676 1449 3715 ea
1489 3659 1801 3733 ingeneret
1847 3659 2231 3717 sufficientem
2281 3660 2358 3716 ad
2408 3662 2742 3739 πληςοφοςίιιι

351 3735 574 3805 πίσπας,
603 3750 725 3789 non
769 3733 1013 3807 quidem
1041 3736 1342 3808 evidentioe,
1379 3744 1438 3793 et
1465 3737 1798 3795 scientificae
1836 3736 2377 3805 demonstrationis,
2404 3739 2507 3793 sed
2548 3758 2747 3795 sensus

351 3820 412 3870 et
454 3810 824 3888 experiencioe,
873 3830 1010 3886 quoe
1051 3813 1266 3871 sufficit
1307 3815 1384 3871 ad
1433 3814 1780 3872 eximendos
1822 3814 2269 3872 dubitationum
2316 3816 2643 3889 scrupulos,
2686 3823 2749 3873 et

351 3888 860 3965 tranquillandam
907 3891 1345 3963 conscientiam,
1389 3898 1452 3949 et
1477 3910 1641 3967 spem
1684 3892 1897 3949 salutis
1938 3892 2422 3967 ingenerandam‚
2454 3900 2747 3966 quatenus

351 3968 500 4027 talia
541 3966 774 4040 objecta
809 3968 985 4043 plene
1025 3969 1360 4027 satisfacere
1401 3978 1653 4044 possunt
1695 3970 1979 4045 legitimis
2006 3976 2067 4027 et
2112 3968 2487 4026 naturalibus
2530 3970 2746 4027 animae

352 4044 663 4105 desideriis
690 4046 768 4102 ad
793 4045 1118 4121 perfectam
1151 4046 1498 4105 felicitatem
1525 4047 1930 4118 obtinendam,
1960 4048 2046 4104 ita
2086 4065 2147 4105 se
2175 4046 2634 4104 animisnostris
2660 4048 2750 4103 in-

354 4123 670 4193 sinuandO,
693 4130 764 4181 ut
781 4131 1073 4198 tanquam
1098 4125 1306 4183 divina
1331 4132 1392 4183 et
1410 4144 1552 4182 vera
1577 4126 1944 4201 recipiantur
1963 4124 2039 4182 ab
2057 4123 2335 4182 omnibus
2352 4130 2476 4181 tam
2504 4124 2753 4183 infirmis

354 4210 416 4261 et
463 4200 847 4276 simplicibus,
885 4220 1067 4277 quam
1115 4204 1304 4261 doctis
1331 4210 1391 4261 et
1431 4202 1918 4279 provectioribus.
2006 4202 2187 4260 Unde
2227 4218 2437 4258 sensus
2477 4201 2588 4258 iste
2617 4221 2755 4259 con-

353 4280 614 4339 scientiae
644 4280 860 4337 sufficit
885 4282 964 4338 ad
991 4280 1451 4339 discernendum
1477 4298 1688 4338 verum
1715 4299 1754 4339 a
1778 4280 1959 4351 malo,
1988 4286 2049 4337 et
2074 4277 2373 4336 doctrinas
2400 4296 2675 4337 erroneas
2696 4289 2758 4338 et

355 4358 626 4417 exitiales
651 4358 1020 4433 rejiciendas,
1051 4365 1258 4433 utpote
1286 4377 1421 4433 quae
1463 4376 1600 4415 cum
1626 4357 1977 4415 veritatibus
2005 4354 2416 4413 essentialibus
2444 4364 2503 4414 et
2540 4357 2758 4415 funda-

357 4436 719 4494 mentalibus
748 4435 1099 4511 Religionis,
1130 4436 1348 4511 quibus
1375 4436 1599 4509 singuli
1626 4436 1831 4492 fideles
1870 4433 2085 4491 imbuti
2112 4438 2272 4505 sunt,
2302 4434 2619 4495 subsistere
2658 4455 2760 4493 ne-

358 4520 602 4589 queant.
649 4513 842 4571 Verbi
869 4514 1081 4589 gratia,
1114 4512 1486 4588 Principium
1507 4512 1875 4569 adorationis
1903 4511 2083 4569 unius
2132 4510 2246 4568 Dei
2294 4516 2458 4589 quod
2501 4515 2761 4590 primum

357 4599 450 4649 est
478 4590 816 4665 Religionis
861 4590 1344 4661 fundamentum,
1373 4589 1590 4648 sufficit
1628 4590 1689 4645 in
1736 4589 2197 4665 simplicioribus
2246 4593 2323 4649 ad
2369 4594 2763 4668 rejiciendum

363 4668 612 4727 Cultum
652 4668 1095 4740 creaturarum,
1123 4668 1234 4727 etsi
1262 4668 1652 4743 quaestionem
1680 4686 1813 4743 quae
1842 4667 1995 4726 circa
2019 4670 2134 4726 hoc
2174 4677 2355 4745 caput
2380 4689 2517 4729 cum
2564 4670 2769 4728 Eccle-
