3234 5192
291 387 535 427 msrur.
567 375 720 446 xva]
944 387 1022 428 ns
1053 385 1549 428 sxrtsmcrroms
1581 387 1827 428 cnmsrr
1856 387 2179 430 vmunrs.
2584 373 2702 430 533

287 535 411 588 tum
439 529 632 589 animo
661 530 1042 608 imperterrito
1070 529 1292 607 reliqua
1319 529 1472 588 mala
1491 529 1809 608 excepisse,
1837 551 1945 590 nec
1974 532 2281 609 quicquam
2304 538 2437 608 post
2463 529 2524 588 id
2552 537 2696 588 tem·

285 629 394 686 pus
417 609 619 669 fecisse
649 619 750 670 aut
778 609 996 670 dixisse
1025 611 1182 688 quod
1209 629 1482 687 pavorem
1513 619 1569 669 et
1613 612 2133 670 consternationem
2182 612 2351 670 istam
2396 610 2575 668 animi
2602 629 2694 668 ar·

283 699 503 765 gueret,
533 691 671 750 licet
697 691 927 750 dolores
955 699 1015 748 et
1042 690 1329 750 eruciatus
1357 690 1668 749 acerrimos
1702 692 2025 750 sustineret.

363 771 589 830 XXII.
639 771 755 829 Sed
781 771 1151 829 multifariam
1199 770 1294 828 hie
1331 778 1532 848 peccat
1563 771 1926 831 IIaereticus:
1976 774 2029 830 1.
2074 771 2230 829 Dum
2258 771 2531 848 supponit
2558 769 2689 830 tris·

280 849 468 909 titiam
491 859 550 908 et
576 871 776 928 preces
820 851 952 910 illas
1001 851 1431 910 ardentissimas
1471 851 1685 909 Christi
1732 871 1853 910 non
1899 851 2013 909 alio
2062 851 2401 928 respexisse
2414 869 2585 928 quam
2614 849 2691 907 ad

285 929 514 988 dolores
543 951 846 1008 corporeos
901 951 1047 1008 quos
1077 951 1450 1008 perpessurus
1494 939 1618 989 erat
1646 931 1741 990 vel
1786 931 1959 990 etiam
2002 931 2254 990 ludibria
2280 941 2341 990 et
2366 930 2688 989 insultatio-

289 1030 392 1068 nes
420 1011 674 1070 hostium
704 1012 915 1088 quibus
945 1011 1326 1088 impetebatur
1355 1033 1368 1086 ;
1415 1011 1500 1069 At
1521 1012 1766 1088 jamjam
1810 1011 2167 1070 ostendimus
2212 1032 2329 1070 non
2359 1031 2487 1069 eam
2512 1011 2691 1068 fuisse

289 1090 668 1150 sufficientem
699 1092 829 1150 talis
857 1091 1168 1150 anxietatis
1217 1111 1450 1150 causam
1477 1091 1590 1150 nisi
1619 1092 1680 1150 in
1710 1092 1940 1150 Christo
1970 1092 2083 1151 Dei
2110 1091 2230 1150 filio
2268 1091 2525 1169 principe
2564 1090 2688 1168 glo·

286 1170 387 1228 riae
415 1190 542 1229 eam
571 1171 746 1228 animi
775 1172 1162 1230 constantiam·
1185 1170 1498 1230 desiderari
1525 1173 1797 1230 volumus
1825 1192 1954 1249 quae
1982 1172 2043 1228 in
2088 1172 2313 1230 miseris
2354 1169 2689 1230 homuncio-

283 1250 456 1308 nibus
485 1270 610 1309 sese
641 1261 760 1310 tam
785 1251 1106 1310 luculenter
1134 1249 1403 1328 prodidit,
1429 1252 1586 1329 quod
1636 1251 1997 1310 Christianus
2032 1271 2203 1310 nemo
2231 1252 2445 1310 dixerit
2470 1273 2484 1309 ε
2530 1251 2689 1326 Ergo

285 1329 483 1388 durior
510 1331 774 1406 quaedam
801 1351 1006 1390 manus
1033 1331 1195 1389 illum
1225 1331 1537 1408 premebat,
1589 1332 1825 1408 gravius
1865 1332 1951 1390 illi
1980 1332 2349 1390 incumbebat
2396 1349 2541 1389 onus
2578 1329 2691 1388 sub

287 1429 402 1486 quo
431 1409 695 1470 fatiscere
725 1411 942 1470 veritus
971 1419 1076 1470 est.
1121 1415 1176 1470 2.
1225 1412 1510 1488 supponit
1535 1412 1711 1470 etiam
1734 1412 1913 1488 gratis
1942 1413 2234 1470 Christum
2260 1418 2393 1488 post
2420 1411 2691 1488 agoniam

285 1490 447 1548 illam
475 1509 648 1566 quam
677 1511 882 1568 passus
910 1491 1078 1550 estin
1107 1492 1274 1550 horto
1303 1493 1526 1550 nullum
1548 1491 1795 1569 amplius
1824 1492 2080 1551 dolorem
2108 1500 2169 1551 et
2194 1491 2371 1550 animi
2393 1490 2688 1568 perturba·

288 1570 506 1630 tionem
534 1573 799 1647 sensisse,
831 1571 1054 1630 nullum
1083 1591 1220 1630 sane
1267 1573 1394 1650 ejus
1439 1573 1671 1650 siguum
1698 1572 1945 1630 dedisse.
2008 1572 2157 1630 Nam
2203 1572 2341 1632 licet
2368 1579 2587 1630 certum
2617 1570 2693 1628 sit
2758 1575 2777 1590 ³

290 1650 582 1711 Christum
609 1671 726 1710 non
755 1672 980 1730 semper
999 1672 1067 1710 eo
1097 1652 1274 1710 animi
1301 1672 1516 1730 angore
1545 1673 1805 1730 pressum
1836 1653 2031 1729 fuisse,
2064 1652 2168 1711 sed
2207 1652 2464 1711 dilucida
2493 1650 2584 1730 (ut
2610 1651 2694 1708 ita

289 1729 504 1811 dicam)
534 1732 813 1792 habuisse
841 1732 1164 1808 intervalla,
1197 1742 1366 1811 prout
1393 1733 1516 1792 scil.
1568 1733 1985 1792 obversabatur
2025 1732 2217 1792 animo
2246 1731 2549 1811 promissio
2580 1731 2691 1788 Pa·

287 1811 392 1869 tris
421 1819 478 1870 et
508 1821 664 1871 certa
691 1832 823 1889 spes
851 1812 1143 1890 victoriae3
1188 1813 1344 1890 quod
1373 1822 1431 1873 et
1451 1813 1653 1872 fideles
1682 1814 1791 1890 ipsi
1824 1813 2202 1891 experiuntur
2220 1833 2337 1871 non
2368 1812 2563 1888 semel,
2593 1811 2693 1888 qui

287 1889 349 1947 in
377 1893 648 1950 maximis
693 1893 812 1952 suis
840 1894 1125 1970 angustiis
1174 1894 1559 1970 querimonias
1602 1913 1737 1952 suas
1784 1895 2029 1952 miscent
2077 1893 2583 1966 consolationibus,
2628 1901 2695 1950 ut

295 1969 451 2030 Psal.
483 1972 692 2032 lxxvii.
723 1981 782 2031 et
809 1972 956 2042 xlii„
987 1981 1046 2030 et
1075 1973 1116 2031 J
1121 1973 1213 2032 ob.
1245 1974 1368 2031 xix.
1403 1977 1494 2048 ll,
1521 1974 1614 2048 25,
1641 1981 1699 2032 et
1726 1974 1825 2031 alii
1854 1974 1925 2032 de
1946 1974 2157 2050 quibus
2174 1973 2430 2050 August.
2450 1974 2512 2030 in
2536 1972 2691 2030 Psal.

287 2071 367 2125 x.,
402 2054 437 2084 “
461 2051 760 2110 Interdum
789 2052 1003 2110 clausis
1033 2053 1144 2109 Dei
1174 2053 1357 2110 oeulis
1385 2061 1728 2110 exercentur
1754 2063 1819 2111 ut
1847 2062 2123 2129 quaerant,
2164 2053 2453 2110 interdum
2481 2052 2695 2128 apertis

295 2130 697 2189 illuminantur
723 2139 788 2188 ut
817 2131 1164 2207 gaudeant.''
1250 2131 1392 2204 Quis
1421 2140 1612 2188 tamen
1640 2131 1825 2188 nescit
1852 2132 1913 2188 in
1940 2151 2109 2190 cruce
2137 2132 2311 2189 etiam
2352 2131 2695 2206 gravissime

287 2211 684 2286 perturbatum
713 2229 840 2268 esse
869 2229 1000 2268 eum
1029 2211 1090 2266 in
1117 2210 1240 2268 haec
1285 2209 1502 2268 flebilia
1549 2210 1799 2287 erumpit
1836 2211 2015 2269 verba
2042 2220 2106 2268 ut
2135 2230 2197 2268 se
2225 2231 2259 2268 a
2289 2211 2416 2268 Deo
2454 2209 2693 2268 derelic-

286 2296 412 2347 tum
439 2299 772 2366 quereretur
791 2292 820 2348 ⁶?
903 2290 1110 2366 Itaque
1131 2289 1355 2349 fortiter
1391 2289 1627 2366 quidem
1656 2300 1715 2350 et
1758 2291 2220 2350 constantissime
2268 2298 2511 2348 mortem
2540 2291 2691 2365 tulit,

289 2369 393 2428 sed
421 2378 616 2428 tamen
643 2389 774 2428 eum
811 2370 1266 2446 exquisitissimo
1307 2371 1446 2429 mali
1488 2391 1679 2446 sensu,
1724 2372 1807 2430 ita
1846 2381 1911 2431 ut
1952 2391 2125 2430 voces
2152 2391 2362 2449 pugnas
2392 2379 2451 2430 et
2478 2369 2695 2430 doloris

288 2470 420 2508 eum
447 2450 690 2508 vocibus
720 2451 1057 2510 constantiae
1086 2459 1146 2510 et
1173 2451 1428 2510 victoriae
1457 2452 1758 2528 permixtas
1786 2471 2012 2529 semper
2038 2452 2267 2526 suerint,
2314 2451 2498 2510 donee
2528 2452 2695 2510 abso·

288 2530 574 2590 lutissimo
603 2530 1015 2610 redemptionis
1044 2532 1202 2610 operi
1231 2533 1338 2591 hac
1367 2533 1643 2611 triumphi
1672 2553 1815 2592 voce
1846 2535 2137 2595 Τιτίλιπιι
2175 2533 2553 2610 colophonem
2588 2533 2693 2590 im-

288 2611 498 2688 posuit.
571 2615 626 2670 3.
672 2613 912 2672 Falsum
932 2613 1106 2672 etiam
1157 2621 1246 2672 est
1289 2614 1444 2690 quod
1493 2615 1713 2689 statuit,
1744 2614 1983 2673 calicem
2030 2634 2134 2691 pro
2162 2614 2331 2690 cujus
2378 2613 2697 2672 remotione

289 2699 408 2750 tam
438 2690 682 2752 sollicite
711 2694 913 2752 orabat
941 2713 1056 2752 non
1083 2693 1260 2752 fuisse
1283 2695 1466 2770 ipsam
1495 2704 1755 2769 mortem,
1788 2695 1891 2752 sed
1918 2702 2141 2752 tantum
2164 2693 2331 2752 istam
2362 2693 2539 2751 animi
2568 2713 2694 2768 per-

291 2772 678 2831 turbationem
707 2793 836 2850 quae
880 2782 1011 2849 post
1061 2774 1473 2850 apparitionem
1505 2772 1727 2850 Angeli
1774 2773 2121 2847 cessaverit3
2166 2792 2299 2829 nam
2349 2774 2697 2830 contrarium

287 2851 473 2927 liquet
499 2872 576 2909 ex
617 2853 757 2910 Joh.
801 2853 964 2911 xviii.
1001 2856 1093 2926 11,
1137 2853 1238 2910 ubi
1277 2853 1539 2911 Christus
1581 2861 1785 2928 eaptus
1822 2860 1975 2910 esset
2016 2872 2051 2908 a
2078 2851 2359 2910 militibus
2400 2861 2459 2909 et
2490 2851 2696 2909 Petrus

289 2931 411 2988 vim
440 2932 624 2989 facere
655 2933 862 3007 vellet3
914 2934 948 2964 “
979 2932 1194 2989 Annon
1241 2931 1474 2989 bibam’'
1519 2933 1724 3008 inquit,
1777 2934 1811 2964 ‘⁴
1830 2931 2067 2988 calicem
2114 2949 2285 3006 quem
2336 2931 2511 2988 Pater
2553 2930 2697 2988 mihi

291 3009 453 3067 dedit
473 3011 533 3066 ?''
565 3011 864 3070 manifeste
902 3011 1149 3068 innuens
1193 3019 1434 3068 mortem
1484 3011 1578 3068 cui
1607 3009 2045 3086 destinabatur3
2094 3009 2173 3067 Et
2220 3029 2357 3068 sane
2406 3029 2510 3067 cur
2534 3019 2698 3069 tanta

289 3088 646 3166 perturbatio
674 3090 929 3148 animum
958 3091 1084 3168 ejus
1113 3089 1386 3148 subiisset
1413 3089 1526 3147 nisi
1555 3089 1631 3148 ad
1658 3090 1806 3148 hanc
1848 3096 2089 3148 mortem
2124 3089 2549 3166 impendentem
2605 3110 2695 3149 re-

291 3168 578 3246 spexisset
596 3172 624 3227 Ρ
667 3170 746 3228 Et
775 3177 993 3228 certum
1023 3179 1112 3228 est
1140 3169 1428 3229 Christum
1460 3178 1693 3246 propter
1731 3177 1972 3228 mortem
1996 3169 2385 3228 imminentem
2416 3169 2694 3249 timuisse,

289 3269 410 3307 non
435 3269 766 3326 corpoream
791 3257 1010 3308 tantum
1040 3250 1145 3310 sed
1173 3249 1527 3326 spiritualem
1554 3249 1837 3327 imprimis
1864 3257 1923 3308 et
1948 3250 2333 3309 maledictam.

373 3329 634 3388 XXIII.
681 3331 829 3405 Quia
857 3350 994 3388 vero
1022 3331 1184 3388 varia
1211 3329 1306 3388 hic
1333 3331 1514 3406 quaeri
1533 3339 1777 3407 possunt
1804 3329 1957 3389 circa
1982 3331 2134 3388 hanc
2163 3330 2378 3389 Christi
2426 3332 2697 3408 agoniam

291 3431 606 3488 precesque
633 3411 707 3470 ab
736 3431 836 3470 eos
865 3409 1038 3485 fusaS,
1070 3411 1234 3488 quasi
1263 3409 1565 3487 indignum
1595 3412 1671 3469 sit
1700 3411 1929 3471 Christo
1962 3411 2059 3470 vel
2086 3412 2334 3470 sensisse
2368 3411 2555 3470 Deum
2584 3413 2695 3470 ira-

291 3501 415 3550 tum
443 3491 825 3566 etinfensum,
871 3491 965 3549 vel
1008 3511 1106 3550 eas
1147 3511 1346 3569 preces
1387 3493 1474 3550 illi
1515 3492 1795 3551 obtulisse
1824 3511 1952 3569 quae
1994 3491 2226 3551 decreto
2270 3492 2453 3569 ipsius
2500 3501 2695 3568 aperte

289 3581 715 3646 repugnarent3
761 3571 1014 3630 breviter
1039 3591 1109 3630 ea
1137 3571 1498 3648 expedienda
1526 3581 1661 3631 sunt
1700 3580 2010 3648 antequam
2038 3572 2113 3630 ad
2155 3573 2269 3630 alia
2318 3581 2693 3631 transeamus,

295 3650 506 3725 Primo,
541 3652 816 3726 quaeritur
837 3651 1126 3728 quomodo
1155 3653 1288 3712 talis
1316 3661 1503 3712 metus
1525 3661 1582 3712 et
1611 3652 1823 3729 agonia
1850 3653 1909 3710 in
1942 3653 2231 3710 Christum
2262 3651 2465 3710 cadere
2494 3660 2693 3728 potue·

293 3730 370 3788 rit
397 3731 496 3807 qui
525 3731 635 3790 fuit
663 3751 888 3809 semper
916 3731 974 3790 in
1021 3733 1208 3808 gratia
1237 3741 1295 3792 et
1323 3753 1515 3792 amore
1567 3732 1775 3805 Patris,
1821 3732 2035 3808 quique
2065 3731 2209 3790 adeo
2238 3731 2445 3790 iratum
2476 3751 2607 3789 eum
2636 3741 2695 3791 et

289 3809 578 3868 insensum
624 3811 736 3870 sibi
763 3813 1013 3890 experiri
1067 3833 1182 3872 non
1235 3812 1424 3890 potuit
1445 3815 1472 3870 ⁶?
1514 3813 1709 3889 Resp.,
1756 3812 2019 3870 Christus
2066 3811 2351 3888 duplicem
2387 3831 2697 3886 personam

293 3889 584 3966 sustinuit,
617 3900 674 3950 et
700 3912 864 3950 suam
906 3903 964 3952 et
993 3909 1260 3966 nostram,
1293 3912 1454 3952 suam
1483 3912 1558 3950 ex
1605 3901 1830 3968 natura,
1876 3899 2129 3950 nostram
2160 3913 2233 3949 ex
2264 3891 2467 3964 officie,
2502 3891 2579 3949 Et
2608 3911 2695 3950 se·

293 3969 545 4028 cundum
574 3972 868 4046 geminum
897 3973 1058 4032 illum
1090 3981 1414 4050 respectum
1441 3973 1631 4050 potuit
1658 3982 1844 4031 metus
1868 3979 1925 4030 et
1944 3971 2159 4030 fiducia
2184 3971 2245 4028 in
2273 3991 2341 4029 eo
2370 3970 2693 4030 locumha-

292 4049 445 4123 bere,
476 4051 666 4127 potuit
693 4051 881 4129 gratia
909 4061 968 4111 et
996 4054 1082 4111 ira
1111 4053 1301 4112 Patris
1319 4072 1458 4128 erga
1487 4053 1675 4128 ipsum
1698 4071 1823 4111 sese
1846 4071 2099 4110 exerere.
2145 4051 2295 4109 Nam
2316 4059 2583 4126 respectu
2604 4053 2693 4111 sui

296 4128 456 4187 Patri
479 4149 706 4208 semper
733 4132 982 4192 dilectus
1009 4133 1119 4192 fuit
1139 4141 1198 4191 et
1219 4133 1600 4209 gratissimus,
1622 4153 1729 4190 nee
1758 4132 1925 4190 aliter
1950 4132 2157 4209 potuit,
2187 4151 2319 4190 cum
2348 4131 2501 4188 enim
2532 4133 2694 4191 Deus

293 4229 410 4266 non
437 4209 718 4270 irascatur
746 4220 1022 4271 creaturae
1051 4213 1164 4271 nisi
1205 4212 1281 4271 ob
1321 4221 1639 4289 peccatum,
1682 4213 1745 4270 in
1775 4210 1927 4270 Filio
1970 4220 2163 4270 autem
2189 4211 2414 4270 nullum
2440 4229 2695 4289 unquam

287 4288 500 4348 viderit
527 4291 623 4350 vel
652 4291 850 4352 videre
889 4293 1089 4370 possit,
1121 4291 1320 4369 utique
1349 4312 1464 4350 non
1491 4293 1683 4369 potuit
1708 4292 1794 4349 illi
1842 4291 2134 4351 ullatenus
2182 4309 2538 4365 succensere,
2591 4293 2695 4352 sed

286 4369 480 4428 anima
506 4371 634 4448 ejus
662 4372 723 4430 in
751 4391 820 4430 eo
850 4373 960 4430 sibi
989 4372 1336 4450 complacuit
1360 4393 1374 4430 :
1421 4372 1538 4430 Sed
1566 4373 1705 4450 quia
1729 4371 1883 4429 idem
1920 4371 2019 4430 ille
2047 4371 2203 4429 filius
2230 4389 2531 4448 personam
2560 4393 2692 4432 nos-

286 4457 436 4508 tram
465 4452 756 4529 suscipere
783 4453 972 4512 voluit
999 4461 1056 4512 et
1085 4460 1450 4531 peccatorum
1480 4462 1701 4517 reatum
1751 4451 2051 4526 sustinere,
2082 4451 2190 4510 sub
2220 4451 2329 4509 hae
2358 4452 2521 4528 exio-u
2548 4453 2695 4512 nihil

287 4531 482 4589 obstat
508 4551 626 4607 quo
653 4533 844 4592 minus
885 4533 1146 4592 dicamus
1193 4533 1382 4591 Deum
1412 4532 1618 4592 iratum
1668 4531 1917 4591 sensisse
1944 4550 2063 4590 non
2112 4531 2239 4606 sibi,
2292 4531 2394 4590 sed
2442 4534 2697 4610 peccatis

284 4612 500 4670 nostris
528 4632 658 4690 quae
685 4613 748 4670 in
777 4634 838 4672 se
864 4623 1175 4692 receperat,
1206 4613 1495 4691 quomodo
1537 4612 1749 4672 dicitur
1775 4611 1981 4693 narde«.
2007 4632 2111 4690 pro
2150 4611 2321 4671 nobis
2348 4612 2533 4673 factus
2556 4635 2571 4690 ς
2616 4614 2699 4673 ita

284 4689 380 4750 hic
410 4692 624 4769 optime
655 4703 1002 4754 concurrunt
1029 4705 1086 4753 et
1115 4713 1276 4753 amor
1316 4702 1376 4751 et
1401 4693 1743 4770 intlignatiO,
1796 4693 1982 4752 Amor
2026 4693 2085 4751 in
2114 4692 2311 4767 filium,
2362 4693 2696 4770 Indignatio
