3234 5192
548 332 677 391 '514
1159 346 1239 413 ns
1268 346 1748 389 sauss-Acmonia
1773 346 2012 389 cumn
2037 346 2358 389 vem-rus.
2579 330 2838 413 [meru-r.
2867 353 2974 397 xv.

560 487 693 550 dem
718 490 783 547 in
806 486 971 566 ligno
998 488 1185 549 crucis
1212 496 1396 547 morte
1422 486 1748 563 maledicta,
1777 508 1852 548 ne
1891 489 2023 567 quis
2063 486 2136 548 de
2171 489 2458 566 gravitate
2485 490 2828 568 injuriarum
2853 510 2975 553 non

557 570 817 642 ferenda,
846 578 911 627 ut
938 568 1063 627 fieri
1088 569 1330 627 nimium
1358 570 1523 644 solet,
1562 578 1963 645 conqueratur.
2046 570 2089 629 J
2091 589 2184 626 arn
2231 588 2374 627 vero
2401 570 2453 629 si
2481 574 2542 627 τὸ
2569 573 2842 651 ἀνήνεγκεν
2869 594 2972 634 ex·

560 650 795 731 ponitur
819 668 923 727 per
950 648 1267 727 simplicem
1294 648 1686 723 remotionem,
1731 648 2107 708 connexionis
2130 648 2294 708 nulla
2319 651 2430 708 erit
2455 651 2620 726 ratio,
2649 654 2748 712 vel
2775 654 2974 713 admo·

563 732 703 791 dum
730 730 958 808 frigida,
990 727 1241 788 Patienti
1268 728 1461 787 animo
1480 728 1624 787 ferte
1645 730 1886 806 injurias
1903 727 2033 804 &e.,
2056 729 2194 807 quia
2223 728 2488 790 Christus
2513 741 2751 809 peecata
2775 742 2976 795 nostra

540 810 844 871 'abstulitz
884 818 945 868 at
990 828 1068 867 ex
1114 808 1400 868 sententia
1444 818 1644 867 nostra
1670 810 2095 887 consequentiae
2138 809 2457 869 necessitas
2497 812 2739 873 evidens
2765 822 2872 890 est,
2907 814 2974 873 si

566 892 829 952 Christus
854 890 993 948 lieet
1018 889 1234 965 insons,
1265 897 1324 947 et
1351 888 1537 948 omnis
1564 890 1790 967 peccati
1813 909 2040 968 expers,
2069 900 2269 949 nostra
2293 890 2358 947 in
2385 910 2448 950 se
2474 901 2714 969 peccata
2737 895 2971 972 recepit,

560 982 621 1033 et
647 970 959 1031 eorundem
986 988 1216 1047 poenam
1240 968 1640 1028 lubentissime
1667 970 1920 1047 pertulit,
1950 988 2142 1028 annon
2189 989 2420 1047 aequum
2445 981 2536 1033 est
2562 972 2736 1032 etiam
2763 992 2870 1033 nos
2897 974 2977 1033 ad

561 1051 723 1113 illius
748 1052 929 1110 instar
952 1049 1197 1127 injurias
1222 1049 1460 1126 quasvis
1488 1056 1549 1107 et
1574 1049 1932 1109 calamitates
1959 1068 2125 1127 aequo
2153 1051 2346 1109 animo
2372 1050 2516 1110 ferre
2535 1054 2566 1110 Ρ
2648 1051 2828 1111 Porro
2855 1073 2976 1111 non

566 1134 691 1193 sine
718 1132 941 1190 ratione
970 1130 1179 1188 Petrus
1198 1147 1315 1187 non
1336 1136 1561 1188 tantum
1580 1127 1789 1207 ἤνεγκεν
1808 1128 1960 1189 dixit
1981 1130 2086 1188 sed
2103 1131 2374 1207 ἀνήνεγκεν
2395 1139 2458 1190 ut
2473 1140 2532 1190 et
2559 1131 2973 1191 exaltationem

567 1211 784 1273 Christi
808 1212 871 1269 in
898 1228 1126 1269 crucem
1152 1216 1380 1268 notaret
1410 1228 1541 1286 quae
1568 1228 1605 1267 a
1646 1208 1876 1268 Christo
1903 1209 2032 1287 ipso
2057 1210 2333 1287 praedicta
2358 1210 2560 1288 fixerat,
2590 1212 2633 1271 J
2634 1212 2730 1269 oh.
2758 1211 2838 1272 iii.
2873 1216 2970 1287 14,

566 1302 627 1353 et
653 1293 755 1351 xii.
786 1294 885 1367 32,
916 1298 977 1350 et
1016 1288 1299 1349 alluderet
1342 1288 1419 1347 ad
1462 1287 1822 1348 sacrificandi
1861 1288 2054 1364 ritum,
2083 1297 2144 1348 et
2170 1290 2248 1348 ad
2272 1290 2540 1349 victimas
2566 1310 2696 1369 quae
2723 1292 2786 1349 in
2812 1312 2970 1351 aram

566 1392 675 1433 ceu
702 1373 892 1433 locum
920 1370 1223 1429 editiorem
1249 1368 1677 1444 attollebantur,
1707 1366 1861 1427 unde
1903 1368 2246 1428 dicebantur
2297 1371 2657 1449 ἀναφέςεσθαι,
2689 1372 2842 1431 Heb.
2869 1372 2970 1431 vii.

566 1458 664 1530 27,
696 1452 835 1529 quia
861 1450 1245 1509 offerebantur
1282 1448 1346 1506 in
1385 1448 1567 1508 altum
1612 1448 1892 1525 sublatoe3
1939 1448 2102 1507 Nihil
2128 1469 2269 1526 ergo
2297 1450 2626 1528 praepositio
2653 1450 2726 1510 de
2753 1452 2816 1510 vi
2841 1470 2968 1511 sen·

562 1534 763 1593 tentiae
792 1530 1058 1603 detrahit,
1090 1530 1206 1587 imo
1232 1528 1425 1605 potius
1446 1528 1668 1605 aliquid
1689 1528 2038 1606 superaddit,
2067 1548 2188 1587 non
2211 1529 2488 1589 lationem
2516 1539 2740 1589 tantum
2767 1550 2968 1608 poenae,

568 1613 672 1672 sed
696 1611 934 1669 modum
960 1609 1135 1668 etiam
1162 1608 1289 1685 ejus
1328 1608 1678 1685 peculiarem
1716 1607 2094 1685 designando,
2124 1608 2280 1685 quod
2308 1618 2367 1667 et
2393 1609 2607 1687 optime
2627 1630 2664 1669 a
2693 1610 2842 1687 Syro
2867 1630 2972 1669 ex·

562 1710 827 1770 pressum
854 1689 957 1766 qui
984 1688 1099 1746 duo
1125 1687 1251 1745 haec
1276 1688 1449 1746 simul
1470 1688 1779 1763 connectit,
1803 1691 1841 1722 ‘⁸
1862 1689 1964 1765 qui
1984 1689 2236 1765 portavit
2255 1696 2314 1747 et
2339 1688 2648 1747 ascendere
2674 1688 2812 1748 fecit
2835 1710 2972 1767 pec·

564 1779 697 1831 cata
720 1768 972 1844 nostra,’'
1000 1767 1081 1825 id.
1110 1767 1193 1825 ita
1217 1766 1502 1843 baJulavit
1541 1775 1782 1844 peccata
1818 1777 2017 1827 nostra
2053 1788 2122 1827 ea
2147 1787 2342 1828 secum
2369 1770 2430 1827 in
2459 1788 2686 1828 erucem
2711 1769 2971 1845 ferend0,

565 1858 633 1911 ut
658 1848 1121 1909 maledictionem
1148 1866 1253 1924 pro
1280 1846 1353 1906 iis
1380 1846 1549 1905 nobis
1576 1846 1834 1906 debitam
1863 1848 2218 1925 sustinendo,
2238 1868 2273 1907 a
2291 1848 2462 1908 nobis
2489 1868 2560 1907 ea
2587 1848 2890 1909 abstulerit
2916 1859 2977 1910 et

556 1929 904 2008 *longissime
928 1926 1257 1986 removerit.

649 2005 873 2069 XXX.
905 2005 1373 2087 Argutanturhic
1381 2024 1487 2084 pro
1506 2025 1667 2065 more
1688 2006 2024 2067 adversarii:
2057 2011 2136 2067 10.
2152 2008 2520 2067 Petrumnon
2537 2028 2706 2068 usum
2722 2007 2973 2086 simplici

562 2092 745 2153 verbo
766 2092 925 2170 φέςιιν
944 2088 1047 2148 sed
1068 2086 1384 2165 composito
1408 2086 1674 2165 ἀναφέςειν
1689 2087 1846 2164 quod
1861 2103 1980 2146 non
1998 2096 2120 2147 tam
2138 2088 2413 2147 lationem
2435 2108 2608 2167 quam
2625 2088 2972 2148 ablationem

568 2172 873 2251 significet,
902 2178 962 2229 et
987 2176 1184 2248 patere
1210 2165 1274 2225 id
1300 2186 1376 2225 ex
1406 2166 1560 2225 Heb.
1589 2167 1672 2224 ix·
1695 2170 1792 2243 28,
1811 2167 1913 2226 ubi
1937 2168 2202 2227 Christus
2223 2168 2437 2228 dieitur
2453 2168 2632 2228 semel
2651 2168 2878 2229 oblatus
2901 2172 2974 2233 εἰς

570 2257 629 2310 τὸ
676 2254 891 2309 πολλῶν
944 2252 1223 2325 ἀνενεγκεῖν
1240 2250 1533 2325 ἁμαρτίας,
1574 2245 1732 2324 quod
1759 2247 1836 2307 V.
1857 2248 1935 2306 V.
1964 2246 2158 2307 reddit
2187 2250 2224 2281 “
2245 2248 2324 2306 ad
2363 2249 2674 2309 multorum
2702 2249 2969 2307 exhauri-

565 2331 719 2391 enda
762 2330 1057 2409 peccata,''
1114 2336 1173 2386 et
1229 2326 1583 2403 Interpretes
1638 2326 1712 2386 de
1765 2326 2056 2387 ablatione
2109 2328 2595 2405 interpretantur3
2649 2333 2730 2387 20.
2773 2328 2972 2387 Verba

567 2410 867 2487 sequentia
892 2426 1009 2465 non
1036 2426 1205 2485 posse
1226 2407 1440 2484 urgeri,
1486 2426 1557 2465 eo
1604 2406 1763 2483 quod
1804 2406 2136 2485 praepositio
2181 2409 2258 2465 In
2305 2426 2381 2465 ex
2427 2408 2662 2467 Hebraei
2689 2408 2970 2466 sermonis

564 2489 915 2569 proprietate
940 2506 1059 2545 non
1096 2485 1256 2545 aliud
1298 2486 1587 2564 significet
1614 2506 1790 2564 quam
1815 2489 1950 2562 Per,
1979 2488 2062 2545 ita
2087 2494 2155 2545 ut
2181 2486 2521 2545 vertendum
2547 2487 2640 2561 sit,
2673 2486 2968 2545 Christum

564 2577 807 2649 peecata
830 2574 1031 2626 nostra
1054 2565 1365 2625 abstulisse
1401 2586 1517 2641 per·
1562 2586 1768 2643 corpus
1813 2586 1981 2626 suum
2029 2584 2202 2642 super
2225 2565 2487 2642 lig-num;
2545 2568 2625 2624 30.
2658 2564 2967 2641 Proprium

566 2649 736 2709 istius
764 2644 1103 2726 gestationis
1129 2646 1303 2704 finem
1330 2646 1521 2705 notari
1546 2646 1609 2704 in
1659 2646 2047 2725 sequentibus,
2087 2645 2245 2703 nimi.
2297 2644 2808 2704 sanctificationem
2840 2646 2878 2679 “
2899 2653 2970 2705 ut

568 2728 781 2799 mortui
804 2735 1044 2807 peccato
1070 2727 1339 2785 vivamus
1358 2726 1665 2804 justitiae‚”
1695 2735 1758 2786 at
1803 2728 1928 2785 hoec
1965 2726 2097 2799 duo,
2126 2744 2327 2802 poenas
2351 2731 2718 2801 peccatorum
2745 2725 2969 2802 persol-

566 2811 741 2885 visse,
772 2818 832 2871 et
856 2828 965 2868 nos
984 2816 1221 2886 peceato
1240 2815 1499 2865 mortuos
1520 2806 1767 2883 justitiae
1785 2804 2237 2881 vivere-debere,
2266 2814 2474 2863 natura
2499 2824 2626 2864 esse
2655 2804 2972 2865 admodum

568 2898 849 2970 separata,
878 2897 938 2949 et
972 2908 1091 2947 non
1132 2887 1247 2947 nisi
1288 2906 1365 2945 ex
1392 2886 1688 2947 accidente
1733 2887 1846 2948 hoc
1873 2887 2032 2946 illius
2059 2904 2414 2963 consequens
2441 2904 2586 2959 esse,
2617 2884 2768 2945 sicut
2795 2905 2872 2943 ex
2899 2904 2971 2944 eo

566 2971 725 3049 quod
752 2972 885 3049 quis
910 2968 1157 3047 alicujus
1199 2966 1397 3027 debita
1442 2966 1698 3041 solverit,
1729 2986 1847 3025 non
1897 2967 2159 3045 sequitur
2181 2966 2378 3025 statim
2405 2984 2537 3024 eum
2563 2964 2716 3023 velle
2744 2964 2968 3023 nullum

568 3072 650 3111 ωε
670 3052 922 3111 alienum
942 3048 1017 3109 ab
1038 3050 1164 3127 ipso
1184 3047 1443 3107 contrahi
1461 3068 1479 3124 ς
1510 3050 1592 3105 40.
1627 3047 1998 3106 Sanationem
2020 3046 2180 3105 illam
2201 3065 2332 3123 quae
2351 3044 2505 3105 facta
2519 3052 2610 3104 est
2627 3064 2731 3122 per
2749 3045 2974 3103 vibices

570 3131 786 3190 Christi
830 3128 1029 3188 referri
1070 3136 1295 3187 tantum
1341 3127 1418 3186 ad
1465 3127 1919 3200 conversionem,
1949 3146 2071 3185 ver.
2102 3128 2198 3201 25,
2245 3128 2281 3159 ‘⁸
2302 3126 2494 3199 nam,''
2523 3126 2713 3201 inquit
2741 3126 2780 3159 “
2795 3126 2970 3183 eratis

568 3210 719 3267 sicut
746 3227 887 3266 oves
913 3215 1187 3283 errantes,
1216 3204 1322 3265 sed
1368 3207 1635 3265 conversi
1672 3206 1813 3265 estis
1841 3205 1918 3264 ad
1959 3206 2312 3284 Episcopum
2340 3214 2399 3265 et
2428 3204 2726 3264 Pastorem
2751 3204 2970 3263 anima-

566 3306 699 3344 rum
740 3294 1064 3345 vestrarum
1087 3286 1144 3342 :”
1194 3286 1389 3361 itaque
1415 3304 1533 3344 non
1580 3286 1867 3363 pertinere
1896 3286 1974 3344 ad
2017 3285 2466 3345 satisfactionem
2492 3285 2566 3344 ab
2593 3285 2721 3363 ipso
2747 3284 2967 3362 praesti-

566 3374 705 3437 tam,
738 3364 841 3424 sed
867 3372 1091 3423 tantum
1118 3363 1196 3422 ad
1222 3366 1571 3441 praeconium
1598 3363 1766 3423 verbi
1793 3364 1867 3423 ab
1895 3384 1965 3424 eo
1993 3364 2340 3425 institutum.

649 3442 910 3504 XXXI.
955 3440 1057 3501 Ad
1081 3446 1185 3501 1²¹²
1213 3442 1409 3520 Resp.,
1441 3444 1680 3502 Dictum
1707 3452 1880 3503 antea
1905 3464 2183 3521 quorsum
2210 3446 2419 3522 Apost.
2446 3443 2627 3503 verbo
2654 3443 2971 3523 composito

566 3527 762 3605 potius
786 3543 963 3602 quam
992 3522 1241 3601 simplici
1258 3542 1401 3582 usus
1421 3522 1609 3597 fuerit,
1641 3542 1758 3581 non
1779 3523 1856 3581 ad
1883 3524 2206 3601 simplicem
2233 3525 2608 3584 remotionem
2635 3523 2968 3599 notandum,

565 3607 726 3685 quod
752 3612 843 3665 est
868 3611 1069 3663 eontra
1110 3610 1373 3661 naturam
1416 3620 1700 3680 usumque
1729 3601 1909 3677 vocis,
1942 3604 2048 3662 sed
2073 3603 2150 3662 ad
2177 3605 2526 3664 oblationem
2555 3603 2968 3663 sacerdotalem

568 3684 1019 3765 designandam3
1046 3700 1235 3760 neque
1262 3681 1611 3742 contrarium
1638 3682 1848 3759 probat
1871 3682 2053 3756 locus,
2086 3683 2242 3741 Heb.
2269 3683 2373 3754 ix„
2401 3684 2519 3741 imo
2539 3683 2708 3743 facile
2735 3684 2969 3742 demon-

564 3776 785 3828 stratur
828 3765 924 3823 hic
960 3764 1135 3824 etiam
1161 3762 1449 3839 propriam
1491 3761 1972 3839 significationem
2012 3761 2236 3820 ferendi
2273 3763 2634 3822 retinendam
2661 3783 2806 3839 esse,
2834 3782 2970 3821 nam

568 3856 789 3909 certum
816 3854 909 3905 est
932 3843 1141 3922 Apost.
1164 3844 1227 3900 in
1252 3841 1371 3901 illis
1397 3841 1594 3900 verbis
1620 3840 1879 3900 conferre
1906 3841 2058 3900 inter
2085 3858 2146 3899 se
2175 3848 2234 3899 et
2261 3860 2550 3918 opponere
2579 3844 2727 3903 duos
2753 3842 2971 3903 adven-

563 3938 664 3989 tus
693 3926 908 3987 Christi
934 3932 994 3985 et
1038 3923 1185 3982 fines
1231 3920 1495 3980 diversos
1520 3921 1852 3996 eonmdem,
1884 3920 1958 3979 In
1981 3920 2169 3998 primo
2195 3919 2409 3979 dicitur
2435 3940 2562 3982 sese
2591 3924 2871 3983 obtulisse
2901 3926 2974 3988 εἰς

570 4014 629 4067 τὸ
678 4008 959 4085 ἀνενεγκεῖν
1000 4004 1277 4081 ἁμαρτίας
1319 4002 1551 4074 πολλῶν,
1590 4001 1652 4059 in
1707 4002 1889 4060 altero
1942 4020 2084 4059 vero
2129 4000 2496 4079 appariturus
2545 4002 2758 4062 dicitur
2801 4007 2973 4081 χωρὶς

566 4092 847 4166 ἁμαρτίας
889 4087 927 4119 “
948 4084 1071 4144 sine
1098 4090 1335 4161 peccato
1362 4080 1423 4138 in
1450 4080 1697 4140 salutem
1734 4080 2175 4158 expectantibus
2202 4081 2452 4159 ipsum.”
2497 4082 2704 4161 Itaque
2733 4104 2808 4143 ex
2835 4102 2971 4161 pos-

562 4170 763 4231 teriori
788 4166 985 4247 phrasi
1012 4163 1085 4223 de
1104 4180 1277 4222 sensu
1301 4160 1509 4239 prioris
1528 4161 1816 4239 judicium
1831 4161 1967 4220 ferri
1984 4161 2157 4221 debet
2177 4161 2464 4239 siquidem
2489 4161 2616 4221 haec
2643 4182 2973 4242 proponun-

566 4258 665 4309 tur
706 4256 980 4327 tanquam
1026 4248 1358 4320 ἀντίστοιχα,
1404 4242 1449 4301 J
1451 4260 1545 4300 am
1591 4261 1730 4301 vero
1777 4260 1906 4301 esse
1936 4246 2106 4321 χωρὶς
2155 4245 2450 4320 ἁμαρτίας.
2491 4244 2698 4320 absque
2735 4252 2975 4319 peccato

562 4328 711 4387 nihil
736 4328 897 4387 aliud
922 4329 1161 4387 innuere
1186 4330 1378 4401 potest
1404 4340 1578 4399 quam
1604 4342 1724 4381 non
1751 4340 1880 4381 esse
1909 4331 2212 4401 gravatum
2229 4330 2331 4382 aut
2347 4331 2644 4382 oneratum
2673 4324 2810 4382 ullis
2837 4342 2976 4401 pee-

562 4407 726 4479 eatis‚
758 4407 861 4465 sed
889 4406 963 4465 ab
990 4408 1065 4465 iis
1092 4406 1345 4464 solutum
1365 4412 1425 4462 et
1450 4402 1782 4463 immunem.
1815 4402 1885 4461 E.
1907 4403 2163 4462 vicissim
2188 4410 2252 4461 ut
2271 4403 2574 4461 antithesis
2599 4412 2828 4463 constet
2852 4404 2974 4481 pri-

564 4502 633 4542 or
658 4484 885 4559 phrasis
912 4486 1086 4544 debet
1128 4484 1403 4543 lationem
1452 4483 1706 4561 aliquam
1747 4484 1972 4562 peccati
1997 4483 2228 4561 proprie
2256 4482 2468 4542 dictam
2497 4482 2820 4560 designare,
2850 4502 2978 4543 non

564 4560 800 4639 quidem
826 4562 1021 4635 quoad
1056 4566 1283 4637 culpam
1324 4582 1363 4619 a
1386 4580 1503 4637 qua
1530 4562 1796 4624 Christus
1823 4580 2049 4640 semper
2091 4563 2362 4621 immunis
2399 4562 2510 4622 fuit
2535 4582 2880 4640 quocunque
2909 4563 2978 4623 in

564 4646 721 4695 statu
746 4636 920 4693 fuerit
944 4640 1119 4696 etiam
1147 4642 1209 4699 in
1234 4638 1427 4698 media
1444 4654 1648 4717 morte,
1667 4642 1772 4703 sed
1789 4642 1984 4718 quoad
2003 4650 2224 4700 reatum
2253 4648 2311 4700 et
2327 4660 2562 4719 pamm
2585 4662 2717 4721 quoe
2745 4642 2834 4701 illi
2859 4643 2976 4703 im—
