3234 5192
562 310 677 375 706
1090 328 1169 369 ns·
1198 326 1676 369 sAr1suc‘r1oms
1705 324 1940 367 cnars‘n
1969 324 2392 367 rrarrc‘nona.
2497 302 2760 388 [ursrur.
2789 324 2972 367 xxm.

558 467 911 547 posterioris,
940 470 1077 547 quia
1104 468 1362 528 vindicta
1389 487 1563 546 quam
1590 468 1664 527 de
1693 488 1756 527 se
1801 467 1975 527 sumit
2011 476 2279 546 peccator
2326 487 2396 526 eo
2421 466 2656 545 quidem
2683 466 2874 526 tendit
2899 475 2968 527 ut
3050 497 3058 505 —

560 548 838 608 acerrimo
866 549 1064 609 dolore
1086 557 1360 628 tanquam
1380 549 1499 607 acri
1528 549 1762 608 stimulo
1789 547 2100 625 instigetur
2118 548 2194 607 ad
2215 547 2664 626 resipiscentiam
2685 555 2744 607 et
2771 566 2966 606 emen·

559 628 870 705 dationem,
900 637 961 690 et
1000 638 1068 689 ut
1092 628 1389 689 ardentius
1414 628 1867 688 misericordiam
1895 628 2008 687 Dei
2055 627 2339 705 imploret,
2372 626 2476 686 sed
2519 646 2639 685 non
2685 646 2756 686 eo
2781 628 2966 705 respi-

560 709 642 768 cit
666 716 734 767 ut
762 708 875 767 Dei
895 709 1139 787 justitiae
1167 729 1271 787 per
1294 728 1525 787 poenam
1568 708 1899 781 satisfaciat,
1930 707 2090 784 quod
2135 728 2242 767 nec
2285 706 2561 785 possibile
2588 714 2679 766 est
2723 707 2963 783 homini,

560 808 667 849 nec
694 790 1081 849 necessarium
1130 797 1263 867 post
1304 788 1623 867 praestitam
1670 807 1707 846 a
1753 787 1982 846 Christo
2027 785 2490 847 satisfactionem
2515 808 2529 847 ε
2575 786 2775 846 Fuerit
2821 806 2968 865 ergo

548 888 742 947 poena,
768 868 818 927 si
834 870 943 945 vis,
967 870 1312 928 contritionis
1333 887 1449 946 qua
1468 874 1738 945 peccator
1755 866 1818 924 in
1845 866 2035 943 seipso
2051 867 2217 943 punit
2245 874 2305 925 et
2329 866 2638 926 mortificat
2663 875 2964 945 peccatum

560 968 746 1025 suum,
776 956 837 1007 et
883 948 1241 1027 penitissimo
1268 946 1466 1006 dolore
1509 947 1694 1005 veluti
1735 944 1984 1025 perfodit
2029 955 2088 1006 et
2115 946 2419 1024 crucifigit,
2457 966 2575 1006 non
2617 947 2966 1025 repugnabi-

558 1048 727 1105 mus;
776 1028 893 1089 Sed
934 1048 1053 1087 non
1104 1046 1279 1107 poena
1323 1026 1735 1101 Sattbfactionss
1785 1045 1918 1104 quae
1961 1046 1998 1085 a
2026 1025 2152 1086 Deo
2180 1027 2224 1087 J
2227 1026 2394 1086 udice
2447 1026 2524 1087 ad
2547 1026 2830 1086 ultionem
2873 1027 2968 1085 in-

546 1109 793 1168 ·feratur.

644 1186 867 1248 XXX.
912 1185 1194 1265 Ejusdem
1222 1192 1312 1245 est
1338 1184 1641 1244 commatis
1669 1184 1920 1263 objectio
1963 1204 2094 1261 quae
2128 1184 2346 1263 petitur
2391 1204 2468 1244 ex
2495 1184 2610 1243 alio
2639 1184 2809 1243 Pauli
2833 1186 2968 1245 loco

564 1267 596 1327 1
630 1268 759 1329 Cor.
788 1268 871 1327 ix.
902 1270 998 1344 27,
1028 1266 1090 1325 in
1118 1284 1233 1344 quo
1260 1264 1403 1324 dicit
1425 1284 1487 1325 se
1519 1266 1557 1299 ‘⁶
1574 1264 1861 1343 castigare
1897 1283 2106 1343 corpus
2134 1284 2300 1324 suum
2331 1273 2389 1324 et
2415 1265 2476 1323 in
2507 1266 2843 1324 servitutem
2873 1284 2963 1324 re-

560 1348 778 1426 digere,
807 1367 882 1407 ne
909 1347 1073 1425 forte,
1106 1366 1237 1407 cum
1266 1345 1395 1405 aliis
1412 1344 1756 1423 praedicarit,
1780 1344 1904 1422 ipse
1925 1344 2203 1423 reprobus
2224 1344 2562 1405 efficiatur.'’
2606 1344 2756 1403 Nam
2783 1346 2968 1405 verba

558 1427 688 1507 ipsa
716 1427 989 1507 Apostoli
1016 1428 1157 1487 satis
1184 1426 1432 1485 innuunt
1477 1426 1635 1484 hunc
1660 1424 1916 1484 laborem
1955 1444 2120 1486 suum
2167 1434 2226 1485 et
2265 1424 2603 1485 exercitium
2649 1424 2962 1503 qualecun-

560 1528 675 1586 que
702 1508 876 1568 fuerit
902 1507 978 1566 ad
1004 1506 1261 1567 futurum
1287 1505 1633 1583 respexisse,
1678 1524 1797 1563 non
1823 1504 1900 1563 ad
1927 1504 2295 1583 preteritum,
2323 1513 2500 1582 atque
2547 1503 2693 1564 adeo
2735 1505 2972 1565 nonnisi

558 1606 860 1666 perperam
887 1587 961 1646 ad
988 1606 1220 1665 poenam
1267 1594 1327 1645 et
1354 1584 1804 1645 satisfactionem
1849 1584 2064 1643 referri.
2109 1584 2182 1642 In
2225 1604 2296 1645 eo
2323 1591 2515 1643 autem
2558 1585 2688 1644 loeo
2717 1584 2966 1645 Paulum

557 1666 805 1745 figurate
832 1666 995 1743 loqui
1021 1667 1240 1725 clarum
1268 1674 1373 1742 est,
1406 1673 1464 1724 et
1489 1664 1551 1722 in
1600 1663 1976 1723 similitudine
2019 1672 2190 1722 antea
2233 1664 2422 1741 posita
2466 1672 2526 1723 et
2563 1664 2638 1723 ab
2678 1665 2968 1743 agonibus

556 1747 741 1823 petita
766 1748 1007 1824 quitum
1024 1745 1087 1803 in
1108 1746 1337 1807 Graecia
1362 1744 1650 1803 notissimi
1669 1751 1850 1817 erant,
1870 1742 1944 1801 ad
1963 1741 2401 1803 describendum
2423 1742 2776 1803 indefessum
2798 1764 2970 1805 suum

557 1826 620 1885 in
647 1825 951 1885 vocatione
979 1842 1085 1884 sua
1111 1823 1367 1883 studium
1392 1841 1652 1901 pergere.
1717 1822 1864 1881 Nam
1893 1831 2198 1900 postquam
2227 1822 2395 1900 dixit,
2425 1842 2547 1883 ver.
2577 1826 2673 1900 25,
2709 1826 2745 1858 ‘⁶
2763 1824 2972 1885 Omnis

556 1905 657 1982 qui
685 1905 747 1963 in
774 1924 960 1983 agone
988 1903 1283 1964 contendit
1310 1903 1384 1962 ab
1412 1901 1680 1961 omnibus
1705 1908 1797 1960 est
1831 1903 2149 1979 continens,
2181 1911 2240 1963 et
2267 1902 2354 1961 illi
2381 1903 2614 1981 quidem
2641 1912 2708 1964 ut
2735 1924 2970 1983 corrup-

556 1986 781 2045 tibilem
809 2004 1079 2045 coronam
1122 1984 1422 2061 accipiant,
1454 2000 1561 2041 nos
1605 1990 1800 2041 autem
1825 1982 2272 2061 incorruptam,'’
2299 1982 2488 2043 Addit
2529 1983 2643 2043 sibi
2669 1986 2970 2062 applicans

560 2075 621 2126 et
648 2086 753 2126 suo
782 2066 1049 2144 exemplo
1076 2064 1221 2125 alios
1248 2064 1529 2137 excitans,
1564 2064 1601 2098 ‘⁸
1625 2062 1758 2141 Ego
1783 2063 1966 2142 igitur
2011 2063 2096 2123 sic
2123 2083 2289 2123 curro
2331 2082 2452 2124 non
2478 2063 2644 2143 quasi
2691 2064 2752 2122 in
2781 2066 2969 2124 incer-

558 2156 701 2224 tum,
734 2148 816 2207 sic
859 2166 1058 2225 pugno
1083 2166 1203 2205 non
1248 2145 1415 2224 quasi
1442 2151 1636 2204 aerem
1682 2143 2013 2221 verberans,
2038 2144 2141 2204 sed
2183 2144 2407 2223 castigo
2437 2164 2644 2222 corpus
2691 2164 2883 2204 meum
2905 2154 2968 2205 et

558 2227 621 2286 in
650 2228 988 2287 servitutem
1015 2226 1271 2304 redigo.’‘
1315 2225 1574 2302 Exponit
1594 2223 1820 2283 scilicet
1845 2224 2172 2283 certaminis
2201 2226 2291 2285 sui
2317 2225 2552 2285 modum
2580 2233 2640 2284 et
2665 2225 2967 2301 rationem,

562 2308 637 2367 ad
678 2306 1114 2366 similitudinem
1142 2312 1403 2363 veterum
1444 2303 1811 2362 athletarum.
1897 2304 2046 2362 Nam
2063 2311 2130 2363 ut
2148 2305 2250 2381 qui
2277 2305 2598 2379 currebant,
2628 2306 2878 2382 palmam
2907 2316 2972 2365 et
3025 2358 3034 2363 -

558 2394 771 2444 metam
800 2392 1024 2461 semper
1049 2402 1167 2460 prae
1196 2382 1379 2439 oculis
1422 2380 1716 2439 habebant
1757 2400 1832 2438 ne
1875 2401 1912 2439 a
1937 2390 2094 2441 recto
2137 2384 2368 2441 tramite
2409 2404 2665 2459 unquam
2711 2384 2970 2444 declina·

557 2472 703 2539 rent,
734 2470 795 2521 et
821 2462 897 2520 ad
924 2480 1055 2520 eum
1084 2460 1417 2518 continuato
1445 2466 1504 2516 et
1530 2457 1821 2516 indefesso
1843 2478 2016 2519 cursu
2043 2460 2411 2537 ferebantur3
2457 2462 2551 2520 Ita
2573 2463 2684 2521 Vir
2705 2464 2817 2522 Dei
2845 2482 2968 2524 non

558 2542 737 2602 currit
763 2541 823 2600 in
850 2541 1149 2613 incertum,
1180 2536 1285 2597 sed
1311 2535 1529 2595 relictis
1554 2535 1825 2595 omnibus
1851 2536 1924 2595 iis
1965 2556 2093 2615 quae
2123 2546 2258 2597 sunt
2283 2558 2320 2597 a
2345 2546 2529 2616 tergo,
2561 2542 2860 2601 contendit
2885 2545 2970 2603 ad

560 2621 833 2681 interiora
860 2618 935 2679 ad
984 2636 1220 2696 scopum
1248 2623 1306 2677 et
1351 2615 1616 2675 brabium
1663 2614 1914 2675 coelestis
1956 2616 2276 2676 vocationis
2323 2618 2654 2695 respiciens,
2697 2620 2846 2677 Phil.
2876 2622 2965 2682 iii.

563 2702 656 2780 13,
691 2703 785 2761 14.
830 2700 916 2761 Ut
942 2700 1029 2759 illi
1094 2698 1284 2776 ugiles
1314 2696 1534 2756 scilieet
1558 2714 1678 2755 non
1705 2695 1766 2753 in
1793 2698 1978 2755 aerem
2005 2697 2312 2773 incassum,
2346 2698 2448 2757 sed
2493 2698 2665 2757 certis
2693 2706 2752 2758 et
2778 2698 2964 2759 desti-

558 2782 713 2842 natis
748 2781 960 2843 ictibus
1000 2799 1034 2838 a
1080 2778 1395 2839 versarium
1424 2776 1594 2836 ferire
1624 2776 1993 2854 conabantur,
2025 2784 2084 2837 et
2103 2786 2169 2837 ut
2195 2786 2433 2856 possent
2457 2778 2666 2838 melius
2685 2779 2798 2838 hoc
2823 2798 2969 2840 exe-

560 2863 678 2941 qui,
710 2880 920 2941 corpus
948 2860 1211 2921 solebant
1237 2858 1299 2917 in
1327 2857 1664 2917 servitutem
1691 2856 1972 2935 redigere,
1992 2876 2108 2917 non
2135 2858 2388 2917 molliter
2405 2866 2466 2918 et
2491 2878 2567 2918 ex
2591 2878 2696 2918 sua
2719 2858 2967 2921 libidine

557 2944 865 3022 quibusvis
886 2941 1031 3002 cibis
1048 2939 1279 3016 utendo,
1311 2938 1414 2998 sed
1430 2936 1721 2997 difficilem
1742 2944 1802 2996 et
1821 2938 2023 2997 duram
2051 2936 2290 2999 vivendi
2311 2939 2590 2999 rationem
2609 2940 2786 3017 juxta
2799 2940 2966 3017 leges

561 3024 955 3103 gymnasticas
984 3021 1257 3081 sectando
1280 3042 1295 3097 ;
1340 3019 1436 3077 Ita
1464 3018 1683 3077 Paulus
1709 3025 1956 3078 testatur
1981 3038 2043 3079 se
2071 3019 2131 3077 in
2173 3020 2286 3078 hoc
2313 3020 2624 3079 certamine
2654 3038 2778 3079 sese
2805 3038 2934 3079 com
2947 3054 2964 3067 ·

559 3124 779 3181 parare,
810 3110 877 3162 ut
902 3122 1019 3160 non
1067 3101 1357 3160 incassum
1399 3097 1640 3173 laboret,
1686 3106 1743 3157 et
1790 3106 2065 3176 tanquam
2100 3098 2458 3159 ludibundus
2493 3100 2660 3178 pugil
2685 3100 2747 3159 in
2765 3120 2966 3178 pugna

559 3181 857 3241 umbratili
923 3180 1079 3239 ladio
1108 3188 1299 3240 aerem
1320 3178 1602 3253 verberet,
1635 3177 1738 3237 sed
1765 3185 1832 3237 ut
1858 3180 2031 3239 certis
2057 3180 2268 3240 ictibus
2295 3180 2690 3240 adversarium
2719 3190 2964 3240 contun-

560 3260 661 3319 dat
688 3268 747 3319 et
774 3200 1103 3334 conffodiat3
1150 3262 1186 3293 “
1212 3257 1417 3332 Ideo,”
1444 3256 1652 3335 inquit,
1687 3260 1724 3292 “
1743 3278 1951 3335 corpus
1977 3280 2166 3319 meum
2197 3260 2422 3335 castigo
2449 3268 2508 3319 et
2535 3260 2596 3318 in
2624 3260 2963 3319 servitutem

558 3338 821 3416 redigo.''
869 3336 1217 3413 ’Υπωπ-ιόζω,
1250 3335 1405 3413 quod
1436 3336 1594 3395 V.V.
1625 3338 1802 3396 vertit
1827 3340 2123 3415 castiyare,
2152 3340 2382 3418 proprie
2417 3340 2688 3399 dicuntur
2753 3339 2960 3417 ugiles,

560 3438 690 3478 cum
718 3416 933 3496 pugnis
953 3425 1052 3476 aut
1080 3416 1351 3475 caestibus
1378 3415 1802 3491 antagonistam
1829 3416 2162 3477 obtundunt
2187 3427 2247 3478 et
2273 3419 2594 3494 vulnerant,
2625 3360 2778 3478 unge
2825 3420 2962 3479 ὑπό·

559 3524 660 3559 aem
679 3498 921 3557 vulnera
948 3504 1083 3556 sunt
1110 3516 1186 3556 ex
1212 3494 1549 3555 contusione
1592 3502 1828 3571 accepta
1855 3496 2068 3570 quibus
2111 3496 2286 3558 facies
2319 3498 2654 3576 praesertim,
2684 3498 2784 3558 vel
2830 3500 2960 3559 aliae

560 3579 817 3658 corporis
843 3584 1036 3655 partes
1062 3576 1267 3636 luridae
1292 3573 1612 3633 redduntur
1627 3592 1705 3632 ex
1731 3574 1976 3633 collecto
1996 3575 2070 3634 ad
2100 3577 2277 3636 cutim
2301 3578 2598 3655 sanguine.
2647 3579 2744 3638 Sic
2772 3576 2960 3640 δουλε-

558 3665 739 3734 γαιγιῒν
764 3662 913 3735 σῧμ
940 3664 1029 3718 est
1054 3656 1203 3717 illud
1223 3654 1443 3715 duriter
1466 3652 1678 3711 habere
1705 3653 1950 3715 molesta
1969 3662 2029 3715 et
2053 3654 2275 3715 difficili
2294 3658 2534 3716 vivendi
2549 3658 2770 3719 ratione
2786 3680 2958 3737 quam

559 3742 860 3801 instituere
886 3738 1233 3798 tenebantur
1258 3732 1584 3794 necessario
1605 3733 1706 3811 qui
1742 3733 1819 3793 ad
1845 3743 2136 3796 certamen
2180 3756 2240 3795 se
2285 3736 2582 3813 parabant,
2615 3739 2786 3799 certis
2813 3739 2962 3801 cibis

556 3822 845 3900 rebusque
868 3817 1209 3878 abstinendo
1237 3833 1366 3892 quae
1394 3832 1603 3891 corpus
1630 3812 1895 3893 frangere
1922 3823 1982 3875 et
2014 3816 2090 3875 ad
2115 3816 2418 3875 mollitiem
2455 3836 2818 3897 corrumpere
2857 3840 2963 3898 po—

556 3910 768 3963 terant.
840 3898 1021 3958 Porro
1047 3916 1151 3977 per
1180 3897 1405 3973 Corpus
1440 3912 1559 3953 non
1593 3892 1870 3972 intelligit
1898 3895 2106 3975 Apost.
2141 3916 2367 3956 carnem
2419 3916 2583 3957 suam
2631 3898 2799 3975 quasi
2833 3918 2962 3959 eam

554 3982 698 4043 loris
726 3987 827 4041 aut
852 3978 1099 4058 flagellis
1134 3979 1413 4037 laceraret
1458 3981 1559 4032 aut
1602 3974 1974 4036 chamaeuniis
2015 3985 2374 4054 marceraret,
2408 3976 2593 4058 (quod
2620 3977 2968 4039 Adversarii

558 4083 635 4122 ex
661 4065 773 4123 hoc
799 4061 928 4119 loco
956 4058 1059 4119 sed
1086 4057 1327 4118 ridicule
1354 4054 1561 4115 elicere
1590 4054 1962 4135 contendunt,
1993 4058 2280 4135 siquidem
2327 4076 2444 4117 non
2491 4059 2680 4137 magis
2707 4060 2956 4137 castiga-

554 4144 639 4203 tio
668 4144 780 4203 ista
796 4140 1033 4219 -proprie
1059 4147 1149 4200 est
1174 4133 1569 4214 intelligenda,
1600 4152 1774 4210 quam
1812 4154 2014 4197 cursus
2041 4146 2101 4197 et
2125 4156 2325 4215 pugna
2351 4136 2424 4197 de
2451 4155 2568 4214 qua
2592 4139 2954 4216 loquebatur,

555 4242 730 4301 quam
756 4219 1204 4298 metaphoricam
1231 4236 1359 4278 esse
1386 4232 1556 4274 nemo
1582 4232 1702 4272 non
1727 4212 1936 4297 videt)
1981 4216 2083 4277 sed
2105 4224 2268 4276 notat
2311 4216 2588 4295 quicquid
2615 4228 2738 4279 erat
2765 4220 2958 4279 carnis

554 4310 615 4361 et
641 4301 856 4362 veteris
880 4299 1131 4360 hominis
1174 4298 1235 4357 in
1278 4298 1405 4376 ipso
1448 4293 1753 4372 reliquum,
1799 4296 1957 4373 quod
2005 4297 2145 4357 alibi
2181 4306 2355 4357 vocat
2383 4300 2420 4333 ‘⁴
2437 4317 2646 4376 corpus
2673 4300 2956 4377 peccati,’'

554 4380 724 4440 Rom.
754 4380 834 4438 vi.
858 4382 914 4440 6.
988 4380 1081 4439 Ita
1108 4379 1413 4457 designare
1458 4372 1646 4433 voluit
1672 4392 1790 4433 non
1809 4376 1984 4435 modo
2010 4376 2404 4437 fraenationem
2433 4378 2749 4438 carnalium
2776 4378 2950 4439 affec-

552 4468 735 4533 tuum,
767 4459 870 4517 sed
912 4459 1091 4519 totius
1139 4459 1327 4519 carnis
1370 4453 1886 4531 mortificationem,
1917 4457 2324 4519 abstinentiam
2351 4478 2384 4517 a
2414 4458 2665 4535 crapula,
2697 4468 2758 4519 et
2797 4459 2958 4518 omni

551 4536 856 4598 libidinum
887 4556 1114 4615 genere,
1144 4538 1393 4615 denique
1422 4535 1760 4615 quatumvis
1786 4535 2158 4598 afflictionum
2187 4538 2566 4597 tolerantiam.

634 4614 892 4673 XXXI.
938 4614 1070 4674 Hoc
1116 4626 1287 4694 pacto
1334 4636 1451 4675 non
1499 4614 1894 4676 satisfaciebat
1936 4618 2066 4676 Deo
2115 4618 2350 4695 Paulus,
2402 4618 2504 4679 sed
2531 4636 2760 4677 carnem
2789 4636 2956 4676 suam
