3234 5192
340 374 571 417 msru'r.
600 353 739 435 v11.]
1066 371 1296 414 nosraA
1327 374 1407 413 An
1434 374 1720 415 sccnnsu
1749 374 2019 415 somus.
2641 360 2754 418 155

346 516 539 577 Graeci
586 515 977 593 imperatores,
1030 513 1130 592 qui
1176 514 1425 573 Romam
1472 535 1605 574 cum
1650 516 1874 593 reliqua
1929 516 2102 575 Italia
2157 516 2428 575 Belisarii
2490 517 2756 595 primum,

345 596 555 655 deinde
598 594 863 654 Narsetis
904 614 1094 671 opera,
1140 615 1173 653 e
1217 594 1541 655 Gothorum
1584 595 1852 655 manibus
1879 605 2306 674 recuperarunt,
2337 598 2456 656 illis
2483 618 2560 655 ex
2591 599 2762 657 Italia

342 676 601 753 expulsis
628 696 780 734 anno
810 678 945 751 552,
976 675 1253 752 quicquid
1286 675 1437 751 juris
1477 676 1803 736 habuerunt
1843 676 1904 735 in
1946 676 2120 735 Italia
2146 684 2204 736 et
2234 678 2436 752 Roma,
2471 678 2760 755 Paparum

342 758 563 817 artibus
616 756 949 829 amiserunt,
1002 774 1061 813 A.
1112 773 1164 815 c.
1224 759 1359 831 727,
1407 754 1509 832 qui
1554 756 1720 815 varia
1764 760 2033 833 ιξιυμιται
2077 758 2518 834 imperatoribus
2563 766 2758 817 extor-

342 837 589 915 quendO,
634 846 693 896 et
732 836 965 895 titulum
1010 834 1385 895 oecumenici
1426 836 1726 895 Pontificis
1766 857 1803 896 a
1845 838 2043 897 Phoca
2075 837 2364 915 parricida
2389 837 2624 897 tandem
2651 838 2760 897 im·

340 926 627 996 petratum
654 914 1003 993 usurpand0‚
1034 924 1095 974 et
1122 934 1411 975 summum
1450 916 1513 973 in
1556 917 1822 977 Ecclesia
1847 918 2156 995 primatum
2185 918 2296 977 sibi
2323 918 2664 995 arrogandO,
2695 918 2760 977 in

342 998 641 1057 occidente
682 995 1049 1074 tyrannidem
1118 1016 1283 1054 suam
1338 1005 1738 1073 exercuerunt,
1795 1006 1856 1056 et
1911 1006 2215 1068 auxerunt,
2273 999 2600 1057 successive
2655 1018 2760 1076 per

340 1079 533 1137 varios
562 1076 778 1155 gradus
804 1076 881 1135 ad
908 1095 1189 1153 supremas
1216 1076 1375 1135 illius
1402 1076 1722 1154 potestatis,
1753 1077 1910 1155 quod
1937 1078 2250 1137 etiamnum
2277 1078 2450 1138 hodie
2479 1077 2760 1150 obtinent,

344 1159 573 1217 culmen
602 1158 851 1235 grassati
878 1164 1031 1216 sunt.

428 1238 574 1297 XV.
620 1238 741 1297 Nec
770 1236 923 1295 enim
950 1236 1289 1313 mysterium
1318 1236 1429 1294 hoc
1458 1236 1631 1295 simul
1659 1244 1717 1296 et
1745 1238 1926 1297 semel
1951 1238 2122 1297 unico
2150 1237 2426 1315 temporis
2465 1246 2758 1298 momento

346 1319 445 1377 vel
470 1317 669 1395 perfici
696 1316 901 1394 potuit,
932 1316 1029 1375 vel
1068 1315 1271 1375 debuit
1312 1316 1577 1391 revelari,
1623 1317 1728 1375 sed
1773 1317 2050 1394 paulatim
2089 1326 2148 1377 et
2189 1318 2534 1391 successive,
2577 1318 2661 1378 ita
2695 1326 2762 1379 ut

346 1399 459 1458 sub
499 1397 679 1457 variis
718 1396 994 1474 gradibus
1036 1394 1463 1455 Antichristum
1491 1396 1587 1455 hic
1614 1405 1876 1474 spectare
1903 1398 2209 1473 possimus.
2295 1397 2409 1455 Vel
2437 1406 2503 1457 ut
2531 1418 2760 1475 concep-

350 1487 467 1537 tum
495 1486 734 1551 tantum,
758 1478 881 1554 jam
911 1477 983 1536 ab
1012 1476 1431 1554 Apostolorum
1472 1483 1730 1553 tempore
1757 1497 1874 1554 quo
1901 1476 2238 1553 mysterium
2269 1477 2592 1553 iniquitatis
2619 1478 2762 1537 inci-

346 1558 547 1637 piebat
592 1558 847 1635 operari3
895 1556 1109 1616 Satana
1157 1556 1213 1615 ei
1259 1555 1633 1633 praeludente,
1685 1564 1810 1615 tum
1853 1557 2198 1617 Neronianis
2245 1558 2762 1635 persecutionibus,

344 1650 469 1699 tum
498 1637 761 1716 pluribus
788 1638 1105 1696 haeresibus
1145 1656 1182 1695 a
1220 1636 1385 1695 falsis
1426 1636 1760 1697 doctoribus
1801 1638 2088 1713 excitatis,
2131 1646 2256 1697 tum
2297 1638 2764 1698 contentionibus

342 1719 523 1777 variis
541 1718 1021 1779 subnascentibus
1048 1718 1109 1779 in
1132 1716 1399 1777 Ecclesia
1424 1736 1527 1793 per
1552 1730 2024 1798 ‹piamentum-taz,
2045 1718 2234 1795 qualis
2263 1726 2387 1777 erat
2415 1718 2764 1796 Diotrephes

344 1800 655 1877 primatum
692 1798 969 1873 ambiens,
1002 1800 1038 1857 3
1068 1796 1111 1859 J
1116 1798 1208 1857 oh.
1239 1800 1293 1856 9.
1400 1796 1515 1855 Vel
1556 1807 1622 1857 ut
1661 1808 1975 1857 nascentem
2003 1806 2061 1857 et
2087 1800 2408 1873 revelatum,
2453 1798 2555 1875 qui
2603 1799 2764 1859 exeri

348 1879 525 1957 coepit
552 1880 705 1937 circa
732 1898 825 1936 an.
856 1880 991 1951 606,
1022 1878 1083 1935 in
1112 1876 1417 1937 Bonifacio
1458 1877 1599 1952 ΙΙΙ.,
1631 1879 1734 1955 qui
1760 1898 1796 1937 a
1825 1879 2022 1937 Phoca
2051 1878 2412 1955 Caesaricida,
2441 1897 2561 1937 non
2589 1879 2762 1939 modo

349 1957 717 2019 Oscumcnici
736 1957 1083 2016 Patriarchae
1100 1957 1333 2017 titulum
1351 1976 1524 2033 quem
1544 1958 1854 2018 Mauritius
1873 1957 2508 2035 Constantinopolitano
2529 1978 2763 2019 conces-

346 2047 515 2115 serat,
536 2038 803 2112 obtinuit,
828 2038 933 2096 sed
954 2038 1127 2096 etiam
1146 2046 1214 2097 ut
1234 2036 1401 2095 sedes
1420 2038 1684 2097 Romana
1701 2039 1956 2097 omnium
1975 2038 2366 2097 Ecclesiarum
2395 2048 2570 2116 caput
2589 2047 2760 2115 esset,

347 2129 521 2197 atque
562 2118 645 2177 ita
678 2118 1033 2195 spiritualem
1074 2116 1465 2176 monarchiam
1491 2117 1727 2177 invasit.
1833 2119 1948 2177 Vel
1974 2126 2040 2177 ut
2067 2128 2396 2177 crescentem
2423 2128 2482 2176 et
2508 2120 2764 2177 adultum

342 2201 467 2277 jam
488 2200 721 2273 factum,
746 2217 782 2255 a
804 2196 1107 2256 Bonifacio
1130 2197 1251 2255 ΙΙΙ.
1272 2216 1457 2275 usque
1478 2196 1555 2255 ad
1577 2197 1958 2257 Benedictum
1981 2197 2101 2257 IX.
2125 2198 2221 2257 vel
2244 2198 2593 2275 Gregorium
2615 2199 2764 2258 VII.

348 2281 499 2339 circa
520 2279 779 2339 seculum
798 2276 1101 2353 decimum,
1128 2278 1227 2354 qui
1254 2278 1646 2336 monarchiam
1667 2279 2040 2356 temporalem
2060 2278 2174 2337 sibi
2199 2278 2512 2355 arrogavit.
2561 2277 2680 2337 Vel
2697 2287 2763 2339 ut

333 2363 637 2439 florentem
664 2367 723 2417 et
750 2381 793 2417 u
819 2382 963 2439 αρε,
994 2359 1057 2415 in
1096 2357 1405 2417 teterrimis
1448 2358 1704 2435 Papatus
1745 2359 1999 2417 tenebris
2027 2379 2062 2417 a
2089 2358 2377 2435 Gregorio
2403 2358 2550 2417 VII.
2579 2378 2764 2436 usque

348 2441 423 2499 ad
452 2439 693 2499 Lutheri
724 2438 1229 2497 Reformationem.
1314 2437 1431 2496 Vel
1470 2462 1513 2497 ιν
1554 2464 1802 2521 raguenus
1835 2447 1901 2498 ut
1941 2442 2338 2498 decrescentem
2380 2447 2438 2499 et
2478 2441 2764 2499 cadentem

346 2522 420 2579 ab
462 2520 565 2581 illo
604 2528 881 2597 tempore,
927 2538 1041 2596 quo
1081 2518 1210 2576 visa
1251 2526 1385 2577 sunt
1424 2519 1551 2596 ejus
1578 2519 1952 2579 fundamenta
1978 2520 2256 2598 paulatim
2285 2518 2486 2579 subrui
2511 2538 2760 2597 evange-

346 2600 473 2660 licae
515 2600 671 2661 tubae
714 2598 923 2674 sonitu,
968 2598 1151 2657 donec
1199 2598 1429 2676 penitus
1474 2600 1812 2660 conficiatur
1853 2601 1914 2657 in
1961 2599 2174 2659 illustri
2224 2600 2439 2658 Christi
2486 2599 2762 2659 adventu.

350 2682 497 2741 Duae
545 2680 699 2740 enim
747 2681 875 2739 istae
922 2678 1147 2757 periodi
1192 2686 1465 2738 notantur
1512 2680 1922 2739 destructionis
1969 2681 2096 2756 ejus
2144 2700 2179 2738 a
2223 2679 2442 2757 Spiritu
2487 2680 2548 2737 S.
2596 2679 2764 2739 Prior

344 2762 617 2820 inchoata
656 2780 759 2839 per
798 2760 1077 2835 Spiritum
1114 2758 1231 2817 oris
1274 2758 1499 2835 Christi,
1543 2760 1606 2817 id
1647 2770 1752 2835 est,
1791 2780 1893 2837 per
1931 2760 2175 2819 verbum
2203 2758 2510 2836 evangelii,
2542 2759 2700 2835 quod
2725 2782 2764 2818 a

344 2850 603 2919 tempore
632 2839 1079 2899 Reformationis
1106 2840 1167 2897 in
1195 2839 1411 2899 mundo
1437 2858 1706 2898 resonare
1733 2838 1952 2898 debuit.
2038 2839 2330 2898 Posterior
2366 2848 2764 2897 consummata

345 2930 407 2981 et
432 2921 605 2999 plena
631 2921 693 2979 in
720 2922 927 2979 illustri
950 2920 1309 2996 apparitione
1340 2918 1565 2995 Christi,
1597 2923 1634 2977 2
1665 2920 1868 2977 Thess.
1898 2919 1958 2977 ii.
2003 2920 2058 2993 8,
2103 2918 2188 2977 sic
2231 2918 2384 2975 enim
2427 2938 2532 2995 per
2572 2932 2757 2990 πιφα-

348 3026 469 3060 nuu
494 3026 578 3066 vac
605 3026 877 3082 ragnum
918 3000 1257 3077 designatur
1296 3024 1341 3057 a·
1404 3024 1547 3057 cvm
1587 3012 1838 3073 monne,
1881 2998 2126 3057 illustris
2160 2997 2432 3057 nimirum
2471 2996 2760 3059 adventus

348 3081 817 3157 antonomastice,
836 3080 1025 3159 qualis
1054 3024 1483 3139 illustriorffui
1509 3079 1714 3156 nequit
1739 3098 1826 3154 e0,
1857 3078 1958 3154 qui
1985 3077 2297 3156 aliquando
2324 3076 2552 3137 futurus
2579 3088 2670 3138 est
2695 3079 2758 3137 in

348 3160 669 3219 decretorio
695 3160 797 3220 illo
824 3161 936 3221 die.
1025 3160 1107 3219 Ut
1148 3160 1302 3219 enim
1342 3178 1447 3237 per
1485 3160 1681 3218 varios
1722 3158 1938 3236 gradus
1979 3158 2054 3217 ad
2092 3158 2406 3237 impietatis
2447 3178 2568 3217 suae
2594 3158 2754 3219 fasti-

346 3241 510 3319 gium
550 3250 932 3318 perventurus
972 3247 1111 3315 erat,
1154 3240 1239 3299 ita
1278 3238 1555 3318 paulatim
1596 3238 1944 3299 minuendus
1971 3246 2096 3299 erat
2121 3247 2181 3298 et
2207 3239 2556 3315 atterendus,
2587 3240 2753 3299 resti-

344 3330 472 3382 tuta
535 3321 597 3379 in
650 3321 940 3398 integrum
992 3321 1239 3379 veritate
1302 3320 1659 3399 evangelica,
1731 3328 1791 3379 et
1853 3319 2021 3398 quasi
2085 3319 2428 3379 miraculose
2483 3320 2753 3380 excitatis

341 3402 585 3463 mortuis
627 3402 855 3461 duobus
880 3400 1129 3460 testibus
1158 3400 1389 3461 Christi.
1493 3400 1617 3460 Nee
1665 3400 1898 3459 oraculo
1939 3408 2184 3459 eventus
2225 3399 2426 3475 defnit,
2471 3409 2751 3479 quantum

342 3484 497 3541 enim
526 3481 933 3559 praedicatione
958 3480 1125 3539 verbi
1165 3480 1352 3540 divini
1392 3480 1597 3540 aecisae
1639 3481 1756 3541 sint
1794 3480 2016 3540 ultimis
2055 3480 2184 3539 istis
2211 3482 2568 3559 temporibus
2593 3482 2751 3541 vires

345 3562 712 3637 Antichristi,
744 3568 1021 3638 quantam
1048 3560 1273 3619 cladem
1300 3561 1605 3639 imperium
1635 3561 1851 3639 Papale
1879 3581 1956 3619 ex
1983 3560 2415 3620 Reformatione
2443 3562 2746 3638 acceperit,

342 3652 402 3703 et
427 3643 488 3701 in
518 3642 643 3703 dies
670 3640 931 3719 accipiat,
963 3640 1149 3701 cuivis
1175 3649 1377 3700 notum
1420 3648 1523 3715 est,
1569 3649 1629 3700 et
1669 3641 1742 3700 de
1784 3660 1854 3699 eo
1881 3660 1998 3700 non
2025 3641 2204 3700 semel
2231 3642 2490 3718 queritur
2514 3643 2743 3700 Bellor-

341 3725 475 3782 min.
502 3722 663 3800 praef.
692 3722 756 3780 in
787 3724 818 3781 1
849 3722 1013 3781 Tom.
1046 3720 1339 3796 Controv.,
1370 3728 1429 3780 et
1455 3720 1556 3779 lib.
1586 3720 1668 3779 iii.
1711 3720 1784 3779 cle
1815 3722 1983 3781 Rom.
2017 3720 2186 3781 Pont.
2215 3742 2264 3779 c.
2296 3724 2392 3796 21,
2427 3722 2465 3753 ‘⁴
2488 3720 2587 3778 Ab
2615 3722 2745 3795 eo,''

340 3804 545 3881 inquit,
592 3805 629 3837 “
649 3810 923 3879 tempore,
967 3820 1083 3879 quo
1123 3820 1227 3878 per
1264 3820 1373 3859 vos
1416 3801 1577 3878 Papa
1616 3799 2014 3860 Antichristus
2043 3820 2171 3859 esse
2199 3800 2388 3878 coepit,
2419 3819 2536 3858 non
2563 3800 2748 3859 crevit

334 3884 521 3961 ipsius
548 3882 867 3960 imperium,
898 3880 1001 3941 sed
1030 3900 1257 3957 semper
1280 3882 1469 3958 magis
1496 3902 1565 3940 ac
1590 3880 1780 3958 magis
1807 3879 2121 3939 decrevit.''

948 3960 1128 4020 XVI.
1172 3961 1369 4020 Tertio
1416 3960 1672 4021 diximus
1725 3961 2038 4019 Personam
2089 3958 2420 4017 Antichn'sti
2466 3958 2564 4016 hic
2617 3977 2744 4018 esse

338 4004 573 4107 1³03&ss
592 4000 825 4115 quaiiiiss·
867 4040 1294 4117 attendendam,
1330 4050 1397 4101 ut
1422 4041 1742 4117 videamus,
1773 4041 1956 4117 qualis
1983 4058 2110 4098 esse
2138 4037 2417 4109 debuerit,
2449 4045 2506 4096 et
2533 4038 2744 4114 quibus

336 4118 383 4165 l·
397 4119 825 4223 Chat-ttegtssrApos-
864 4120 1291 4181 characteribus
1316 4142 1353 4179 a
1384 4121 1603 4199 Spiritu
1625 4122 1858 4216 ‘Sancto
1899 4118 2274 4213 describatur.
2359 4117 2564 4177 Plures
2591 4136 2744 4175 com-

336 4299 485 4339 mus.
570 4277 798 4337 Primus
826 4210 1267 4360 οἷοὲοΐέῃεαεᾞ,
1292 4201 1423 4359 (1ῗεῖ
1464 4220 1822 4341 prsffiffitgozi
1837 4202 2548 4352 ettfiffigffitogesrhtgpffi
2579 4205 2745 4353 {029

333 4386 405 4436 μοι
432 4368 543 4425 osen
568 4361 593 4423 i
622 4384 917 4421 armac-m
942 4388 1147 4444 orgus-ov,
1194 4364 1231 4399 “
1254 4362 1383 4421 Nisi
1410 4362 1636 4421 venerit
1661 4359 1906 4419 defectio
1946 4358 2122 4435 prius,
2153 4377 2220 4416 ac
2243 4356 2534 4417 revelatus
2573 4357 2744 4421 fuerit

338 4442 511 4500 homo
558 4440 781 4518 peccati
805 4444 862 4519 ;”
906 4444 1033 4503 sive
1086 4443 1396 4520 Apo-staria
1433 4448 1599 4501 notet
1651 4440 1746 4499 hic
1799 4440 1990 4516 ipsum
2043 4438 2396 4515 Apo-statam,
2453 4438 2743 4499 abstracto

336 4520 525 4597 posito
546 4542 651 4599 pro
668 4532 956 4600 concreto,
976 4532 1043 4583 ut
1060 4524 1321 4599 scelesto,
1341 4521 1501 4600 quod
1520 4522 1744 4596 volunt,
1771 4520 2075 4595 Chryso-st,
2101 4520 2398 4594 Theodora,
2427 4520 2739 4596 Oeeumen„

337 4602 523 4678 Hier.,
554 4611 614 4661 et
638 4602 740 4662 alii
764 4624 780 4675 ς
826 4605 950 4663 sive
978 4605 1041 4662 in
1068 4610 1337 4663 concreto
1366 4610 1644 4676 sumatur,
1673 4610 1741 4660 ut
1763 4602 1998 4677 Auyust.
2079 4599 2264 4659 “Nisi
2290 4599 2517 4660 venerit
2541 4599 2745 4678 refuga

335 4680 643 4757 primum.'’
729 4684 853 4743 Nec
880 4684 1199 4745 diffitentur
1226 4682 1557 4744 Pontificii:
1614 4682 1764 4742 Bell.
1794 4680 1834 4741 l.
1864 4680 1944 4741 iii.
1973 4680 2048 4741 de
2091 4681 2262 4742 Pont.
2307 4681 2474 4741 Rom.
2515 4700 2639 4758 cap.
2683 4686 2738 4755 2,
