3234 5192
586 382 701 440 148
1354 399 1434 439 m:
1463 398 1828 440 necessasia
1859 399 2204 440 sscsssxoxr.
2591 378 2854 461 [Disrur.
2883 400 2992 441 vn.

590 560 932 619 quacunque
960 541 1181 601 ratione
1210 541 1439 601 Christo
1468 560 1529 599 se
1559 541 1812 618 opponit,
1847 541 1942 599 vel
1970 540 2164 618 quoad
2185 561 2360 599 unum
2384 540 2660 601 doctrinae
2689 549 2878 620 caput,
2903 544 2994 601 vel

593 620 787 699 quoad
822 621 1025 699 plura;
1070 629 1130 681 et
1174 622 1235 679 in
1282 621 1590 699 Scripturae
1639 640 1766 697 usu,
1817 641 1934 681 non
1983 629 2102 680 tam
2143 621 2458 698 quemlibet
2500 622 2714 681 Christi
2753 622 2993 697 hostem,

592 721 767 779 quam
792 702 1081 762 larvatum
1109 710 1167 761 et
1193 701 1570 761 domesticum
1600 700 1922 778 designare,
1967 720 2082 777 quo
2125 720 2298 760 sensu
2335 703 2380 762 J
2383 721 2598 761 oannes
2625 709 2868 761 testatur
2896 721 2998 761 suo

596 791 853 860 tempore
900 782 1097 859 plures
1128 783 1253 859 jam
1294 781 1471 839 fuisse
1514 779 1928 855 Antichristos,
1965 784 1994 838 l
2027 780 2070 840 J
2073 782 2166 841 oh.
2197 782 2255 839 ii.
2292 781 2382 857 18,
2413 783 2523 841 hoc
2562 782 2792 840 nomine
2819 782 2994 841 haere-

595 863 743 921 ticos
770 862 903 921 illos
930 861 1311 937 indigitando,
1342 860 1443 938 qui
1471 859 1564 918 vel
1594 860 1956 920 divinitatem
1986 860 2216 937 Christi,
2249 861 2344 919 vel
2373 861 2529 920 illius
2549 862 2997 922 incarnationem

599 941 910 1019 negabant.
1018 940 1197 999 Modo
1233 940 1596 1016 sinqularitcr
1645 948 1702 999 et
1755 938 2022 1015 δυκτικοις,
2073 940 2289 999 ibidem
2337 962 2441 1018 pro
2491 942 2706 1019 insigni
2753 942 3000 1018 quodam

600 1021 817 1081 Christi
842 1020 1193 1091 adversario,
1237 1020 1331 1079 cui
1370 1019 1487 1077 κατ’
1512 1022 1678 1095 ninyam
1718 1020 1830 1079 hoc
1857 1020 2099 1080 debetur
2139 1040 2366 1097 nomen,
2397 1032 2456 1079 et
2482 1023 2543 1079 in
2571 1041 2741 1098 quem
2771 1022 2998 1081 charac-

599 1110 752 1160 teres
780 1102 927 1159 varii
957 1108 1318 1174 concurrunt,
1370 1101 1471 1176 qui
1520 1101 1762 1177 sparsim
1809 1109 2034 1161 tantum
2079 1101 2442 1178 reperiuntur
2469 1101 2528 1159 in
2557 1102 2703 1160 aliis.
2789 1102 2869 1160 Et
2895 1102 3002 1161 hoc

600 1201 774 1240 sensu
802 1181 874 1240 de
904 1201 973 1240 eo
999 1201 1154 1239 nunc
1182 1179 1560 1258 disputamus.
1649 1180 1933 1256 Secundo,
1966 1180 2314 1241 Antichristi
2342 1181 2859 1239 nomenclationem
2888 1181 3002 1241 duo

603 1261 794 1321 dicere
820 1284 834 1321 :
882 1265 933 1319 1.
977 1262 1212 1320 Hostem
1238 1269 1298 1319 et
1324 1262 1622 1319 AEmulum
1671 1260 1920 1338 Christi;
1985 1265 2041 1320 2.
2087 1261 2234 1339 Ejus
2285 1262 2589 1320 Vicarium.
2679 1262 3002 1339 Utrumque

602 1341 756 1401 enim
784 1342 876 1401 vis
904 1340 1311 1419 propositionis
1352 1366 1461 1399 am
1500 1341 1789 1418 importat,
1821 1361 1950 1418 quae
1977 1340 2038 1398 in
2066 1341 2478 1418 compositione
2519 1361 2671 1400 nunc
2689 1362 2823 1417 pro,
2854 1361 3004 1401 nunc

604 1432 804 1481 contra
832 1422 878 1481 si
884 1422 1137 1500 gnificat.
1232 1421 1413 1480 Modo
1444 1422 1628 1496 vicem,
1671 1430 1731 1479 et
1759 1420 2242 1495 substitutionem,
2275 1429 2341 1481 ut
2367 1435 2660 1497 κύντατος,
2679 1425 3000 1499 proconsul,

605 1502 707 1578 qui
734 1503 919 1561 vicem
938 1500 1193 1561 consulis
1214 1501 1398 1578 gerit;
1428 1498 1736 1575 andus-m,
1755 1500 1907 1578 apud
1931 1500 2262 1577 Lucianum,
2285 1503 2534 1560 conviva
2549 1502 2717 1579 quasi
2737 1500 3001 1577 vicarius,

602 1582 839 1641 alterius
866 1601 1071 1658 nempe
1119 1581 1311 1639 locum
1360 1582 1654 1659 supplens,
1683 1580 1784 1658 qui
1832 1581 2111 1639 invitatus
2154 1601 2270 1639 non
2310 1582 2510 1658 venit3
2554 1578 2874 1656 αηαδιλφος,
2905 1583 3004 1659 qui

602 1670 693 1720 est
720 1662 849 1719 vice
875 1659 1101 1735 fratris3
1144 1658 1443 1737 αηιψυχος,
1486 1662 1588 1738 qui
1629 1660 1758 1719 vice
1788 1660 2024 1719 alterius
2051 1660 2198 1718 mori
2225 1662 2398 1739 cupit,
2431 1670 2490 1721 et
2517 1662 2742 1721 similia.
2829 1662 3006 1721 Modo

604 1740 1001 1817 oppositionem
1052 1748 1110 1799 et
1160 1740 1642 1814 contrarietatem,
1707 1748 1772 1799 ut
1827 1765 2160 1816 anuum-ms,
2229 1738 2486 1817 ωτιδικος,
2549 1758 2844 1817 arraz-anos,
2895 1740 3003 1801 Sto.

607 1820 869 1897 Utraque
912 1820 1256 1897 significatio
1282 1820 1379 1878 hic
1404 1820 1597 1879 locum
1626 1819 1836 1878 habere
1865 1819 2055 1879 debet.
2141 1821 2214 1879 In
2241 1842 2310 1881 eo
2337 1823 2490 1880 enim
2521 1821 2918 1882 Antichristus
2946 1842 3006 1881 se

602 1900 797 1979 prodit
837 1919 1112 1977 magnum
1153 1900 1369 1958 Christi
1405 1898 1816 1975 adversarium,
1861 1909 2146 1977 quatenus
2175 1922 2236 1960 se
2265 1911 2456 1979 aequat
2485 1903 2713 1962 Christo
2741 1910 2806 1961 ut
2833 1922 3007 1961 aemu-

601 1980 763 2057 lum3
806 1989 868 2039 et
894 1999 955 2039 se
983 1980 1175 2038 locum
1219 1980 1433 2039 Christi
1472 1988 1668 2039 tenere
1695 1980 1754 2037 in
1781 1982 1950 2039 terris
1992 1980 2307 2058 profitetur,
2351 1990 2416 2041 ut
2458 1982 2672 2041 Christi
2713 1982 3009 2042 vicarium.

604 2060 729 2133 Nec
756 2060 870 2119 alia
897 2059 969 2119 de
998 2079 1173 2119 causa
1204 2060 1383 2119 Satan
1410 2080 1511 2137 pro
1542 2059 1756 2118 Christi
1785 2060 2002 2119 vicario
2029 2081 2160 2119 eum
2189 2061 2462 2136 obtrudit,
2493 2082 2664 2140 quam
2694 2072 2760 2122 ut
2788 2062 3011 2121 facilius

604 2140 713 2200 sub
753 2141 855 2200 illo
892 2140 1183 2199 schemate
1224 2148 1283 2198 et
1322 2140 1626 2199 histrionia
1667 2140 1956 2199 Christum
1999 2149 2310 2219 oppugnet.
2397 2143 2492 2201 Ita
2527 2142 2684 2221 prior
2707 2143 3014 2201 vicariatus

602 2221 889 2299 expositio
918 2229 1007 2279 est
1033 2218 1467 2279 fundamentum
1496 2220 1846 2297 posterioris,
1871 2227 1928 2279 et
1955 2222 2240 2298 posterior
2255 2223 2628 2300 oppositionis,
2653 2223 2860 2300 prioris
2880 2222 3013 2281 finis

600 2312 660 2359 et
689 2322 786 2359 sco
827 2322 914 2359 uS.

686 2322 825 2439 IV.p
843 2380 1038 2456 Hujus
1066 2380 1431 2455 Antichristi,
1462 2381 1689 2458 proprie
1719 2391 1779 2442 et
1804 2406 2223 2457 erratque-mus
2251 2383 2334 2441 sic
2362 2381 2518 2453 dicti,
2549 2382 2865 2442 adventum
2887 2384 3010 2459 jam

604 2460 742 2519 olim
770 2480 807 2519 a
838 2460 1054 2538 Spiritu
1086 2460 1298 2519 Sancto
1326 2460 1659 2538 prophetice
1707 2461 1985 2521 Ecclesiae
2033 2462 2372 2539 praedictum
2401 2482 2544 2538 esse,
2577 2463 2803 2540 utrique
2832 2482 3011 2541 agno-

604 2540 835 2615 scimus,
866 2539 1039 2617 idque
1066 2548 1191 2599 tum
1219 2560 1254 2599 a
1283 2540 1466 2599 Paulo
1494 2540 1555 2598 in
1582 2544 1619 2598 2
1650 2540 1725 2599 ad
1766 2540 1969 2600 Thess.
1999 2542 2078 2618 ii„
2109 2550 2229 2600 tum
2260 2562 2296 2600 a
2321 2544 2366 2603 J
2369 2562 2552 2601 oanne
2581 2543 2639 2599 in
2669 2544 2856 2620 Apoc.
2886 2542 3014 2604 xiii.

604 2620 747 2680 xvii.
772 2620 955 2695 xviii„
976 2619 1085 2679 sub
1114 2620 1305 2697 specie
1321 2619 1494 2678 modo
1514 2620 1849 2697 Merca-icis,
1873 2620 2046 2680 modo
2066 2622 2288 2697 Bestioe,
2309 2622 2424 2681 imo
2445 2631 2506 2682 et
2525 2623 2600 2681 ab
2622 2622 2745 2700 ipso
2773 2623 3016 2682 Daniele

597 2702 721 2778 jam
750 2700 859 2759 sub
890 2700 1091 2760 Veteri
1132 2700 1520 2775 TestamentO,
1569 2700 1674 2759 sed
1719 2700 1826 2759 sub
1873 2708 2016 2779 typo
2067 2701 2348 2761 Antiochi
2390 2702 2726 2779 Epiphanis,
2758 2704 2926 2781 cujus
2953 2704 3016 2761 in

606 2781 929 2841 Ecclesiam
970 2781 1014 2841 J
1016 2780 1283 2840 udaicam
1324 2780 1638 2858 tyrannidi,
1679 2779 2027 2841 Antichristi
2069 2782 2351 2860 grassatio
2378 2782 2439 2840 in
2469 2782 2788 2841 Ecclesiam
2820 2783 3016 2842 Chris-

604 2863 818 2921 tianam
847 2860 1195 2939 respondere
1235 2860 1501 2920 debebat.
1591 2861 1708 2920 Sed
1733 2862 1796 2919 in
1823 2880 1892 2919 eo
1922 2860 2218 2921 dissensus
2245 2869 2334 2921 est
2379 2863 2684 2937 maximus,
2729 2862 2886 2941 quod
2913 2862 3016 2921 ad-

602 2942 860 3017 versarii,
894 2941 1233 3001 Pontificem
1262 2960 1432 3001 suum
1454 2940 1881 3001 Antichristum
1909 2961 1946 3000 a
1965 2942 2108 3001 viris
2140 2942 2251 3001 Dei
2278 2941 2642 3019 designatum
2673 2950 2732 3001 et
2759 2942 3013 3020 descrip-

602 3032 725 3083 tum
754 3023 869 3081 dici
898 3042 1085 3101 posse,
1129 3021 1427 3100 praefracte
1469 3030 1703 3099 negent.
1787 3022 1910 3081 Nos
1936 3042 2078 3081 vero
2105 3022 2166 3080 in
2213 3022 2435 3081 nullum
2485 3022 2664 3081 alium
2692 3023 2819 3101 ejus
2847 3032 3018 3082 notas

602 3104 793 3180 aptius
821 3111 1143 3179 competere
1172 3110 1501 3162 constanter
1528 3110 1866 3162 statuamus.
1951 3101 2121 3177 Quod
2148 3102 2286 3161 dum
2314 3102 2638 3179 asserimus,
2668 3123 2784 3161 non
2812 3110 3018 3180 putan—

604 3182 744 3239 dum
791 3182 903 3239 hoc
950 3202 985 3239 a
1032 3182 1201 3239 nobis
1248 3181 1373 3239 fieri
1420 3182 1541 3240 ullo
1589 3181 1972 3241 maledicendi
2021 3182 2229 3257 studi0,
2281 3191 2451 3259 prout
2499 3182 2599 3259 qui
2640 3182 2796 3241 illius
2825 3192 3020 3259 partes

604 3267 941 3336 sequuntur,
970 3261 1273 3319 haereticos
1309 3280 1416 3319 nos
1458 3270 1734 3319 aeternum
1763 3261 2066 3320 damnatos
2095 3262 2351 3338 quotidie
2379 3261 2768 3338 criminantur,
2800 3270 2858 3321 ct
2886 3282 3020 3321 sex-

606 3338 791 3397 centis
817 3339 1103 3415 impetunt
1142 3339 1483 3415 calumniis3
1528 3339 1631 3397 sed
1657 3359 1816 3398 mera
1843 3358 1950 3397 nos
1978 3340 2322 3399 defendendi
2363 3342 2722 3419 necessitate,
2773 3350 2839 3401 ut
2879 3362 3017 3401 con-

606 3417 881 3485 scientiis,
912 3418 1079 3477 nobis
1120 3417 1184 3476 id
1217 3417 1393 3495 juxta
1421 3418 1535 3477 Dei
1575 3418 1818 3478 verbum
1863 3419 2230 3495 dictantibus,
2276 3420 2711 3498 satisfaciamus,
2743 3430 2801 3481 et
2827 3442 3019 3481 seces-

606 3497 787 3557 sionis
814 3506 1027 3557 nostrae
1054 3496 1131 3555 ab
1159 3496 1421 3556 Ecclesia
1468 3498 1733 3557 Romana
1772 3498 2062 3575 justitiam
2102 3509 2161 3560 et
2201 3502 2600 3561 necessitatem
2651 3503 3018 3579 evincamus;

604 3598 679 3637 ne
707 3577 920 3637 frustra
944 3578 1043 3636 vel
1068 3576 1189 3636 levi
1214 3576 1463 3653 quadam
1492 3576 1565 3635 de
1592 3597 1768 3637 causa
1807 3579 2054 3657 majores
2096 3581 2276 3640 nostri
2305 3582 2781 3657 communionem,
2813 3584 2874 3639 in
2902 3601 3024 3658 qua

602 3660 726 3719 nati
754 3666 813 3717 et
854 3658 1083 3718 educati
1124 3658 1365 3733 fuerant,
1410 3656 1712 3734 reliquisse
1753 3656 2076 3733 videantur,
2121 3680 2340 3738 nosque
2379 3681 2604 3721 omnem
2649 3662 2725 3721 ad
2767 3663 3021 3721 Romam

602 3738 869 3815 reditum,
901 3740 999 3799 vel
1027 3758 1157 3797 cum
1187 3756 1255 3795 ea
1283 3738 1743 3813 syncretismum,
1773 3758 2040 3815 respuere
2070 3760 2421 3800 censeamur.

852 3870 862 3883 ,
1208 3817 1285 3876 V.
1331 3818 1478 3876 Haec
1506 3826 1595 3877 est
1622 3818 1942 3878 communis
1990 3828 2050 3879 et
2076 3829 2348 3880 constans
2399 3822 2852 3882 Protestantium
2882 3842 3019 3881 sen-

602 3868 957 3974 cffffiffiffm
966 3869 1086 3974 Ρζὲξ
1128 3896 1325 3972 tentia,
1381 3897 1648 3974 pluribus
1690 3899 1945 3976 ipsorum
1994 3900 2452 3961 confessionibus
2507 3922 2814 3980 expressa3
2873 3904 3021 3961 Hel—

662 3988 925 4040 sententia,
998 3988 1090 4031 Pa„
1128 3978 1323 4053 vetica,
1358 3978 1487 4037 Art.
1524 3981 1593 4036 17
1622 4000 1638 4055 ;
1681 3979 1934 4056 Belgica,
1969 3978 2102 4039 Art.
2133 3982 2209 4039 36
2236 4004 2251 4056 ς
2295 3982 2613 4057 Scoticana,
2645 3983 2707 4040 in
2749 3982 3022 4042 Comitiis

662 4060 904 4151 Pffisgm
944 4046 1088 4091 Auu-
1132 4058 1298 4134 regni
1344 4058 1586 4135 firmata,
1629 4078 1780 4117 anno
1834 4060 2006 4133 1581,
2055 4061 2149 4120 cui
2197 4061 2386 4139 Regia
2440 4060 2723 4139 Majestas
2770 4063 3020 4141 ejusque

660 4118 689 4151 ο
816 4118 915 4149 um.
1131 4138 1365 4214 familia,
1409 4136 1624 4215 aliique
1665 4138 1814 4197 varii
1856 4137 1931 4197 ad
1988 4139 2100 4199 Dei
2145 4140 2406 4219 gloriam,
2447 4142 2844 4220 bonorumque
2889 4160 3018 4200 om-

600 4221 763 4281 nium
792 4218 1123 4297 exemplum
1154 4218 1654 4297 subscripserunt3
1699 4219 2022 4295 Bohmica,
2055 4220 2211 4279 edita
2237 4241 2391 4281 anno
2427 4224 2600 4297 1535,
2632 4231 2739 4281 art.
2771 4226 2807 4281 8
2832 4244 2848 4296 3
2891 4223 3020 4281 An·

594 4301 747 4375 ylica
777 4300 967 4376 Ivelli,
999 4319 1151 4359 anno
1198 4301 1370 4375 1562,
1402 4299 1495 4358 eui
1524 4298 1917 4376 suffragantur
1965 4300 2298 4360 Academiae
2328 4300 2676 4362 Oxoniensis
2718 4310 2776 4361 et
2805 4302 3022 4361 Canta-

600 4378 927 4455 brigiensis,
972 4400 1104 4439 cum
1146 4380 1497 4439 doctissimis
1558 4380 1845 4457 episcopis
1903 4387 1963 4439 et
2023 4380 2329 4459 theologis,
2373 4389 2433 4440 et
2477 4382 2576 4459 qui
2619 4402 2768 4441 unus
2823 4390 3024 4458 potest

602 4476 729 4515 esse
766 4458 947 4516 instar
990 4462 1263 4536 omnium,
1313 4460 1563 4519 Jacobus
1618 4461 1718 4519 VI.
1764 4460 1912 4537 Rex,
1964 4460 2026 4519 in
2075 4462 2346 4539 apologia
2389 4481 2495 4521 sua
2534 4482 2639 4539 pro
2681 4464 3021 4539 juramento

602 4533 913 4611 fidelitatis,
958 4545 1017 4596 et
1055 4542 1117 4597 in
1158 4539 1412 4617 alloquio
1455 4560 1560 4599 suo
1610 4539 1688 4598 ad
1749 4560 2036 4617 caesarem,
2079 4560 2266 4617 regeS,
2327 4550 2384 4599 et
2425 4540 2733 4619 principes,
2859 4540 3024 4616 Quid

602 4632 743 4673 vero
774 4614 1049 4676 Ecclesiae
1078 4618 1397 4678 Gallicanas
1425 4620 1706 4679 hactenus
1733 4621 2112 4695 crediderent,
2143 4621 2286 4679 satis
2313 4628 2540 4680 testatae
2569 4630 2705 4681 sunt
2731 4623 2792 4680 in
2826 4622 3016 4698 Syno-

596 4694 675 4754 do
704 4694 997 4755 Nationali
1028 4697 1399 4775 Vapincensi,
1431 4718 1581 4757 anno
1617 4702 1790 4774 1604,
1825 4700 1924 4759 ubi
1953 4699 2258 4758 articulum
2301 4700 2414 4759 huc
2464 4710 2820 4778 spectantem
2867 4721 3024 4760 una-
