3234 5192
296 432 531 473 mspur.
563 412 703 495 νη]
1040 430 1275 473 mosum
1307 432 1386 473 An
1420 432 1699 473 schnsm
1727 432 2002 473 nouum.
2588 414 2702 479 177

296 573 401 649 qui
430 575 561 631 loca
588 574 767 632 Pauli
794 580 855 631 et
880 572 923 631 J
926 573 1135 631 oannis
1161 575 1281 631 alio
1311 576 1664 648 detorquere
1692 575 1892 631 conati
1935 575 2054 633 sint
2096 575 2159 631 in
2206 571 2460 649 gratiam
2490 572 2691 632 Ponti-

292 652 435 721 ficiS,
474 654 637 727 quod
676 672 798 727 prae
840 653 1067 710 eaeteris
1120 652 1304 727 Hugo
1337 652 1596 727 Grotius,
1641 653 1732 709 vir
1779 653 2114 711 eruditione
2162 651 2532 725 conspicuus,
2581 653 2688 709 sed

294 730 495 787 dubiae
524 748 754 805 semper
796 731 858 788 in
900 730 1190 805 religione
1232 730 1392 801 fidei,
1430 748 1589 787 novo
1618 736 1680 787 et
1725 731 2010 788 haetenus
2053 730 2324 787 inaudito
2352 738 2686 788 commento

296 808 585 877 tentavit;
628 816 1023 884 praeterquam
1052 810 1215 884 quod
1243 810 1320 867 ab
1362 808 1503 883 ipsis
1547 806 1874 865 Pontificiis
1917 826 2032 866 non
2084 808 2379 883 recipitur,
2411 808 2516 881 qui
2556 809 2689 865 loca

295 886 605 944 nobiscum
648 888 723 943 de
765 886 1138 945 Antichristo
1185 887 1549 959 intelligunt,
1598 886 1738 943 talis
1785 886 2048 960 figmenti
2095 885 2328 943 vanitas
2373 886 2610 943 abunde
2651 903 2688 945 a

296 964 515 1021 nostris
542 967 947 1022 demonstrata
981 973 1087 1035 est,
1116 972 1177 1022 et
1202 984 1323 1039 prae
1372 964 1597 1021 caeteris
1639 963 1989 1021 solidissime
2031 982 2066 1021 a
2092 965 2274 1023 celeb.
2305 962 2585 1034 Mat-esic,
2615 971 2686 1021 ut

295 1058 415 1097 non
444 1060 597 1116 opus
624 1044 701 1101 sit
746 1043 809 1099 in
836 1061 907 1099 eo
945 1042 1273 1101 refellendo
1316 1060 1478 1099 nunc
1505 1041 1828 1099 immorari.
1914 1040 2066 1099 Cum
2095 1060 2234 1099 vero
2281 1060 2356 1098 ex
2403 1040 2576 1099 dictis
2615 1042 2687 1098 li-

297 1128 491 1193 queat,
541 1121 829 1195 nobisque
867 1120 945 1177 sit
992 1139 1357 1195 persuasum,
1389 1120 1619 1195 Papam
1662 1138 1783 1176 esse
1817 1119 2276 1191 Antichristum,
2307 1137 2536 1177 summe
2584 1138 2686 1177 ne-

294 1199 609 1256 cessairiam
634 1199 815 1257 fuisse
842 1206 1107 1257 nostram
1146 1200 1222 1256 ab
1263 1199 1393 1273 qius
1425 1198 1846 1256 communione
1875 1200 2282 1267 secessionem,
2313 1205 2373 1255 et
2414 1196 2687 1272 impossi-

296 1274 479 1331 bilem
525 1278 721 1351 plane,
749 1278 927 1334 rebus
976 1276 1058 1335 sic
1096 1277 1411 1348 stantibus,
1460 1284 1734 1333 nostrum
1775 1294 1912 1333 cum
1946 1294 2018 1334 ea
2044 1275 2492 1351 syncretismum
2542 1293 2684 1345 esse,

298 1352 509 1411 merito
537 1354 963 1413 concludimus.
