3234 5192
536 332 652 389 646
1148 344 1227 385 m:
1256 343 1746 387 sarisracrroms
1773 342 2014 386 enatam
2043 342 2358 385 vannus.
2520 329 2782 401 [msrvr.
2811 342 2939 383 xxr.

536 500 669 547 men
718 487 779 545 in
819 486 945 545 foro
987 488 1187 564 magni
1234 488 1565 562 aestimatur,
1620 486 1738 546 imo
1781 506 1910 547 cum
1939 487 2012 546 de
2049 486 2236 546 officio
2263 504 2405 565 erga
2432 486 2623 544 Deum
2651 484 2940 543 infinitum

536 568 747 645 agitur,
777 565 1203 644 quodammodo
1229 566 1451 625 infinite
1476 589 1491 641 3
1536 586 1652 645 quo
1681 567 1833 626 enim
1861 568 2049 644 major
2075 568 2164 625 est
2191 567 2318 643 ejus
2345 566 2446 642 qui
2473 564 2785 624 offenditur
2811 564 2937 639 dig-

536 648 707 723 nitas,
738 666 807 705 eo
835 646 1016 725 pluris
1044 649 1360 705 aestimatur
1380 646 1614 724 offensa,
1639 666 1709 706 eo
1737 647 1890 707 enim
1915 647 2106 705 minus
2135 646 2348 705 offendi
2369 645 2663 721 debuerat,
2693 645 2936 722 plusque

540 726 687 785 adeo
714 734 805 785 est
830 726 891 783 in
912 726 1131 785 offensa
1157 726 1539 803 indignitatis-

620 806 801 865 VIII.
846 804 948 864 Ad
974 806 1203 865 tertiam
1228 804 1303 864 de
1350 805 1784 883 desperatione:
1827 806 2026 883 Resp.,
2086 804 2397 881 Distingue
2423 822 2622 861 rursus
2649 802 2937 863 essentiam

539 906 727 964 poenes
752 885 950 962 ipsius,
976 894 1035 943 et
1062 886 1189 963 ejus
1214 888 1540 961 adjunctum
1566 894 1628 945 et
1653 904 2010 963 consequens
2037 885 2195 963 quod
2221 904 2324 963 pro
2345 884 2565 942 ratione
2583 883 2825 961 subjecti
2846 902 2938 943 se·

538 965 795 1044 parabile
823 972 945 1040 est;
987 965 1086 1022 vel
1110 973 1283 1041 prout
1308 986 1349 1023 a
1373 965 1579 1024 Judice
1606 966 1889 1045 inffiqitur,
1919 966 2014 1027 vel
2055 973 2228 1042 prout
2269 984 2310 1023 a
2339 964 2622 1023 Creatura
2647 963 2936 1039 recapitur,

539 1046 639 1105 vel
665 1051 835 1123 prout
862 1044 923 1101 in
948 1063 1195 1121 persona
1234 1044 1421 1102 aliena
1448 1046 1742 1122 sponsoris
1769 1045 1964 1119 fertur,
1994 1046 2090 1103 vel
2117 1045 2178 1102 in
2205 1044 2438 1122 propria
2461 1061 2703 1120 persona
2729 1062 2938 1118 pecca—

544 1126 699 1184 toria.
772 1124 959 1182 Priori
987 1142 1162 1183 sensu
1188 1124 1511 1201 desperatio
1540 1132 1599 1184 et
1625 1144 1852 1184 morsus
1881 1125 2245 1184 conscientiae
2273 1144 2389 1181 non
2409 1122 2697 1200 pertinent
2723 1122 2797 1181 ad
2818 1142 2943 1201 poe-

542 1224 648 1263 nas
670 1204 1069 1263 damnatorum
1094 1226 1109 1263 :
1150 1223 1269 1262 non
1297 1212 1431 1263 sunt
1458 1204 1613 1263 enim
1641 1204 1714 1263 de
1743 1206 1994 1265 essentia
2017 1224 2204 1282 poenae
2231 1204 2293 1261 in
2321 1222 2382 1261 se
2411 1202 2804 1278 consideratae,
2837 1202 2941 1261 sed

540 1292 767 1343 tantum
812 1304 917 1361 per
958 1283 1195 1343 modum
1235 1285 1490 1361 adjuncti
1528 1292 1588 1344 et
1635 1294 2052 1363 consequenter
2097 1284 2318 1343 ratione
2372 1282 2620 1359 subjecti
2667 1283 2938 1359 corrupti.

540 1364 675 1423 Non
703 1363 1076 1423 includuntur
1101 1360 1163 1422 in
1186 1384 1360 1443 poena
1385 1372 1670 1442 quatenus
1709 1385 1746 1424 a
1776 1364 1976 1443 judice
2015 1364 2313 1441 infligitur,
2343 1362 2438 1421 vel
2467 1382 2502 1419 a
2529 1380 2804 1439 sponsore
2829 1363 2941 1421 fer-

538 1452 651 1519 tur,
682 1443 787 1503 sed
813 1453 1097 1521 quatenus
1124 1464 1159 1503 a
1186 1453 1447 1503 creatura
1472 1445 1684 1503 vitiosa
1708 1453 1768 1504 et
1793 1464 1893 1503 rea
1917 1444 2207 1521 recipitur.
2253 1442 2351 1503 Sic
2379 1442 2702 1519 desperatio
2729 1450 2820 1501 est
2839 1440 2938 1501 ad-

531 1524 799 1601 junctum
827 1543 1031 1599 poenae,
1062 1522 1219 1601 quod
1259 1544 1364 1601 pro
1390 1524 1613 1583 ratione
1641 1524 1888 1602 subjecti
1929 1532 2019 1583 est
2046 1522 2362 1601 separabile
2387 1544 2402 1581 ε
2442 1541 2577 1579 nam
2607 1522 2658 1581 si
2684 1530 2938 1600 pertran-

543 1604 655 1661 sire
682 1611 880 1679 posset
906 1602 1210 1661 damnatus
1237 1622 1453 1681 poenas,
1483 1624 1601 1663 non
1629 1604 1974 1681 desperaret,
2007 1602 2109 1661 sed
2145 1602 2284 1679 quia
2309 1601 2417 1660 scit
2444 1602 2504 1658 in
2533 1611 2806 1661 aeternam
2834 1601 2938 1660 du·

538 1690 763 1740 raturas
789 1700 932 1755 esse,
965 1690 1023 1740 et
1040 1682 1163 1759 spei
1179 1690 1239 1741 et
1263 1682 1547 1741 libertatis
1572 1683 1792 1741 nullam
1809 1682 2086 1759 affulgere
2113 1683 2332 1753 rimam,
2364 1680 2496 1739 ideo
2525 1681 2824 1759 desperat:
2855 1680 2940 1740 At

538 1760 601 1818 in
630 1760 859 1819 Christo
888 1761 1061 1837 longe
1104 1761 1308 1837 aliter-3
1352 1777 1471 1820 non
1512 1762 1702 1839 potuit
1731 1762 1802 1819 in·
1841 1762 2032 1839 ipsum
2059 1761 2263 1820 cadere
2292 1760 2634 1837 desperati0‚
2659 1770 2782 1821 tum
2803 1761 2940 1839 qnia

537 1840 737 1899 luebat
762 1859 879 1897 non
906 1858 1027 1914 sua,
1058 1840 1163 1899 sed
1188 1840 1379 1899 aliena
1419 1848 1674 1917 peccata,
1704 1850 1826 1900 tum
1855 1842 1991 1919 quia
2027 1841 2225 1900 luebat
2251 1841 2469 1919 absque
2497 1842 2656 1900 omni
2681 1848 2936 1918 peccam,

536 1928 661 1980 tum
688 1918 937 1997 denique
964 1920 1101 1998 quia
1128 1920 1199 1979 de
1226 1922 1664 1981 conservatione
1691 1929 1750 1981 et
1775 1921 2114 1981 liberatione
2141 1921 2233 1995 sui
2259 1928 2383 1980 erat
2410 1940 2664 1997 securus,
2693 1920 2940 1998 ideoque

535 2001 597 2058 in
618 1999 823 2059 mediis
845 2000 1193 2059 cruciatibus
1222 2010 1283 2061 et
1322 2001 1640 2079 angoribus
1667 2003 1802 2079 suis,
1831 2001 2104 2061 fiduciam
2133 2020 2295 2061 suam
2323 2020 2550 2078 semper
2575 2000 2637 2058 in
2667 2000 2793 2059 Deo
2821 2000 2938 2060 col-

543 2080 715 2153 locat,
749 2080 905 2140 Psal.
935 2081 1081 2138 xxii.
1112 2085 1167 2157 2,
1199 2084 1255 2141 3.

626 2158 746 2220 I'X.
790 2162 988 2238 Atque
1016 2160 1111 2220 hic
1140 2162 1341 2239 obiter,
1386 2170 1694 2239 antequam
1731 2162 1847 2222 alio
1873 2171 2249 2237 transeamus,
2293 2159 2634 2239 depellenda
2659 2168 2751 2219 est
2775 2167 2945 2220 atrox

543 2248 603 2300 et
628 2248 778 2299 tetra
805 2242 1107 2315 calumnia,
1158 2262 1331 2319 quam
1362 2242 1650 2301 Pontificii
1681 2243 2031 2302 Doctoribus
2066 2242 2278 2300 nostris
2306 2242 2610 2315 intentant,
2649 2240 2816 2317 quasi
2843 2240 2942 2299 de—

543 2320 925 2397 sperationem
956 2320 1184 2377 Christo
1212 2321 1483 2393 tribuant,
1506 2321 1789 2397 imprimis
1818 2321 2060 2379 Calvino
2087 2328 2285 2379 nostro
2313 2320 2374 2377 in
2405 2320 2682 2377 Harmon.
2713 2320 2944 2395 Evang.

540 2398 615 2455 ad
646 2398 855 2455 Matth.
886 2402 1009 2472 cap.
1040 2398 1225 2455 xxvii.
1264 2400 1362 2469 46,
1405 2406 1465 2455 et
1493 2398 1685 2455 Instit.
1715 2399 1817 2457 lib.
1847 2398 1906 2457 ii.
1945 2418 1994 2455 c.
2030 2401 2121 2471 16,
2169 2417 2216 2455 s.
2251 2400 2328 2456 10
2348 2406 2407 2456 et
2437 2400 2530 2470 11,
2575 2407 2636 2455 et
2663 2398 2836 2456 Bezae
2865 2398 2942 2457 ad

538 2474 757 2533 Matth.
787 2494 837 2532 c.
866 2474 1032 2531 xxiv.
1060 2477 1157 2549 45,
1188 2478 1286 2533 46.
1372 2476 1539 2533 Hinc·
1558 2476 1758 2534 Estius
1784 2476 1847 2533 in
1877 2476 2084 2533 Matth.
2114 2476 2320 2549 xxvii„
2361 2476 2444 2533 ait
2487 2478 2523 2509 “
2543 2493 2661 2532 non
2687 2475 2941 2537 defuisse

538 2554 649 2612 hoc
689 2562 945 2629 tempore
986 2553 1087 2631 qui
1127 2552 1405 2613 auderent
1444 2553 1762 2612 inauditam
1789 2553 2204 2630 blasphemiam
2231 2554 2294 2610 in
2321 2552 2612 2612 Christum
2652 2572 2937 2628 evomere,

538 2632 797 2693 dicentes
824 2652 955 2691 eum
984 2632 1044 2691 in
1072 2652 1240 2692 cruce
1262 2632 1613 2710 desperasse,
1638 2641 1696 2693 et
1715 2634 1792 2693 ob
1814 2652 1940 2693 eam
1963 2652 2192 2691 causam
2213 2632 2400 2709 ipsum
2429 2629 2762 2691 damnatum
2789 2650 2936 2707 esse,

540 2732 717 2791 quam
742 2712 1157 2790 blasphemiam
1185 2713 1383 2773 audire
1424 2714 1534 2791 piae
1575 2734 1744 2773 aures
1783 2712 2249 2773 cohorrescunt.”
2334 2712 2412 2771 Et
2440 2710 2850 2770 Genebrardus
2877 2712 2939 2769 in

542 2792 697 2853 Psal.
718 2793 883 2869 xxii„
914 2794 1043 2853 vult
1068 2813 1147 2852 ex
1172 2813 1317 2853 voce
1344 2814 1380 2853 a
1408 2794 1638 2853 Christo
1665 2794 1876 2854 emissa
1903 2793 2252 2853 calvinistes
2279 2792 2552 2869 colligere
2585 2794 2623 2825 “
2645 2792 2940 2851 Christum

539 2873 601 2932 in
628 2894 797 2933 cruce
825 2873 1176 2951 desperasse,
1207 2875 1305 2934 vel
1331 2874 1689 2952 desperantis
1715 2894 1918 2935 vocem
1954 2874 2230 2950 emisisse,
2273 2882 2334 2933 et
2368 2872 2444 2931 ad
2481 2870 2942 2949 desperationem

540 2974 723 3031 usque
764 2963 1011 3014 terrores
1050 2954 1253 3015 mortis
1293 2964 1353 3015 et
1392 2955 1622 3014 dolores
1653 2954 1879 3029 inferni,
1908 2953 2284 3031 flammasque
2311 2962 2370 3013 et
2397 2952 2740 3031 supplicium
2767 2950 2940 3011 infer-

540 3034 672 3092 nale
712 3043 846 3111 post
884 3042 1145 3111 mortem,
1184 3034 1577 3094 sustinuisse.”
1664 3035 1760 3094 Sic
1791 3035 2049 3093 Maldon.
2079 3034 2140 3092 in
2175 3034 2384 3093 Matth.
2413 3033 2619 3106 xxvii„
2665 3031 2940 3091 Bellarm.

539 3113 581 3171 l.
610 3113 689 3170 iv.
723 3112 794 3171 de
826 3113 1072 3188 Christo,
1105 3134 1157 3172 c.
1185 3117 1242 3190 8,
1278 3124 1337 3173 et
1364 3114 1464 3173 alii
1491 3114 1723 3192 passim,
1767 3124 1828 3175 et
1855 3114 2050 3173 nullus
2077 3122 2168 3173 est
2193 3114 2364 3172 hodie
2395 3112 2812 3171 Monachorum
2840 3112 2941 3189 qui

542 3191 870 3249 consimiles
896 3192 958 3249 in
984 3201 1212 3252 nostros
1238 3213 1355 3251 non
1375 3194 1559 3271 jactet
1586 3194 1920 3270 calumnias,
1944 3202 2004 3253 et
2031 3193 2371 3254 sententiam
2401 3192 2474 3251 de
2505 3191 2720 3251 Christi
2739 3192 2943 3269 despe-

540 3270 762 3327 ratione
790 3269 861 3327 iis
890 3272 1301 3348 sycophantice
1327 3292 1445 3331 non
1473 3273 1728 3349 affingat.

624 3348 709 3407 X.
752 3348 973 3406 Verum
1013 3350 1127 3407 nisi
1154 3350 1288 3410 odio
1314 3351 1518 3411 insano
1546 3358 1852 3410 excaecatae
1880 3360 2072 3410 essent
2105 3372 2302 3411 eorum
2329 3360 2568 3427 mentes,
2612 3350 2780 3409 facile
2820 3357 2940 3409 tam

538 3424 917 3487 nefandarum
964 3428 1425 3488 criminationum
1480 3430 1788 3507 caliginem
1843 3430 2148 3507 dispellere
2201 3438 2467 3509 poterant
2490 3453 2504 3508 3
2569 3430 2732 3488 Nihil
2785 3430 2942 3488 enim

539 3508 741 3567 falsius
782 3506 899 3566 dici
936 3508 1141 3585 potuit,
1190 3509 1337 3568 nihil
1377 3528 1413 3568 a
1448 3518 1642 3569 mente
1681 3517 2008 3568 nostrorum
2049 3510 2310 3586 alienius,
2354 3511 2470 3569 imo
2497 3518 2556 3569 et
2583 3509 2657 3569 ab
2685 3510 2940 3587 ipsorum

539 3588 774 3648 verbis:
816 3587 1194 3665 inspiciantur
1232 3596 1457 3647 tantum
1500 3589 1647 3664 loca,
1693 3597 1754 3648 et
1793 3608 1886 3647 res
1927 3588 2166 3649 cuilibet
2205 3598 2401 3667 patere
2444 3591 2670 3667 poterit.
2745 3590 2940 3647 Primo

540 3668 699 3746 quod
726 3668 1002 3727 Calvinus
1044 3666 1156 3727 sibi
1196 3668 1397 3745 objicit
1436 3668 1499 3727 in
1537 3688 1784 3746 persona
1812 3667 2152 3727 Adversarii
2179 3689 2282 3746 per
2304 3672 2524 3747 palpares,
2569 3668 2630 3727 id
2665 3677 2940 3747 tanquam

539 3750 591 3827 ej
600 3768 667 3807 us
694 3748 1068 3808 assertionem
1096 3748 1208 3825 ipsi
1234 3748 1531 3825 affingunt,
1562 3749 1744 3807 verba
1769 3748 1924 3807 clara
1951 3756 2102 3824 sunt,
2136 3742 2506 3808 “absurdum
2529 3750 2758 3809 Christo
2785 3748 2944 3825 elap-

540 3847 664 3887 sam
692 3847 819 3887 esse
846 3828 1263 3905 desperationis
1290 3828 1553 3903 vocem,''
1572 3849 1628 3906 q.
1651 3828 1729 3904 d.,
1751 3828 1884 3887 Scio
1905 3826 2026 3887 fore
2051 3828 2154 3905 qui
2179 3828 2490 3888 absurdum
2517 3829 2614 3887 hic
2642 3848 2678 3886 a
2704 3848 2796 3887 me
2825 3837 2944 3888 sta·-

538 3908 625 3968 tui
647 3916 706 3967 et
726 3908 953 3967 Christo
974 3906 1430 3985 desperationem
1457 3908 1654 3985 affingi
1682 3916 1957 3982 asserant,
1981 3916 2042 3967 et
2061 3908 2310 3985 subjicit,
2343 3909 2603 3968 “solutio
2623 3907 2810 3967 facilis
2829 3918 2936 3979 est,

541 4007 873 4066 quanquam
901 4006 1103 4047 sensus
1134 3988 1323 4048 carnis
1350 3988 1591 4048 exitium
1614 3987 2084 4066 apprehenderet,
2109 3987 2285 4046 fixam
2307 3996 2500 4047 tamen
2521 3988 2750 4047 stetisse
2771 3987 2942 4046 fidem

538 4068 599 4126 in
628 4070 754 4146 ejus
782 4067 953 4127 corde
981 4088 1097 4145 qua
1118 4069 1307 4127 Deum
1328 4076 1670 4145 praesentem
1698 4068 1940 4127 intuitus
1969 4076 2074 4144 est,
2105 4067 2178 4127 de
2205 4068 2374 4146 cujus
2401 4068 2662 4128 absentia
2689 4086 2938 4145 conque·

538 4148 735 4208 ritur.”
810 4148 907 4207 Ita
932 4148 1101 4207 docet
1130 4148 1423 4208 Christum
1447 4148 1533 4207 ita
1558 4148 1888 4225 concepisse
1919 4148 2032 4206 Dei
2058 4147 2503 4224 derelictionem,
2532 4156 2601 4207 ut
2627 4147 2800 4206 simul
2823 4146 2940 4205 fide

537 4227 839 4287 retinuerit
867 4229 1057 4287 Deum
1086 4228 1199 4289 sibi
1224 4248 1353 4289 esse
1386 4228 1716 4307 propitium,
1761 4226 1920 4305 quod
1957 4228 2164 4305 probat
2203 4248 2280 4287 ex
2315 4228 2542 4288 duobus
2569 4226 2940 4305 querimonia

537 4307 827 4383 membris,
871 4308 932 4365 in
972 4329 1089 4386 qua
1128 4316 1437 4387 antequam
1477 4308 1856 4368 tentationem
1895 4308 2198 4385 exprimat,
2241 4308 2514 4386 praefatur
2545 4328 2608 4367 se
2642 4307 2719 4367 ad
2748 4308 2939 4366 Deum

539 4386 849 4462 confugere
894 4396 1169 4465 tanquam
1199 4388 1390 4448 Deum
1428 4408 1631 4464 suum;
1675 4396 1848 4466 atque
1891 4389 1976 4447 ita
2020 4388 2225 4465 clypeo
2268 4388 2404 4448 fidei
2447 4388 2670 4447 fortiter
2713 4386 2942 4464 repellit

538 4464 697 4523 illam
736 4484 865 4541 quae
895 4487 956 4526 se
984 4488 1061 4527 ex
1088 4469 1352 4546 opposito
1380 4469 1682 4547 ingerebat
1707 4467 2098 4528 derelictionis
2139 4468 2420 4545 speciem:
2463 4467 2714 4544 denique
2741 4466 2802 4524 in
2826 4466 2939 4525 hoc

538 4543 664 4601 diro
704 4546 961 4604 cruciatu
1003 4546 1186 4606 illaesa
1225 4548 1336 4607 fuit
1374 4550 1501 4626 ejus
1542 4548 1704 4623 fides,
1746 4557 1814 4608 ut
1847 4568 1910 4607 se
1937 4548 2270 4607 derelictum
2301 4547 2776 4625 esse-deplorans,
2805 4564 2939 4623 pro-

533 4624 753 4701 pinquo
780 4630 972 4683 tamen
1004 4626 1115 4683 Dei
1142 4628 1361 4687 auxilio
1389 4627 1730 4687 consideret.
1792 4627 1910 4686 Sed
1937 4634 2183 4685 mentem
2217 4646 2377 4685 suam
2405 4626 2577 4705 longe
2606 4625 2817 4685 clarius
2843 4626 2948 4683 ad-
