3234 5192
193 335 428 376 mer-ur.
461 313 578 396 un]
1047 335 1274 376 aceras
1305 335 1383 376 Aa
1411 335 1694 377 accensis
1724 337 1991 380 nouam.
2558 323 2637 386 55

193 478 450 558 populus
492 495 720 538 summa
760 495 896 536 cum
943 478 1312 538 veneratione
1361 487 1781 538 sacramentum
1816 489 2090 558 tanquam
2120 480 2412 542 Christum
2434 482 2625 561 ipsum

195 559 419 618 adorat.
494 557 724 618 Deinde
741 566 876 618 ante
904 557 1306 635 receptionem,
1337 567 1759 618 sacramentum
1788 580 1985 621 rursus
2012 559 2231 636 adorat,
2262 561 2431 639 eique
2458 563 2621 622 incli-

199 648 372 698 natus
400 637 560 714 dicit,
591 639 792 715 Aquas
821 639 951 712 Dei,
983 638 1082 716 qui
1107 641 1250 697 tollis
1283 647 1526 715 peccata
1569 641 1781 716 mundi,
1825 641 2089 702 meherere
2116 641 2285 718 nobz‘s,
2316 651 2375 701 et
2402 662 2621 720 rursus,

199 720 465 794 Domine,
496 740 609 778 non
635 738 762 777 sum
805 719 1006 796 dignus
1047 728 1109 776 ut
1147 719 1318 778 intres
1358 721 1456 778 sub
1499 729 1699 778 tectum
1726 741 1923 798 meum,
1954 741 2085 815 quse
2114 721 2308 783 omnia
2336 730 2538 783 extant
2566 723 2625 782 in

198 801 444 874 Missal„
490 799 550 857 in
597 799 692 858 rit.
718 798 901 858 celeb.
933 799 1099 858 Miss.
1134 799 1287 859 Sect.
1318 801 1373 858 8.
1408 799 1504 858 Sic
1533 799 1592 860 in
1624 801 1876 864 Hortulo
1904 822 2129 878 ammae,
2156 804 2193 835 ‘⁶
2214 803 2264 866 Ο
2293 801 2623 865 venerabile

201 888 642 956 sacramentum,
673 899 781 958 per
808 889 866 939 te
893 880 1150 958 quaeso,”
1188 877 1298 939 &Q
1343 881 1492 940 Item

1014 1041 1150 1116 Ave,
1182 1061 1318 1100 caro
1350 1035 1563 1102 Chr-asti
1585 1060 1747 1120 cara,

1013 1123 1319 1182 Immolata
1345 1122 1526 1180 crucis
1545 1144 1677 1200 ara,

1010 1203 1132 1260 Pro
1159 1203 1458 1280 redemptis
1485 1203 1683 1278 hostia,

1012 1283 1204 1342 Morte
1231 1293 1330 1342 tua
1350 1305 1450 1342 nos
1477 1303 1688 1342 antara

1015 1365 1156 1440 Fac,
1189 1365 1554 1439 Redemptor,
1585 1366 1706 1422 luce
1732 1365 1899 1423 clara

1021 1439 1224 1502 Tecum
1235 1444 1378 1520 frui
1393 1443 1602 1521 ⁴‹flor-ia,
1630 1444 1722 1520 ἅτ.

208 1605 354 1664 Post
383 1605 625 1664 Missam
667 1611 977 1682 peractam,
1023 1603 1182 1682 quod
1229 1603 1510 1682 reliquum
1541 1613 1631 1664 est
1674 1603 2017 1666 sacramenti
2058 1604 2121 1664 in
2168 1600 2418 1666 sacrario
2442 1617 2605 1665 asset·

205 1695 394 1760 vatur,
424 1694 492 1744 ut
517 1685 594 1744 ad
621 1693 872 1762 mgr-etos
901 1683 1206 1760 deferatur,
1237 1694 1296 1744 et
1331 1684 1392 1742 in
1415 1683 1769 1746 solemnibus
1796 1683 2143 1764 quandoque
2165 1685 2630 1764 processionibus

206 1765 704 1843 circumgestetur.
751 1763 869 1824 Sed
914 1767 1204 1844 praecipua
1243 1765 1412 1824 istius
1453 1765 1818 1826 idolomanioe
1861 1786 1996 1844 pars
2022 1765 2084 1824 in
2113 1763 2277 1842 festo,
2308 1765 2467 1846 quod
2492 1765 2629 1828 huic

208 1866 464 1922 panaceo
515 1847 642 1906 Deo
691 1845 945 1906 dicatum
991 1855 1098 1922 cst,
1149 1845 1355 1907 elucet.
1401 1845 1639 1906 Festum
1688 1845 1799 1904 hoc
1827 1845 2083 1926 corporis
2111 1845 2325 1908 Christi
2358 1846 2631 1908 Urbanus

210 1927 322 1984 Iv.
373 1926 626 1986 instituit
653 1926 806 1986 circa
831 1945 922 1984 an.
958 1928 1131 1986 1262.
1179 1925 1444 1985 Clemens
1475 1925 1548 1986 V.
1591 1927 1655 1986 in
1685 1927 1943 1986 Concilio
1974 1925 2295 1988 Viennensi
2320 1925 2628 2004 indulgen-

209 2007 305 2064 tiis
333 2007 682 2084 quibusdam
730 2006 1108 2084 locupletavit
1140 2027 1292 2065 anno
1335 2010 1508 2066 1310.
1611 2007 1811 2068 Julius
1853 2006 2101 2085 denique
2133 2007 2251 2066 ΙΙΙ.
2280 2007 2341 2066 in
2372 2005 2631 2068 Concilio

209 2087 551 2146 Tridentino
571 2086 950 2162 confirmavit,
975 2087 1280 2146 anathema
1300 2086 1371 2146 iis
1389 2087 1761 2162 denuncians,
1776 2087 1875 2164 qui
1898 2097 2317 2148 sacramentum
2328 2088 2439 2148 hoc
2472 2085 2631 2166 qnod

213 2167 530 2226 Dominum
562 2168 752 2226 Deum
781 2175 840 2226 et
867 2176 1182 2226 creatorem
1211 2187 1378 2226 suum
1407 2167 1718 2248 indigitare
1748 2167 1952 2245 solent,
1983 2168 2169 2226 latrioe
2197 2168 2357 2228 cultu
2462 2179 2627 2226 oran-

211 2247 348 2308 dum
395 2256 455 2306 ct
497 2247 812 2307 festivitate
840 2248 1117 2324 peculiari
1155 2247 1546 2306 venerandum
1575 2249 1935 2326 negaverint.
2023 2249 2121 2308 Sic
2147 2247 2278 2326 lege
2305 2247 2441 2322 lata,
2474 2248 2625 2306 Pon·

211 2328 375 2387 tificii
409 2329 536 2405 jam
579 2327 798 2387 cultum
845 2325 1126 2388 missatici
1176 2328 1287 2386 Dei
1336 2328 1605 2388 omnibus
1650 2328 1969 2406 imponunt,
2002 2327 2267 2406 ferroque
2295 2337 2355 2388 et
2381 2327 2629 2388 flammis

213 2415 656 2485 persequuntur,
687 2407 787 2485 qui
815 2428 1010 2468 secum
1041 2410 1230 2468 Deum
1259 2407 1413 2468 hunc
1461 2427 1631 2468 suum
1678 2409 1846 2486 proni
1872 2409 1933 2468 in
1962 2419 2172 2470 terram
2200 2417 2259 2468 et
2286 2406 2486 2468 cernui
2512 2429 2631 2468 non

215 2489 528 2548 adorat-int.
611 2487 748 2547 Huc
793 2487 930 2548 facit
975 2489 1170 2564 etiam,
1201 2488 1358 2566 quod
1396 2509 1598 2567 preces
1626 2497 1685 2551 et
1710 2490 2025 2566 gratiarum
2062 2490 2318 2550 actiones
2346 2489 2527 2567 vulgo
2555 2489 2633 2548 ad

213 2577 636 2628 sacramentum
681 2567 1035 2646 dirigantur-3
1080 2569 1238 2647 quod
1283 2578 1537 2648 tempore
1578 2571 1777 2646 gravis
1804 2571 2051 2648 alicujus
2078 2570 2423 2630 calamitatis
2450 2590 2629 2648 expo·

213 2661 383 2708 natur
407 2649 624 2726 populo
653 2649 931 2728 orandum
954 2658 1012 2708 et
1032 2649 1406 2725 adorandum,
1425 2649 1686 2728 nihilque
1704 2650 1917 2728 saepius
1938 2649 2092 2729 apud
2118 2649 2276 2730 ipsos
2297 2649 2499 2710 audias
2519 2649 2633 2710 hac

215 2729 634 2788 benedictionis
655 2729 867 2788 divinas
898 2729 1160 2804 formula,
1185 2731 1344 2788 Laus
1369 2731 1715 2792 sanctissimo
1753 2739 2123 2790 sacramento.

294 2809 406 2868 VI.
451 2810 548 2867 Ex
575 2810 685 2868 hac
710 2829 850 2868 vero
880 2810 1179 2870 sententiae
1208 2811 1667 2870 adversariorum
1712 2810 2096 2870 declaratione
2138 2808 2483 2886 colligimus,
2514 2827 2632 2866 non

209 2910 380 2968 posse
425 2909 544 2964 eos,
575 2881 852 2967 quicquid
891 2889 1216 2967 moliantur,
1263 2891 1336 2950 ab
1385 2890 1727 2950 idololatriae
1756 2891 1993 2949 crimine
2022 2909 2083 2947 sc
2104 2888 2367 2947 liberare.
2414 2888 2629 2960 Primo,

211 2970 351 3047 quia
393 2979 814 3028 sacramentum
877 2969 1084 3047 ipsum,
1135 2971 1194 3029 in
1239 2987 1355 3048 quo
1414 2979 1759 3048 praesentem
1808 2969 2099 3028 Christum
2142 2967 2361 3042 dicunt,
2406 2965 2635 3024 adorari

208 3051 438 3126 jubent,
469 3049 628 3128 quod
655 3058 848 3110 tamen
875 3059 1032 3112 certo
1055 3051 1266 3110 certius
1295 3057 1400 3126 est,
1431 3067 1645 3108 meram
1692 3068 1819 3106 csse
1861 3055 2199 3122 creaturam,
2242 3053 2442 3126 utpote
2471 3065 2627 3124 sym-

216 3130 352 3189 bola
373 3129 500 3207 ipsa
529 3139 756 3190 terrena
783 3150 816 3189 a
846 3129 1073 3190 Christo
1102 3129 1382 3202 instituta,
1427 3137 1486 3187 et
1515 3129 1564 3186 si
1593 3127 1881 3186 credimus
1910 3127 2067 3204 ipsis,
2100 3126 2321 3206 species
2348 3147 2453 3186 seu
2478 3128 2627 3188 acci·

214 3210 414 3270 dentia
439 3219 662 3269 tantum
691 3209 856 3288 panis
877 3217 938 3270 et
963 3211 1104 3268 vini.
1167 3207 1450 3283 Secund0‚
1482 3208 1619 3286 quia
1641 3208 1769 3267 loco
1792 3208 2023 3286 Christi,
2054 3209 2181 3268 veri
2200 3218 2259 3268 et
2286 3208 2487 3268 aeterni
2516 3207 2629 3269 Dei

215 3290 374 3366 Filii,
403 3311 574 3368 quem
604 3291 665 3348 in
691 3290 882 3348 locum
911 3289 1248 3350 substantiae
1277 3289 1442 3368 panis
1463 3309 1566 3368 per
1599 3309 1863 3365 panaenus
1884 3283 2191 3350 succedere
2210 3289 2515 3350 falsissime
2536 3311 2628 3349 ar·-

215 3369 520 3444 bitrantur‚
552 3371 696 3430 nihil
725 3371 884 3430 aliud
903 3391 1076 3449 quam
1099 3379 1354 3430 crustum
1383 3379 1443 3430 et
1471 3369 1791 3429 buccellam
1820 3369 1987 3450 panis
2014 3371 2273 3430 adorant.
2335 3370 2477 3447 Quae
2498 3391 2629 3430 sen-

213 3451 398 3510 tentia
441 3461 602 3511 tanta
648 3450 758 3510 fuit
807 3451 1058 3510 Averroi
1103 3451 1375 3510 scandalo
1424 3450 1483 3508 in
1531 3449 1817 3528 Hispania
1844 3450 2097 3528 degenti,
2128 3460 2194 3510 ut
2222 3450 2452 3527 dixerit,
2484 3451 2629 3511 inter

213 3552 402 3590 omnes
439 3541 617 3592 sectas
643 3533 858 3590 nullam
884 3529 1084 3591 vidisse
1108 3523 1417 3590 stultiorem
1449 3530 1791 3605 Christiana,
1818 3530 2093 3608 Papalem
2114 3531 2353 3589 innuere
2373 3530 2625 3606 volebat,

211 3615 370 3687 cujus
419 3621 721 3672 sectatores
765 3614 1010 3670 adorent
1053 3615 1207 3688 quod
1245 3613 1605 3686 manducant,
1658 3609 1815 3688 quod
1862 3618 2033 3669 antea
2063 3611 2189 3687 jam
2217 3609 2629 3672 observaverat

216 3693 596 3752 Theodoretus
643 3713 700 3770 q.
749 3695 844 3767 55,
891 3692 954 3750 in
983 3692 1276 3768 Genesim,
1322 3695 1358 3724 ‘⁶
1387 3711 1626 3750 summae
1671 3709 1799 3750 esse
1828 3689 2083 3766 insaniae,
2114 3688 2178 3746 id
2203 3689 2441 3748 adorare
2470 3685 2629 3768 quod

213 3771 593 3831 comeditur.”

293 3851 442 3910 VII.
487 3852 647 3911 Nihil
690 3852 900 3912 attinet
945 3859 1138 3910 autem
1185 3861 1526 3930 argumenta
1585 3850 1749 3911 varia
1794 3847 2006 3910 referre
2055 3847 2131 3908 ad
2177 3867 2427 3908 errorem
2471 3847 2627 3908 hunc

201 3932 616 4011 jugulandum.
685 3933 768 3992 Ut
811 3931 968 4010 quod
1015 3932 1150 3992 talis
1197 3932 1538 3992 sacramenti
1581 3931 1857 4007 adoratio,
1889 3950 2019 4008 quae
2046 3938 2241 3990 tamen
2268 3929 2649 4009 necessitatis,

209 4033 338 4072 esse
368 4013 637 4088 creditur,
669 4032 954 4090 nusquam
975 4012 1071 4071 vel
1092 4033 1128 4070 a
1156 4009 1384 4072 Christo
1411 4013 1692 4092 imperata
1718 4013 1779 4071 in
1808 4019 2021 4070 sanctae
2040 4030 2218 4070 coense
2246 4007 2625 4085 institutione,

208 4093 308 4152 vel
336 4093 413 4152 ab
441 4093 718 4171 apostolis
755 4093 815 4154 in
843 4094 896 4170 ej
904 4112 972 4152 us
998 4091 1166 4170 praxi
1194 4093 1515 4168 observata,
1545 4093 1793 4171 legatur.
1858 4091 2029 4166 Quod
2055 4089 2319 4168 nuspiam
2348 4109 2383 4146 a
2424 4087 2627 4164 Paulo,

211 4173 312 4250 qui
361 4181 482 4231 tam
531 4172 775 4233 sollicite
822 4173 1001 4232 verba
1027 4171 1406 4232 institutionis
1453 4171 1629 4231 refert
1673 4194 1797 4251 cap.
1828 4172 1908 4230 xi.
1940 4171 2015 4230 ad
2045 4169 2302 4230 Corinth.
2331 4167 2427 4227 vel
2456 4167 2629 4230 unico

213 4251 461 4312 verbulo
490 4254 567 4312 sit
588 4253 1004 4330 commendata,
1035 4252 1192 4331 quod
1220 4261 1414 4314 tamen
1439 4251 1602 4313 locus
1632 4251 1749 4328 ille,
1794 4251 1844 4310 si
1886 4251 2040 4311 ullus
2088 4268 2361 4327 unquam,
2392 4247 2629 4328 exigere

207 4332 538 4408 videbatur,
587 4342 654 4392 ut
701 4333 1042 4412 dignitatem
1087 4333 1350 4410 mysterii
1391 4332 1675 4392 adversus
1716 4331 2085 4410 profanorum
2127 4338 2519 4408 contemptum
2560 4351 2630 4394 eo

209 4413 404 4492 magis
431 4413 754 4473 extolleret.
800 4413 970 4489 Quod
1015 4413 1078 4472 in
1127 4413 1393 4474 Ecclesia
1422 4411 1766 4491 Apostolica
1806 4407 2031 4470 nullum
2058 4429 2305 4488 praxeos
2332 4409 2502 4472 istius
2530 4411 2629 4472 dc·

206 4493 604 4572 prehendatur
647 4494 976 4572 vestigium.
1022 4491 1192 4569 Quod
1239 4495 1312 4552 ab
1358 4493 1614 4552 omnium
1642 4491 1885 4552 aliorum
1928 4499 2433 4568 sacramentorum,
2462 4503 2630 4570 quot-

209 4583 358 4651 quot
381 4573 443 4631 in
471 4573 606 4633 Vet.
637 4575 736 4634 vel
763 4573 934 4633 Novo
962 4573 1120 4634 Test.
1149 4575 1426 4650 leguntur
1450 4572 1733 4648 instituta,
1765 4571 1973 4631 ritibus
2000 4571 2077 4632 sit
2102 4571 2471 4648 alienissima,
2502 4592 2631 4650 quaa

211 4674 324 4714 nec
344 4653 586 4714 adorata
604 4653 894 4732 videntur,
925 4675 1032 4716 nec
1059 4653 1134 4714 ad
1162 4653 1516 4714 adorandum
1547 4653 1859 4734 proposita.
1944 4651 2077 4712 Hoc
2104 4669 2283 4714 unum
2312 4651 2481 4715 nobis
2508 4663 2633 4714 esto
