3234 5192
534 312 651 369 272
1136 326 1216 367 ns
1244 324 1528 367 Bonosum
1556 324 1800 366 omnum
1841 320 2263 366 secessuum.
2566 302 2829 384 [n1s1’trr.
2858 327 2945 370 Ν.

531 468 719 528 facere
747 466 914 545 solet,
945 466 1163 545 duplici
1188 466 1288 525 via
1314 466 1650 544 primarium
1692 465 1805 523 hoc
1856 461 2075 522 Salutis
2104 464 2291 543 Caput
2308 484 2672 545 corrumpere
2700 477 2942 529 conatus

531 556 638 623 est,
670 546 1075 624 conjungendo
1103 546 1435 621 dividenda,
1481 554 1540 605 et
1579 543 1895 603 dividendo
1924 544 2363 622 conjungenda3
2428 546 2581 604 Nam
2620 546 2683 604 in
2708 547 2753 607 J
2755 549 2939 607 ustifi-

527 628 771 703 cationis
800 627 1035 703 negotio
1065 626 1272 685 Fidem
1321 634 1378 685 et
1408 626 1598 704 Opera
1625 626 1976 703 conjungere
2004 625 2233 702 satagit,
2277 645 2408 702 quae
2438 626 2600 685 Deus
2628 629 2935 705 separavit,

523 715 584 767 et
611 707 673 765 in
703 706 1170 768 sanctificatione
1200 706 1389 784 Opera
1416 725 1452 764 a
1489 705 1639 764 Fide
1666 703 1944 763 divellere
1972 704 2223 779 molitur,
2253 724 2385 783 quae
2423 705 2587 765 Deus
2615 707 2936 783 conjunxit.

1131 786 1253 844 III.
1298 786 1460 844 Inter
1493 784 1608 845 duo
1637 784 1763 843 haec
1792 784 2072 841 Extrema
2086 783 2342 846 medium
2364 792 2563 845 tenent
2591 785 2933 865 orthodoxi,

563 842 964 946 Orssgagtueogffium
1044 866 1147 942 qui
1173 865 1575 924 necessitatem
1619 863 1856 941 quidem
1896 862 2181 922 bonorum
2210 864 2463 942 Operum
2489 873 2701 942 urgent
2728 866 2936 926 adver·

1046 964 1146 1003 sus
1174 942 1524 1003 Antinomos
1552 952 1612 1002 et
1654 942 2003 1019 LibertinOS,
2036 944 2140 1001 sed
2170 944 2439 1004 meritum
2478 954 2809 1007 constanter
2834 967 2934 1007 ne-

519 1032 663 1103 gant
703 1023 984 1083 adversus
1034 1023 1405 1100 Pontificios;
1458 1023 1829 1084 Contendunt
1871 1022 2195 1081 necessaria
2238 1042 2366 1083 esse
2395 1024 2470 1083 ad
2511 1025 2757 1085 salutem
2785 1028 2931 1087 obti-

517 1104 786 1178 nendam,
817 1104 956 1180 quia
985 1103 1108 1163 sine
1153 1103 1460 1163 sanctitate
1508 1123 1681 1162 nemo
1724 1103 1958 1161 visurus
1986 1111 2076 1162 est
2105 1103 2314 1179 Deum,
2358 1104 2512 1163 Heb.
2542 1105 2645 1163 xii.
2689 1108 2783 1182 14,
2830 1107 2935 1166 sed

517 1184 726 1244 nolunt
778 1203 1093 1261 agnoscere
1146 1184 1473 1243 necessaria
1526 1203 1656 1244 esse
1702 1182 1779 1243 ad
1819 1202 1947 1241 eam
1990 1182 2417 1261 acquirendam,
2458 1184 2597 1261 quia
2640 1186 2934 1246 salvamur

517 1265 709 1342 gratia
751 1272 810 1323 et
863 1284 982 1323 non
1029 1285 1106 1324 ex
1161 1265 1447 1342 operibuS,
1493 1264 1646 1342 Eph.
1701 1264 1763 1323 ii.
1810 1264 1866 1322 8.
1953 1262 2251 1340 Fatentur,
2311 1264 2501 1342 Opera
2552 1264 2932 1342 multiplicem

517 1345 730 1404 habere
774 1344 941 1423 σχέο-ιν
969 1352 1029 1405 et
1055 1344 1394 1404 relationem
1422 1343 1498 1403 ad
1525 1345 1726 1419 vitam,
1756 1350 1823 1403 ut
1850 1344 2023 1402 medii
2055 1342 2131 1401 ad
2176 1343 2369 1417 finem,
2418 1344 2526 1403 vioe
2574 1344 2651 1403 ad
2697 1355 2929 1422 metam,

506 1444 722 1504 puynoe
757 1426 832 1485 ad
860 1424 1181 1502 victoriam,
1210 1425 1456 1484 victoriae
1497 1422 1572 1482 ad
1600 1442 1887 1497 eoronam,
1918 1430 1977 1480 et
2022 1423 2230 1481 laboris
2277 1422 2459 1481 debiti
2486 1422 2561 1480 ad
2607 1425 2932 1485 mercedem

515 1507 846 1583 gratuitam.
901 1504 1020 1565 Sed
1045 1524 1164 1563 non
1184 1512 1429 1582 possunt
1455 1502 1760 1561 admittere
1788 1520 1921 1559 cum
1950 1500 2338 1576 Adversariis,
2359 1501 2570 1559 habere
2592 1502 2932 1563 relationem

514 1585 721 1658 meriti,
756 1594 813 1643 et
841 1584 1232 1657 causalitatis3
1292 1583 1430 1659 quia
1459 1588 1723 1640 statuunt
1762 1599 1895 1637 cum
1946 1579 2242 1636 Bernardo
2270 1597 2399 1636 esse
2424 1579 2574 1635 viam
2602 1581 2779 1654 requi,
2809 1600 2928 1639 non

513 1682 746 1721 causam
784 1663 1079 1737 reynandi.
1165 1661 1492 1719 Fatendum
1541 1668 1735 1717 tamen
1782 1658 1955 1715 etiam
2004 1656 2157 1714 inter
2181 1656 2339 1733 ipsos
2385 1656 2773 1732 Evangelicos
2802 1658 2929 1717 dari

513 1740 750 1818 aliquod
777 1741 1190 1799 sententiarum
1226 1737 1541 1797 divortium
1585 1738 1738 1795 circa
1779 1735 2063 1794 bonorum
2101 1735 2354 1812 Operum
2406 1735 2809 1795 necessitatem
2853 1737 2931 1796 ad

517 1820 780 1893 salutem,
811 1838 886 1876 an
915 1818 1138 1877 scilicet
1181 1820 1327 1876 bona
1367 1837 1546 1893 opera
1593 1816 1711 1875 dici
1735 1816 1955 1891 possint
1979 1816 2063 1872 ad
2099 1818 2337 1874 salutem
2362 1816 2697 1875 necessaria.
2782 1817 2930 1877 Cum

513 1900 668 1959 enim
709 1898 994 1976 superiori
1021 1898 1216 1957 seculo
1248 1896 1538 1955 Pontificii
1566 1894 1629 1953 in
1659 1894 1973 1955 Germania
1991 1893 2258 1954 viderent
2286 1894 2606 1954 doctrinam
2634 1894 2708 1954 de
2736 1894 2927 1957 Justi-

511 1978 780 2038 ficatione
807 1997 912 2055 per
940 1978 1119 2036 solam
1148 1976 1324 2035 fidem
1351 1996 1467 2034 non
1495 1994 1666 2053 posse
1696 1974 1869 2034 simul
1897 1982 1956 2033 et
1977 1974 2156 2033 semel
2183 1975 2383 2051 everti,
2414 1974 2691 2034 insidiose
2718 1995 2928 2055 urgere

513 2067 814 2137 coeperunt
841 2058 993 2117 hanc
1018 2056 1487 2135 propositionem,
1519 2058 1692 2114 Bona
1719 2076 1898 2131 opera
1938 2057 2023 2114 ad
2056 2058 2292 2115 salutem
2331 2076 2447 2115 esse
2484 2057 2821 2133 necessaria,
2864 2056 2927 2115 in

510 2139 758 2199 formula
813 2138 1224 2197 Interimistica
1273 2135 1473 2217 (quam
1530 2136 1639 2195 sub
1690 2134 1880 2213 specie
1910 2132 2344 2195 conciliationis
2371 2142 2431 2195 et
2474 2135 2643 2195 Pacis
2670 2136 2925 2195 Ecclesi-

511 2219 707 2278 asticae
737 2218 1046 2279 obtrudere
1093 2216 1436 2294 satagebant
1474 2215 1957 2291 Protestantibus,
2010 2214 2116 2275 sed
2161 2216 2351 2294 reipsa
2376 2215 2453 2275 ad
2518 2216 2768 2275 uriorem
2807 2217 2921 2276 Re-

509 2298 788 2374 ligionem
833 2297 1328 2375 corrumpendam,
1379 2304 1446 2355 ut
1492 2294 1714 2355 faciunt
1767 2294 2033 2354 hodierni
2092 2236 2517 2374 SyncretistaeS
2584 2304 2643 2355 et
2690 2296 2925 2373 quidem

507 2378 785 2455 praeclaro
813 2376 922 2435 sub
949 2376 1061 2435 hoc
1087 2383 1390 2455 praetextu,
1423 2395 1495 2435 ne
1525 2374 1963 2453 Epicureismus
1990 2374 2449 2433 introduceretur
2474 2374 2536 2431 in
2565 2374 2923 2453 Ecclesiam3

505 2475 712 2514 revera
750 2465 944 2515 autem
989 2464 1058 2515 ut
1104 2454 1149 2515 J
1151 2454 1553 2515 ustificationis
1597 2453 1861 2513 doctrina
1902 2452 2182 2531 paulatim
2222 2454 2677 2529 convelleretur;
2737 2454 2925 2527 Quam

505 2535 769 2595 fraudem
796 2555 930 2595 cum
955 2535 1125 2595 multi
1145 2555 1262 2594 non
1291 2534 1487 2594 statim
1513 2532 2056 2608 animadverterent,
2079 2531 2530 2611 propositionem
2546 2530 2919 2609 admiserunt,

511 2625 572 2676 et
599 2616 751 2675 inter
778 2635 878 2675 eos
923 2616 1099 2675 etiam
1145 2615 1542 2690 Melancthon,
1567 2614 1670 2691 qui
1713 2622 1908 2673 tamen
1954 2611 2207 2691 phrasim
2251 2611 2414 2670 illam
2459 2618 2662 2689 postea
2700 2611 2920 2688 rejecit,

505 2703 783 2773 tanquam
811 2695 1004 2755 minus
1031 2695 1411 2771 commodam,
1452 2694 1568 2753 imo
1611 2702 1671 2753 et
1697 2692 2095 2773 periculosam,
2146 2697 2213 2751 ut
2238 2698 2399 2770 patet
2424 2710 2502 2750 ex
2530 2689 2701 2749 Actis
2730 2690 2924 2750 Collo-

505 2777 631 2855 quii
660 2775 1107 2837 Wormatiensis
1153 2774 1339 2834 habiti
1367 2794 1518 2833 anno
1566 2774 1740 2833 1567.
1825 2772 1993 2831 Mota
2035 2778 2239 2850 postea
2284 2770 2396 2830 fuit
2442 2770 2645 2830 eadem
2670 2769 2746 2829 lis
2773 2770 2925 2830 inter

504 2852 837 2935 Theologos
865 2856 1403 2933 witembergenses
1446 2862 1506 2913 et
1532 2852 1577 2913 J
1580 2872 1839 2931 enenseS,
1871 2851 2085 2929 diuque
2114 2858 2175 2910 et
2200 2849 2587 2911 diversimode
2616 2850 2679 2908 in
2706 2857 2919 2910 utram-

503 2956 618 3014 que
667 2944 888 3015 partem
931 2936 1169 3014 agitata,
1214 2936 1331 2994 illis
1377 2933 1831 3013 propositionem
1875 2930 2292 2992 admittendam
2340 2950 2467 2990 esse
2513 2930 2917 3007 statuentibus,

503 3016 634 3076 istis
661 3036 800 3076 vero
842 3016 1256 3094 rejicientibus,
1305 3014 1491 3074 donec
1519 3013 1754 3074 tandem
1781 3014 1843 3070 in
1888 3012 2040 3071 libro
2085 3010 2421 3071 Concordiae
2469 3009 2788 3089 composita
2814 3019 2919 3087 est,

507 3096 586 3153 Et
614 3096 676 3153 in
701 3098 814 3155 hoc
842 3105 1210 3168 conventum,
1240 3096 1468 3155 Novam
1489 3092 1857 3153 obedientiam
1872 3112 1969 3152 seu
1989 3093 2135 3151 bona
2162 3112 2341 3169 opera
2360 3090 2583 3151 interna
2605 3100 2661 3149 et
2682 3100 2921 3150 exter-na

505 3176 851 3233 credentibus
879 3184 933 3232 et
958 3178 1236 3235 conversis
1273 3178 1358 3234 ad
1379 3176 1570 3233 Deum
1599 3194 1715 3233 esse
1754 3172 2091 3233 necessaria.
2176 3172 2339 3231 Inter
2392 3170 2758 3231 Reformatos
2786 3179 2921 3230 sunt

505 3252 608 3329 qui
635 3252 972 3327 simpliciter
1025 3253 1144 3313 dici
1185 3255 1392 3312 nolunt
1445 3262 1504 3312 et
1552 3252 1677 3311 sine
1705 3252 1901 3330 aliqua
1940 3252 2224 3327 cautione,
2270 3251 2425 3311 bona
2452 3250 2641 3329 Opera
2668 3268 2797 3309 esse
2843 3250 2918 3309 ad

505 3330 753 3388 salutem
779 3332 1120 3406 necessaria,
1167 3351 1240 3389 ne
1289 3332 1419 3409 quis
1461 3332 1719 3408 phrasim
1748 3331 1907 3389 illam
1938 3350 2111 3390 sensu
2141 3330 2447 3391 Pontificio
2474 3331 2913 3407 interpretetur3

504 3407 672 3485 quasi
701 3407 924 3466 scilieet
941 3408 1096 3467 bona
1144 3429 1317 3487 opera
1343 3408 1673 3468 dicerentur
1714 3411 2038 3469 necessaria
2067 3410 2141 3468 ad
2171 3411 2412 3469 salutem
2433 3408 2789 3469 efficiendam
2817 3418 2919 3469 aut

503 3486 941 3565 procurandam,
971 3496 1038 3547 ut
1061 3488 1280 3547 Pareus
1301 3488 1364 3545 in
1392 3486 1829 3565 Bellarminum,
1847 3488 1951 3547 lib.
1981 3492 2037 3547 4.
2069 3488 2141 3547 de
2169 3487 2617 3565 Justificatione,
2663 3509 2713 3548 c.
2738 3492 2790 3548 1.
2836 3488 2916 3549 Et

505 3567 770 3629 Joannes
795 3567 1198 3627 Davenantius
1228 3566 1300 3627 de
1328 3568 1373 3628 J
1373 3566 1779 3641 ustificatione‚
1812 3586 1936 3645 cap.
1965 3568 2133 3625 xxxi.
2219 3567 2344 3627 Alii
2387 3589 2529 3628 vero
2577 3569 2917 3648 simpliciter

500 3647 956 3728 propositionem
982 3647 1217 3707 retineri
1243 3666 1415 3725 posse
1457 3654 1712 3722 censent,
1743 3666 1851 3705 nec
1878 3646 1940 3705 in
1968 3666 2037 3705 ea
2063 3648 2243 3706 ullam
2270 3648 2397 3707 dari
2422 3649 2722 3709 materiam
2751 3669 2914 3709 scan-

501 3728 638 3805 dali,
682 3728 855 3788 modo
882 3736 1038 3787 recte
1079 3726 1439 3806 explicetur3
1483 3726 1730 3785 multum
1760 3746 1898 3785 vero
1935 3726 2178 3804 periculi
2224 3735 2283 3786 et
2310 3726 2643 3788 offendiculi
2688 3746 2833 3805 esse,
2865 3730 2916 3788 si

499 3809 634 3889 quis
681 3808 744 3867 id
790 3816 967 3887 neget
1010 3816 1112 3867 aut
1157 3806 1348 3867 dicere
1390 3805 1755 3881 reformidet;
1826 3804 1902 3864 ad
1929 3826 2076 3883 quos
2130 3807 2305 3866 etiam
2354 3808 2523 3867 facile
2567 3808 2913 3869 accedimus.

505 3887 943 3967 Qualiscunque
973 3908 1112 3948 vero
1141 3888 1220 3948 sit
1245 3888 1354 3947 iste
1382 3886 1699 3963 dissensus,
1729 3886 1793 3945 in
1818 3886 2013 3947 verbis
2040 3886 2235 3965 potius
2262 3894 2321 3947 et
2361 3888 2559 3966 phrasi
2587 3888 2762 3949 situm
2790 3908 2919 3949 esse

499 3988 675 4047 quam
701 3968 764 4027 in
790 3968 995 4047 reipsa,
1027 3968 1195 4027 facile
1216 3974 1306 4027 est
1333 3967 1625 4045 colligere,
1656 3965 1810 4047 apud
1830 3974 2106 4045 utrosque
2124 3966 2277 4026 enim
2304 3968 2417 4027 hoc
2438 3977 2528 4028 est
2553 3970 2613 4027 in
2632 3968 2914 4045 confesso,

501 4050 692 4127 Opera
736 4050 820 4108 ita
863 4068 991 4109 esse
1038 4048 1207 4107 nobis
1250 4047 1591 4122 necessaria,
1624 4054 1690 4106 ut
1737 4066 1908 4105 nemo
1937 4048 2061 4107 sine
2105 4048 2248 4125 ipsis
2291 4048 2505 4107 salvari
2544 4049 2747 4126 possit,
2776 4048 2915 4110 licet

498 4130 646 4189 nihil
668 4129 965 4189 conferant
991 4127 1067 4187 ad
1095 4128 1340 4187 salutem
1369 4127 1466 4186 vel
1507 4126 1865 4186 efficiendam
1894 4127 1993 4186 vel
2029 4128 2453 4206 acquirendam,
2486 4129 2644 4207 quod
2662 4130 2787 4207 jam
2815 4130 2915 4188 de-

497 4209 1013 4271 nemonstrandum
1039 4210 1210 4268 nobis
1238 4216 1344 4268 est.
2522 4270 2533 4283 ,

1106 4290 1216 4351 IV.
1242 4288 1328 4349 Ut
1338 4308 1477 4347 vero
1487 4287 1701 4347 clarius
1716 4286 2029 4349 Sententiae
2042 4286 2395 4349 Orthodoxae
2406 4288 2620 4348 veritas
2630 4295 2911 4364 teneatur,

548 4354 925 4459 ⁸²⁸2¹i¹gnss²¹¹w
1025 4369 1454 4430 Praemittendae
1482 4376 1619 4429 sunt
1637 4368 2037 4429 distinctiones
2056 4369 2351 4429 nonnullae
2372 4368 2750 4445 Necessitates,
2782 4388 2915 4447 quae

795 4446 806 4460 '
1021 4450 1118 4511 hic
1141 4450 1341 4511 sedulo
1371 4458 1506 4511 sunt
1531 4448 1916 4510 attendendae.
1948 4448 2089 4508 Alia
2108 4450 2321 4529 quippe
2333 4458 2423 4509 est
2433 4450 2749 4509 Necessitas
2754 4466 2912 4526 proe·

497 4528 703 4601 sentia,
745 4529 1061 4588 secundum
1105 4550 1279 4607 quam
1315 4530 1472 4589 bona
1516 4530 1707 4608 Opera
1754 4533 1837 4589 ita
1880 4529 2151 4589 dicuntur
2186 4529 2527 4606 necessaria,
2558 4538 2625 4589 ut
2642 4530 2767 4589 sine
2796 4529 2915 4588 illis

497 4607 656 4667 salus
697 4606 946 4665 obtineri
988 4618 1269 4685 nequeat;
1315 4609 1454 4668 Alia
1501 4629 1640 4670 vero
1688 4609 2005 4669 Necessitas
2032 4610 2350 4686 ςθῖάεηείω,
2382 4610 2702 4671 secundum
2734 4628 2910 4688 quam

3128 3964 3234 4046 Ο
