3234 5192
290 338 527 385 msrur.
558 324 711 396 xxm]
913 336 993 380 ns
1022 335 1514 379 suisne-noxus
1540 336 1787 379 camsi-1
1816 337 2134 381 vannus.
2589 326 2706 387 491

288 487 391 541 tur
416 479 681 555 quidem,
708 479 815 539 sed
840 496 979 553 quse
1006 496 1197 553 poenoe
1222 484 1425 537 tamen
1450 477 1746 537 rationem
1771 496 1892 537 non
1921 479 2177 551 habeat3
2218 479 2284 539 N
2285 478 2518 555 uspiam
2545 482 2708 541 enim

289 559 464 617 istius
488 558 656 615 modi
702 557 867 632 apud
910 556 1223 631 scriptores
1268 573 1465 613 sacros
1505 555 1857 630 significatio
1898 558 2172 629 occurrit,
2215 558 2338 617 imo
2365 566 2708 617 constanter

292 654 403 712 pro
432 636 769 695 calamitate
797 652 871 695 ea
908 634 1166 693 sumitur
1210 652 1347 707 quoe
1390 632 1457 689 in
1496 652 1734 711 poenam
1761 634 1988 709 peccati
2013 634 2358 711 imponitur,
2387 638 2705 695 consulan-

294 721 397 771 tur
423 715 557 773 loca
604 714 754 774 Gen.
781 712 861 770 iv.
906 712 963 783 7,
1006 710 1196 769 Num.
1225 710 1327 771 xii.
1371 710 1465 781 11,
1494 721 1553 770 et
1592 712 1777 771 xxxii.
1808 712 1904 783 23,
1934 712 2104 773 Lam.
2135 713 2216 773 iii.
2247 714 2342 786 39,
2372 720 2433 772 et
2457 714 2537 772 iv,
2559 715 2617 785 6,
2645 720 2708 773 et

295 810 352 851 v.
382 792 441 861 7,
471 792 657 853 Zach.
678 792 800 849 xiv.
834 790 925 849 19.
954 790 1174 865 Neque
1200 788 1568 850 contrarium
1586 790 1778 849 evinci
1801 797 1994 865 potest
2019 809 2094 849 ex
2125 793 2154 849 l
2187 791 2338 867 Reg.
2365 792 2406 851 i.
2437 792 2532 863 21,
2561 810 2707 849 nam

296 878 462 946 patet
488 890 563 929 ex
590 869 775 928 totius
800 869 1010 945 capitis
1057 867 1205 926 serie
1233 868 1597 926 Bathsebam
1625 868 1689 925 id
1709 869 1884 939 velle,
1907 887 2030 925 non
2057 876 2294 929 tantum
2323 888 2387 929 se
2413 876 2706 945 tanquam

296 955 639 1022 peccantem
663 966 801 1007 cum
847 948 974 1004 filio
1002 964 1113 1005 suo
1140 946 1299 1005 male
1327 945 1601 1004 habitum
1629 945 1722 1017 iri,
1761 948 1867 1003 sed
1909 946 2218 1007 involvere
2233 948 2416 1007 etiam
2443 947 2704 1007 criminis

297 1026 555 1101 alienius
581 1025 859 1102 quamvis
882 1025 1007 1083 ficti
1034 1032 1095 1083 et
1119 1022 1258 1083 falsi
1284 1023 1822 1083 considerationem
1849 1030 2136 1099 tanquam
2162 1044 2356 1085 causae
2384 1026 2704 1083 meritorias

297 1123 609 1182 poenarum
636 1105 713 1162 ab
734 1103 876 1177 ipsis
900 1102 1303 1173 ferendarum,
1326 1101 1495 1175 regni
1518 1104 1640 1160 scil.
1667 1102 1995 1177 occupandi
2022 1105 2294 1179 adeoque
2310 1105 2468 1163 laesae
2489 1103 2706 1177 majes-

296 1183 439 1240 tatis
466 1182 623 1256 regis
652 1180 933 1251 Adoniae,
974 1187 1045 1239 ut
1069 1186 1237 1255 patet
1262 1198 1338 1236 ex
1364 1197 1484 1237 ver.
1513 1180 1605 1251 10,
1637 1179 1730 1249 12,
1764 1179 1856 1237 13.
1926 1180 2174 1239 Falsum
2209 1184 2430 1258 pariter
2448 1180 2702 1254 justitiae

299 1278 508 1317 vocem
531 1278 645 1333 pro
671 1259 956 1315 beneficio
986 1257 1141 1315 sumi
1168 1258 1333 1332 quod
1362 1256 1511 1315 alias
1528 1257 1782 1333 justitiae
1821 1258 2065 1317 effectus
2091 1266 2200 1317 aut
2238 1260 2554 1336 praemium
2579 1276 2706 1316 esse

300 1339 473 1409 solet,
515 1336 655 1394 licet
701 1336 1043 1393 conferatur
1086 1335 1217 1393 sine
1270 1336 1400 1392 ullo
1456 1342 1728 1411 respectu
1767 1334 2018 1411 justitiae
2055 1338 2131 1394 ab
2167 1338 2372 1411 aliquo
2406 1337 2702 1411 praestitae,

300 1432 445 1472 nam
472 1432 611 1472 cum
649 1412 950 1488 judicium
988 1412 1103 1470 Dei
1128 1413 1207 1471 sit
1254 1414 1583 1471 secundum
1609 1412 1938 1487 veritatem,
1971 1414 2147 1472 Rom.
2170 1415 2230 1473 ii.
2261 1416 2317 1487 2,
2345 1433 2470 1472 non
2510 1421 2708 1490 potest

292 1494 492 1567 justos
533 1490 927 1567 pronunciare
971 1491 1069 1549 vel
1110 1508 1221 1565 pro
1253 1491 1437 1566 justis
1463 1492 1702 1561 habere,
1730 1492 1838 1567 qui
1885 1494 2048 1549 omni
2081 1492 2324 1567 justitia
2349 1494 2447 1550 vel
2473 1510 2584 1551 sua
2610 1492 2708 1549 vel

300 1570 499 1629 aliena
524 1569 972 1641 destituuntur3
1012 1587 1210 1645 neque
1237 1569 1397 1627 enim
1418 1587 1688 1645 unquam
1714 1572 1966 1644 probare
1991 1578 2276 1645 poterunt
2301 1570 2363 1627 id
2390 1570 2454 1628 in
2483 1569 2712 1645 justifi-

300 1647 551 1706 cationis
576 1655 794 1706 nostrae
842 1648 1085 1722 negotio
1113 1646 1397 1719 obtinere,
1426 1648 1549 1705 imo
1597 1666 1968 1723 quaecunque
1993 1648 2128 1707 loca
2173 1650 2248 1705 de
2275 1666 2348 1705 ea
2374 1649 2711 1722 loquuntur

300 1744 373 1783 ea
400 1726 605 1784 omnia
630 1728 728 1783 vel
759 1726 1061 1800 justitiam
1087 1726 1446 1800 imputatam
1490 1724 1715 1784 Christi
1741 1733 1802 1783 et
1827 1726 2108 1784 meritum
2133 1726 2480 1803 exprimunt
2505 1734 2708 1801 aperte

301 1805 396 1861 vel
426 1811 805 1879 supponunt;
847 1810 919 1861 ut
943 1822 1021 1861 ex
1047 1804 1318 1861 locorum
1346 1803 1668 1861 collatione
1695 1810 1897 1880 patere
1923 1810 2138 1880 potest.

380 1881 736 1939 XXXVII.
782 1880 1099 1956 Perperam
1150 1880 1221 1938 E.
1252 1881 1488 1938 addunt
1528 1882 1606 1939 2⁰.
1636 1884 1820 1939 verba
1855 1882 1984 1940 haec
2013 1882 2168 1940 nihil
2190 1882 2360 1940 aliud
2387 1888 2713 1941 connotare

299 1978 482 2036 quam
513 1958 815 2018 Christum
842 1966 1133 2033 tanquam
1159 1965 1529 2032 peccatorem
1558 1960 1832 2017 habitum
1860 1959 2046 2018 fuisse
2073 1968 2134 2017 et
2159 1966 2515 2018 tractatum:
2544 1960 2714 2034 frigi-

299 2040 381 2095 da
407 2037 563 2095 enim
593 2038 723 2095 haee
742 2036 1033 2111 expositio
1054 2054 1131 2092 ex
1151 2054 1242 2105 eo,
1266 2035 1319 2093 1.
1344 2036 1485 2093 satis
1504 2037 1865 2107 retunditur,
1892 2036 2068 2104 Quod
2089 2056 2213 2093 non
2229 2038 2449 2095 dicitur
2475 2044 2714 2095 tantmn

299 2116 541 2173 habitus
566 2120 897 2189 peccatum,
927 2113 1029 2169 sed
1054 2118 1257 2183 sacua,
1278 2113 1357 2169 id.
1388 2112 1766 2183 constitutus,
1784 2130 1893 2171 nee
1917 2114 2113 2171 factus
2140 2114 2218 2170 ab
2237 2114 2581 2171 hominibus
2607 2114 2712 2170 sed

300 2195 377 2252 ab
406 2194 537 2265 ipso
564 2190 716 2261 Dec,
747 2190 852 2247 An
871 2206 1018 2246 vero
1048 2190 1215 2247 Deus
1240 2189 1382 2248 fecit
1408 2208 1547 2247 eum
1573 2190 1782 2247 haberi
1809 2197 2116 2265 peceatum
2142 2196 2204 2247 et
2222 2189 2474 2264 impium
2502 2192 2577 2248 ab
2604 2191 2714 2248 ho-

304 2269 603 2327 minibus?
624 2268 745 2325 imo
772 2284 916 2323 voce
937 2267 1159 2326 coelesti
1186 2267 1479 2343 editisque
1506 2268 1809 2325 miraculis
1835 2269 1948 2325 hoc
1975 2267 2099 2343 egit
2123 2274 2196 2326 ut
2221 2267 2499 2325 omnibus
2529 2274 2713 2326 testa-

304 2354 431 2409 tam
456 2346 677 2405 faceret
706 2344 925 2404 Christi
944 2344 1349 2405 innocentiam
1373 2368 1387 2405 :
1416 2345 1585 2403 aliud
1616 2346 1689 2404 E.
1719 2354 1808 2404 est
1828 2346 1999 2421 loqui
2027 2347 2102 2403 de
2121 2345 2354 2421 judicio
2375 2353 2437 2404 et
2458 2347 2717 2405 aestima-

299 2426 466 2484 tione
504 2423 835 2494 hominum‚
866 2424 1033 2482 aliud
1061 2426 1137 2483 de
1167 2425 1403 2500 judicio
1430 2430 1489 2482 et
1530 2424 1905 2483 ordinatione
1947 2424 2080 2496 Dei,
2109 2425 2266 2482 illud
2291 2423 2553 2483 intendit
2579 2431 2714 2482 tan-

299 2511 433 2563 tum
460 2502 783 2563 adversarii
808 2502 1031 2577 glossa,
1060 2504 1163 2562 sed
1210 2504 1442 2579 phrasis
1480 2502 1740 2561 Paulina
1766 2504 1926 2561 istud
1954 2504 2169 2561 diserte
2197 2510 2514 2575 connotat;
2556 2505 2712 2561 adde

298 2583 481 2641 etiam
506 2582 689 2658 quod,
722 2580 840 2639 Isa.
863 2582 971 2641 liii.
1004 2583 1098 2656 10,
1144 2581 1379 2642 Christo
1406 2582 1519 2658 ipsi
1546 2583 1661 2639 hoc
1696 2582 1999 2640 tribuatur
2041 2588 2076 2615 “
2099 2584 2264 2657 quod
2293 2582 2559 2655 posuerit
2583 2582 2716 2639 ani-

298 2680 461 2719 mam
488 2679 659 2719 suam
689 2660 852 2730 nris?
888 2661 1013 2719 sive
1040 2660 1205 2736 quod
1234 2668 1545 2737 peceatum
1572 2678 1634 2717 se
1669 2660 1894 2729 fecerit,
1925 2678 2004 2716 an
2031 2678 2174 2717 vero
2199 2660 2262 2716 id
2293 2661 2480 2732 egerit
2507 2666 2579 2717 ut
2605 2678 2714 2733 pro

298 2738 620 2797 execrabili
646 2744 707 2794 et
734 2739 977 2796 scelesto
1005 2740 1367 2797 haberetur?
1416 2737 1613 2795 Absit.
1661 2738 1715 2795 2.
1747 2737 2072 2795 Refellitur
2107 2736 2286 2793 etiam
2323 2736 2386 2793 id
2408 2736 2606 2812 ipsum
2633 2754 2708 2793 ex

300 2816 581 2874 antithesi
630 2813 823 2884 Pauli,
852 2816 1102 2890 opponit
1129 2816 1250 2873 scil.
1273 2826 1575 2891 peccatum
1602 2821 1664 2872 et
1691 2814 1988 2889 justitiam
2014 2820 2086 2869 ut
2109 2813 2355 2887 perinde
2383 2832 2495 2871 nos
2524 2813 2714 2871 factos

291 2892 591 2966 justitiam
611 2891 773 2949 dicat
792 2890 855 2948 in
879 2892 1116 2950 Christo
1145 2894 1453 2966 quomodo
1480 2899 1792 2965 peceatum
1821 2890 1925 2947 ille
1940 2888 2137 2946 factus
2159 2896 2247 2945 est
2273 2907 2383 2962 pro
2407 2891 2612 2947 nobis:
2642 2895 2716 2947 ut

291 2971 535 3043 justitia
562 2969 746 3026 simus
772 2986 895 3025 non
922 2976 1161 3025 tantum
1188 2988 1293 3041 per
1330 2968 1549 3025 falsam
1573 2968 1891 3024 hominum
1934 2965 2388 3023 aestimationem
2420 2966 2566 3041 quia
2600 2985 2709 3040 pro

291 3047 473 3120 justis
500 3046 811 3119 habemur,
840 3045 963 3101 imo
992 3052 1285 3120 tanquam
1311 3044 1662 3103 retrimenta
1687 3044 1902 3101 mundi
1917 3050 1979 3100 et
1994 3061 2160 3101 sacra
2179 3060 2248 3101 ac
2269 3045 2489 3101 devota
2515 3044 2712 3118 capita

300 3140 627 3193 censemur,
654 3123 757 3179 sed
784 3140 892 3197 per
918 3140 1125 3180 veram
1153 3129 1492 3197 certamque
1522 3121 1636 3179 Dei
1663 3120 2126 3179 declarationem
2152 3128 2446 3196 quatenus
2473 3122 2578 3179 ille
2599 3140 2710 3181 nos

300 3208 543 3277 propter
574 3199 873 3275 justitiam
914 3199 1133 3259 Christi
1159 3201 1333 3258 nobis
1370 3200 1730 3273 imputatam
1777 3199 1971 3277 reipsa
2000 3198 2308 3275 justificat,
2336 3208 2398 3259 et
2439 3220 2477 3259 a
2521 3200 2710 3275 poenis

302 3279 751 3338 imminentibus
778 3278 1029 3337 liberat:
1070 3279 1159 3337 ita
1176 3280 1309 3355 pari
1336 3278 1513 3354 plane
1540 3285 1718 3354 pacto
1749 3276 2020 3337 Christus
2044 3285 2352 3353 peccatum
2379 3278 2576 3339 faetus
2603 3286 2710 3350 est,

305 3378 429 3416 non
459 3359 603 3435 quia
642 3358 836 3417 instar
880 3358 1204 3434 peccatoris
1247 3357 1507 3427 habitus,
1537 3358 1642 3415 sed
1669 3357 1814 3432 quia
1840 3374 1978 3415 vere
2005 3376 2081 3415 ex
2109 3356 2224 3413 Dei
2241 3357 2477 3432 judicio
2505 3366 2709 3417 reatus

302 3446 505 3497 noster
530 3438 591 3495 in
622 3455 761 3495 eum
789 3436 1093 3510 conjectus
1119 3443 1225 3509 est,
1256 3444 1327 3495 ut
1352 3453 1491 3495 eum
1517 3434 1768 3493 ferendo
1796 3436 1872 3493 ab
1899 3455 1972 3495 eo
1999 3452 2109 3493 nos
2134 3435 2434 3496 liberaret.
2491 3437 2700 3512 Atque

306 3518 435 3575 haec
462 3519 753 3575 haetenus
779 3514 941 3573 dicta
966 3522 1163 3573 sunto.

898 3672 1247 3733 Bernardus
1278 3672 1466 3749 Epist.
1508 3691 1633 3732 cxc.
1661 3674 1741 3731 ad
1770 3670 2082 3732 Innocent.

301 3838 337 3866 ‘⁸
361 3829 565 3889 Homo
594 3829 699 3907 qui
715 3830 939 3902 debuit,
959 3830 1167 3891 Homo
1194 3831 1300 3908 qui
1327 3831 1539 3889 solvit:
1580 3829 1748 3888 Nam
1769 3829 1817 3887 si
1854 3847 2030 3901 unus,
2057 3830 2273 3905 inquit,
2302 3848 2408 3907 pro
2437 3828 2714 3887 omnibus

298 3915 574 3966 mortuus
601 3914 707 3979 est,
736 3926 879 3983 ergo
907 3926 1114 3967 omnes
1161 3909 1388 3968 mortui
1414 3916 1573 3978 sunt,
1602 3915 1674 3964 ut
1718 3907 1998 3965 videlieet
2023 3908 2349 3966 satisfactio
2379 3906 2558 3964 unius
2585 3924 2712 3963 om-

299 3987 476 4042 nibus
502 3984 842 4061 imputetur,
873 3987 1026 4045 sicut
1052 3988 1325 4046 omnium
1352 3993 1591 4061 peccata
1617 4003 1778 4043 unus
1803 3984 1908 4042 ille
1933 3986 2210 4060 portavit,
2239 4004 2348 4043 nec
2373 3986 2526 4043 alter
2564 3984 2700 4059 jam

300 4063 645 4121 inveniatur
677 4066 783 4139 qui
807 4065 1092 4135 forefecit,
1122 4067 1274 4123 alter
1320 4064 1427 4138 qui
1454 4063 1776 4133 satisfecit3
1817 4065 1963 4138 quia
2005 4072 2186 4138 eaput
2231 4082 2264 4122 e
2291 4080 2506 4139 corpus
2534 4080 2698 4120 unus

303 4148 393 4199 est
422 4142 755 4213 Christus,”
786 4147 888 4201 διο.

859 4297 1423 4359 COROLLARIA
1483 4295 2156 4355 RESPONDENTIS.

464 4456 517 4515 Ι.
564 4458 669 4515 An
700 4457 973 4517 Christus
1000 4463 1070 4514 ut
1108 4476 1217 4532 pro
1245 4454 1416 4513 nobis
1444 4452 1807 4512 satisfaceret
1845 4452 2119 4511 debuerit
2144 4471 2268 4512 esse
2294 4471 2470 4512 verus
2497 4454 2661 4515 Deus
2687 4460 2716 4517 ?

303 4534 427 4610 Aff-

427 4612 518 4672 ΙΙ.
566 4614 672 4672 An
699 4613 1162 4673 fundamentum
1185 4612 1229 4671 J
1236 4610 1646 4670 ustifieationis
1672 4616 1889 4669 nostrae
1919 4628 2114 4668 eoram
2160 4610 2288 4669 Deo
2316 4611 2392 4669 sit
2419 4614 2548 4671 sola
2573 4613 2617 4672 J
2623 4633 2717 4671 ns-
