3234 5192
292 358 532 401 msrur.
562 342 689 415 κν]
913 356 993 397 nr.
1024 354 1513 397 sarisrAcrioms
1542 356 1788 399 cnmsrr
1817 358 2136 401 narn-rs.
2576 346 2691 405 503

286 518 457 577 posse
484 497 855 557 commodius
882 514 1065 571 quam
1092 514 1131 553 a
1158 496 1327 554 nobis
1350 497 1480 554 ficri
1501 498 1707 569 soleat,
1735 506 1844 557 aut
1872 506 1910 535 “
1931 504 1992 556 et
2011 498 2054 556 J
2058 500 2253 557 ehova
2279 497 2538 556 occurrit
2575 519 2684 575 per

288 598 427 637 eum
454 576 761 653 iniquitati
776 575 1047 633 omnium
1074 577 1404 645 nostrum,''
1432 576 1517 633 ita
1546 583 1615 633 ut
1653 576 1818 634 Deus
1857 596 1963 652 per
1994 577 2302 636 Christum
2329 594 2534 635 omnes
2573 578 2688 635 ini-

287 658 547 731 quitates
573 658 672 713 vel
718 654 1108 728 iniquitatum
1140 670 1343 727 poenas
1388 672 1425 711 a
1463 654 1654 724 nobiS,
1697 655 1818 713 illis
1858 655 2304 732 quodammodo
2343 672 2450 729 per
2489 656 2688 730 ipsum

290 735 387 791 vel
426 752 564 791 eum
609 735 739 808 ipso
776 732 1161 801 occurrendo,
1199 730 1529 805 depulerit3
1572 734 1672 788 vel
1701 739 1736 766 ‘⁴
1760 742 1820 794 et
1846 734 1889 791 J
1891 737 2085 791 ehova
2131 750 2438 790 occurrere
2465 732 2606 791 fecit
2632 735 2688 791 ei

286 811 663 888 iniquitatem
690 811 961 869 omnium
988 810 1311 877 nostrum,'’
1342 810 1423 867 id.
1454 818 1524 867 ut
1561 810 1729 867 Deus
1757 813 2018 870 effecerit
2035 818 2107 869 ut
2128 810 2398 867 omnium
2415 820 2688 869 nostrum

287 890 633 965 iniquitates
664 889 900 947 Christo
928 887 1169 945 obviam
1194 888 1403 945 fierent
1427 894 1489 945 et
1514 889 1712 962 ipsum
1727 890 2178 964 quodammodo
2219 889 2690 963 aggrederentur

286 986 425 1025 cum
454 976 790 1025 nostrarum
818 965 1205 1040 iniquitatum
1233 984 1415 1023 eausa
1442 965 1597 1022 mori
1625 984 1765 1025 eum
1793 968 2087 1025 voluerit:
2131 967 2215 1027 sic
2241 965 2332 1023 illi
2371 968 2688 1040 perversis-

285 1046 431 1103 sime
471 1045 673 1102 locum
700 1048 863 1103 hunc
906 1046 1261 1119 detorquere
1310 1050 1604 1101 conantur
1657 1045 1722 1101 in
1768 1046 2074 1121 propriam
2113 1044 2456 1120 perniciem.
2527 1044 2687 1103 Vide

288 1122 485 1182 Socin.
515 1125 590 1180 de
636 1124 836 1182 Serva.
882 1141 938 1197 p.
984 1122 1040 1191 2,
1059 1140 1120 1180 .c.
1150 1123 1206 1192 4,
1238 1122 1293 1192 5,
1341 1120 1579 1179 Catech.
1628 1122 1857 1182 Racon.
1901 1142 1950 1183 c.
1998 1124 2055 1195 8,
2098 1143 2153 1198 q.
2197 1122 2292 1193 33,
2343 1122 2519 1182 Crell.
2549 1126 2688 1181 adv.

290 1202 497 1271 Groti3
546 1201 765 1259 Smalz.
796 1206 1005 1257 contra
1031 1199 1293 1257 Frantzi.

370 1279 526 1337 XII.
570 1278 704 1337 Nos
732 1296 872 1335 vero
898 1295 1105 1335 eorum
1132 1278 1412 1351 pestifera
1450 1279 1553 1337 sed
1592 1280 1860 1338 imbellia
1899 1288 2101 1339 tamen
2129 1282 2250 1339 tela
2275 1278 2358 1336 sic
2384 1281 2692 1354 repulsum

285 1358 459 1414 imus.
542 1355 705 1413 Nam
731 1356 797 1413 in
828 1356 903 1414 1⁰.
950 1372 1013 1411 se
1054 1356 1258 1429 prodit
1300 1358 1512 1414 solitus
1544 1374 1758 1415 eorum
1776 1360 2230 1435 paraloyisimus
2257 1377 2296 1416 a
2310 1358 2688 1433 particulari,

286 1434 547 1491 Portare
572 1434 875 1491 interdum
902 1432 1192 1507 significat
1218 1436 1459 1512 auferre
1483 1442 1545 1492 et
1569 1452 1889 1507 removere,
1917 1445 1980 1495 et
2007 1456 2124 1495 vox
2153 1437 2309 1495 Heb.
2333 1447 2428 1498 aba
2453 1436 2690 1511 aliquo-

284 1512 397 1569 ties
423 1530 495 1569 eo
523 1528 699 1581 sensu
720 1519 1061 1586 usurpatur,
1095 1510 1257 1585 Ergo
1284 1518 1345 1569 et
1361 1513 1457 1569 hic
1484 1514 1705 1587 pariter
1730 1515 2124 1589 intelligenda
2149 1515 2331 1572 venit.
2398 1514 2691 1581 Quamvis

283 1590 445 1647 enim
473 1592 751 1647 daremus
776 1591 937 1647 hunc
964 1590 1362 1663 significatum
1388 1590 1752 1665 quibusdam
1778 1593 1844 1650 in
1871 1594 2016 1651 locis
2043 1610 2363 1663 occurrere,
2391 1598 2594 1649 tamen
2623 1598 2694 1651 ut

284 1668 347 1724 in
376 1669 670 1738 omnibus,
700 1675 760 1726 et
784 1684 857 1724 eo
885 1670 1216 1742 praesertim
1243 1670 1319 1725 de
1355 1686 1477 1744 quo
1506 1670 1662 1727 inter
1687 1689 1796 1728 nos
1837 1672 2298 1729 controvertitur
2328 1671 2508 1729 Isai'ae
2537 1671 2688 1741 loce,

284 1764 393 1821 pro
422 1748 551 1803 sola
576 1752 955 1820 peccatorum
996 1746 1323 1804 remotione
1352 1754 1412 1804 et
1438 1748 1758 1819 ablatione,
1789 1767 1910 1807 non
1951 1769 2092 1807 vero
2109 1768 2218 1825 pro
2245 1751 2575 1806 eorundem
2601 1766 2691 1805 re-

283 1824 555 1898 ceptione
573 1832 633 1881 ct
648 1824 1035 1882 translatione
1050 1824 1113 1881 in
1134 1824 1437 1883 Christum
1454 1826 1642 1900 accipi
1657 1828 1889 1897 debeat,
1909 1846 2224 1903 nunquam
2251 1846 2288 1885 a
2315 1828 2483 1885 nobis
2511 1828 2694 1901 impe-

284 1902 548 1959 trabunt.
592 1901 757 1959 Nam
798 1920 937 1959 cum
974 1903 1229 1960 occurrit
1268 1921 1390 1959 vox
1433 1904 1733 1977 ambigua,
1766 1904 1862 1961 Ex
1899 1905 2372 1976 circumstantiiS,
2404 1904 2694 1962 orationis

285 1980 453 2050 serie,
473 1986 533 2037 et
550 1980 801 2037 materia
821 1979 1106 2052 subjecta,
1130 1980 1479 2053 significatio
1500 1982 1766 2053 genuina
1781 1986 2040 2055 petenda
2065 1992 2170 2053 est,
2195 1992 2374 2057 atque
2401 1983 2487 2041 ita
2506 1989 2694 2041 statu-

284 2058 509 2113 endum
536 2064 625 2114 est
650 2056 995 2131 primariam
1022 2064 1083 2114 et
1127 2057 1431 2131 propriam
1478 2057 1972 2129 significationem
2000 2068 2296 2132 quantum
2321 2061 2449 2115 fieri
2497 2065 2692 2135 potest

284 2136 658 2191 retinendam
684 2152 825 2205 esse,
854 2150 965 2189 nec
980 2135 1057 2189 ad
1079 2133 1371 2207 tropicam
1390 2140 1451 2189 et
1470 2134 1859 2209 impropriam
1875 2142 2094 2193 temere
2115 2143 2177 2192 et
2203 2135 2327 2191 sinc
2354 2139 2528 2209 gravi
2555 2154 2693 2193 cau-

284 2230 351 2269 sa
376 2212 808 2268 recurrendum
834 2226 989 2279 esse;
1032 2209 1153 2266 Hic
1197 2228 1339 2266 vero
1365 2210 1732 2283 gravissimas
1761 2220 1902 2269 sunt
1928 2230 2122 2270 causae
2149 2230 2257 2269 cur
2286 2213 2470 2286 juxta
2495 2230 2693 2286 recep-

284 2295 409 2345 tam
438 2287 791 2345 sententiam
818 2287 1069 2344 verbum
1111 2289 1227 2345 hoc
1252 2289 1329 2345 de
1374 2287 1694 2363 qestatione
1739 2308 1898 2362 vera,
1937 2309 2062 2348 non
2105 2292 2180 2347 de
2221 2290 2474 2365 simplici
2501 2308 2694 2347 remo-

282 2366 445 2423 tione
488 2365 916 2440 intelligamus,
960 2367 1105 2441 quia
1146 2372 1235 2424 est
1276 2372 1312 2400 ‘⁸
1334 2365 1618 2441 primaria
1659 2375 1720 2426 et
1765 2370 2024 2426 maxime
2051 2368 2294 2445 propria
2334 2370 2492 2427 vocis
2519 2369 2691 2427 istius

284 2444 695 2521 significati0,”
726 2460 981 2519 quaeque
1006 2444 1491 2521 frequentissima
1516 2452 1605 2505 est
1633 2447 1829 2505 ubivis
1856 2448 1920 2505 in
1949 2448 2271 2523 Scriptura,
2301 2448 2696 2505 consulantur

284 2523 419 2581 loca
465 2523 628 2598 apud
669 2524 929 2581 eundem
967 2526 1337 2599 prophetam,
1396 2523 1515 2583 Isa.
1565 2542 1613 2582 c.
1653 2544 1793 2583 xxx.
1849 2526 1906 2596 6,
1955 2532 2016 2583 et
2057 2527 2138 2583 xl.
2196 2525 2287 2598 11,
2343 2533 2405 2583 et
2455 2526 2539 2583 lii.
2599 2525 2692 2597 11,

284 2609 347 2658 et
372 2602 515 2659 lxvi.
562 2600 669 2673 12;
718 2602 815 2658 hic
836 2602 998 2659 enim
1026 2611 1097 2661 ιιι
1136 2610 1196 2661 et
1242 2602 1389 2659 alibi
1430 2603 1650 2677 saepius
1697 2622 1829 2661 vere
1857 2604 2152 2678 significat
2178 2604 2406 2679 aliquid
2435 2610 2692 2677 portare,

284 2680 545 2737 maxime
588 2698 729 2737 cum
774 2686 1015 2754 peccato
1042 2682 1140 2755 adj
1152 2681 1434 2755 ungitur;
1476 2699 1622 2739 nam
1669 2689 1740 2737 ut
1787 2681 2033 2739 Hebraei
2060 2682 2392 2755 significent
2417 2682 2480 2740 id
2527 2683 2693 2757 quod

286 2754 491 2815 Latini
517 2758 726 2816 dicunt
758 2776 968 2832 poenas
1008 2760 1263 2833 pendere
1309 2759 1544 2815 nullam
1580 2759 1846 2832 phrasim
1889 2760 2112 2817 habent
2157 2758 2350 2832 magis
2397 2768 2696 2833 receptam

284 2852 468 2907 quam
515 2837 671 2893 hanc
702 2836 873 2911 serre
894 2847 1211 2910 peccatum,
1248 2842 1321 2891 ut
1367 2835 1571 2893 Latini
1608 2836 1792 2892 etiam
1839 2837 2050 2892 dicunt
2097 2836 2254 2892 luere
2303 2836 2534 2906 delicta,
2577 2838 2694 2891 hoc

284 2913 759 2969 estodelictorum
806 2912 1131 2987 supplicia3
1175 2912 1257 2969 sic
1284 2927 1358 2967 ex
1404 2912 1704 2969 ordinario
1733 2930 1850 2969 usu
1879 2912 2180 2985 scripturae
2224 2912 2381 2969 sumi
2419 2912 2694 2986 probavi-

284 3005 421 3044 mus
447 2996 626 3046 antea
643 3011 658 3059 ;
688 3008 798 3046 nec
816 2990 1103 3047 diffitetur
1132 2988 1329 3047 Socin.
1362 2988 1649 3047 Praelecti.
1680 3006 1728 3045 c.
1760 2990 1854 3060 21,
1881 2996 1916 3023 ‘⁸
1941 2989 2279 3061 Fatemur,’'
2303 2989 2516 3066 inquit,
2547 2996 2582 3023 “
2605 2990 2695 3045 lo·-

286 3065 588 3121 cutionem
616 3069 771 3123 hanc
788 3076 1037 3140 portare
1064 3083 1170 3121 seu
1182 3068 1355 3142 serre
1380 3073 1692 3139 peccatum
1719 3065 1840 3123 sive
1869 3066 2246 3139 iniquitatem
2287 3066 2448 3124 idem
2473 3066 2696 3141 signifi-

284 3159 419 3199 care
467 3143 673 3215 solere,
704 3146 869 3217 quod
916 3142 1139 3218 peccati
1181 3160 1386 3217 poenas
1412 3144 1575 3212 dare,
1606 3142 1728 3199 sive
1757 3151 1826 3200 ut
1867 3144 2118 3202 verbum
2143 3144 2326 3201 verbo
2373 3146 2694 3203 reddamus

285 3220 511 3293 peccati
536 3240 773 3295 poenam
800 3222 973 3292 ferre,
992 3222 1215 3295 peccati
1244 3220 1403 3277 enim
1420 3227 1481 3278 et
1504 3220 1840 3295 iniquitatis
1865 3240 2042 3299 poena
2065 3222 2441 3296 potissimum
2468 3224 2692 3299 signifi-

284 3300 511 3356 catur.'’
544 3298 698 3358 Cum
744 3318 887 3374 ergo
914 3299 1301 3356 usitatissima
1334 3301 1463 3357 haec
1489 3298 1565 3357 sit
1590 3306 1654 3356 et
1693 3300 2184 3359 communissima
2208 3301 2379 3360 istius
2405 3303 2570 3361 verbi
2597 3320 2692 3360 ac-

285 3378 495 3452 ceptio,
525 3396 631 3436 cur
657 3379 831 3436 nulla
844 3378 1076 3435 ratione
1096 3383 1343 3451 cogente
1371 3379 1451 3435 ad
1476 3378 1661 3435 aliam
1689 3379 1972 3437 rariorem
2000 3384 2062 3436 et
2086 3379 2526 3440 insolentiorem
2554 3399 2696 3438 con-

284 3454 649 3529 fugeremus,
678 3456 939 3515 maxime
986 3473 1125 3513 cum
1170 3457 1327 3513 hane
1353 3473 1481 3515 esse
1508 3455 1882 3516 retinendam
1908 3475 2032 3515 non
2057 3476 2265 3533 paucae
2293 3478 2404 3518 nec
2428 3462 2590 3517 leves
2617 3478 2693 3516 cx

286 3532 471 3607 ipsius
496 3542 697 3592 textus
724 3535 1047 3593 visceribus
1076 3534 1275 3609 petitae
1306 3536 1716 3593 demonstrent
1741 3536 2000 3595 rationes
2019 3540 2050 3594 ⁴?

366 3611 566 3669 XIII.
612 3613 664 3670 1.
690 3612 893 3669 Prima
918 3611 1143 3686 petitur
1163 3632 1237 3670 ex
1265 3613 1684 3686 conjunctione
1703 3614 1870 3671 verbi
1899 3615 1998 3671 ’κιο
2031 3616 2196 3690 quod
2221 3615 2404 3690 priori
2431 3614 2691 3672 annecti-

284 3694 401 3757 tur,
427 3690 803 3763 “languores
822 3696 1057 3748 nostros
1078 3690 1205 3765 ipse
1224 3690 1367 3747 tulit
1386 3697 1447 3748 et
1465 3692 1706 3749 dolores
1723 3700 1954 3749 nostros
1974 3693 2070 3767 baj
2079 3693 2325 3761 ulavit,”
2355 3695 2505 3763 abac,
2529 3692 2693 3766 quod

284 3765 573 3838 repetitur
620 3768 817 3839 etiam,
866 3785 984 3825 ver.
1039 3768 1131 3840 11,
1175 3777 1211 3805 “
1239 3776 1301 3827 et
1346 3769 1692 3843 iniquitates
1719 3788 1928 3827 eorum
1975 3770 2295 3845 portabit‚”
2326 3773 2469 3839 ξεν,
2499 3786 2692 3843 quan-

286 3860 469 3916 quam
495 3843 653 3901 enim
682 3846 813 3921 ipsa
838 3853 1220 3921 peccatorum
1266 3846 1563 3921 susceptio
1590 3854 1652 3903 et
1693 3847 1842 3905 latio
1869 3866 1946 3904 ex
1969 3848 2155 3921 priori
2183 3864 2328 3905 voce
2356 3848 2500 3905 satis
2526 3845 2694 3903 colli-

285 3927 544 3995 geretur,
576 3941 651 3979 ne
678 3926 813 3999 quis
840 3932 1040 3981 tamen
1070 3931 1449 3999 argutaretur
1474 3950 1529 3982 u
1560 3934 1654 3983 aba
1685 3925 1760 3981 de
1787 3925 2044 3999 simplici
2071 3924 2358 3981 ablatione
2383 3928 2482 3981 vel
2509 3942 2692 3981 remo-

180 4012 195 4027 ·
288 3998 439 4054 tione
464 3999 923 4075 intelligendum
949 4020 1094 4073 esse,
1126 4004 1261 4060 ideo
1290 4002 1592 4078 Propheta
1637 4003 1856 4060 addere
1898 4003 2094 4061 voluit
2117 4004 2366 4059 verbum
2394 4002 2493 4059 ’,ιο
2527 4004 2694 4073 ἔξω·

283 4080 447 4147 ταῖς,
499 4081 663 4153 quod
711 4098 835 4137 non
881 4080 1069 4137 alium
1096 4098 1281 4155 quam
1322 4081 1604 4155 portandi
1651 4098 1758 4138 seu
1803 4098 1958 4138 onus
2003 4080 2352 4155 impositum
2378 4078 2694 4152 bajulandi

286 4155 784 4229 significationem
832 4158 1076 4229 obtinet,
1122 4160 1283 4215 unde
1330 4178 1511 4233 quem
1556 4161 1806 4234 bajulum
1847 4159 2034 4234 vulgo
2061 4176 2342 4216 vocamus
2371 4156 2692 4233 Scripturas

284 4240 503 4291 vocant
527 4238 651 4307 sss,
681 4238 762 4293 id.
796 4236 1051 4317 νοπφόςυ
1098 4238 1283 4294 dorso
1312 4236 1619 4308 ferentem,
1669 4245 1740 4295 ut
1763 4239 1887 4293 Ixx.
1935 4241 2196 4305 vertunt,
2227 4236 2266 4291 2
2295 4234 2514 4295 Chron.
2544 4237 2605 4294 ii.
2637 4238 2692 4309 2,

284 4320 346 4369 et
372 4316 718 4388 onus·quod
744 4322 1019 4389 gestatur
1046 4314 1311 4371 humeris
1336 4314 1423 4371 ita
1460 4322 1531 4371 ut
1556 4321 1896 4389 portantem
1922 4319 2154 4389 premat
2179 4311 2398 4369 dicitur
2423 4313 2522 4370 ’κιο
2553 4317 2690 4374 η’»ιο

285 4390 481 4448 Exod.
509 4391 549 4449 i.
585 4391 677 4464 11,
703 4400 765 4450 et
794 4388 948 4451 Psal.
991 4392 1180 4450 lxxxi.
1210 4392 1267 4461 6,
1294 4393 1458 4449 unde
1484 4393 1766 4449 nonnulli
1793 4394 2046 4450 sabulum
2074 4390 2306 4449 Latinis
2335 4390 2562 4447 dictum
2589 4410 2694 4449 vo-

283 4470 439 4539 lunt,
468 4472 635 4544 quod
662 4489 847 4529 arena
869 4470 1047 4529 valde
1076 4469 1151 4527 sit
1178 4471 1529 4543 ponderosa.
1615 4469 1770 4529 Cum
1811 4489 1954 4546 ergo
1980 4488 2102 4528 vox
2126 4471 2254 4527 haeo
2281 4486 2414 4543 quae
2443 4469 2690 4528 unicum

284 4548 687 4621 significatum
713 4550 1032 4625 bajulandi
1060 4548 1290 4605 obtinet
1328 4548 1589 4605 addatur
1634 4550 1994 4622 praecedenti
2041 4568 2175 4624 quae
2201 4547 2486 4625 πολύσημος
2513 4556 2607 4607 est
2631 4556 2694 4609 et

285 4626 587 4703 ambigua,
617 4636 785 4703 patet
810 4628 1071 4704 priorem
1092 4645 1167 4683 ex
1192 4626 1505 4701 posteriori
1520 4644 1646 4685 esse
1669 4626 2197 4703 interpretandum.
2238 4627 2372 4686 Nec
2399 4628 2524 4686 sine
2549 4646 2683 4687 cau·
