3234 5192
555 283 672 339 610
1132 295 1211 336 Da
1241 295 1719 338 sursit-*Acmonia
1748 297 1984 338 cua1s‘r1
2012 297 2333 338 vamum.
2548 277 2807 360 [masur.
2840 298 2976 340 xix.

557 439 728 498 istius
777 458 949 516 supra
995 438 1154 498 illam
1203 439 1631 517 praerogativa3
1672 438 1755 496 ibi
1803 439 2041 516 sanguis
2090 437 2451 513 fundebatur,
2484 439 2589 498 sed
2630 441 2840 518 ἄλογος,
2872 441 2973 500 hic

561 519 800 598 sanguis
827 518 1102 595 funditur,
1135 519 1238 578 sed
1265 520 1518 578 victimae
1563 519 1817 579 coelestis
1845 529 1903 578 et
1953 525 2172 595 λογικὶἷς,
2204 519 2324 577 illic
2370 519 2551 578 altare
2580 541 2823 595 aeneum,
2868 521 2968 580 hic

559 601 886 678 mysticum,
917 599 1037 658 illic
1066 599 1320 678 expiatio
1349 599 1751 658 castimonialis
1778 607 1838 658 et
1886 610 2127 659 externa
2152 599 2347 676 quoad
2394 619 2641 677 carnem,
2674 601 2769 660 hic
2796 602 2973 660 realis

559 691 620 740 et
645 680 872 739 interna
898 679 1090 757 quoad
1117 680 1544 754 conscientiam,
1575 679 1697 738 illic
1723 679 2057 740 immunitas
2105 680 2397 739 obtinetur
2423 700 2608 758 poenae
2636 681 2977 758 temporalis

561 761 622 818 in
650 761 774 818 foro
805 761 1237 836 Ecclesiastico,
1263 759 1360 818 hic
1386 760 1653 818 liberatio
1683 779 1718 817 a
1744 779 1917 837 poena
1943 768 2158 819 aeterna
2179 759 2238 817 in
2260 759 2383 818 foro
2414 760 2668 820 Coelesti.
2699 761 2875 821 Unde
2898 761 2977 819 ad

561 849 964 917 argumentum
987 840 1173 900 facilis
1195 848 1284 900 est
1310 839 1625 917 responsiO,
1656 860 1759 918 per
1786 839 2043 900 distinct.
2074 840 2297 917 major„
2318 849 2517 918 peccat
2544 841 2694 900 enim
2724 841 2919 900 fellae.
2940 863 2978 900 a

562 921 718 980 dicto
747 919 1062 979 secundum
1092 919 1251 997 quid,
1287 919 1351 978 Si
1379 919 1660 978 sacrificia
1686 939 1803 979 non
1824 929 2135 997 potuerunt
2176 920 2506 979 satisfacere
2560 941 2667 980 nec
2714 923 2975 999 expiare,

563 1021 682 1059 non
703 1009 1015 1078 potuerunt
1043 999 1492 1059 satisfactionem
1517 1000 1730 1059 Christi
1749 1001 2089 1058 adumbrare
2116 1023 2129 1075 ;
2157 1001 2273 1059 Vel
2292 1001 2635 1079 intelligitur
2654 1001 2978 1061 satisfactio

564 1095 624 1140 et
651 1081 905 1158 expiatio
933 1082 1106 1140 realis
1133 1091 1187 1139 et
1201 1081 1445 1158 proprie
1473 1080 1625 1139 dicta
1660 1081 1756 1140 vel
1786 1081 2187 1140 caeremonialis
2208 1089 2267 1140 et
2291 1081 2589 1158 symbolica
2609 1107 2633 1154 ;
2680 1082 2742 1140 Si
2771 1082 2847 1140 de
2875 1083 2979 1140 illa

561 1161 922 1239 intelligatur
949 1169 1369 1238 argumentum,
1399 1181 1533 1238 neg.
1577 1162 1714 1239 maj.
1752 1181 2004 1237 conseq„
2053 1181 2189 1220 nam
2216 1161 2325 1219 etsi
2354 1181 2469 1218 non
2497 1163 2791 1239 potuerint
2838 1183 2978 1222 vere

567 1241 896 1301 satisfacere
925 1251 984 1300 et
1011 1241 1246 1319 expiare
1272 1241 1520 1316 realiter,
1551 1261 1669 1299 non
1692 1241 1950 1318 sequitur
1988 1259 2109 1299 non
2155 1242 2413 1320 potuisse
2442 1242 2769 1318 significare
2798 1245 2977 1302 sacri-

565 1321 760 1381 ficium
791 1322 1024 1397 Christi,
1050 1331 1115 1381 ut
1141 1342 1257 1380 non
1280 1322 1454 1398 valet,
1481 1322 1528 1380 si
1559 1341 1795 1399 serpens
1824 1341 2018 1380 aeneus
2046 1341 2161 1381 non
2184 1322 2373 1400 potuit
2400 1341 2602 1381 sanare
2622 1332 2977 1400 peccatore-5,

566 1423 683 1460 non
710 1403 899 1480 potuit
927 1422 1066 1480 ergo
1093 1403 1436 1468 adumbrare
1465 1401 1755 1461 Christum
1816 1402 2181 1478 salvatorem,
2225 1422 2332 1460 nee
2360 1403 2513 1460 enim
2542 1403 2697 1461 idem
2740 1404 2985 1462 omnino

564 1483 874 1560 requiritur
895 1484 955 1540 in
977 1484 1163 1560 figura
1183 1483 1340 1559 quod
1361 1482 1421 1540 in
1443 1482 1708 1560 figuratO,
1734 1481 1877 1540 alias
1898 1482 2085 1559 figura
2111 1492 2169 1541 et
2189 1491 2364 1560 typus
2386 1503 2503 1540 non
2524 1485 2773 1560 amplius
2792 1495 2977 1560 esset3

571 1564 632 1621 Si
647 1583 784 1620 vero
795 1560 868 1619 de
889 1562 1018 1636 ista,
1039 1583 1312 1620 concessa
1322 1565 1477 1640 maj.,
1500 1583 1634 1639 neg.
1658 1563 1815 1636 mim,
1840 1561 2049 1620 falsum
2070 1563 2224 1621 enim
2240 1573 2330 1622 est
2352 1563 2631 1622 sacrificia
2650 1565 2763 1623 ista
2773 1574 2833 1624 et
2851 1565 2977 1622 vic·

567 1643 738 1700 timas
759 1641 1095 1700 nullomodo
1118 1643 1453 1719 expiasseet
1471 1642 1835 1718 satisfecisse,
1852 1643 2063 1720 quippe
2083 1643 2135 1701 si
2154 1643 2387 1720 expiare
2408 1663 2526 1701 non
2547 1653 2813 1722 poterant
2830 1649 2977 1702 κατὰ

566 1719 839 1795 συνείδησιν,
859 1722 1173 1799 expiabant
1221 1731 1412 1780 tamen
1459 1721 1775 1780 secundum
1826 1743 2057 1781 carnem
2104 1733 2163 1782 et
2191 1723 2668 1800 caerimonialiter,
2696 1725 2892 1802 typice
2922 1735 2983 1784 et

567 1801 969 1880 significative,
1017 1801 1174 1878 quod
1196 1801 1513 1861 sufficiebat
1549 1801 1624 1859 ad
1644 1800 1995 1861 fundandam
2016 1803 2353 1863 relationem
2392 1812 2453 1863 et
2478 1804 2979 1864 adumbrationem

563 1883 723 1941 illam
755 1881 969 1941 Christi
997 1883 1200 1942 mortis
1227 1891 1286 1942 et
1315 1880 1723 1942 satisfactionis
1750 1901 1923 1959 quam
1953 1884 2282 1960 quaerimus·

649 1963 908 2022 XXIX.
956 1963 1148 2040 DiceS,
1187 1984 1304 2022 non
1340 1963 1598 2042 potuisse
1640 1975 1829 2022 errata
1867 1963 2165 2022 hominum
2206 1964 2267 2022 in
2307 1963 2511 2024 bestiis
2547 1963 2735 2043 puniri
2774 1975 2833 2026 et
2871 1985 2975 2024 ex·

563 2045 728 2123 piari,
773 2044 1083 2122 nequidem
1119 2045 1441 2120 carnaliter,
1485 2053 1606 2102 tum
1647 2045 1785 2121 quia
1822 2043 1985 2102 nulla
2022 2045 2098 2103 sit
2139 2044 2289 2104 inter
2322 2043 2615 2104 hominem
2642 2053 2701 2104 et
2726 2044 2975 2104 bestiam

567 2127 779 2204 speciei
815 2126 1159 2202 communie,
1205 2147 1334 2204 quae
1371 2135 1564 2184 tamen
1603 2124 1837 2182 omnino
1872 2125 2197 2183 necessaria
2232 2133 2323 2184 est
2349 2125 2425 2184 ad
2450 2126 2602 2184 hanc
2630 2125 2977 2186 satisfactio·

564 2226 715 2280 nem,
739 2215 862 2266 tum
885 2207 1022 2282 quia
1047 2207 1208 2266 nulla
1235 2216 1326 2266 est
1352 2204 1645 2283 proportio
1673 2205 1821 2263 inter
1848 2213 2091 2263 mortem
2118 2205 2335 2278 bestiae,
2367 2216 2427 2265 et
2454 2206 2697 2285 capitale
2723 2206 2981 2265 hominis

567 2286 930 2364 supplicium,
961 2294 1027 2344 ut
1055 2286 1212 2345 istud
1253 2287 1506 2364 potuerit
1545 2285 1649 2342 illa
1689 2293 1963 2361 tanquam
2004 2285 2190 2362 pretio
2232 2285 2539 2346 sufficienti
2574 2288 2937 2363 compensari
2960 2311 2977 2346 :

567 2366 774 2441 Itaque
804 2365 854 2422 si
882 2367 1190 2442 expiamnt
1214 2374 1451 2443 peccata
1479 2384 1643 2423 sacra
1670 2365 1787 2440 illa,
1813 2385 1928 2422 non
1950 2365 2215 2442 expiasse
2244 2366 2435 2426 dando
2462 2369 2707 2446 pretium
2737 2367 2981 2445 aliquod

563 2445 659 2503 vel
688 2459 918 2520 poenam
945 2444 1220 2502 vicariam
1246 2446 1372 2503 Deo
1400 2444 1476 2502 ad
1503 2443 1971 2520 satisfactionem,
2003 2445 2107 2504 sed
2133 2454 2355 2505 tantum
2386 2457 2671 2524 quatenus
2698 2467 2829 2505 cum
2860 2448 2977 2506 fide

563 2533 622 2583 et
641 2523 980 2601 poenitentia
999 2524 1220 2600 juncta,
1241 2534 1404 2584 erant
1425 2523 1683 2582 actiones
1708 2525 1833 2582 Deo
1856 2533 2054 2601 giatae,
2079 2526 2290 2602 quibus
2308 2528 2649 2586 movebatur
2670 2527 2745 2585 ad
2772 2529 2977 2586 remis-

563 2606 782 2664 sionem
807 2603 1258 2682 concedendam;
1286 2606 1398 2664 hoc
1421 2605 1572 2664 enim
1601 2624 1777 2663 sensu
1806 2605 2085 2664 sacrificia
2112 2607 2431 2684 expiatoria
2458 2628 2495 2666 a
2520 2607 2791 2666 fidelibus
2817 2619 2977 2668 reete

565 2684 757 2746 offerri
777 2685 1052 2762 potuisse,
1076 2694 1142 2745 ut
1161 2695 1320 2764 patet
1347 2685 1614 2762 exemplo
1641 2685 1887 2744 Davidis
1914 2686 2031 2762 qui,
2065 2687 2219 2745 Psal.
2242 2687 2302 2762 li,
2332 2707 2513 2765 agens
2542 2687 2614 2746 de
2642 2688 2977 2765 expiatione

565 2766 798 2826 sceleris
829 2767 919 2825 sui
947 2765 1044 2840 ait,
1073 2769 1355 2840 sacrificia
1383 2767 1500 2826 Dei
1521 2775 1655 2826 sunt
1678 2767 1907 2842 spiritus
1934 2769 2254 2842 confractus
2282 2777 2337 2826 et
2360 2768 2645 2842 contr-ints,
2678 2777 2743 2826 ut
2768 2768 2979 2827 innuat

567 2847 756 2906 Deum
783 2846 998 2906 talibus
1027 2848 1322 2908 sacrificiis
1350 2846 1746 2926 spiritualibus
1774 2847 2059 2906 duntaxat
2085 2847 2307 2907 moveri
2335 2849 2410 2906 ad
2436 2849 2827 2907 remissionem
2860 2849 2977 2906 lar—

563 2928 872 3005 giendam3
919 2927 1047 3001 Quo
1087 2929 1336 3006 pertinet
1377 2929 1550 2988 etiam
1591 2927 1740 2986 illud
1781 2927 2123 3003 Salomonis,
2164 2929 2337 2986 Prov.
2370 2929 2488 2987 xvi.
2522 2931 2577 3003 6,
2622 2928 2719 3005 qui
2760 2929 2979 2987 miseri-

562 3009 760 3066 cordia
797 3017 850 3066 et
883 3009 1116 3067 veritate
1152 3010 1360 3069 redimi
1382 3010 1465 3069 ait
1493 3016 1552 3067 et
1579 3009 1811 3084 expiari
1834 3009 2194 3084 iniquitatem.
2242 3009 2437 3086 Resp„
2482 3009 2691 3084 Quoad
2716 3008 2899 3086 prius·
2918 3010 2971 3067 si

565 3085 638 3144 de
665 3096 830 3145 reatu
855 3089 1068 3146 morali
1091 3097 1150 3147 et
1175 3090 1404 3168 proprie
1424 3089 1508 3148 ita
1527 3089 1684 3147 dicto
1706 3088 1949 3165 quaestio
1970 3097 2139 3164 esset,
2164 3088 2332 3147 facile
2352 3089 2633 3166 largimur
2660 3109 2775 3147 non
2803 3099 2977 3165 potu-

561 3167 678 3222 isse
707 3165 872 3223 illum
901 3165 1118 3242 duplici
1143 3169 1254 3227 hac
1283 3169 1354 3228 de
1377 3189 1552 3227 causa
1573 3169 1855 3246 sanguine
1874 3167 2174 3226 brutorum
2203 3170 2347 3244 tolli,
2372 3178 2438 3228 ut
2458 3179 2627 3229 antea
2646 3168 2979 3247 probatum,

565 3245 702 3321 quia
739 3244 933 3320 agitur
969 3246 1062 3303 hic
1101 3266 1231 3304 cum
1263 3248 1494 3324 justitia
1525 3249 1634 3306 Dei
1664 3269 1794 3324 quae
1824 3249 2165 3307 solutionem
2196 3250 2555 3327 adaequatam
2594 3250 2870 3327 postulat,
2916 3261 2983 3310 et

563 3324 1057 3400 acceptilationem
1097 3345 1212 3383 non
1251 3329 1552 3404 agnoscit3
1598 3327 1701 3386 sed
1740 3327 1811 3386 de
1840 3331 2067 3387 carnali
2092 3338 2150 3388 et
2176 3330 2545 3389 caerimoniali
2578 3331 2743 3389 aliter
2778 3349 2865 3388 se·
2882 3350 2981 3390 res

563 3404 756 3480 habet,
777 3403 914 3480 quia
935 3424 1065 3462 cum
1094 3425 1210 3463 non
1240 3406 1487 3483 pendeat
1515 3427 1588 3466 ex
1610 3409 1743 3484 jure
1766 3410 2013 3467 naturali
2037 3419 2095 3469 et
2116 3409 2552 3488 indispensabili
2574 3409 2821 3488 justitiae.
2839 3409 2978 3486 Dei,

565 3483 669 3544 sed
705 3505 778 3543 ex
816 3484 1002 3543 libero
1039 3493 1096 3544 et
1133 3487 1402 3564 positive,
1433 3486 1590 3564 quod
1619 3507 1722 3565 per
1748 3489 2215 3549 constitutionem
2244 3491 2487 3568 legalem
2519 3491 2819 3550 definitum
2864 3500 2976 3564 est,

562 3566 752 3645 potuit
794 3566 1252 3644 sapientissimus
1295 3567 1622 3644 Legislator
1664 3589 1896 3645 poenam
1946 3571 2191 3647 positam
2238 3591 2343 3648 pro
2390 3571 2561 3629 libitu
2608 3571 2871 3630 relaxare
2917 3585 2983 3631 et

563 3647 798 3706 modum
828 3646 1235 3706 satisfactionis
1263 3656 1532 3724 statuere,
1577 3648 1733 3726 quod
1762 3649 1974 3708 factum
2004 3650 2078 3708 ab
2106 3671 2175 3709 eo
2204 3653 2613 3710 convenienter
2640 3651 2779 3709 dmn
2806 3651 2987 3710 victi-

563 3748 688 3787 mas
717 3728 1068 3805 expiatorias
1095 3728 1329 3788 admisit
1349 3730 1477 3788 vice
1505 3730 1842 3808 peecatoriS,
1866 3738 1925 3788 et
1944 3730 2171 3790 illarum
2195 3731 2540 3806 interventu,
2565 3751 2633 3790 ac
2660 3751 2777 3790 non
2804 3731 2985 3789 aliter

563 3817 918 3887 peccatorem
951 3828 986 3866 a
1012 3829 1183 3886 poena
1208 3809 1456 3869 liberare
1475 3811 1687 3884 voluit3
1722 3807 1813 3889 (ut
1838 3811 1933 3868 hic
1964 3810 2189 3869 interim
2214 3811 2491 3886 omittam,
2516 3811 2768 3889 aliquam
2798 3810 2983 3870 ctiam

564 3888 1028 3967 conjunctionem
1059 3908 1184 3948 esse
1212 3889 1321 3949 hac
1350 3891 1410 3948 in
1438 3899 1600 3969 parte
1629 3889 1779 3950 inter
1813 3890 2107 3950 hominem
2146 3901 2205 3950 et
2242 3891 2506 3967 bestiam,
2547 3913 2661 3950 non
2700 3890 2875 3950 modo
2914 3892 2983 3949 in

563 3988 774 4045 genere
815 3969 1140 4044 animantis,
1185 3970 1289 4028 sed
1317 3979 1375 4028 et
1400 3970 1462 4029 in
1491 3990 1560 4028 ea
1585 3970 1862 4029 relatione
1891 3991 2020 4048 quae
2048 3979 2139 4031 est
2165 3971 2315 4031 inter
2342 3991 2735 4050 possessorem
2763 3981 2823 4030 ct
2850 3991 2981 4029 rem

559 4068 904 4126 possessam,
929 4059 1018 4108 est
1045 4051 1199 4108 enim
1226 4050 1414 4108 bestia
1441 4050 1550 4108 sub
1577 4049 1829 4109 hominis
1858 4051 2128 4126 dominio,
2161 4062 2219 4111 et
2246 4052 2571 4130 expiandus
2598 4052 2671 4111 de
2700 4072 2806 4111 suo
2834 4051 2983 4110 dare

552 4129 883 4206 jubebatur,
917 4129 1060 4188 Lev.
1091 4150 1148 4188 v,
1180 4133 1234 4204 6,
1267 4129 1350 4210 7.)
1435 4129 1576 4188 Non
1604 4149 1745 4206 ergo
1767 4131 2001 4209 expiare
2023 4131 2363 4192 dicebantur
2402 4133 2569 4210 quasi
2609 4132 2985 4209 dmm-yfen

561 4209 914 4286 aequivalens
955 4209 1159 4269 darent
1198 4231 1303 4287 pro
1344 4219 1598 4288 peccato,
1652 4210 1754 4268 sed
1797 4211 1935 4288 quia
1973 4212 2133 4270 Deus
2174 4233 2243 4271 ea
2284 4213 2653 4272 ordinaverat
2695 4223 2983 4290 tanquam

559 4289 749 4346 media
777 4290 1179 4350 convenientia
1207 4291 1417 4367 quibus
1446 4290 1751 4350 satisfieret
1778 4292 2175 4351 constitutioni
2202 4293 2397 4370 legali,
2421 4294 2744 4371 quibusque
2774 4313 2979 4352 move·

559 4375 718 4424 retur
747 4369 906 4428 Deus
948 4370 1024 4429 ad
1065 4391 1293 4446 poenam
1337 4372 1622 4430 carnalem
1666 4379 1724 4430 et
1766 4373 2218 4432 caeremonialem
2248 4374 2668 4448 remittendam,
2700 4381 2877 4451 atque
2904 4393 2982 4432 eo

559 4445 655 4502 vel
683 4449 933 4507 maxime
961 4451 1115 4526 quod
1145 4451 1380 4529 insuper
1409 4451 1675 4530 symbola
1702 4461 1865 4511 erant
1892 4453 2189 4530 aptissima
2229 4462 2289 4513 et
2330 4453 2531 4531 figurae
2565 4453 2980 4532 perfectissimi

560 4524 822 4606 sacrificii
851 4527 1008 4601 quod
1035 4549 1069 4584 a
1097 4529 1328 4590 Christo
1355 4532 1484 4590 loco
1513 4540 1710 4590 nostro
1740 4531 1931 4591 offerri
1959 4533 2177 4594 debuit.

642 4599 864 4658 XXX.
911 4603 1078 4676 Quod
1123 4626 1261 4663 vero
1308 4609 1560 4666 secundo
1605 4611 1735 4668 loco
1780 4611 2011 4671 additur
2059 4615 2341 4673 sacrificia
2388 4635 2503 4674 non
2553 4613 2821 4692 expiasse
2870 4635 2979 4692 per
