3234 5192
535 273 652 332 578
1114 299 1189 337 us
1221 295 1698 338 sA'risrAc'rioms
1726 296 1961 338 cums‘ri
1990 296 2311 339 vannus.
2476 278 2739 360 [msrur.
2770 297 2945 338 xviri.

616 433 866 497 XXVI.
911 438 1156 499 Frustra
1181 438 1419 498 Volkel.
1447 438 1610 496 addit
1641 437 1885 497 Paulum
1926 439 2210 516 respicere
2254 439 2331 498 ad
2379 426 2661 498 sacrificia
2698 441 2944 518 pacifica

533 521 592 588 et
619 516 963 596 voluntaria,
993 539 1109 579 non
1137 519 1212 578 ad
1259 519 1533 594 kilastica,
1563 517 1823 595 illudque
1864 527 2059 596 patere
2108 539 2185 577 ex
2230 520 2535 597 postremis
2562 519 2774 595 verbis,
2798 523 2948 595 εἰσ-μὲν

531 593 684 652 enim
712 595 906 663 εὐωδίαις
933 600 1076 678 ipsis
1101 599 1464 679 potissimum
1486 597 1779 676 applicari.
1864 597 2013 656 Nam
2042 598 2251 658 falsum
2279 608 2368 659 est
2395 602 2625 659 odorem
2652 601 2947 659 suavitatis

533 675 810 752 applicari
837 687 1062 741 tantum
1090 679 1363 758 pacificis,
1393 679 1510 737 imo
1538 697 1793 755 persaepe
1824 689 1880 737 et
1898 678 2250 756 expiatoriis,
2270 688 2352 755 ut,
2380 679 2527 740 Gen.
2551 679 2693 755 viii„
2720 680 2945 739 Noachi

531 753 885 817 holocaustis
923 768 1056 838 post
1100 759 1385 818 diluvium
1436 757 1646 816 oblatis
1688 767 1763 834 et,
1796 758 1986 817 Exod.
2030 759 2219 836 xxix.,
2270 759 2562 819 Sacrificio
2610 759 2760 838 jugi,
2790 760 2949 837 quod

531 833 724 894 offerri
751 837 952 899 debuit
992 840 1250 918 quotidie
1291 857 1459 898 mane
1488 846 1546 897 et
1586 838 1815 915 vesperi
1855 840 1929 896 In
1970 841 2201 898 odorem
2242 851 2490 917 qratiam,
2523 847 2581 898 et
2628 841 2840 917 passim
2870 840 2943 899 de

529 914 660 974 aliis
688 937 812 996 cap.
848 919 886 977 i.
916 929 974 979 et
995 921 1054 978 ii.
1087 919 1228 978 Lev.
1277 919 1374 978 Sic
1416 917 1711 996 aptissime
1760 916 2066 977 denotatur
2104 921 2359 996 placatio
2392 921 2496 978 irae
2526 919 2637 978 Dei
2666 929 2723 980 et
2751 922 2941 979 conci-

527 993 690 1056 liatio
720 998 846 1076 ejus
873 999 1293 1060 benevolentiae
1315 999 1376 1057 in
1396 998 1614 1072 fideles,
1640 1017 1771 1075 quae
1798 998 1909 1057 fuit
1935 999 2157 1058 fructus
2179 999 2446 1059 sacrificii
2472 1001 2598 1078 ejus
2617 1000 2938 1077 expiatorii,

527 1095 660 1134 nam
690 1097 868 1154 quum
895 1087 1258 1158 peccatorum
1307 1087 1637 1138 nostrorum
1674 1077 1845 1137 foetor
1889 1079 2220 1156 spiritualiS,
2268 1099 2436 1139 nares
2469 1079 2701 1138 divinas
2720 1080 2944 1158 jugiter

527 1153 739 1233 feriret,
762 1159 1106 1238 justitiaque
1133 1159 1317 1238 ipsius
1345 1167 1462 1218 tam
1512 1157 1768 1236 graviter
1814 1157 2034 1218 offensa
2077 1169 2247 1236 esset,
2278 1169 2343 1220 ut
2370 1161 2445 1219 ab
2488 1160 2575 1218 ira
2604 1179 2708 1219 sua
2744 1160 2805 1218 in
2832 1179 2938 1220 nos

525 1235 875 1298 effundenda
901 1249 1218 1319 temperare
1249 1239 1360 1298 sibi
1387 1259 1504 1298 non
1541 1246 1738 1315 posset
1762 1237 1877 1296 nisi
1920 1239 2255 1317 plenissima
2294 1239 2543 1318 quadam
2592 1239 2728 1299 data
2759 1239 2935 1299 Satis-

525 1314 792 1394 factione,
826 1320 1042 1380 Christi
1069 1319 1349 1380 sacrificio
1377 1327 1570 1378 reatus
1595 1318 1779 1377 nostri
1806 1317 1979 1377 foetor
2004 1320 2332 1380 teterrimus
2358 1321 2442 1380 ita
2468 1320 2720 1380 abolitus
2748 1328 2835 1379 est
2862 1339 2937 1379 ex

526 1397 758 1476 olfactu,
792 1407 855 1459 ut
881 1399 964 1460 ita
990 1399 1195 1476 dicam,
1221 1400 1465 1478 justitiae
1495 1398 1745 1474 Divinae,
1791 1397 1949 1458 haud
1993 1419 2160 1458 secus
2210 1420 2277 1458 ac
2306 1400 2355 1459 si
2382 1421 2677 1478 nunquam
2716 1400 2935 1476 fuisset,

523 1477 721 1556 iraque
749 1481 877 1558 ejus
905 1489 1157 1540 aestuans
1183 1489 1244 1540 et
1271 1479 1625 1538 inflammata
1652 1478 1885 1536 omnino
1904 1478 2105 1537 sedata
2132 1487 2189 1538 et
2214 1488 2420 1556 pacata
2440 1481 2565 1556 fuit,
2590 1480 2705 1537 imo
2727 1480 2789 1538 in
2816 1480 2934 1558 pla-

523 1557 875 1618 cidissimam
917 1560 1130 1619 amoris
1171 1568 1230 1618 et
1269 1558 1691 1617 benevolentiae
1734 1557 2099 1616 serenitatem
2147 1557 2320 1617 desiit
2360 1579 2501 1636 erga
2533 1579 2733 1618 omnes
2761 1560 2938 1637 hujus

521 1638 774 1696 victimae
829 1659 1029 1698 cruore
1073 1637 1354 1716 perfusos·
1405 1636 1690 1711 Secundo,
1742 1655 2040 1713 perperam
2090 1646 2457 1714 opponuntur
2505 1638 2932 1716 conjungenda,

517 1718 853 1796 sacrificium
881 1718 1260 1793 expiator-ium
1287 1724 1341 1775 et
1357 1718 1681 1794 pacificum,
1712 1716 2011 1792 utriusque
2060 1716 2209 1774 enim
2241 1717 2456 1774 veritas
2500 1717 2560 1773 in
2592 1716 2805 1775 Christi
2843 1737 2934 1776 sa-

519 1796 734 1856 crificio
763 1797 1230 1874 deprehenditur,
1261 1795 1371 1855 fuit
1398 1797 1550 1854 enim
1579 1804 1640 1853 et
1655 1795 2122 1872 propitiatoriam
2148 1795 2224 1854 ad
2252 1795 2540 1872 expianda
2582 1803 2780 1854 nostra
2808 1817 2932 1856 sce-

516 1876 653 1952 lera,
685 1884 744 1936 et
759 1877 1063 1956 pacificum
1092 1896 1195 1936 seu
1232 1874 1689 1953 impetratorium
1736 1874 1813 1933 ad
1848 1895 1917 1934 ea
1972 1875 2165 1934 omnia
2213 1876 2618 1954 consequenda
2652 1875 2936 1937 beneficia

516 1976 646 2034 quae
675 1978 752 2016 ex
778 1957 1114 2016 remissione
1142 1965 1510 2034 peccatorum
1537 1954 1826 2033 pendent:
1868 1955 2023 2015 unde
2050 1956 2146 2014 hic
2190 1955 2306 2015 duo
2346 1957 2521 2016 simul
2564 1966 2930 2034 concurrunt,

519 2044 586 2096 ut
613 2045 784 2096 antea
811 2037 1086 2110 diximus,
1115 2045 1174 2096 et
1226 2036 1533 2111 satisfactio
1588 2044 1649 2095 et
1696 2037 1970 2113 nteritum,
2018 2035 2297 2096 satisfecit
2340 2037 2493 2096 enim
2553 2037 2843 2113 merend0,
2875 2046 2933 2098 et

518 2118 730 2177 meruit
757 2117 1180 2192 satisfaciend0‚
1211 2116 1542 2176 obedientia
1577 2117 1705 2196 ejus
1733 2116 1843 2175 fuit
1887 2120 2005 2193 τιμὸ
2059 2125 2119 2176 et
2145 2115 2318 2198 λῦτςοι
2360 2116 2436 2177 ad
2482 2117 2935 2195 redemptionem

517 2219 554 2256 a
579 2199 752 2272 ma10,
783 2205 841 2258 et
869 2198 1043 2258 simul
1070 2195 1323 2274 δικαίωμα
1351 2196 1426 2255 ad
1454 2197 1893 2274 acquisitionem
1920 2197 2077 2272 boni,
2108 2197 2279 2259 Rom.
2310 2218 2367 2257 v.
2402 2199 2495 2256 18.

595 2277 883 2337 XXVII.
925 2277 1194 2355 Denique
1225 2278 1488 2336 Christus
1537 2276 1749 2336 dicitur
1776 2277 1837 2335 in
1880 2278 2089 2336 coelum
2118 2278 2414 2356 ingressus
2460 2285 2526 2337 ut
2570 2278 2631 2336 in
2676 2277 2928 2355 quietem

515 2377 696 2433 suam,
729 2357 883 2417 Heb.
934 2358 1013 2415 iv.
1068 2361 1160 2433 10,
1213 2364 1610 2416 consummato
1656 2356 1860 2415 salutis
1908 2366 2121 2416 nostrae
2170 2377 2341 2434 opere
2375 2357 2532 2435 quod
2574 2357 2662 2416 illi
2690 2378 2725 2416 a
2754 2357 2925 2418 Patre

514 2436 923 2496 demandatum
950 2436 1153 2512 fuerat,
1185 2445 1251 2495 ut
1277 2443 1522 2496 testatur
1567 2435 1709 2512 ipse,
1741 2435 1785 2494 J
1788 2435 1881 2493 oh.
1910 2436 2053 2494 xvii.
2104 2439 2160 2511 4,
2208 2439 2262 2513 5,
2294 2436 2418 2497 xix.
2464 2439 2560 2496 30.
2622 2437 2693 2496 E.
2724 2437 2926 2498 debuit

511 2517 575 2575 in
601 2517 769 2575 terris
795 2515 1136 2593 praedictum
1183 2514 1529 2574 sacrificium
1573 2513 1870 2589 obtulisse,
1918 2515 2062 2573 alias
2108 2535 2227 2574 non
2269 2525 2467 2593 posset
2494 2536 2631 2575 vere
2668 2518 2926 2594 profiteri

513 2595 706 2656 omnia
733 2605 1129 2656 consummata
1156 2614 1300 2671 esse,
1332 2594 1382 2653 si
1408 2593 1555 2652 nihil
1583 2592 1723 2652 dum
1772 2592 2086 2672 perfectum
2134 2594 2245 2652 fuit
2272 2615 2347 2653 ex
2374 2595 2447 2654 iis
2494 2596 2765 2656 omnibus
2792 2617 2923 2674 quae

511 2676 740 2754 agenda
779 2675 999 2736 habuit.
1085 2676 1288 2753 Neque
1341 2673 1436 2734 hic
1479 2673 1709 2734 obstare
1753 2673 1926 2733 debet
1964 2681 2243 2752 perpetua
2287 2673 2505 2734 functio
2548 2675 2925 2737 sacerdotalis

511 2757 767 2818 muneris
794 2777 924 2835 quae
954 2756 1182 2816 Christo
1210 2755 1272 2813 in
1300 2755 1446 2814 coelo
1473 2753 1805 2832 peragenda
1845 2753 2105 2832 quotidie
2132 2754 2430 2830 incumbit,
2461 2755 2620 2814 aliud
2648 2754 2801 2814 enim
2831 2767 2923 2818 est

511 2838 674 2916 loqui
701 2838 774 2898 de
802 2837 1162 2916 acquisitione
1189 2843 1249 2896 et
1275 2836 1489 2910 merito,
1521 2834 1683 2895 aliud
1709 2833 1781 2893 de
1810 2835 2223 2894 conservatione
2264 2843 2323 2894 et
2348 2836 2723 2912 applicatione
2750 2835 2922 2897 istius

511 2918 795 2995 beneficii,
823 2919 949 2977 haec
970 2913 1202 2996 quidem
1225 2916 1399 2976 debet
1425 2935 1551 2975 esse
1570 2915 1860 2992 continua,
1886 2915 1989 2974 sed
2006 2915 2163 2994 prior
2188 2915 2270 2975 ita
2296 2915 2549 2993 perfecta
2576 2925 2636 2976 et
2654 2917 2921 2977 absoluta

510 2999 573 3057 in
600 2999 770 3059 terris
797 2999 922 3076 fuit,
952 3007 1020 3058 ut
1045 2998 1190 3057 nihil
1211 2997 1336 3075 jam
1363 2997 1460 3055 vel
1487 2995 1817 3056 addendum
1846 2995 1942 3054 vel
1986 2995 2325 3055 mutandum
2355 2997 2620 3073 supersit.
2706 2996 2917 3072 Quem-

509 3079 822 3138 admodum
849 3078 1050 3138 divina
1081 3097 1270 3137 rerum
1315 3077 1676 3136 conservatio
1716 3095 1834 3135 non
1876 3075 2049 3135 efficit
2077 3076 2383 3154 quominus
2424 3094 2570 3155 opus
2614 3077 2920 3137 creationis

502 3158 824 3236 perfectum
871 3157 1044 3216 fuerit
1085 3166 1146 3217 et
1171 3157 1498 3216 absolutum
1541 3175 1649 3216 sex
1687 3155 1888 3235 primis
1930 3155 2151 3233 diebus,
2182 3175 2369 3233 neque
2411 3157 2593 3234 quieti
2634 3157 2709 3230 ad
2745 3176 2917 3235 quam

507 3237 846 3296 transivisse
877 3237 1037 3296 Deus
1065 3235 1277 3295 dicitur
1304 3236 1398 3296 die
1421 3237 1666 3313 septimo
1694 3235 2015 3311 intercedit,
2039 3236 2121 3295 ita
2143 3235 2405 3296 Christus
2423 3244 2554 3314 post
2576 3257 2721 3314 opus
2748 3257 2917 3297 novae

505 3315 811 3375 creationis
838 3322 1132 3393 peractum
1161 3320 1513 3392 σαββατιφὸι
1541 3323 1817 3374 aeternum
1846 3317 2142 3393 ingressus
2170 3325 2274 3392 est,
2298 3316 2359 3375 in
2386 3336 2502 3393 quo
2528 3337 2647 3377 non
2674 3318 2920 3394 acquirit

502 3395 601 3454 vel
631 3394 882 3473 applicat
908 3414 1063 3454 nova
1090 3395 1353 3472 quaedam
1383 3394 1664 3453 beneficia
1700 3414 1829 3472 quse
1858 3404 2029 3455 antea
2071 3395 2327 3455 nondum
2375 3397 2657 3474 acquisita
2682 3397 2911 3474 fuerint,

503 3474 609 3537 sed
635 3495 704 3535 ea
731 3483 954 3536 tantum
982 3474 1256 3555 applicari
1285 3481 1343 3534 et
1369 3475 1699 3534 conservari
1726 3482 1889 3534 curat
1936 3494 2066 3553 quae
2094 3496 2198 3553 pro
2245 3484 2444 3536 nostra
2493 3476 2911 3556 Redemptione

503 3557 641 3616 olim
671 3565 760 3617 est
780 3556 1043 3635 adeptus

584 3637 906 3698 XXVIII.
950 3638 1046 3696 Ex
1062 3637 1274 3715 quibus
1295 3637 1711 3714 concludimus,
1737 3637 2029 3698 Christum
2048 3639 2158 3698 etsi
2174 3659 2291 3699 non
2304 3659 2503 3700 omnes
2526 3639 2910 3700 Sacerdotalis

501 3718 754 3778 muneris
781 3725 974 3796 partes
1007 3718 1068 3776 in
1107 3717 1276 3776 terris
1313 3717 1657 3794 impleverit,
1690 3719 2006 3798 praecipuas
2049 3729 2242 3779 tamen
2284 3721 2514 3796 obiisse,
2544 3720 2908 3797 potissimum

499 3819 635 3858 vero
665 3797 1008 3858 sacrificium
1033 3795 1180 3857 illud
1207 3798 1478 3875 imo-ruz„
1535 3797 1694 3876 quod
1740 3819 1844 3877 pro
1873 3800 2041 3859 nobis
2095 3799 2321 3876 obtulit,
2353 3800 2611 3878 adeoque
2666 3808 2910 3860 mortem

496 3879 625 3956 ejus
651 3898 769 3938 non
813 3878 989 3938 fuisse
1032 3878 1508 3956 praeparationem
1552 3877 1843 3956 quandam
1891 3888 1949 3940 et
1996 3880 2343 3940 antecedens
2390 3881 2573 3958 ipsius
2622 3879 2904 3954 sacrificii,

495 3958 600 4018 sed
625 3958 1016 4038 propriissime
1044 3959 1231 4036 ipsum
1263 3957 1606 4018 sacrificium
1638 3981 1652 4035 ;
1698 3959 1901 4037 Neque
1934 3979 2041 4018 nos
2068 3980 2103 4017 a
2130 3968 2361 4038 recepta
2409 3961 2695 4020 sententia
2720 3959 2903 4019 dimo-

493 4059 629 4099 vere
658 4039 873 4099 debent
899 4058 1029 4116 quae
1057 4039 1119 4096 in
1165 4038 1476 4099 adversum
1504 4037 1821 4098 afferuntur
1847 4039 2119 4099 rationeS.
2163 4039 2357 4099 Primo
2404 4041 2685 4116 Christus,
2716 4040 2907 4116 inqui-

489 4127 610 4196 unt,
646 4121 682 4152 ‘⁴
702 4127 770 4179 ut
808 4119 972 4178 fieret
999 4117 1324 4178 misericors
1365 4128 1425 4179 et
1463 4118 1653 4178 fidelis
1697 4119 1967 4178 Pontifex
1994 4119 2067 4178 ad
2110 4119 2398 4198 expianda
2424 4128 2660 4199 peccata
2686 4128 2900 4196 nostra,

490 4199 690 4260 debuit
715 4219 820 4279 per
847 4198 1040 4259 omnia
1067 4197 1340 4259 fratribus
1370 4200 1490 4259 suis
1519 4198 1723 4258 similis
1752 4198 1893 4277 fieri,
1917 4206 1975 4259 et
2003 4201 2213 4259 tentari
2234 4201 2294 4259 in
2324 4201 2591 4261 omnibus
2620 4200 2900 4275 similiter,

489 4279 708 4357 absque
724 4288 919 4339 tamen
939 4279 1234 4358 peccatb,’'
1256 4279 1409 4340 Heb.
1433 4279 1492 4340 ii.
1521 4281 1613 4355 17,
1647 4287 1705 4337 et
1725 4279 1803 4338 iv.
1839 4283 1911 4340 15
1938 4303 1953 4340 ε
1984 4279 2054 4339 Ε.
2088 4283 2125 4313 “
2147 4280 2349 4342 debuit
2369 4290 2611 4341 mortem
2631 4280 2897 4358 experiri,

487 4366 546 4418 et
573 4359 687 4418 alia
714 4359 1001 4438 ejusmodi
1028 4361 1180 4419 mala
1206 4367 1562 4438 praegustare
1585 4368 1894 4437 antequam
1916 4360 2101 4420 factus
2129 4361 2302 4421 fuerit
2325 4361 2655 4421 Pontifex.’'
2702 4359 2897 4438 Resp.‚

489 4437 606 4497 sed
635 4447 842 4514 praeter
868 4459 990 4498 rem
1013 4448 1072 4499 et
1089 4460 1327 4518 scopum
1347 4440 1556 4518 Apost.
1581 4440 1707 4500 haec
1736 4439 2116 4517 adducuntur,
2140 4442 2270 4501 loca
2302 4461 2419 4501 non
2442 4441 2651 4501 docent
2670 4443 2898 4518 quando

487 4517 753 4577 Christus
807 4519 994 4578 factus
1049 4519 1222 4579 fuerit
1277 4519 1570 4595 Pontifex,
1632 4518 1735 4578 sed
1790 4522 1973 4598 qualis
2032 4541 2158 4581 esse
2223 4521 2506 4597 debuerit,
2564 4521 2895 4598 requireba-

480 4606 576 4656 tur
603 4596 815 4674 quippe
846 4597 1118 4658 Pontifex
1146 4598 1434 4678 particeps
1463 4599 1653 4659 carnis
1698 4607 1757 4660 et
1801 4599 2101 4677 sanguinis
2148 4601 2249 4679 qui
2268 4602 2439 4662 nobis
2484 4601 2899 4662 assimilaretur
