3234 5192
301 380 530 423 msrur.
559 358 723 441 vnn]
1026 371 1256 415 noar-na
1284 370 1362 413 ΑΒ
1390 368 1670 413 accessu
1701 370 1971 414 sonans.
2609 354 2720 413 193

304 534 352 594 si
381 535 440 593 in
481 534 728 612 patriam
756 530 1037 591 redeundi
1090 530 1411 607 denegatur
1450 527 1537 585 illi
1584 525 1846 601 facultas,
1877 546 1950 584 an
1987 526 2168 586 satius
2196 534 2350 585 esset
2374 526 2497 603 pati
2524 524 2718 602 potius

300 614 495 673 lumen
523 612 817 691 evangelii
842 610 1125 688 extingui,
1176 620 1235 668 et
1282 628 1519 685 gregem
1568 606 1852 685 dissipari,
1884 626 2058 684 quam
2103 616 2170 667 ut
2205 606 2453 685 pastoris
2479 626 2716 669 munere

300 694 651 771 fungeretur,
683 702 743 751 et
770 700 887 749 tam
917 690 1143 767 insigne
1172 708 1317 766 opus
1346 686 1635 745 desereret
1660 689 1689 745 Ρ

387 772 575 831 XXI.
622 772 770 831 Rem
799 778 993 829 autem
1033 788 1151 827 non
1179 767 1351 826 modo
1379 768 1462 825 ita
1490 786 1551 825 sc
1577 766 1792 823 habere
1829 786 2017 843 posse,
2050 766 2152 825 sed
2181 774 2240 825 et
2267 766 2579 843 contigisse
2610 784 2717 824 sae-

307 852 437 930 pius
464 861 713 912 testatur
738 850 981 909 historia
1020 848 1339 926 apostoliea
1358 854 1419 905 et
1457 845 1867 904 ecclesiastica.
1955 846 2052 905 Sic
2075 846 2210 905 Aet.
2241 847 2363 904 viii.
2395 850 2450 905 4.
2484 845 2718 907 Fideles

309 940 439 1009 post
464 941 707 990 mortem
726 928 1165 1007 protomartyris
1211 924 1505 1002 Stephani,
1524 925 1640 982 hue
1662 924 1800 982 illuc
1821 933 1996 983 vento
2018 926 2432 1003 persecutionis
2452 926 2715 1003 dispersi,

311 1011 683 1088 evangelium
710 1009 1045 1087 praedicant,
1077 1016 1136 1066 et
1182 1006 1399 1064 multos
1440 1004 1516 1065 ad
1570 1004 1746 1063 fidem
1802 1003 2116 1079 adducunt,
2148 1026 2270 1065 ver.
2301 1010 2360 1081 4,
2391 1016 2450 1065 et
2478 1026 2602 1083 cap.
2633 1006 2714 1069 xi.

314 1093 406 1165 19,
439 1094 535 1149 20.
622 1088 888 1168 Apollos,
920 1088 1159 1149 edoctus
1188 1086 1341 1145 viam
1375 1084 1485 1143 Dei
1514 1103 1617 1163 per
1648 1083 1970 1141 Priscillam
2001 1094 2060 1147 et
2087 1084 2382 1165 Aquilam,
2413 1086 2575 1147 nulla
2606 1087 2720 1145 alia

312 1170 567 1231 munitus
594 1168 917 1243 vocatione,
948 1166 1193 1227 Judaeos
1220 1162 1515 1224 convincit
1542 1182 1646 1241 per
1677 1162 2003 1243 Scripturas
2032 1164 2480 1225 demonstrando
2509 1166 2716 1227 Jesum

314 1268 441 1307 esse
460 1248 769 1322 Christum,
794 1268 917 1325 cap.
947 1246 1112 1303 xviii.
1142 1246 1239 1319 25,
1271 1246 1367 1303 26.
1436 1243 1531 1301 Sic
1560 1241 1865 1317 Theodor.,
1895 1242 1997 1305 lib.
2027 1244 2066 1301 i.
2090 1264 2214 1321 cap.
2246 1248 2340 1319 22,
2373 1245 2546 1304 refert
2573 1254 2714 1304 tem-

312 1348 451 1407 pore
482 1326 841 1385 Constantini
870 1326 953 1385 M.
986 1324 1296 1387 AEdesium
1318 1331 1377 1385 et
1406 1322 1807 1381 Frumentium
1855 1322 2060 1381 fratres
2108 1322 2330 1383 delatos
2379 1325 2440 1385 in
2471 1324 2716 1401 Indiam,

319 1415 379 1466 et
407 1426 443 1463 a
470 1406 741 1463 Barbaria
766 1406 943 1483 longa
983 1403 1263 1463 servitute
1293 1401 1575 1475 detentos,
1604 1401 1822 1460 multos
1849 1422 1924 1459 ex
1952 1402 2086 1479 illis,
2119 1412 2178 1463 et
2221 1422 2417 1480 regem
2458 1424 2576 1480 prae
2607 1426 2715 1467 οω-

319 1486 457 1545 teris
499 1485 573 1543 ad
592 1484 763 1544 fidem
793 1484 1007 1543 Christi
1034 1482 1405 1557 convertisse,
1437 1490 1497 1539 et
1539 1482 1622 1539 ita
1649 1481 1892 1557 coepisse
1937 1490 2121 1541 coetus
2169 1502 2392 1561 cogere,
2444 1483 2718 1543 ecclesias

316 1565 631 1640 instituere,
690 1574 754 1624 ut
806 1564 939 1624 istie
985 1562 1166 1622 cultui
1195 1581 1357 1620 sacro
1385 1569 1674 1619 vacarent.
1759 1560 1940 1637 Idem,
1973 1581 2097 1638 cap.
2129 1564 2224 1637 24,
2273 1571 2484 1639 narrat,
2536 1563 2718 1622 foemi-

314 1665 449 1703 nam
491 1646 779 1723 captivam
824 1645 975 1705 inter
1020 1643 1222 1701 Iberos
1264 1640 1658 1699 conversionis
1703 1640 1958 1717 ipsorum
1999 1641 2176 1704 fuisse
2226 1662 2476 1717 causam,
2521 1644 2722 1721 regina

316 1725 563 1805 primum
611 1724 686 1783 ad
752 1722 927 1795 fidem
971 1721 1188 1782 Christi
1234 1719 1501 1795 adducta,
1569 1728 1629 1779 et
1715 1739 1778 1777 er
1824 1720 2084 1799 reginam
2143 1741 2298 1799 rege,
2351 1731 2410 1785 et
2463 1722 2548 1784 sic
2615 1742 2720 1785 rex

322 1806 623 1881 Apostolus
644 1804 824 1881 gentis
868 1804 1191 1879 stioefactus
1219 1808 1315 1875 est,
1346 1799 1535 1878 inquit
1566 1798 1662 1857 Ru
1723 1819 1850 1875 nus,
1879 1800 1980 1858 lib.
2011 1822 2070 1865 x.
2121 1821 2246 1879 cap.
2298 1804 2390 1865 ll.
2436 1802 2514 1863 Et
2541 1823 2719 1880 quum

320 1882 587 1943 Valentis
632 1883 939 1961 tyrannide
988 1882 1105 1940 duo
1156 1880 1420 1954 Macarii,
1466 1878 1794 1956 AEgyptius
1821 1888 1880 1937 et
1902 1880 2257 1956 Alexander,
2307 1883 2719 1941 monachorum

318 1972 527 2043 patreS,
571 1964 631 2020 in
672 1963 920 2020 insulam
952 1960 1259 2020 Paludium
1301 1958 1543 2036 relegati
1571 1966 1782 2033 essent,
1813 1959 1972 2017 exilii
2017 1961 2360 2019 necessitate
2405 1960 2468 2020 in
2507 1962 2722 2021 benefi-

317 2043 393 2100 cii
422 2042 783 2101 occasionem
806 2060 991 2117 versa,
1020 2040 1185 2099 brevi
1214 2036 1525 2097 effecerunt
1552 2046 1618 2096 ut
1663 2038 1944 2097 insulares
1986 2040 2272 2117 baptismo
2317 2061 2719 2100 consecraren-

322 2132 433 2197 tur,
463 2120 685 2179 Theod.
742 2120 847 2177 lib.
889 2120 968 2177 iv.
1000 2139 1123 2196 cap.
1184 2122 1237 2177 1.
1288 2118 1547 2176 Plurima
1598 2128 1836 2195 possent
1890 2118 2078 2177 afferri
2133 2120 2401 2197 exempla
2440 2121 2724 2197 ejusmodi

318 2200 619 2261 hominum
647 2199 1019 2279 privatorum,
1051 2218 1293 2278 quorum
1322 2216 1496 2281 opera
1534 2198 1800 2257 conversi
1828 2207 1963 2259 sunt
1990 2199 2066 2260 ad
2102 2198 2274 2264 fidem
2303 2200 2516 2265 Christi
2544 2200 2723 2285 pluri-

323 2279 423 2336 mi.
490 2278 591 2337 An
618 2278 825 2336 mirum
854 2298 991 2355 ergo
1010 2277 1195 2340 videri
1223 2277 1411 2353 debet,
1445 2277 1495 2335 si
1512 2276 1746 2353 quidam
1773 2297 1848 2338 ex
1881 2278 2375 2343 Reformatoribus
2403 2282 2632 2355 nostris,
2665 2280 2724 2343 in

324 2378 395 2416 eo
424 2366 579 2416 statu
621 2358 936 2432 constituti,
966 2358 1081 2417 tale
1136 2357 1275 2437 quid
1317 2356 1531 2415 fuerint
1557 2357 1836 2433 aggressi,
1881 2376 2106 2417 summa
2125 2360 2188 2417 id
2227 2360 2500 2436 exigente
2527 2380 2722 2423 neces·

324 2438 513 2513 sitate,
545 2456 723 2515 quum
752 2437 911 2498 nulla
938 2438 1051 2496 alia
1077 2437 1390 2517 apparebat
1416 2436 1515 2499 vel
1538 2436 1824 2495 libertatis
1851 2436 1948 2503 vel
1991 2438 2194 2505 salutis
2241 2439 2386 2503 via?
2465 2438 2727 2505 Maxime

324 2537 455 2575 cum
484 2517 638 2575 dona
677 2518 781 2575 illa
808 2517 1022 2578 eximia
1048 2526 1109 2576 et
1163 2516 1495 2593 singularia,
1546 2515 1759 2593 quibus
1813 2536 1914 2579 eos
1941 2518 2254 2581 instructos
2305 2519 2465 2578 Deus
2519 2520 2724 2597 voluit,

323 2616 453 2657 rara
480 2597 745 2673 eruditi0,
774 2597 994 2675 ingenii
1022 2615 1263 2655 acumen
1290 2593 1625 2669 maximum,
1650 2596 1934 2675 judicium
1959 2598 2438 2673 subactissimum,
2460 2611 2725 2663 constan-

325 2676 408 2735 tia
435 2685 493 2735 et
520 2676 799 2754 patientia
824 2676 1059 2752 invicta,
1092 2676 1251 2736 zelus
1279 2674 1756 2751 ferventissimus,
1801 2684 1860 2734 et
1888 2676 1987 2735 alii
2013 2687 2204 2737 motus
2231 2679 2450 2739 heroici
2479 2690 2538 2739 et
2558 2680 2728 2757 plane

327 2756 787 2833 extraordinarii,
833 2757 1046 2833 quibus
1089 2754 1579 2814 Reformationem
1607 2763 1921 2833 coeperunt,
1952 2766 2379 2835 promoverunt,
2411 2766 2470 2817 et
2497 2759 2730 2821 tandem

326 2834 703 2917 perfecerunt,
746 2836 1025 2894 adversus
1069 2853 1269 2893 omnes
1314 2834 1830 2894 contradicentium
1868 2845 2020 2895 artes
2069 2846 2128 2895 et
2153 2836 2467 2912 molimina,
2517 2838 2731 2903 fuerint

328 2914 512 2973 veluti
541 2915 735 2991 sigilla
761 2916 1093 2974 authentica
1118 2913 1333 2973 divinas
1360 2934 1559 2974 eorum
1602 2914 1962 2989 vocationis3
2028 2934 2156 2973 cum
2203 2915 2488 2979 neminem
2529 2917 2726 2997 lateat,

329 3012 544 3069 magna
571 2994 672 3051 illa
699 2994 852 3053 dona
878 3012 1173 3071 nunquam
1203 3013 1238 3052 a
1269 2993 1395 3051 Deo
1418 2992 1682 3068 conferri,
1711 2992 1824 3051 nisi
1851 2994 1926 3055 ad
1951 3013 2228 3071 magnum
2259 3003 2318 3058 et
2333 2996 2728 3059 extraordina-

332 3071 481 3131 rium
511 3072 747 3149 aliquod
800 3094 963 3153 opus.
1026 3072 1251 3149 Quibus
1292 3072 1441 3134 adde
1491 3092 1820 3134 successum
1862 3073 2256 3133 admirabilem
2305 3083 2364 3136 et
2411 3074 2580 3155 plane
2611 3083 2729 3135 stu-

330 3150 601 3231 pendum,
632 3172 801 3231 quem
861 3153 1021 3213 Deus
1050 3172 1247 3211 eorum
1299 3152 1597 3211 laboribus
1651 3152 1896 3229 largitus
1951 3163 2056 3228 est,
2096 3153 2158 3212 in
2185 3174 2300 3235 quo
2359 3154 2734 3215 Providentia

326 3250 563 3313 prorsus
592 3232 900 3311 singularis
928 3241 985 3293 et
1013 3232 1369 3293 admirabilis
1396 3232 1478 3293 ita
1505 3241 1743 3309 apparet
1781 3232 2108 3311 conspicua,
2137 3242 2204 3296 ut
2241 3235 2524 3295 neminem
2555 3236 2734 3297 latere

372 3310 531 3385 ossit,
562 3311 676 3369 nisi
703 3332 820 3383 eos,
851 3312 952 3389 qui
980 3311 1199 3373 fascino
1228 3312 1652 3389 superstitionis
1679 3320 1740 3371 et
1788 3311 1920 3373 odio
1969 3314 2231 3375 veritatis
2273 3325 2408 3375 sunt
2438 3317 2731 3375 excaecati.

393 3390 599 3469 enique
630 3392 680 3449 si
708 3390 849 3467 quid
878 3390 1191 3455 desiderari
1212 3392 1401 3471 potuit
1428 3391 1489 3451 in
1514 3392 1625 3452 hac
1652 3392 1837 3471 prima
1857 3394 2176 3470 vocatione,
2208 3393 2376 3454 facile
2405 3396 2732 3473 suppletum

334 3468 457 3543 fuit,
489 3480 613 3529 tum
644 3470 922 3533 Ecclesiae
951 3490 1237 3533 consensu
1265 3480 1323 3529 et
1352 3470 1695 3531 succedente
1744 3471 2174 3549 approbatione,
2226 3483 2347 3533 tum
2393 3476 2733 3538 auctoritate

332 3548 565 3629 publica
604 3550 1046 3627 magistratuum
1075 3560 1133 3609 et
1161 3551 1520 3628 populorum,
1550 3558 1617 3611 ut
1662 3549 1758 3608 hic
1812 3550 1958 3608 nihil
2004 3551 2257 3610 habeant
2303 3554 2460 3635 quod
2502 3574 2734 3631 carpere

330 3628 556 3707 possint
596 3628 930 3704 adversarii,
961 3630 1075 3689 nisi
1102 3629 1421 3690 doctrinam
1451 3650 1487 3687 a
1526 3628 1740 3687 nostris
1785 3628 2054 3688 traditam
2082 3630 2284 3699 falsam
2337 3652 2463 3691 esse
2505 3642 2565 3701 et
2608 3654 2731 3701 corz

332 3716 577 3785 ruptam,
608 3708 767 3785 quod
792 3708 852 3766 in
882 3718 1160 3768 aeternum
1186 3729 1479 3786 nunquam
1511 3718 1646 3768 sunt
1675 3708 2134 3785 demonstraturi,
2167 3710 2490 3779 ostendant.

418 3786 643 3845 XXII.
688 3788 863 3847 Dices
886 3788 1031 3847 forte
1048 3789 1240 3849 varias
1262 3789 1393 3847 illas
1422 3789 1793 3865 corruptelaS,
1815 3790 2039 3865 quasin
2062 3788 2326 3855 Ecclesia
2354 3789 2523 3855 Rom.
2555 3791 2731 3851 fuisse

330 3866 741 3943 pertendimus,
770 3868 1028 3947 potuisse
1057 3868 1286 3945 quidem
1311 3868 1628 3945 majoribus
1668 3869 1880 3935 nostris
1909 3868 2266 3927 occasionem
2295 3868 2432 3929 dare
2475 3890 2572 3928 eas
2601 3872 2732 3948 reji-.

333 3944 540 4019 ciendi,
586 3954 645 4004 et
672 3965 732 4005 se
778 3946 851 4007 ab
879 3946 997 4005 illis
1025 3947 1307 4005 immunes
1348 3947 1661 4026 praestandi
1707 3968 1810 4027 per
1854 3950 2206 4015 secessionem
2253 3950 2588 4027 neqativam,
2633 3950 2736 4017 sed

334 4044 451 4081 non
481 4025 674 4085 statim
714 4026 815 4103 jus
855 4026 1113 4103 potuisse
1156 4024 1411 4086 conferre
1441 4036 1625 4096 coetus
1655 4048 1927 4106 segreges
1956 4028 2218 4104 cogendi,
2271 4038 2329 4087 et
2383 4048 2598 4093 novum
2629 4031 2731 4090 mi,

333 4103 635 4161 nisterium
665 4104 725 4161 in
752 4104 869 4163 illis
890 4106 1245 4179 instituendi,
1270 4107 1425 4182 quod
1448 4107 1570 4165 sine
1608 4107 1946 4165 auctoritate
1968 4107 2200 4185 publica
2225 4108 2349 4167 fieri
2377 4128 2494 4173 non
2531 4109 2734 4185 potuit,

334 4181 449 4241 nisi
476 4181 725 4242 velimus
751 4188 963 4257 ατκξκιι
988 4185 1259 4247 inducere
1289 4184 1349 4241 in
1372 4184 1713 4247 Ecclesiam.
1757 4186 1978 4245 Verum
1999 4185 2166 4249 facile
2194 4196 2284 4245 est
2301 4188 2413 4255 hoc
2441 4188 2618 4245 telum
2648 4209 2734 4248 re-

332 4260 575 4337 pellere;
600 4282 735 4321 nam
750 4273 816 4322 ut
831 4285 947 4323 non
972 4264 1248 4337 dicamus,
1270 4264 1382 4323 hoc
1421 4264 1613 4325 locum
1637 4284 1750 4331 non
1767 4265 1980 4331 habere
2009 4264 2067 4322 in
2085 4266 2202 4331 illis
2230 4266 2489 4329 eeclesiis
2509 4287 2640 4344 quae
2662 4270 2736 4328 ab

338 4338 661 4417 Episcopi&
709 4342 1091 4422 Presbyteris,
1138 4352 1197 4402 et
1230 4342 1359 4402 aliis
1404 4344 1684 4401 Romanae
1731 4342 2008 4409 Eeclesiae
2053 4344 2370 4411 rectoribus
2414 4346 2734 4409 reformatae

338 4427 473 4477 sunt
494 4442 508 4495 ;
532 4439 662 4495 quae
706 4423 959 4486 rationes
1005 4421 1345 4481 secessionis
1366 4422 1656 4497 negativae
1684 4422 2084 4487 necessitatem
2114 4422 2508 4500 imposuerunt
2548 4429 2734 4499 fidelis

338 4498 465 4571 buS,
492 4498 710 4558 eaedem
738 4502 1121 4561 secessionem
1149 4499 1459 4579 positivam
1478 4510 1536 4558 et
1553 4509 1842 4577 patentem
1863 4501 2124 4577 exigunt,
2138 4512 2202 4567 ut
2237 4518 2557 4569 conventus
2595 4511 2738 4575 fiant

334 4576 569 4719 publici,
590 4578 691 4639 ubi
711 4583 955 4641 verbum
973 4580 1335 4659 praedicetur,
1359 4588 1417 4647 et
1444 4588 1802 4647 sacramenta
1828 4580 2316 4645 administrentur.
2372 4586 2493 4646 Nec
2513 4598 2736 4661 tanturn

380 4672 447 4715 oc
463 4658 564 4735 Jus
576 4661 925 4722 censendum
946 4670 1049 4737 est,
1066 4660 1233 4738 cnjus
1252 4678 1394 4717 usus
1410 4678 1587 4737 penes
1610 4659 1766 4747 ipsos
1787 4660 2034 4739 positum.
2057 4662 2148 4738 sit,
2163 4666 2262 4723 sed
2287 4666 2532 4735 officium
2553 4678 2612 4728 et
2633 4670 2733 4728 ob-

2433 4766 2468 4805 κ
