3234 5192
514 313 629 372 508
1123 331 1201 372 ns
1233 329 1720 373 sarismc‘noms
1747 329 1993 373 camsi-1
2023 331 2340 373 vani-run.
2525 315 2790 398 [msrur.
2819 340 2924 381 xv.

508 472 657 527 dum
684 468 883 545 potuit
908 471 1208 546 compleri.
1255 469 1487 528 Verum
1508 469 1703 528 facilis
1727 476 1817 529 est
1857 470 2094 542 solutio,
2125 490 2282 546 saepe
2318 492 2410 531 res
2437 472 2554 532 dici
2595 474 2824 551 impleri
2851 478 2916 536 in

512 547 819 622 Scriptura
844 565 967 604 non
1010 555 1247 607 tantum
1288 567 1427 606 cum
1464 549 1723 624 perfecte
1765 556 1826 605 et
1863 549 2138 607 absolute
2185 554 2591 626 complentur;
2634 554 2736 609 sed
2775 574 2916 613 cum

504 625 741 699 impleri
768 626 1064 700 incipiunt
1090 628 1290 703 quoad
1311 627 1579 702 aliquam
1623 628 1718 684 sui
1761 634 2028 702 partem3
2072 627 2379 686 Nimirum
2401 649 2540 688 cum
2581 638 2811 689 certum
2837 635 2916 691 sit

504 704 745 761 oracula
770 704 1031 761 maxime
1059 706 1369 781 composita
1394 713 1454 763 et
1480 705 1670 763 mixta
1696 706 1960 763 diversas
1985 723 2080 764 res
2099 706 2428 780 significare
2456 710 2636 766 modo
2653 711 2917 769 habeant

500 782 770 857 aliquam
798 785 963 857 νχίσπ
990 786 1067 841 ad
1097 803 1157 841 se
1180 784 1433 841 invicem
1455 790 1515 840 et
1536 783 2105 855 subordinationem,
2134 784 2222 841 ita
2237 786 2502 844 dubitari
2530 788 2738 862 nequit
2765 791 2912 863 quin

502 861 835 918 secundum
862 861 1057 920 varias
1083 862 1221 920 illas
1248 880 1341 919 res
1367 862 1614 919 diversis
1641 860 1822 918 etiam
1847 862 2132 935 gradibus
2169 866 2496 921 successive
2524 865 2910 939 impleantur,

500 938 1010 1011 quemadmodum
1036 940 1249 997 unicus
1274 958 1481 996 eorum
1510 956 1718 996 sensus
1747 940 1946 995 varios
1971 942 2195 1013 gradus
2241 942 2524 1012 continet,
2553 943 2816 1017 primum
2843 944 2906 1001 in

496 1021 661 1089 typ0‚
690 1016 947 1075 alterum
973 1017 1036 1073 in
1064 1018 1339 1091 antitypo
1364 1039 1377 1075 :
1422 1016 1519 1075 Sic
1549 1016 1667 1075 Isa.
1697 1017 1776 1074 ix.
1824 1017 1879 1087 2,
1909 1016 1974 1073 in
2010 1018 2229 1075 illustri
2256 1020 2540 1077 vaticinio
2577 1022 2742 1093 quod
2769 1039 2907 1095 pro-

495 1094 743 1168 ponitur
783 1113 821 1151 a
864 1096 1173 1170 propheta,
1219 1101 1255 1128 “
1275 1093 1545 1170 Populus
1591 1094 1696 1170 qui
1742 1096 2094 1153 ambulabat
2119 1095 2182 1153 in
2230 1097 2486 1154 tenebris
2512 1096 2664 1154 vidit
2709 1098 2904 1157 lucem

494 1174 833 1245 magnam,'’
862 1180 980 1231 tres
1020 1176 1245 1248 gradus
1287 1174 1654 1248 impletionis
1693 1174 1891 1229 notari
1939 1182 2220 1247 possunt:
2273 1174 2325 1232 1.
2355 1177 2433 1233 In
2481 1174 2815 1233 liberatione
2861 1196 2903 1233 a

496 1249 826 1325 captivitate
853 1250 1235 1330 Babylonica,
1278 1270 1419 1309 nam
1446 1270 1516 1308 eo
1560 1250 1846 1325 respicere
1899 1250 2126 1309 Isaiam
2153 1260 2385 1311 constat
2421 1271 2497 1311 ex
2518 1254 2900 1329 sequentibus

496 1327 601 1385 ubi
628 1330 703 1385 de
730 1342 953 1406 sceptro
986 1330 1268 1389 exactoris
1296 1337 1357 1387 et
1370 1331 1519 1405 juyo
1548 1329 1847 1406 confracto
1873 1330 1942 1386 fit
1969 1348 2184 1401 sermo,
2213 1337 2273 1388 et
2309 1350 2520 1390 revera
2545 1339 2692 1390 tunc
2709 1350 2902 1407 popu-

492 1407 590 1463 lus
616 1406 679 1463 in
708 1409 1222 1467 calamitosissima
1258 1409 1617 1465 constitutus
1665 1406 2009 1465 conditione
2056 1426 2192 1483 quae
2221 1428 2328 1482 per
2365 1412 2641 1469 tenebras
2668 1418 2728 1467 et
2771 1428 2904 1467 um-

493 1484 663 1541 bram
690 1488 899 1545 mortis
920 1489 1241 1544 denotatur
1268 1487 1332 1542 in
1365 1485 1687 1559 Scriptura,
1718 1484 1954 1541 visurus
1973 1493 2102 1543 erat
2126 1486 2324 1543 lucem
2369 1489 2762 1563 providentiae
2799 1506 2905 1561 pa-

490 1567 675 1619 ternae
724 1571 785 1620 et
827 1565 1106 1637 gloriosae
1148 1563 1263 1620 Dei
1309 1564 1591 1637 potentiae
1635 1580 1758 1635 qua
1795 1561 2144 1619 liberandus
2182 1570 2314 1619 erat
2329 1585 2346 1635 ;
2391 1566 2446 1621 2.
2503 1564 2589 1621 1η
2609 1566 2905 1639 praede'oa-

492 1640 642 1697 tione
670 1640 996 1715 evanyebioa
1020 1649 1081 1699 et
1098 1640 1464 1713 temporibus
1490 1638 1573 1695 N.
1605 1639 1695 1708 ¹1¹„
1726 1646 1794 1695 ut
1834 1646 2068 1696 constat
2115 1658 2190 1696 ex
2214 1639 2362 1699 Luc.
2392 1642 2431 1699 i.
2463 1642 2558 1710 29,
2589 1649 2648 1697 et
2679 1643 2898 1701 Matth.

486 1717 563 1779 iy.
599 1715 690 1784 16,
715 1717 816 1773 ubi
844 1717 1159 1792 impletum
1188 1717 1406 1774 dicitur
1432 1719 1547 1773 hoc
1574 1714 1886 1773 oraculum
1915 1734 2054 1773 cum
2083 1714 2353 1774 Christus
2396 1717 2784 1777 concionatus
2811 1729 2903 1779 est

484 1794 637 1851 circa
664 1812 832 1851 oram
858 1796 1218 1852 maritimam
1252 1794 1529 1863 Galileoe;
1560 1793 1614 1849 3.
1649 1793 1724 1850 In
1769 1796 2174 1853 resurrectione
2221 1796 2420 1854 ultima
2455 1814 2594 1852 cum
2633 1816 2708 1855 ex
2735 1806 2902 1856 tene-

484 1870 604 1928 bris
657 1871 867 1929 mortis
904 1872 969 1929 in
1018 1872 1237 1947 quibus
1267 1871 1602 1946 jacebimus
1641 1870 1702 1927 in
1747 1872 2076 1945 sepulchris
2120 1873 2340 1931 nostris
2383 1875 2770 1932 traducemur
2821 1878 2898 1933 ad

482 1949 680 2006 lucem
722 1957 1005 2007 aeternam
1054 1950 1263 2025 gloriae
1301 1955 1362 2009 et
1407 1948 1920 2009 immortalitatem
1964 1969 2088 2025 qua
2133 1952 2196 2009 in
2235 1951 2654 2010 communione
2693 1954 2810 2011 Dei
2839 1962 2900 2013 et

486 2027 708 2086 Christi
733 2028 977 2085 fruituri
1006 2046 1229 2099 sumus,
1259 2046 1381 2104 quo
1410 2027 1652 2085 videtur
1678 2027 1967 2102 respicere
2000 2027 2243 2099 Paulus,
2285 2030 2414 2090 Col.
2445 2030 2485 2088 i.
2519 2031 2612 2102 12,
2645 2030 2801 2106 Eph.
2837 2051 2894 2091 v.

484 2106 577 2163 14.
624 2106 721 2165 Sic
747 2108 1094 2180 mysterium
1126 2106 1428 2165 Paschatis
1456 2106 1703 2163 diversis
1744 2109 2062 2165 momentis
2088 2119 2150 2167 et
2192 2109 2480 2183 gradibus
2530 2109 2768 2183 impleri
2795 2112 2897 2170 de-

480 2184 651 2243 buit:
685 2186 736 2243 1.
784 2185 895 2245 Sub
924 2188 1075 2263 Leqe
1100 2186 1162 2242 in
1205 2184 1611 2243 immolatione
1652 2190 1713 2241 et
1731 2186 2193 2245 manducatione
2212 2187 2398 2262 Agni,
2431 2186 2626 2245 Exod.
2665 2188 2767 2245 xii.
2792 2210 2809 2259 ;
2839 2190 2892 2246 2.

482 2262 597 2321 Sub
636 2267 832 2339 ,qratia
861 2266 924 2321 in
978 2264 1280 2322 oblatione
1331 2262 1551 2321 Christi
1602 2263 1666 2319 in
1715 2280 1889 2321 cruce
1915 2271 1976 2320 et
2022 2265 2291 2337 ejusdem
2317 2266 2784 2324 manducatione
2831 2267 2894 2323 in

478 2340 873 2411 Eucharistia,
908 2343 939 2400 1
972 2342 1107 2400 Cor.
1138 2358 1194 2397 v.
1224 2340 1280 2411 7,
1308 2341 1381 2411 8;
1412 2340 1467 2397 3.
1498 2342 1573 2398 In
1596 2341 1790 2415 qloria
1829 2341 1889 2396 in
1921 2343 2342 2399 communione
2373 2342 2594 2401 Christi
2622 2350 2683 2401 et
2708 2345 2894 2418 parti·

476 2418 771 2491 cipatione
800 2420 931 2492 ejus
958 2417 1377 2475 beneficiorum
1406 2436 1541 2474 cum
1582 2418 1996 2475 accumbentes
2022 2436 2240 2477 mensae
2284 2420 2416 2492 ejus
2445 2438 2584 2487 cum
2612 2421 2892 2479 Abraha-

476 2512 593 2565 m0,
628 2495 852 2565 Isaac0,
882 2503 944 2553 et
968 2496 1010 2552 J
1014 2495 1219 2563 acob0,
1250 2494 1658 2551 saturabimur
1685 2494 2050 2569 pinguedine
2078 2497 2294 2553 domus
2312 2495 2444 2565 Dei,
2467 2503 2530 2553 et
2545 2499 2892 2571 potabimur

474 2578 739 2630 torrente
767 2573 1117 2631 deliciarum
1162 2571 1214 2645 ej
1224 2589 1311 2641 us,
1356 2578 1417 2628 et
1458 2571 1701 2645 nuptias
1728 2571 1896 2645 Agni
1943 2572 2392 2643 celebrabimus,
2433 2573 2579 2631 Luc.
2616 2574 2757 2633 xxii.
2794 2576 2886 2647 15,

478 2651 569 2725 16,
602 2651 695 2722 30,
729 2652 917 2727 Apoc.
948 2651 1069 2708 xix.
1100 2651 1156 2707 9.
1244 2648 1344 2707 Ita
1370 2648 1435 2707 in
1462 2649 1595 2706 aliis
1625 2649 1782 2723 typis
1809 2656 1871 2706 et
1905 2650 2112 2723 figuris
2160 2650 2222 2706 id
2249 2650 2449 2724 ipsum
2492 2652 2886 2711 demonstrari

472 2729 649 2788 facile
675 2738 890 2805 posset.
943 2727 1467 2797 Quemadmodum
1494 2744 1638 2785 vero
1665 2728 1764 2784 vel
1791 2728 2036 2785 oracula
2061 2729 2158 2785 vel
2185 2728 2315 2802 typi
2350 2728 2442 2785 illi
2464 2729 2747 2786 dicuntur
2773 2731 2888 2789 im-

472 2808 627 2882 pleri
652 2809 831 2865 etiam
852 2827 1003 2883 resp.
1032 2806 1209 2881 primi
1224 2807 1449 2879 gradus
1468 2806 1563 2862 vel
1590 2804 1857 2875 secundi,
1885 2804 2027 2861 licet
2045 2804 2316 2863 nondum
2337 2806 2644 2865 accesserit
2673 2808 2886 2867 tertius

472 2894 533 2944 et
560 2887 807 2946 ultimus
831 2909 844 2946 ε
877 2886 977 2944 Ita
1002 2886 1101 2944 hic
1126 2884 1347 2959 pariter
1366 2882 1716 2942 vaticinium
1743 2885 1860 2941 hoc
1885 2882 2114 2940 dictum
2141 2889 2231 2941 est
2253 2882 2490 2958 impleri
2519 2902 2558 2941 a
2582 2883 2882 2944 Matthaeo

470 2965 617 3039 quia
642 2965 1002 3041 implebatur
1029 2964 1229 3039 quoad
1258 2962 1509 3020 alteram
1553 2960 1651 3019 sui
1695 2969 1944 3036 partem,
1991 2962 2146 3019 duos
2193 2961 2356 3017 enim
2401 2963 2628 3036 gradus
2669 2964 2885 3021 habuit

470 3045 801 3101 secundum
840 3062 993 3119 quos
1033 3040 1268 3117 impleri
1308 3040 1549 3098 debuit:
1591 3040 1854 3115 primum
1893 3039 1958 3095 in
1998 3038 2344 3097 morborum
2377 3040 2705 3110 sanatione,
2744 3060 2883 3098 cum

474 3118 743 3178 Christus
770 3128 958 3178 semet
980 3119 1318 3193 defatigans
1346 3120 1421 3175 ad
1449 3136 1758 3191 vesperam
1807 3134 1996 3191 usque
2043 3116 2302 3174 aliorum
2345 3118 2567 3175 morbis
2608 3118 2881 3177 levandis

468 3204 709 3254 vacaret
736 3216 857 3254 non
884 3198 1011 3255 sine
1036 3197 1206 3270 gravi
1234 3195 1509 3253 molestia
1534 3202 1595 3251 et
1619 3195 1824 3253 labore
1847 3216 1862 3264 ;
1905 3195 2235 3251 secundum
2263 3212 2401 3251 cum
2427 3195 2618 3253 crucis
2654 3197 2882 3272 suppli—

468 3274 628 3331 cium
656 3274 958 3347 perferens
984 3274 1389 3331 remissionem
1416 3280 1794 3347 peccatorum
1821 3272 1995 3330 nobis
2021 3272 2378 3347 impetravit,
2421 3281 2483 3331 et
2511 3279 2656 3330 tunc
2682 3276 2878 3331 multo

464 3350 784 3426 perfectius
811 3352 873 3407 in
902 3350 1031 3424 ipsa
1052 3357 1243 3407 morte
1271 3368 1407 3425 quse
1437 3350 1624 3407 animi
1649 3351 1892 3407 morbos
1918 3350 2166 3408 sustulit
2191 3349 2508 3425 impletum
2535 3350 2669 3407 fuit.
2713 3350 2879 3408 Nam

467 3430 631 3503 quod
659 3427 1002 3486 vaticinatio
1032 3428 1347 3502 Prophetae
1377 3446 1500 3484 non
1526 3427 1711 3483 fuerit
1738 3434 1885 3485 tunc
1909 3429 2090 3502 plane
2133 3427 2380 3501 impleta
2420 3446 2558 3485 cum
2584 3429 2743 3485 male
2771 3430 2878 3486 ha-

464 3508 669 3564 bentes
698 3513 950 3577 curaret,
979 3514 1170 3581 patet3
1222 3504 1274 3562 1.
1306 3504 1403 3561 Ex
1429 3522 1500 3561 eo
1522 3506 1688 3579 quod
1709 3504 1979 3563 Christus
2006 3506 2266 3562 instante
2293 3506 2569 3579 passione
2597 3508 2876 3581 quaedam

465 3604 539 3641 ex
566 3588 681 3643 hoc
708 3586 900 3661 capite
948 3584 1059 3642 sibi
1114 3584 1375 3658 applicat
1402 3590 1463 3640 et
1504 3581 1813 3657 implenda
1838 3585 2038 3641 adhuc
2065 3600 2190 3639 esse
2232 3583 2394 3654 dicit,
2427 3585 2573 3642 Luc,
2603 3584 2748 3641 xxii.
2778 3584 2874 3655 37,

464 3670 499 3697 “
523 3663 673 3722 Dico
702 3664 929 3735 vobis,’'
958 3663 1171 3737 inquit,
1204 3668 1239 3695 “
1262 3662 1460 3719 adhuc
1487 3667 1762 3735 oportere
1797 3662 2086 3735 scriptum
2109 3660 2265 3718 illud
2292 3660 2354 3717 in
2383 3680 2480 3719 me
2505 3661 2760 3736 impleri,
2793 3662 2878 3719 Et

462 3760 599 3800 cum
625 3742 847 3816 iniquis
874 3748 1183 3816 reputatus
1212 3740 1356 3810 est,'’
1402 3739 1521 3796 Isa.
1552 3738 1660 3797 liii.
1694 3740 1802 3807 123
1859 3740 1914 3796 2.
1948 3739 2128 3806 Quod
2154 3737 2560 3812 Evangelista,
2587 3739 2722 3797 Act.
2747 3740 2871 3797 viii.

460 3826 658 3877 totum
686 3823 800 3878 hoc
826 3826 1006 3895 caput
1034 3820 1107 3877 de
1136 3818 1373 3877 Christo
1400 3817 1513 3875 toti
1541 3818 1770 3881 mundo
1809 3824 1952 3875 tunc
1979 3816 2380 3875 innotescente
2407 3835 2515 3891 per
2541 3816 2872 3875 crucifixio-

458 3915 597 3955 nem
626 3906 686 3956 et
715 3898 1210 3956 resurrectionem
1238 3914 1407 3954 suam
1436 3896 1876 3969 interpretatur,
1900 3894 2064 3969 quod
2111 3892 2237 3949 fieri
2274 3896 2586 3953 commode
2615 3914 2738 3951 non
2765 3914 2872 3969 po-

458 3976 667 4034 tuisset
692 3976 743 4033 si
768 3977 831 4033 in
859 3976 1052 4051 primo
1096 3983 1335 4034 tantum
1380 3974 1578 4047 gradu
1627 3972 2073 4029 immorandum
2113 3978 2282 4029 esset.
2330 3970 2546 4047 Itaque
2591 3973 2871 4031 inchoata

456 4053 701 4125 quidem
726 4053 909 4113 fuerit
934 4053 1203 4129 impletio
1232 4058 1293 4110 et
1318 4051 1589 4125 operibus
1618 4050 1738 4106 illis
1766 4058 2058 4124 tanquam
2085 4048 2270 4123 signis
2311 4056 2372 4105 et
2399 4050 2686 4123 symbolis
2733 4064 2878 4126 proi

456 4130 637 4189 missa
662 4140 723 4190 et
750 4140 1003 4203 ostensa,
1032 4134 1137 4190 sed
1165 4148 1287 4187 non
1316 4128 1593 4187 absoluta
1618 4134 1680 4185 et
1706 4134 2118 4185 consummata
2153 4128 2344 4185 donec
2369 4128 2522 4185 alter
2547 4130 2775 4203 gradus
2800 4130 2864 4186 in

454 4216 646 4267 morte
673 4212 998 4269 accesserit.

535 4286 719 4345 XXI.
762 4290 865 4347 Ad
890 4289 969 4345 3¹²·
1000 4288 1245 4363 Except.
1274 4287 1349 4345 de
1375 4284 1541 4341 hirco
1568 4284 1916 4361 ἄναιμα-αἶς
1954 4283 2131 4359 Resp.
2165 4284 2218 4342 1.
2250 4284 2500 4342 Peccare
2547 4285 2706 4343 falsa
2752 4286 2864 4358 hy-

451 4366 681 4437 pothesi
709 4368 879 4441 quasi
897 4366 1129 4441 phrasis
1156 4366 1273 4425 ista
1294 4362 1583 4439 portandi
1602 4376 1843 4440 peccata
1870 4381 2004 4439 quae
2033 4362 2287 4420 habetur
2314 4364 2476 4436 apud
2503 4366 2860 4438 prophetam

448 4446 691 4515 petatur
716 4451 956 4501 tantum
983 4462 1060 4501 ex
1086 4462 1157 4501 ea
1182 4442 1539 4501 caeremonia
1564 4462 1700 4517 quse
1729 4443 1886 4500 circa
1911 4443 2074 4497 hunc
2099 4440 2331 4499 hircum
2355 4442 2757 4515 peragebatur
2795 4440 2860 4497 in

448 4518 855 4576 anniversario
883 4521 991 4577 illo
1019 4522 1171 4578 festo
1200 4520 1630 4595 expiationum,
1662 4540 1799 4578 cum
1825 4521 1888 4576 in
1917 4536 2132 4592 genere
2181 4518 2386 4576 referri
2433 4518 2621 4592 possit
2659 4537 2727 4577 ac
2757 4521 2862 4575 de-

448 4595 586 4652 beat
612 4598 689 4653 ad
718 4597 919 4653 omnia
946 4598 1227 4655 sacrificia
1254 4598 1548 4669 hylastica
1574 4598 1636 4654 in
1665 4598 1885 4671 quibus
1931 4614 2024 4653 res
2071 4597 2279 4653 eadem
2325 4596 2527 4653 locum
2575 4598 2856 4667 hahebat,
