3234 5192
571 267 687 326 546
987 257 1000 270 ’
1148 289 1228 330 ne
1257 289 1731 332 suisne-rioms
1758 289 1995 330 cumsrr
2025 287 2343 329 vamum-2.
2528 265 2788 348 [nmrur.
2818 287 2975 328 xvir.

578 425 615 456 “
635 432 698 483 ut
745 445 821 484 ex
869 428 996 506 ejus
1043 429 1402 508 plenitudine
1443 431 1777 490 hauriamus
1818 429 2075 504 omnes,’'
2106 428 2151 489 J
2154 427 2247 487 oh.
2284 428 2323 486 i.
2370 428 2463 503 16,
2511 429 2548 461 “
2568 426 2788 504 placuit
2822 426 2981 485 enim

575 503 736 564 Patri
764 527 992 567 omnem
1020 511 1435 588 plenitudinem
1455 513 1514 570 in
1537 531 1606 570 eo
1627 511 1943 584 habitare,”
1964 509 2087 569 Col.
2103 509 2143 566 i.
2168 511 2260 567 19.
2290 513 2347 566 4.
2376 509 2714 566 Sustentatio
2740 507 2982 583 virtutis,

577 584 716 643 dum
745 597 1019 665 expertus
1048 599 1138 650 est
1163 592 1436 652 continuo
1465 591 1780 670 potentiam
1812 589 1923 648 Dei
1949 609 2078 666 quae
2120 589 2207 647 illi
2242 595 2455 665 praesto
2480 587 2592 647 fuit
2617 589 2679 644 in
2706 587 2987 664 gravissi-

575 665 688 724 mis
715 666 832 725 inis
861 671 1270 730 certaminibus
1298 691 1428 749 quae
1471 671 1809 731 sustinenda
1856 670 1943 728 illi
1982 669 2230 744 fuerunt,
2262 675 2433 745 prout
2472 667 2595 744 ipse
2624 666 2888 744 agnoscit
2916 687 2985 726 se

577 764 695 804 non
723 765 848 806 esse
879 749 1083 827 solum,
1115 750 1219 810 sed
1249 751 1480 810 Patrem
1509 771 1725 826 secum,
1768 749 1821 810 J
1815 749 1909 808 oh.
1939 749 2063 807 xvi.
2091 752 2188 808 32.
2242 747 2338 807 Sic
2362 749 2523 806 Deus
2551 746 2763 806 dicitur
2786 749 2985 806 adesse

573 825 646 884 iis
687 845 834 902 quos
880 837 1092 907 tuetur,
1136 831 1392 908 protegit
1419 839 1478 890 et
1502 830 1728 908 potenti
1764 829 2001 888 brachio
2032 829 2294 902 sustinet,
2326 837 2390 888 ut
2434 847 2586 904 saepe
2614 828 2673 885 in
2705 826 2977 886 Psalmis.

581 908 639 965 5.
669 907 1045 985 Partimpatio
1069 911 1366 985 felicitatis
1393 918 1679 988 quatenus
1699 909 1898 970 unitus
1926 909 2217 967 divinitati
2240 900 2441 988 intime
2468 907 2693 966 visione
2712 905 2983 965 beatifica

578 985 693 1044 frui
719 995 961 1064 poterat,
992 997 1051 1048 et
1079 1009 1302 1048 summo
1331 1011 1406 1049 ex
1435 1011 1504 1049 ea
1530 990 1745 1068 gaudio
1774 997 1833 1048 et
1874 989 2079 1048 solatio
2106 987 2587 1066 perfundebatur3
2630 1006 2765 1044 nam
2805 994 2866 1045 et
2910 987 2985 1045 iis

579 1085 641 1124 se
668 1076 1011 1142 praesentem
1038 1077 1284 1129 testatur
1306 1070 1467 1130 Deus
1485 1070 1698 1148 quibus
1719 1089 1781 1129 se
1798 1069 2107 1147 propitium
2130 1068 2383 1142 exhibet,
2408 1086 2667 1145 quosque
2688 1065 2834 1124 adeo
2856 1065 2984 1124 dul-

579 1145 828 1206 cissimis
853 1150 1176 1226 praesentiae
1205 1170 1324 1209 suae
1353 1151 1624 1228 gratiosae
1652 1159 1712 1210 et
1738 1149 2007 1208 salutaris
2032 1148 2212 1206 radiis
2238 1167 2495 1207 recreare
2513 1155 2572 1206 et
2583 1146 2759 1206 solari
2779 1145 2982 1222 digna-

581 1233 692 1301 tur,
713 1236 778 1285 ut
805 1247 922 1288 non
951 1231 1129 1289 semel
1144 1231 1256 1290 hoc
1287 1231 1512 1290 Psaltes
1540 1229 1857 1308 profitetur.
2354 1288 2364 1296 ,

661 1306 809 1368 VII.
855 1309 1132 1369 Dicamus
1179 1310 1368 1370 adhuc
1413 1311 1641 1386 elarius,
1694 1309 1958 1369 Christus
2005 1306 2337 1366 adhaerebat
2384 1305 2529 1380 De0,
2579 1305 2739 1364 Deus
2787 1303 2984 1364 aderat

584 1386 813 1447 Christo
841 1409 944 1466 per
969 1391 1261 1466 Spiritum,
1297 1391 1546 1468 Spiritus
1574 1399 1767 1449 autem
1795 1387 2050 1467 quinque
2077 1389 2201 1446 haec
2230 1385 2435 1445 effecta
2460 1385 2821 1464 potissimum
2850 1405 2981 1462 ope·

579 1467 694 1524 rari
723 1469 870 1527 solet
894 1492 909 1528 :
956 1474 1008 1527 1.
1051 1470 1252 1546 Vitam,
1282 1470 1436 1529 unde
1464 1471 1710 1546 Spiritum
1736 1470 1877 1542 vitoe,
1911 1469 2081 1526 Rom.
2109 1466 2231 1526 viii.
2261 1470 2317 1542 2,
2342 1465 2571 1526 dicitur.
2612 1469 2671 1524 2.
2698 1467 2905 1558 Pacem
2926 1474 2981 1524 et

465 1547 476 1560 ⁶
578 1548 1052 1623 tranquillitatem
1083 1569 1158 1608 ex
1186 1550 1398 1608 amoris
1425 1559 1484 1608 et
1508 1548 1929 1608 benevolentiae
1951 1547 2164 1606 divinae
2190 1546 2538 1620 testimoniO,
2562 1544 2715 1604 unde
2742 1545 2982 1621 Spintus

577 1627 786 1700 qratioe
811 1627 1155 1702 nominatur,
1189 1628 1363 1687 Zach.
1395 1629 1496 1687 xii.
1522 1631 1614 1687 10.
1662 1629 1741 1687 Et
1768 1627 2135 1705 evangelium
2162 1625 2318 1704 quod
2345 1625 2725 1684 ministerium
2754 1633 2842 1683 est
2868 1625 2982 1702 spi·
3000 1687 3013 1702 ι

582 1703 746 1778 ritus,
778 1714 867 1764 est
894 1708 1261 1784 evangelium
1287 1708 1465 1786 pacis,
1499 1708 1649 1786 Eph.
1672 1707 1752 1766 vi.
1781 1710 1873 1766 15.
1931 1710 1987 1766 3.
2016 1707 2382 1766 Sanctitatem
2402 1712 2463 1763 et
2490 1707 2673 1784 fidem
2699 1723 2983 1782 quaprop-

582 1791 672 1844 ter
699 1785 945 1861 Spiritus
971 1787 1172 1846 Sancti
1193 1787 1584 1847 denominatio
1611 1787 1699 1845 illi
1728 1787 2039 1864 assignata,
2071 1786 2209 1845 item
2250 1785 2495 1862 Spiritus
2520 1785 2983 1878 sanctificationis,

585 1863 755 1922 Rom.
778 1865 817 1925 i.
847 1869 902 1942 4,
925 1866 1172 1944 Spiritus
1179 1868 1330 1947 fidei
1355 1871 1390 1926 2
1416 1868 1546 1927 Cor.
1573 1867 1655 1926 iv.
1689 1870 1783 1927 13.
1826 1871 1883 1926 4.
1913 1867 2324 1926 Fortitudinem
2346 1873 2404 1924 et
2420 1867 2610 1940 robur,
2640 1865 2775 1923 hmo
2806 1864 2985 1941 Spiri-

581 1952 678 2003 tus
705 1945 928 2005 roboris
956 1945 1162 2024 dictuS,
1195 1953 1231 2008 2
1261 1947 1410 2006 Tim.
1440 1947 1480 2007 i.
1510 1952 1565 2024 7,
1587 1956 1647 2008 et
1667 1946 1873 2007 Virtus
1903 1946 2211 2020 Altissimi,
2236 1946 2379 2004 Luc.
2408 1945 2448 2004 i.
2476 1948 2574 2021 35,
2604 1953 2663 2004 et
2690 1944 2853 2002 xxiv.
2883 1946 2983 2004 49.

586 2026 642 2084 5.
687 2027 1028 2088 Beatitatcm
1055 2037 1110 2087 ct
1144 2029 1434 2105 gaudium,
1481 2028 1637 2087 unde
1666 2027 1873 2088 Oleum
1914 2027 2151 2102 laetitiae,
2202 2025 2355 2084 Psal.
2376 2026 2502 2085 xlv.
2532 2029 2589 2100 7,
2636 2024 2985 2100 Paracletus,

584 2105 629 2166 J
631 2106 726 2166 oh.
755 2106 878 2168 xiv.
908 2111 1004 2185 26,
1053 2109 1302 2187 Spiritus
1349 2108 1568 2186 gloriae,
1618 2113 1648 2166 1
1700 2107 1826 2167 Pet.
1854 2108 1935 2167 iv.
1969 2110 2061 2181 14,
2091 2105 2451 2183 indigitatur.
2524 2107 2655 2164 Vita
2682 2104 2991 2183 opponitur

582 2187 758 2246 morti
782 2187 844 2246 in
873 2209 988 2266 qua
1007 2189 1287 2266 jacemus,
1319 2191 1454 2248 Pax
1482 2189 1801 2262 diffidentiae
1827 2196 1886 2247 et
1912 2186 2283 2265 trepidationi
2324 2205 2441 2262 qua
2476 2185 2779 2264 agitamur,
2810 2186 2988 2244 Sanc-

582 2266 710 2323 titas
737 2268 1024 2326 vitiositati
1045 2288 1160 2344 qua
1187 2269 1488 2344 inficimur,
1529 2269 1729 2327 Robur
1756 2267 2069 2347 infirmitati
2093 2266 2186 2325 cui
2214 2264 2454 2324 obnoxii
2481 2285 2696 2339 sumus,
2726 2265 2991 2325 Fel.‘citas

583 2345 822 2403 miseriae
848 2346 909 2404 in
937 2367 1110 2424 quam
1140 2347 1478 2406 decidimus.
1527 2348 1777 2424 Spiritus
1806 2348 1877 2406 E.
1907 2346 1966 2404 in
1992 2346 2219 2405 Christo
2261 2345 2515 2423 quinque
2536 2346 2663 2404 haec
2690 2345 2988 2422 perfectis-

583 2423 727 2482 sime
756 2434 1025 2502 operatus
1053 2435 1157 2501 est,
1189 2426 1344 2484 unde
1372 2427 1627 2505 quinque
1656 2427 1785 2484 istis
1811 2427 2000 2485 modis
2031 2426 2158 2484 Deo
2186 2425 2478 2484 adhaerere
2504 2425 2711 2503 potuit,
2742 2423 2848 2484 sed
2872 2444 2991 2483 non

581 2503 797 2582 pariter
823 2505 1012 2582 potuit
1037 2504 1164 2564 istis
1193 2505 1460 2564 omnibus
1487 2505 1560 2564 ab
1589 2526 1659 2564 eo
1688 2505 1893 2564 deseri.

664 2583 848 2643 VIII.
897 2587 947 2642 1.
975 2585 1188 2662 Prim0,
1215 2585 1348 2644 Non
1376 2584 1687 2644 derelictus
1702 2593 1791 2644 est
1819 2585 2081 2645 Christus
2104 2585 2296 2662 quoad
2312 2585 2567 2644 unionem
2590 2593 2827 2660 naturce,
2856 2605 2995 2642 nam

581 2663 740 2740 quod
769 2665 948 2724 semel
977 2665 1164 2726 Filius
1196 2666 1306 2725 Dei
1333 2665 1646 2743 assumpsit
1666 2685 1959 2742 nunquam
1986 2665 2242 2742 dimisit;
2286 2685 2577 2741 nunquam
2604 2673 2863 2742 separata
2882 2664 2997 2724 fuit

583 2752 642 2804 et
669 2745 902 2805 revulsa
926 2746 1256 2806 humanitas
1275 2767 1311 2805 a
1337 2745 1661 2822 divinitate,
1684 2745 1983 2806 vinculum
2009 2745 2168 2804 istud
2194 2744 2575 2804 arctissimum
2607 2765 2713 2803 nec
2742 2745 2999 2804 solutum

583 2833 672 2884 est
700 2846 954 2905 unquam
982 2847 1090 2886 nec
1116 2828 1328 2906 poterit
1367 2826 1428 2886 in
1473 2819 1748 2886 aeternum
1792 2826 1958 2902 solvi,
1990 2824 2273 2902 siquidem
2301 2832 2367 2884 ut
2392 2825 2540 2883 bene
2572 2824 2797 2901 Synodi
2824 2825 2998 2884 Chal-

583 2905 924 2966 cedonensis
955 2907 1158 2968 Patres
1203 2907 1587 2982 sanciverunt,
1638 2907 1795 2966 Unio
1842 2905 2207 2984 hypostatica
2247 2903 2399 2963 facta
2426 2912 2515 2963 est
2556 2907 2871 2983 ἀχωρίστως
2900 2910 3007 2962 καὶ

585 2987 896 3059 ἀδιαιρέτως
923 2995 990 3047 ut
1019 2988 1292 3080 ἀτςέπτως
1321 2991 1421 3046 κα)
1447 2987 1797 3066 ἀσυγχύτους,
1826 3005 1981 3045 mors
2028 2985 2155 3063 ipsa
2198 3004 2327 3061 quae
2376 2985 2631 3061 corporis
2674 2992 2733 3043 et
2784 2985 2997 3044 auimae

581 3065 881 3125 vinculum
910 3067 1156 3142 diremit,
1187 3088 1304 3126 non
1331 3067 1563 3145 abrupit
1583 3075 1778 3126 tamen
1798 3065 2095 3125 vinculum
2116 3064 2439 3124 divinitatis
2460 3084 2591 3123 cum
2619 3064 3003 3142 humanitate,

582 3163 713 3220 quae
741 3153 1020 3221 perpetuo
1049 3147 1210 3206 unita
1236 3148 1448 3206 mansit
1496 3147 1859 3224 hypostatice
1900 3165 2030 3205 eum
2072 3145 2263 3203 anima
2290 3152 2349 3202 et
2376 3163 2613 3221 corpore
2639 3144 2777 3204 licet
2804 3144 3005 3203 divul-

583 3223 665 3281 sis
689 3245 703 3297 ;
751 3225 830 3282 Et
857 3243 994 3282 sane
1024 3225 1075 3282 si
1101 3225 1376 3285 divinitas
1425 3227 1498 3285 ab
1538 3226 1897 3284 humanitate
1940 3225 2204 3302 sejuncta
2229 3223 2449 3298 fuisset,
2480 3243 2667 3302 neque
2694 3225 2807 3284 ista
2832 3232 3009 3285 tanto

584 3301 746 3360 oneri
773 3301 1009 3360 ferendo
1055 3323 1161 3380 par
1205 3305 1426 3381 fuisset,
1457 3324 1647 3398 neque
1692 3305 1808 3363 dici
1854 3312 2051 3381 posset
2100 3303 2386 3363 Dominus
2434 3303 2635 3381 gloriae
2664 3303 3007 3382 crucifixuS,

589 3384 619 3439 1
654 3381 783 3440 Cor.
815 3381 874 3441 ii.
905 3382 961 3456 8,
991 3383 1088 3441 vel
1138 3383 1301 3442 Deus
1349 3383 1731 3461 acquisivisse
1780 3384 2102 3443 Ecclesiam
2131 3385 2411 3462 sanguine
2442 3402 2563 3458 suo,
2597 3383 2733 3443 Act.
2762 3405 2865 3442 xx.
2896 3387 3007 3445 28.

583 3465 641 3521 2.
686 3461 818 3522 Non
868 3461 1176 3520 derelictus
1226 3473 1315 3522 est
1358 3463 1554 3541 quoad
1596 3483 1864 3540 amorem,
1897 3483 2121 3541 semper
2169 3465 2322 3523 enim
2366 3463 2615 3523 dilectus
2641 3463 2751 3523 fuit
2779 3462 3003 3540 Patris,

581 3544 643 3602 in
672 3564 786 3622 quo
835 3541 1028 3601 anima
1070 3542 1196 3619 ejus
1239 3543 1549 3622 acquievit,
1598 3542 1749 3621 Eph.
1793 3543 1831 3602 i.
1876 3545 1930 3618 6,
1977 3544 2093 3602 Isa.
2122 3544 2267 3620 xlii„
2298 3564 2407 3603 nec
2434 3543 2602 3602 aliter
2628 3563 2755 3602 esse
2782 3545 3003 3621 potuit,

580 3624 813 3702 quando
842 3623 996 3683 enim
1023 3623 1178 3683 filius
1226 3631 1316 3682 est
1363 3621 1719 3700 ἀπαύγασμα
1760 3626 1857 3690 τῆς
1903 3621 2058 3700 ὂοξης
2088 3628 2177 3680 τοῦ
2205 3627 2406 3695 πατρὸς
2447 3626 2547 3680 κα)
2572 3625 2869 3702 χαρακτὴρ
2898 3627 3013 3691 τῆς

581 3707 912 3770 ὑποστάσεως
960 3705 1139 3780 αὐτοῦ,
1190 3703 1671 3782 perfectissimum
1698 3703 1825 3781 ejus
1874 3704 2168 3781 exemplar
2216 3711 2274 3764 et
2300 3704 2591 3782 ipsissima
2617 3705 2743 3780 ejus
2769 3711 3009 3780 natura,

579 3805 698 3844 non
725 3792 918 3864 potest
943 3804 1062 3843 non
1089 3803 1432 3862 quocunque
1460 3784 1523 3842 in
1550 3791 1705 3844 statu
1732 3783 1955 3844 intense
1978 3803 2107 3844 eum
2137 3783 2380 3860 diligere
2408 3791 2467 3842 et
2494 3803 2719 3843 summa
2743 3783 3013 3842 benevo-

578 3865 760 3925 lentia
787 3865 1076 3943 prosequi.
1121 3865 1248 3924 Imo
1279 3865 1328 3924 si
1356 3871 1649 3924 crescente
1680 3864 2007 3924 obedientia
2034 3863 2241 3924 crescit
2267 3882 2443 3938 amor,
2468 3882 2762 3939 nunquam
2789 3863 3009 3922 arden-

579 3947 696 4007 tius
725 3945 932 4005 dilexit
959 3944 1142 4004 filium
1170 3964 1342 4022 quam
1372 3945 1432 4003 in
1461 3963 1646 4019 cruce,
1678 3944 1815 4021 quia
1853 3963 2138 4021 nusquam
2167 3953 2285 4002 tam
2313 3943 2537 4002 illustre
2560 3942 2909 4002 'obedientiae
2940 3953 3015 4004 et

578 4027 922 4087 humilitatis
950 4025 1343 4085 testimonium
1386 4025 1563 4101 dedit,
1597 4023 1748 4083 Phil.
1779 4023 1838 4082 ii.
1871 4028 1925 4100 7,
1957 4023 2002 4084 J
2004 4024 2097 4082 oh.
2126 4044 2187 4083 x.
2222 4027 2314 4100 17,
2350 4025 2385 4056 “
2406 4023 2741 4102 propterea”
2784 4023 3007 4100 inquit,

580 4109 763 4187 “ipse
792 4114 947 4166 amat
974 4125 1084 4171 me,
1110 4106 1283 4164 Pater
1310 4105 1447 4184 quia
1464 4124 1618 4184 pono
1641 4103 1890 4163 animam
1918 4123 2107 4163 meam
2132 4123 2237 4182 pro
2266 4102 2529 4163 ovibus.”
2560 4106 2618 4164 3.
2648 4103 2781 4162 Non
2802 4103 3013 4180 quoad

576 4190 942 4263 sanctitatem,
974 4185 1050 4246 ex
1087 4207 1202 4265 quo
1232 4187 1385 4245 enim
1417 4185 1665 4264 Spiritus
1698 4185 1761 4242 in
1788 4203 1921 4244 eum
1946 4183 2189 4261 illapsus
2216 4192 2322 4259 est,
2352 4203 2649 4261 nunquam
2676 4183 2849 4242 desiit
2874 4182 3009 4241 effi-

577 4269 880 4328 cacitatem
909 4287 1072 4326 suam
1101 4287 1352 4340 exerere,
1383 4268 1538 4327 unde
1587 4284 1815 4344 semper
1842 4264 2241 4324 sanctissimus
2281 4263 2391 4324 fuit
2417 4272 2478 4323 et
2502 4263 2861 4342 purissimus,
2892 4264 3011 4340 qui

576 4367 684 4406 nec
712 4346 850 4406 fecit
877 4367 984 4406 nec
1011 4349 1176 4407 novit
1203 4357 1542 4426 peccatum3
1585 4364 1775 4423 neque
1803 4365 1943 4404 vero
1972 4345 2121 4404 alius
2148 4365 2275 4404 esse
2302 4343 2530 4422 potuit:
2572 4363 2706 4402 nam
2734 4362 3013 4422 personae

577 4445 709 4502 quae
739 4426 901 4484 Deus
929 4433 1018 4486 est
1046 4427 1300 4487 conditio
1327 4429 1450 4506 pati
1477 4447 1594 4486 non
1620 4433 1848 4505 poterat
1873 4434 1940 4485 ut
1966 4445 2003 4483 a
2029 4425 2333 4486 sanctitate
2360 4423 2457 4483 vel
2484 4423 2777 4484 levissime
2806 4422 3012 4482 desci-

577 4511 780 4578 sceret,
810 4505 957 4563 ratio
985 4507 1240 4566 muneris
1261 4527 1400 4568 vero
1419 4507 1576 4585 quod
1597 4505 1803 4565 salutis
1824 4505 1993 4566 nobis
2014 4505 2389 4584 impetrandae
2419 4523 2593 4564 causa
2620 4503 3017 4563 constitutum

575 4590 700 4643 erat
718 4581 892 4640 finem
915 4603 1080 4643 suum
1102 4607 1219 4644 non
1244 4597 1396 4646 esset
1412 4593 1694 4660 assecuta,
1720 4585 1767 4644 si
1786 4585 1860 4644 ab
1878 4605 1948 4644 ca
1965 4586 2059 4646 vel
2084 4585 2373 4645 tantillum
2392 4583 2735 4669 descivisset
2746 4606 2762 4660 ;
2794 4581 3017 4645 debuit
