3234 5192
357 299 591 341 mern-r.
623 279 740 362 nn]
1092 299 1320 341 πωπω.
1351 299 1428 340 ΑΒ
1459 300 1739 342 secessu
1772 301 2037 342 nomm.
2700 289 2775 345 57

361 443 706 518 absolutam,
735 461 846 500 nec
887 441 1115 501 latriam
1143 441 1470 520 primariam
1501 451 1559 502 et
1585 443 1917 522 perfectam,
1950 443 2053 502 sed
2080 445 2460 522 respectivam
2488 455 2549 506 et
2576 465 2781 507 secun·

361 523 606 598 dariam,
637 523 826 601 qualis
849 531 938 582 est
965 523 1252 600 imaginis,
1285 523 1516 601 quando
1544 524 1657 582 hoc
1673 524 1846 582 modo
1868 533 1927 582 et
1954 526 2261 602 separatim
2290 525 2561 585 adoratur
2588 547 2623 586 a
2647 548 2779 605 pro·

363 605 632 682 totyp0.'’
718 603 850 662 Non
883 603 1008 680 jam
1057 605 1418 682 disputamus
1446 604 1518 663 de
1547 613 1873 664 commento
1912 605 2097 664 latriae
2126 605 2405 664 absolutas
2432 607 2529 664 vel
2556 627 2777 685 respec-

365 683 524 759 tivae,
553 683 840 762 primariae
869 693 970 743 aut
1012 684 1382 758 secundariae,
1425 685 1528 744 sed
1555 685 1667 744 hoc
1695 693 1919 744 tantum
1947 685 2227 744 habemus
2262 687 2439 763 juxta
2464 686 2621 745 illius
2650 707 2780 747 sen-

365 764 628 841 tentiam,
659 764 880 843 species
901 763 1128 822 adorari
1158 784 1288 824 cum
1319 765 1565 842 Christo,
1597 765 1767 825 latria
1793 765 2047 844 perfecta
2074 774 2133 825 et
2160 766 2441 842 absoluta,
2474 775 2533 826 et
2562 769 2781 845 species

366 845 524 903 solas
551 843 776 904 adorari
805 864 974 922 posse
1003 845 1260 920 seorsim,
1289 845 1460 904 latria
1485 847 1809 924 respectiva
1836 856 1895 905 et
1923 847 2279 906 secundaria.
2344 846 2444 905 Ad
2472 847 2579 906 hos
2606 849 2783 908 etiam

365 925 593 984 accedit
627 925 883 1003 ’ὒν-ερον.
914 927 984 984 de
1021 927 1237 984 Valent.
1267 934 1406 985 tom.
1435 930 1492 985 4.
1522 947 1669 986 com.
1700 929 1761 986 in
1804 930 1838 986 3
1882 927 2088 986 Thom.
2118 927 2333 1007 disput.
2364 931 2419 987 6.
2450 937 2653 1006 quaest.
2688 932 2781 988 11.

363 1013 584 1084 puncto
632 1009 688 1064 2.
733 1009 772 1038 ‘⁴
795 1005 966 1081 Quod
1009 1014 1200 1064 autem
1241 1007 1404 1066 nullo
1454 1007 1627 1066 modo
1670 1009 1767 1067 isti
1818 1007 2242 1088 (Protestantes
2296 1008 2597 1088 intelligit)
2650 1029 2780 1068 cen·

365 1095 500 1145 sent
526 1084 600 1144 ad
629 1086 850 1164 species
877 1087 1034 1164 ipsas
1061 1086 1222 1146 illam
1260 1089 1690 1146 venerationem
1719 1089 2021 1166 pertinere,
2052 1089 2111 1146 in
2142 1110 2210 1148 eo
2238 1089 2495 1149 haeretici
2520 1099 2785 1168 pugnant

361 1175 568 1226 contra
594 1175 932 1244 perpetuum
961 1186 1128 1225 usum
1158 1175 1216 1226 et
1243 1187 1476 1227 sensum
1515 1167 1851 1243 Ecclesiae,’'
1884 1166 1992 1227 &c.
2023 1167 2117 1228 Ex
2146 1169 2374 1246 quibus,
2405 1190 2479 1228 ne
2506 1171 2622 1229 alia
2658 1173 2783 1249 jam

361 1267 746 1324 congeramus
773 1247 1118 1322 testimonia,
1158 1247 1482 1306 luculenter
1525 1257 1768 1323 constat,
1800 1249 1949 1305 inter
1978 1248 2134 1324 ipsos
2174 1267 2292 1306 non
2314 1257 2537 1308 tantum
2567 1250 2783 1312 Christi

361 1328 428 1386 in
459 1335 830 1402 sacramento,
863 1326 966 1386 sed
994 1329 1332 1388 sacramenti
1364 1327 1546 1406 ipsius
1575 1347 1677 1387 seu
1706 1327 2025 1406 specierum
2066 1327 2459 1387 adorationem
2498 1329 2781 1406 obtinere,

363 1408 524 1486 quod
553 1405 877 1467 cardinalis
895 1409 1164 1486 negabat.

451 1487 534 1546 X.
575 1489 730 1564 Quia
745 1508 886 1548 vero
906 1487 1056 1548 vidit
1076 1508 1192 1547 non
1222 1489 1362 1548 satis
1387 1497 1578 1548 tutum
1605 1506 1735 1546 esse
1766 1487 2097 1564 praesidium
2118 1485 2177 1545 in
2201 1487 2313 1547 hoe
2334 1488 2519 1566 primo
2546 1488 2781 1566 effugio,

361 1568 524 1647 quod
551 1567 718 1628 facile
745 1568 1016 1628 falsitatis
1065 1569 1331 1628 convinci
1377 1569 1568 1648 potuit
1589 1589 1665 1626 ex
1694 1567 2028 1628 domesticis
2072 1568 2334 1642 testibus,
2368 1569 2443 1627 ad
2466 1571 2781 1630 secundum

360 1659 566 1727 postea
594 1669 655 1708 se
681 1649 904 1726 recipit,
935 1649 1092 1727 quod
1121 1649 1508 1709 Bellarminus
1536 1651 1710 1709 etiam
1730 1650 2131 1727 amplectitur3
2176 1649 2447 1708 nimirum
2492 1653 2528 1683 ‘⁶
2547 1651 2777 1727 Nolle,’¹

359 1729 546 1788 verba
573 1737 708 1788 sunt
737 1729 1091 1806 Bellarmini,
1121 1730 1222 1788 lib.
1254 1733 1311 1790 4.
1342 1730 1414 1789 de
1457 1730 1840 1806 Eucharistia,
1872 1750 1997 1807 cap.
2029 1733 2145 1805 29„
2194 1733 2231 1762 ‘⁴
2249 1731 2515 1808 symbola
2542 1741 2783 1792 externa

357 1810 591 1889 proprie
621 1819 678 1869 et
705 1829 810 1888 per
827 1829 888 1869 se
905 1810 1198 1869 adoranda
1215 1831 1344 1870 esse
1367 1810 1527 1870 cultu
1543 1810 1743 1885 latriae,
1766 1809 1868 1868 sed
1890 1810 2076 1869 solum
2098 1811 2428 1870 veneranda
2450 1811 2609 1871 cultu
2635 1833 2777 1890 quo-

359 1891 498 1948 dam
527 1890 765 1965 minore,
807 1891 907 1968 qui
955 1891 1222 1950 omnibus
1270 1891 1643 1950 sacramentis
1687 1891 1994 1968 convenit;
2038 1891 2199 1949 cultu
2248 1899 2439 1951 autem
2468 1892 2650 1951 latriae
2678 1913 2781 1970 per

360 1991 427 2030 se
456 1979 514 2029 et
542 1971 771 2049 proprie
801 1969 1092 2030 Christum
1137 1991 1262 2030 esse
1312 1971 1685 2046 adorandum,
1716 1979 1775 2028 et
1823 1991 1949 2030 eam
1992 1970 2383 2030 adorationem
2412 1972 2485 2030 ad
2515 1973 2781 2049 symbola

359 2051 538 2110 etiam
583 2051 752 2130 panis
801 2058 861 2110 et
907 2051 1028 2111 vini
1077 2052 1379 2128 pertinere,
1429 2059 1715 2129 quatenus
1762 2050 2286 2129 apprehenduntur,
2318 2059 2383 2111 ut
2430 2071 2609 2111 unum
2638 2054 2779 2130 quid

361 2151 496 2190 cum
546 2131 776 2191 Christo
825 2150 994 2209 quem
1046 2133 1356 2208 continent,
1407 2141 1473 2190 ut
1521 2132 1623 2210 qui
1673 2131 1963 2191 Christum
2013 2131 2073 2188 in
2101 2131 2269 2190 terris
2296 2132 2631 2207 adorabant,
2662 2153 2779 2192 non

361 2212 556 2290 ipsum
584 2212 790 2286 solum,
823 2211 925 2270 sed
946 2212 1116 2271 etiam
1145 2221 1339 2271 vestes
1367 2211 1792 2290 quodammodo
1820 2212 2154 2287 adorabant,
2186 2232 2292 2270 nec
2321 2212 2473 2270 enim
2493 2212 2781 2289 jubebant

359 2291 552 2371 ipsum
581 2292 788 2351 nudari
836 2303 1144 2370 antequam
1187 2293 1506 2367 adorarent,
1539 2303 1639 2352 aut
1687 2292 1879 2351 animo
1908 2301 1967 2351 et
1995 2293 2343 2369 cogitatione
2374 2292 2719 2369 separabant
2744 2315 2781 2353 a

359 2372 626 2432 vestibus
653 2393 782 2431 cum
813 2372 1132 2448 adorarent,
1167 2372 1270 2432 sed
1299 2373 1635 2451 simpliciter
1664 2373 1971 2450 Christum,
1996 2381 2063 2432 ut
2088 2383 2227 2432 tunc
2252 2393 2311 2432 se
2350 2373 2615 2449 habebat,
2640 2373 2777 2433 ado·

357 2453 584 2526 rabant,
610 2454 838 2513 tametsi
881 2454 1028 2512 ratio
1077 2453 1353 2513 adorandi
1383 2474 1498 2512 non
1527 2463 1721 2512 essent
1761 2463 1973 2529 vestes,
2006 2473 2113 2512 nec
2149 2454 2275 2531 ipsa
2300 2454 2643 2530 humanitas,
2678 2454 2781 2513 sed

359 2534 486 2594 sola
515 2533 845 2593 divinitas.”
933 2533 1155 2592 Clarius
1182 2553 1322 2593 vero
1350 2534 1412 2592 id
1440 2535 1627 2613 ipsum
1658 2535 1909 2612 explicat
1937 2535 2122 2611 capite
2152 2535 2429 2610 sequenti,
2456 2554 2633 2611 quum
2662 2535 2780 2594 dis-

359 2615 580 2673 crimen
609 2615 861 2673 ostendit
887 2615 1206 2692 praesentiae
1239 2615 1350 2673 Dei
1378 2615 1439 2673 in
1460 2615 1634 2673 rebus
1652 2615 1935 2690 omnibuS,
1963 2625 2021 2674 et
2049 2615 2107 2672 in
2134 2615 2497 2674 Eucharistia
2520 2637 2533 2688 3
2570 2617 2605 2648 ‘⁴
2628 2614 2776 2674 Nam

359 2695 424 2752 in
453 2694 880 2772 Eucharistia,”
907 2695 1112 2771 inquit,
1169 2698 1204 2728 ‘⁶
1225 2715 1402 2755 unum
1451 2703 1675 2754 tantum
1727 2695 2087 2772 suppositum
2130 2703 2234 2767 cst,
2278 2694 2453 2770 idque
2496 2695 2776 2754 divinum.

363 2775 588 2833 Caetera
616 2775 808 2833 omnia
855 2774 929 2832 ad
977 2774 1123 2833 illud
1148 2777 1454 2852 pertinent,
1486 2785 1545 2834 et
1573 2795 1705 2835 cum
1734 2775 1835 2832 illo
1863 2795 2041 2833 unum
2072 2774 2212 2850 quid
2234 2773 2467 2846 facffint,
2499 2773 2635 2830 licet
2662 2793 2777 2832 non

361 2854 566 2913 eodem
609 2854 797 2931 modo,
844 2854 974 2914 ideo
1023 2863 1176 2915 recte
1225 2865 1409 2914 totum
1459 2855 1605 2912 illud
1628 2855 1797 2914 simul
1828 2855 2115 2912 adoratur.
2198 2851 2283 2910 At
2320 2852 2379 2907 in
2408 2852 2536 2908 aliis
2586 2853 2776 2929 rebus,

363 2935 526 2994 Deus
555 2935 788 3012 quidem
818 2945 922 3011 est,
968 2936 1068 2994 sed
1111 2955 1228 2994 non
1251 2945 1339 2994 est
1365 2954 1544 2993 unum
1575 2934 1936 3011 suppositum
1964 2951 2095 2990 cum
2124 2931 2260 3004 illis,
2286 2949 2471 3005 neque
2501 2929 2615 2988 dici
2642 2951 2776 3008 pos·

362 3023 500 3074 sunt
527 3034 706 3074 unum
755 3017 896 3093 quid
946 3017 1106 3075 Deus
1151 3025 1212 3074 et
1252 3023 1530 3090 creatura,
1582 3014 1641 3071 in
1672 3032 1787 3090 qua
1815 3021 1903 3071 est
1933 3011 2151 3070 Deus!’
2183 3029 2239 3069 R.
2288 3009 2403 3068 Sed
2430 3010 2555 3068 haec
2584 3013 2777 3072 omnia

361 3095 580 3154 nodum
609 3095 902 3173 stringunt
927 3097 1120 3174 potius
1147 3115 1321 3174 quam
1351 3094 1601 3153 solvunt.
1654 3097 1705 3153 1.
1741 3093 1804 3152 Si
1830 3112 1933 3170 per
1972 3095 2179 3152 cultum
2205 3091 2477 3150 minorem
2506 3091 2779 3170 intelligit

363 3175 638 3235 Bellarm.
671 3176 1109 3236 aestimationem
1138 3185 1197 3235 et
1243 3195 1411 3234 usum
1455 3185 1815 3234 reverentem
1854 3183 1912 3233 et
1940 3193 2164 3234 sacrum
2194 3173 2605 3251 symbolorum,
2637 3175 2772 3234 hac-

361 3263 532 3314 tenus
578 3277 688 3315 nos
735 3255 910 3315 habet
957 3257 1352 3330 assentientes,
1396 3276 1503 3314 nec
1552 3254 1705 3313 enim
1756 3253 2080 3330 diffitemur,
2112 3273 2273 3313 sacra
2316 3255 2443 3313 hoec
2492 3263 2687 3314 sancte
2718 3264 2777 3315 et

362 3335 615 3395 maxima
644 3357 776 3396 cum
805 3336 1111 3396 devotione
1139 3337 1441 3396 tractanda
1469 3356 1614 3394 esse.
1665 3334 1779 3393 Sed
1809 3335 1859 3392 si
1900 3335 2087 3394 innuit
2115 3336 2333 3393 cultum
2362 3335 2613 3412 aliquem
2640 3337 2773 3396 teli·

361 3417 607 3494 giosum,
640 3417 738 3494 qui
769 3416 1105 3476 terminetur
1130 3415 1206 3474 ad
1234 3417 1359 3494 ipsa
1387 3415 1668 3494 symbola,
1684 3423 1743 3474 ct
1760 3423 1824 3474 ut
1843 3414 2187 3492 loquebatur
2206 3415 2522 3489 Suara-sius,
2547 3416 2773 3476 latriam

361 3497 760 3556 secundariam
804 3507 863 3556 et
889 3496 1289 3575 respectivam,
1329 3496 1440 3556 hoc
1470 3516 1645 3556 sensu
1684 3514 1965 3572 negamus
1994 3494 2213 3552 cultum
2242 3494 2425 3552 ullum
2454 3495 2629 3554 talem
2658 3497 2775 3556 illis

357 3577 752 3636 exhibendum
781 3597 945 3653 esse3
989 3578 1126 3654 quia
1154 3577 1369 3636 cultum
1400 3577 1752 3653 religiosum,
1784 3575 2199 3651 qualiscunque
2248 3573 2479 3632 demum
2530 3575 2630 3649 sit,
2674 3578 2773 3635 uni

359 3657 488 3715 Deo
515 3665 786 3734 putamus
815 3656 1202 3733 deferendum,
1235 3665 1294 3716 et
1341 3657 1767 3716 distinctionem
1810 3654 1991 3712 latriae
2019 3653 2357 3730 respectivae
2385 3663 2443 3711 et
2471 3654 2769 3732 absolutas,

353 3737 641 3814 primariae
669 3747 728 3796 et
755 3737 1125 3812 secundariae,
1155 3747 1430 3815 tanquam
1458 3736 1694 3794 humani
1722 3734 1939 3794 cerebri
1962 3733 2317 3810 figmentum,
2344 3732 2416 3790 de
2437 3752 2553 3810 quo
2580 3733 2769 3812 Scrip-

354 3825 486 3876 tura
510 3837 806 3895 nunquam
835 3818 1076 3894 loquuta
1116 3826 1221 3891 est,
1253 3818 1452 3895 procul
1480 3837 1608 3876 esse
1631 3816 1921 3892 jubemus.
1952 3818 2009 3872 2.
2039 3815 2186 3873 Cum
2214 3812 2481 3890 symbola
2507 3811 2771 3874 bifariam

357 3898 606 3975 spectari
632 3899 872 3976 possint,
905 3898 1003 3956 vel
1048 3899 1109 3955 in
1158 3916 1286 3956 esse
1335 3917 1438 3956 suo
1477 3898 1711 3974 physico
1755 3905 1814 3956 et
1842 3895 2124 3970 absoluto,
2156 3903 2441 3971 quatenus
2469 3902 2607 3953 sunt
2634 3895 2767 3954 sub·

357 3979 585 4036 stantiae
612 3978 878 4056 quasdam
906 3985 965 4037 et
993 3997 1085 4036 res
1113 3985 1370 4054 terrenae,
1403 3978 1498 4036 vcl
1527 3979 1588 4036 in
1615 3997 1741 4037 esse
1772 3979 1993 4054 σχκικᾷ
2032 3985 2087 4035 et
2108 3975 2524 4050 sacramentali,
2570 3983 2767 4051 quate·

353 4077 468 4116 nus
496 4069 630 4118 sunt
659 4059 924 4136 symbola
951 4065 1010 4116 et
1038 4057 1206 4134 signa
1233 4077 1395 4117 sacra
1421 4078 1458 4116 a
1480 4058 1606 4117 Deo
1629 4059 1893 4132 instituta
1919 4057 1994 4116 ad
2022 4054 2459 4133 significandam
2489 4063 2548 4113 et
2575 4054 2769 4134 obsig-

353 4137 605 4196 nandam
637 4138 750 4197 Dei
777 4139 1021 4216 gratiam
1046 4160 1060 4214 ;
1105 4137 1282 4217 priori
1329 4157 1501 4197 sensu
1550 4139 1745 4197 nullus
1772 4137 1890 4196 illis
1932 4137 2123 4196 cultus
2152 4135 2409 4210 debetur,
2440 4155 2555 4194 non
2584 4137 2772 4214 magis

354 4238 528 4296 quam
558 4219 732 4278 rebus
760 4219 889 4277 aliis
937 4218 1162 4294 creatiS,
1206 4218 1508 4297 posteriori
1555 4237 1695 4277 vero
1744 4225 2072 4276 reverenter
2100 4215 2350 4291 quidem,
2382 4215 2467 4274 uti
2495 4215 2767 4294 diximus,

355 4299 700 4377 excipienda
748 4299 1052 4374 credimuS,
1103 4307 1163 4358 et
1210 4318 1328 4356 non
1375 4299 1486 4358 nisi
1535 4319 1666 4357 cum
1718 4297 1866 4355 serio
1912 4297 2001 4354 sui
2030 4295 2314 4371 examine,
2346 4315 2419 4355 ne
2447 4296 2685 4375 indigne
2714 4309 2773 4360 et

351 4379 551 4454 illotis,
583 4380 742 4458 quod
769 4379 946 4455 aiunt,
977 4379 1244 4438 manibus
1265 4399 1336 4437 ea
1361 4386 1689 4452 tractemus,
1723 4375 1823 4435 sed
1852 4375 2124 4452 religiose
2152 4375 2445 4436 adoranda
2470 4398 2769 4456 negamus,

352 4459 492 4538 quia
519 4459 630 4520 etsi
677 4468 974 4519 mutantur
1005 4459 1212 4537 ‚quoad
1259 4479 1428 4518 usum
1472 4467 1530 4518 et
1558 4457 2058 4536 significationem,
2090 4455 2287 4516 eadem
2316 4468 2552 4517 manent
2580 4467 2771 4520 tamen

353 4539 550 4618 quoad
577 4549 840 4600 naturam
869 4549 927 4599 et
945 4540 1344 4599 substantiam.

419 4619 558 4679 XI.
603 4619 772 4696 Quod
799 4639 940 4680 vero
963 4618 1216 4682 secundo
1244 4621 1374 4680 loco
1395 4618 1631 4681 affertur
1674 4617 1747 4680 de
1788 4618 2001 4680 unione
2028 4619 2348 4698 specierum
2369 4637 2501 4678 cum
2525 4618 2771 4694 Christo,
