3234 5192
284 385 521 429 maru-r.
551 363 715 447 vnn]
1036 385 1264 429 ηοω-ιιι
1294 386 1373 427 ΑΒ
1400 386 1683 431 accessu
1712 386 1980 429 nonam.
2035 444 2059 459 ⁶
2593 376 2709 434 203

286 547 401 587 nec
429 525 602 603 enim,
633 524 735 603 qui
754 523 1089 586 tribuuntur
1128 526 1246 587 illis
1286 548 1512 589 errores
1552 528 1740 588 solum
1769 536 1906 588 sunt
1945 526 2228 603 indirecti,
2259 536 2318 588 et
2357 546 2461 607 per
2507 550 2707 591 conse·

287 607 561 685 quentias
588 605 801 681 educti,
845 605 949 665 sed
990 606 1193 666 directi
1214 614 1273 666 et
1282 610 1581 684 formales,
1626 628 1773 686 quos
1801 628 1918 667 non
1943 607 2116 666 modo
2143 628 2262 668 non
2287 608 2572 685 rejiciunt,
2603 610 2710 671 sed

288 707 443 765 quos
470 686 739 745 omnibus
766 685 1085 746 credendos
1106 686 1439 763 obtrudunt,
1460 707 1520 745 v.
1550 707 1609 763 g.
1634 687 1975 747 sacrificium
2016 687 2390 762 missaticum,
2439 690 2706 750 transub-

294 766 613 842 stantiatio,
657 764 919 824 adoratio
960 764 1183 841 hostiae,
1215 766 1407 825 cultus
1447 766 1784 843 imaginum,
1810 764 1919 825 &c.
1978 770 2032 825 6.
2067 766 2510 843 Syncretismus,
2535 789 2707 846 quem

292 854 563 923 optamus
591 865 723 905 cum
752 843 1118 921 Lutheranis,
1165 845 1299 904 talis
1343 852 1449 921 est,
1478 854 1545 905 ut
1571 866 1676 923 per
1703 866 1834 905 eum
1863 846 2009 905 nihil
2051 845 2294 905 decedat
2339 847 2508 906 nobis
2537 848 2609 907 de
2637 868 2709 907 ea

290 927 539 985 veritate
567 944 741 1002 quam
768 922 1120 1001 profitemur,
1150 932 1351 1002 utpote
1378 925 1479 1003 qui
1506 925 1571 983 in
1598 926 1725 985 sola
1764 926 2016 985 fraterna
2059 924 2365 985 tolerantia
2411 928 2709 1004 consistat,

289 1004 481 1063 donec
511 1005 673 1063 Deus
699 1003 944 1063 ulterius
970 1012 1227 1063 errantes
1253 1004 1541 1063 illuminet
1582 1004 1660 1063 ad
1701 1005 1936 1082 plenum
1981 1024 2322 1064 consensum
2371 1006 2708 1083 ineundum,

290 1084 359 1143 in
384 1084 457 1142 iis
485 1084 547 1141 in
574 1084 787 1161 quibus
832 1080 1201 1141 dissidemus.
1288 1083 1405 1141 Sed
1435 1084 1638 1159 Roma,
1670 1104 1800 1161 quse
1829 1104 1890 1143 se
1919 1084 2210 1143 dominam
2252 1094 2311 1143 et
2339 1084 2704 1146 infallibilem

280 1164 491 1242 jactat,
520 1163 745 1221 nullum
772 1170 966 1239 potest
992 1162 1435 1237 syncretismum
1464 1162 1785 1239 admittere,
1817 1163 1930 1222 nisi
1972 1163 2031 1221 in
2061 1164 2190 1241 ejus
2216 1164 2397 1222 verba
2416 1166 2700 1242 juremus,

289 1252 355 1303 et
380 1242 541 1301 illius
562 1243 773 1319 jugum
801 1240 1129 1301 subeamus.
1212 1241 1390 1301 Absit
1412 1262 1551 1301 vero
1572 1251 1638 1301 ut
1659 1242 1774 1301 tale
1795 1242 1936 1319 quid
1958 1243 2056 1301 vel
2082 1242 2402 1319 cogitemus
2425 1263 2698 1322 unquam,

287 1322 393 1381 vel
420 1328 777 1398 praestemus.
868 1320 1210 1379 Maneamus
1236 1320 1299 1379 in
1324 1321 1584 1396 liberate,
1614 1322 1676 1380 in
1703 1341 1877 1399 quam
1907 1322 2172 1381 Christus
2199 1341 2307 1381 nos
2333 1326 2595 1398 asseruit,
2625 1344 2702 1384 ne

291 1401 411 1460 sub
438 1399 917 1459 reconciliationis
943 1408 1247 1477 praetextu,
1278 1400 1579 1460 redeamus
1598 1400 1676 1459 ad
1703 1400 2025 1477 compedes,
2057 1410 2116 1461 et
2144 1400 2252 1459 sub
2271 1401 2483 1478 jugum
2511 1401 2700 1461 duris·

296 1481 466 1539 simae
494 1479 805 1554 servitutis,
836 1479 943 1538 sub
970 1500 1087 1557 quo
1116 1488 1287 1539 antea
1313 1479 1728 1556 detinebamur,
1755 1479 1944 1538 denuo
1985 1479 2298 1539 mittamur.
2383 1480 2462 1539 Et
2490 1481 2542 1539 si
2567 1501 2700 1541 nos·

290 1568 451 1619 trum
495 1558 571 1617 ad
617 1578 679 1618 se
726 1558 974 1618 reditum
1018 1558 1278 1619 obtinere
1325 1561 1456 1618 vult
1504 1560 1708 1635 Roma,
1755 1559 1954 1618 redeat
1991 1559 2178 1637 primo
2205 1559 2266 1617 in
2293 1559 2539 1635 gratiam
2567 1581 2700 1620 cum

291 1639 545 1713 Christo,
570 1646 628 1699 et
643 1658 774 1699 eum
798 1638 985 1698 solum
1004 1658 1248 1717 regnare
1284 1638 1552 1717 patiatur,
1583 1646 1644 1697 et
1669 1658 1776 1698 nos
1797 1638 1995 1697 faciles
2016 1638 2346 1717 experietur
2363 1638 2425 1696 in
2445 1639 2700 1701 ineundo

290 1738 597 1779 consensu.
685 1717 803 1777 Sed
830 1718 941 1777 hoc
969 1729 1166 1796 optare
1194 1717 1422 1777 facilius
1469 1726 1559 1777 est
1600 1738 1776 1796 quam
1804 1736 2068 1795 sperare:
2111 1718 2224 1777 nisi
2253 1718 2434 1795 Deus,
2464 1721 2566 1796 qui
2593 1720 2698 1780 ho-

290 1798 515 1857 minum
542 1797 718 1857 corda
744 1798 805 1857 in
830 1816 1006 1857 manu
1034 1817 1140 1857 sua
1164 1797 1358 1873 habet,
1387 1805 1654 1874 potenter
1700 1818 1770 1858 ea
1819 1797 2068 1875 Spiritus
2110 1797 2203 1857 sui
2227 1797 2442 1858 virtute
2483 1798 2695 1877 flectat,

289 1878 448 1957 quod
468 1878 695 1955 piorum
723 1876 981 1936 omnium
1006 1886 1209 1937 votum
1236 1897 1364 1937 esse
1392 1876 1581 1936 debet.

368 1956 730 2016 XXXVII.
773 1957 919 2015 Cum
960 1975 1101 2034 ergo
1128 1977 1205 2016 ex
1247 1958 1321 2015 iis
1347 1956 1635 2032 omnibus,
1666 1975 1796 2033 quoe
1823 1976 1859 2015 a
1885 1955 2055 2014 nobis
2096 1954 2374 2015 hactenus
2403 1957 2698 2034 disputata

289 2045 443 2111 sunt,
474 2044 715 2111 constet,
748 2036 995 2095 Romam
1016 2036 1455 2113 quamplurimis
1472 2035 1804 2095 exitialibus
1824 2034 2140 2095 haeresibus
2157 2035 2475 2094 doctrinam
2505 2036 2698 2097 Chris-

288 2118 507 2175 tianam
536 2115 877 2193 corrupisse,
907 2124 967 2175 et
992 2114 1055 2174 in
1082 2116 1243 2175 cultu
1264 2114 1747 2175 crassissimamm
1769 2114 2238 2193 superstitionum
2261 2121 2321 2173 et
2346 2113 2698 2174 idololatria-

286 2216 432 2271 rum,
464 2215 593 2272 quae
622 2214 753 2254 cum
799 2194 985 2254 salute
1030 2195 1201 2272 plane
1244 2204 1379 2255 sunt
1406 2220 1699 2269 metm,
1728 2214 1884 2253 ream
1913 2212 2077 2269 esse;
2122 2202 2296 2270 atque
2323 2192 2468 2252 adeo
2497 2193 2694 2253 sedem

289 2294 415 2335 esse
442 2274 671 2352 imperii
696 2273 985 2351 tyrannici
1011 2282 1073 2333 et
1100 2273 1562 2351 Antichristiani,
1594 2283 1654 2334 et
1689 2273 1937 2351 insignis
1987 2272 2309 2351 apostasiae,
2340 2292 2470 2349 quse
2499 2273 2695 2333 novis·

291 2355 452 2414 simis
480 2353 837 2431 temporibus
863 2353 1199 2431 contingere
1244 2354 1461 2431 debuit,
1513 2375 1548 2413 a
1587 2374 1706 2431 qua
1744 2353 1984 2431 proinde
2016 2352 2264 2431 Spiritus
2295 2352 2540 2413 Sanctus
2566 2352 2697 2432 pios

290 2453 489 2493 omnes
518 2432 785 2492 secedere
827 2432 1013 2509 jubet,
1045 2432 1096 2491 si
1138 2433 1311 2493 saluti
1338 2454 1459 2493 suae
1496 2434 1826 2493 consultum
1852 2434 2076 2508 volunt,
2120 2432 2262 2510 quid
2289 2441 2552 2510 superest
2576 2434 2692 2493 nisi

288 2523 353 2573 ut
380 2512 810 2587 concludamus,
840 2512 1219 2571 necessariam
1250 2514 1485 2573 omnino
1511 2514 1690 2573 fuisse
1734 2513 1971 2571 Petrum
2003 2521 2330 2571 nostrorum
2378 2512 2454 2571 ab
2501 2532 2570 2572 ea
2607 2532 2697 2574 se-

289 2594 629 2668 cessionem,
660 2600 718 2651 et
740 2591 1173 2669 impossibilem,
1203 2592 1377 2652 rebus
1418 2594 1503 2653 sic
1530 2593 1835 2668 stantibus,
1879 2600 2141 2651 nostrum
2169 2591 2245 2649 ad
2271 2612 2398 2650 eam
2447 2592 2694 2653 reditum

287 2682 344 2731 et
370 2692 503 2733 cum
531 2692 601 2731 ea
628 2671 1089 2748 syncretismum‚
1119 2672 1221 2749 qui
1240 2672 1419 2733 totius
1460 2673 1629 2733 istius
1659 2670 2084 2749 Disputationis
2106 2690 2314 2747 scopus
2332 2670 2441 2729 fuit
2461 2680 2520 2729 et
2539 2672 2690 2732 finis.

292 2752 468 2811 Faxit
497 2752 659 2810 Deus
690 2750 957 2827 Optimus
995 2750 1311 2823 Maximus,
1342 2752 1444 2829 qui
1470 2772 1578 2811 nos
1606 2752 1682 2810 ad
1710 2752 2020 2828 gloriosam
2051 2749 2216 2826 regni
2243 2749 2333 2807 sui
2361 2749 2690 2810 libertatem

286 2832 538 2906 vocavit,
563 2838 646 2904 ut,
678 2830 738 2887 in
766 2830 875 2888 hac
893 2830 1137 2890 veritate
1167 2832 1405 2890 salutari
1431 2832 1620 2909 magis
1647 2830 1948 2907 magisque
1977 2827 2314 2901 confirmati,
2345 2828 2692 2903 posthabitis

288 2919 347 2970 et
384 2909 595 2989 spretis
638 2910 938 2987 promissis
982 2918 1041 2969 et
1084 2910 1257 2969 minis
1306 2912 1590 2984 omnibus,
1639 2910 1851 2987 quibus
1894 2908 1992 2967 vel
2019 2926 2126 2966 nos
2153 2907 2409 2965 inescare
2439 2914 2498 2965 et
2524 2907 2600 2965 ad
2627 2928 2691 2967 se

286 2990 534 3064 allicere,
565 2990 664 3047 vel
691 3010 727 3047 a
746 2988 861 3047 fide
890 2988 1105 3049 Christi
1131 2990 1421 3049 deterrere
1461 2999 1521 3049 et
1562 2988 1846 3047 abducere
1875 2987 2145 3064 Babylon
2173 2992 2429 3057 conatur,
2463 2985 2691 3046 Christo

282 3069 452 3129 unico
480 3068 657 3146 capiti
683 3076 743 3127 et
772 3088 988 3145 sponso
1016 3078 1216 3128 nostro
1264 3068 1556 3128 indivulse
1596 3067 1974 3140 adhaerentes,
2024 3065 2189 3123 illum
2232 3065 2318 3123 ita
2359 3072 2690 3125 constanter

282 3169 401 3228 prae
430 3148 701 3207 omnibus
728 3168 1002 3223 amemus,
1034 3149 1308 3223 colamus,
1340 3156 1399 3207 et
1426 3165 1751 3225 sequamur,
1781 3154 1848 3204 ut
1873 3145 2020 3203 nihil
2047 3146 2121 3203 ab
2143 3146 2269 3223 ejus
2287 3145 2688 3205 communione

282 3229 535 3288 avellere
562 3246 818 3304 unquam
839 3247 947 3287 nos
965 3229 1185 3305 possit;
1229 3228 1414 3287 donec
1440 3227 1517 3286 ad
1544 3226 2006 3286 communionem
2033 3226 2162 3303 ejus
2189 3225 2389 3303 gloriae
2415 3224 2478 3284 in
2507 3226 2688 3287 coelos

281 3307 565 3383 translati,
598 3327 729 3367 cum
758 3326 827 3367 eo
855 3307 917 3365 in
946 3316 1225 3369 aeternum
1253 3307 1451 3367 felices
1471 3307 1758 3367 vivamus.
1841 3305 2046 3382 Auen,
2078 3304 2284 3365 Auen.
