3234 5192
593 335 715 394 404
1138 349 1217 391 nr.
1246 349 1724 392 smxsmcnoms
1751 315 1986 390 cnnxs‘rx
2015 345 2432 390 necessrium-s.
2617 329 2888 412 [nxsrxrr.
2917 347 3002 390 xx.

660 489 835 550 entiae
864 490 1085 548 divinae
1112 497 1652 566 temperamentum
1677 491 1806 548 sine
1831 507 1954 568 quo
1981 507 2114 565 spes
2131 491 2326 550 omnis
2341 488 2552 547 salutis
2567 487 3002 549 decollaverat.

664 587 764 629 am
785 569 883 627 vel
900 587 1076 644 poena
1090 569 1512 644 proprianobis
1528 577 1658 628 erat
1673 569 2022 627 sustinenda
2039 575 2102 627 et
2115 567 2202 628 sic
2220 567 2478 644 justitiae
2495 567 2740 642 quidem
2759 567 3002 625 litatum

596 646 825 718 fuisset,
841 649 945 705 scd
964 647 1381 705 misericordias
1396 647 1597 706 aditus
1618 647 1816 704 omnis
1827 647 2334 738 praecludebatur3
2354 645 2476 704 Vel
2495 645 2820 720 tamquam
2805 663 3006 702 inson-

596 732 687 784 tes
712 726 1061 784 absolvendi
1086 731 1149 783 et
1174 726 1449 783 salvandi
1476 743 1730 796 eramus,
1759 733 1940 800 atque
1965 725 2052 782 ita
2077 723 2490 785 Misericordia
2514 741 2642 780 sese
2665 723 3006 782 luculenter

598 821 740 862 sane
756 803 1099 874 exeruisset,
1110 805 1213 860 sed
1225 803 1477 878 justitiae
1492 803 1662 862 fraus
1677 803 1882 878 aliqua
1901 803 1984 862 sic
1999 802 2318 864 videbatur
2333 803 2480 860 fieri.
2506 801 2724 876 Itaque
2737 801 3004 858 medium

600 881 849 956 aliquod
890 887 1095 938 tenere
1140 882 1413 956 oportuit
1450 899 1573 957 quo
1600 882 1782 939 simul
1807 889 1870 939 et
1894 883 2094 954 semel,
2113 881 2369 958 justitiae
2397 879 2686 950 satisfieri,
2713 886 2776 936 et
2799 879 2902 936 via
2925 881 3006 937 ad

600 975 899 1016 summam
924 964 986 1015 et
1010 959 1306 1016 infinitam
1351 958 1814 1018 misericordiam
1849 960 2116 1051 patefieri
2143 967 2355 1035 posset,
2386 959 2550 1032 quod
2575 957 2804 1014 factum
2829 975 3008 1032 spon-

602 1037 751 1095 soris
776 1036 967 1094 nostri
983 1035 1443 1108 substitutione3
1468 1036 1637 1096 Nam
1663 1045 1736 1095 ut
1751 1037 2054 1111 justitiam
2075 1055 2246 1096 suam
2273 1038 2336 1094 in
2364 1036 2688 1111 repetenda
2705 1053 2897 1110 poena,
2917 1035 3008 1094 ita

602 1114 1102 1172 misericordiam·
1086 1133 1147 1171 ιιι
1170 1115 1577 1173 submittendo
1592 1117 1746 1173 vade
1765 1116 2160 1186 demonstran
2181 1115 2324 1173 utin
2345 1115 2452 1172 illo
2469 1113 2818 1172 acerrimam
2833 1129 3006 1170 suam

596 1192 895 1267 justitiam
948 1193 1215 1251 ostendit
1252 1211 1457 1266 poenas
1476 1211 1682 1250 omnes
1722 1193 1894 1251 nobis
1928 1194 2202 1252 debitas’
2185 1194 2300 1268 1psi
2323 1192 2667 1267 infligendo,
2693 1190 2822 1248 ita'
2805 1209 2870 1246 ιιι
2897 1209 3008 1248 nos

604 1270 1021 1328 misericordiae
1042 1276 1103 1328 et
1128 1270 1431 1329 charitatis
1456 1272 1824 1329 inexhaustoe
1863 1271 2026 1329 rivos
2051 1289 2258 1330 omnes
2282 1278 2344 1329 et
2367 1272 2678 1328 thesauros
2701 1267 3004 1339 diffundit,

606 1366 729 1406 non
750 1351 928 1407 modo
966 1355 1207 1424 propter
1233 1348 1430 1424 ipsum
1456 1349 1692 1417 veniam
1717 1357 2098 1424 peccatorum
2118 1349 2390 1408 omnium
2411 1347 2582 1405 nobis
2607 1346 3006 1416 concedendo,

608 1429 711 1484 sed
738 1434 801 1484 et
824 1428 1141 1485 innumera
1167 1427 1449 1484 beneficia
1468 1433 1601 1486 tum
1620 1428 1830 1502 gratiae
1845 1434 1978 1486 tum
1993 1427 2204 1503 gloriae
2223 1427 2367 1485 etin
2389 1427 2502 1484 hac
2517 1425 2659 1483 etin
2679 1425 2872 1482 altera
2883 1423 3010 1481 vita

608 1505 794 1578 gratis
812 1505 1227 1578 impertiendo.

694 1582 1013 1641 XLVIII.
1049 1582 1347 1650 Quisnam
1368 1590 1573 1642 autem
1589 1603 1824 1660 sponsor
1843 1583 1948 1640 ille
1983 1601 2107 1641 esse
2135 1582 2407 1640 debuerit
2421 1585 2532 1640 aut
2543 1597 2822 1656 quaenam
2843 1579 3010 1638 satis-

610 1659 977 1717 factionobis
992 1660 1526 1733 necessariafuerit,
1538 1680 1660 1720 non
1672 1659 2010 1719 difficileest
2025 1678 2098 1718 ex
2109 1661 2282 1718 dictis
2307 1660 2616 1734 colligere3
2633 1657 2699 1716 N
2700 1658 3012 1731 amutJus-

614 1738 763 1795 titioe
782 1738 1001 1797 divinae
1024 1738 1249 1796 ratioet
1266 1739 1417 1814 legIs
1424 1757 1547 1796 vox
1562 1739 2024 1798 satisfactionem
2040 1739 2309 1814 aliquam
2323 1737 2554 1795 homini
2570 1734 2882 1810 peccatori,
2891 1735 3010 1794 nisi

612 1815 681 1949 {ii
706 1910 831 1950 ιιοιι
856 1816 1045 1952 atllxsbin
1029 1815 1415 1968 {11¹1aeka
1440 1913 1568 1953 esse
1613 1815 2836 1986 fflggiuffiggt'qffimvffgssig
2862 1894 3014 1950 211»-

639 1997 785 2052 gua-u
810 1975 1091 2047 sponsore
1118 1979 1325 2030 nostro
1350 1972 1571 2048 passim
1596 1974 1896 2031 declarat:
1927 1971 2044 2030 Ille
2065 1972 2226 2029 enim
2252 1973 2416 2028 solus
2431 1970 2630 2046 potuit
2654 1989 2780 2028 esse
2805 1969 2888 2029 N.
2905 1971 3016 2029 foe·

614 1997 825 2110 deris*
798 2075 973 2124 mvn
995 2058 1057 2109 et
1072 2053 1291 2126 μυίης,
1310 2051 1471 2126 quia,
1498 2052 1738 2109 medius
1766 2051 1924 2108 inter
1944 2050 2144 2108 Deum
2169 2056 2232 2108 et
2255 2049 2546 2119 homines,
2575 2048 2752 2105 illum
2777 2047 3014 2106 Divini-

614 2137 755 2201 tate,
784 2131 929 2190 istos
950 2131 1322 2189 humanitate
1349 2128 1752 2204 contingebat,
1779 2129 1884 2186 ille
1930 2130 2096 2186 solus
2137 2133 2420 2186 naturam
2445 2128 2776 2184 humanam
2801 2127 3016 2184 habuit

614 2226 750 2283 quae
774 2216 1079 2284 pateretur
1096 2216 1157 2266 et
1177 2208 1357 2265 simul
1384 2207 1654 2265 divinam
1689 2227 1824 2282 quae
1843 2206 2217 2282 passionibus
2237 2207 2503 2262 valorem
2511 2203 2812 2262 infinitum
2832 2205 3016 2263 adde·

612 2293 721 2356 ret,
749 2287 1101 2361 sanguinem
1122 2287 1457 2342 humanum
1470 2291 1533 2343 et
1547 2286 1824 2360 spiritum
1844 2291 2155 2353 aeternum,
2177 2283 2581 2341 infirmitatem
2595 2281 2788 2340 carnis
2803 2290 2874 2340 ut
2887 2301 3017 2340 mo-

614 2369 845 2420 teretur
864 2369 1149 2438 tanquam
1166 2363 1425 2432 victima,
1446 2370 1507 2420 et
1526 2363 1857 2437 potentiam
1872 2361 2202 2418 divinitatis
2217 2379 2342 2436 qua
2359 2366 2628 2435 surgeret
2645 2379 2680 2418 e
2699 2361 3016 2435 sepulchro

615 2441 711 2497 et
694 2458 759 2496 ιιι
776 2448 1046 2498 sanctum
1068 2439 1439 2497 sanctorum·
1422 2441 1838 2513 mgr-ederetur
1853 2446 1925 2496 ut
1939 2439 2242 2508 sacerdos,
2263 2438 2484 2514 Itaque
2504 2439 3014 2512 quemadmodum

616 2518 1077 2577 satisfactionem
1124 2517 1184 2574 in
1228 2533 1445 2590 genere
1491 2516 1724 2574 homini
1749 2519 1826 2575 ad
1857 2517 2111 2574 salutem
2147 2516 2533 2575 necessariam
2559 2534 2684 2574 esse
2710 2515 3019 2589 evicimus,

608 2595 743 2672 jam
770 2595 1159 2656 necessariam
1183 2592 1409 2652 fuisse
1392 2594 1579 2670 ipsius
1600 2593 1818 2654 Christi
1839 2593 2302 2653 satisfactionem
2319 2601 2592 2671 superest
2609 2601 2680 2652 ut
2693 2594 2896 2670 paucis
2913 2595 3022 2652 de-

616 2683 1031 2733 monstremus.

699 2753 943 2812 XLIX.
986 2751 1051 2811 N
1054 2768 1133 2810 on
1180 2768 1291 2809 nos
1336 2751 1483 2809 latet
1524 2751 1804 2827 equidem
1851 2751 1950 2809 hic
1990 2750 2052 2807 in
2099 2751 2338 2809 diversa
2377 2751 2590 2810 abiisse
2629 2751 2956 2810 nonnullos
2980 2771 3022 2810 e

616 2833 917 2892 veteribus
942 2831 1047 2908 qui
1074 2836 1146 2888 ut
1172 2847 1353 2904 supra
1378 2831 1737 2888 notabamus
1762 2848 1838 2887 ex
1869 2828 2216 2903 Augustino
2243 2831 2456 2887 modos
2481 2831 2635 2888 alios
2675 2829 2806 2887 Deo
2831 2830 3024 2904 possi-

616 2912 767 2970 biles
790 2928 915 2968 ιιοιι
944 2909 1203 2967 defuisse
1228 2914 1373 2966 sunt
1397 2908 1709 2979 arbitrati;
1751 2908 1876 2965 imo
1907 2925 1979 2964 eo
2015 2925 2208 2982 usque
2233 2909 2618 2982 progreditur
2641 2907 3022 2966 doctissimus

616 2989 987 3060 Praesu1,ut
1012 2988 1187 3057 dicat,
1230 2987 1505 3044 “stultos
1528 3004 1654 3044 esse
1701 2985 1806 3062 qui
1831 2986 2042 3043 dicunt
2067 3003 2188 3043 non
2235 2986 2496 3060 potuisse
2523 2985 2872 3060 sapientiam
2901 2985 3022 3044 Dei

618 3069 792 3127 aliter
829 3066 1101 3124 homines
1138 3031 1410 3140 liberare,
1454 3063 1573 3122 nisi
1629 3065 1952 3139 susciperet
2001 3063 2306 3120 homiuem
2346 3071 2407 3120 et
2443 3069 2788 3122 nasceretur
2811 3082 2886 3120 ex
2911 3063 3026 3122 foe-

618 3145 819 3213 mina?
824 3143 1071 3202 ’.Serm
1113 3143 1189 3199 de
1230 3142 1516 3200 Annunc.
1559 3142 1736 3200 Dom.
1797 3143 1898 3200 Ita
1943 3141 2070 3199 Leo
2113 3140 2167 3198 I.
2209 3141 2480 3199 Sermon.
2523 3142 2579 3212 2,
2635 3143 2711 3198 de
2771 3140 3024 3200 Inearn.

620 3221 953 3278 Bonavent.
1015 3220 1078 3276 in
1140 3219 1197 3289 3,
1246 3225 1473 3277 senten.
1537 3219 1754 3278 Distin.
1797 3239 1897 3277 xx.
1953 3237 2012 3293 q.
2053 3219 2111 3290 6,
2169 3218 2326 3276 “De
2365 3218 2716 3277 liberatione
2769 3219 3024 3276 firmiter

619 3299 795 3354 credo
840 3298 1003 3371 quod
1041 3295 1162 3353 alio
1200 3297 1382 3354 modo
1422 3297 1622 3371 potuit
1669 3297 1910 3355 liberari
1953 3313 2145 3370 genus
2197 3299 2547 3366 humanum,
2589 3297 2664 3353 de
2720 3295 3026 3372 Redemp-

618 3374 783 3431 tione
821 3391 963 3431 vero
1005 3391 1115 3430 nec
1152 3389 1310 3447 nego
1348 3391 1457 3430 nee
1496 3375 1690 3433 audeo
1731 3375 2045 3445 affirmare,
2073 3375 2218 3450 quia
2255 3373 2634 3434 temerarium
2663 3381 2754 3432 est
2779 3393 2914 3432 cum
2943 3375 3030 3432 de

620 3450 845 3510 Divina
900 3450 1169 3527 potentia
1223 3451 1423 3525 agitur
1478 3451 1800 3509 terminum
1861 3452 2162 3526 praefigere
2217 3453 2274 3510 ei
2313 3451 2571 3528 amplius
2609 3451 2770 3509 euim
2821 3459 3029 3528 potest

618 3547 803 3607 quam
840 3547 952 3588 nos
990 3545 1311 3621 possumus
1350 3528 1632 3603 cogitare.
1636 3530 1674 3560 ’⁹
1753 3529 1990 3588 Notum
2029 3531 2210 3589 etiam
2249 3531 2561 3606 plerosque
2585 3549 2622 3588 e
2649 3530 3026 3590 scholasticis

620 3608 791 3667 vanis
811 3615 873 3666 et
886 3607 1135 3666 curiosis
1155 3607 1585 3680 quaestionibus
1610 3615 1828 3700 praeter
1855 3607 2244 3684 Scripturam,
2271 3616 2344 3666 ut
2369 3609 2433 3665 in
2461 3608 2595 3667 aliis
2621 3609 2900 3667 omnibus
2919 3627 3024 3665 so-

618 3689 769 3758 lent,
797 3687 858 3744 in
886 3686 1003 3745 hoc
1028 3691 1382 3760 argumento
1408 3684 1607 3743 locum
1635 3686 1814 3744 nimis
1845 3687 2096 3757 dedisse,
2126 3705 2262 3763 quae
2309 3686 2498 3760 hujus
2541 3687 2808 3761 mysterii
2832 3687 3024 3746 fidem

618 3731 915 3842 paulatim
956 3768 1247 3822 enervant
1286 3769 1347 3821 et
1388 3763 1706 3822 immotum
1743 3766 1862 3824 hoc
1915 3765 2224 3840 religionis
2266 3763 2616 3824 Christianae
2655 3764 3030 3822 fundamen-

618 3852 751 3903 tum
791 3845 1113 3914 subrunnt,
1154 3841 1229 3898 de
1270 3841 1485 3916 quibus
1526 3841 1821 3900 videndus
1863 3842 2136 3918 Vasques
2175 3843 2240 3900 in
2281 3843 2338 3900 3.
2403 3842 2552 3903 Tho.
2597 3843 2833 3918 Disput.
2875 3843 2914 3900 i.
2955 3843 3026 3914 2,

619 3929 681 3981 et
724 3921 943 3981 Suares
982 3922 1047 3978 in
1087 3920 1359 3978 eandem.
1432 3919 1664 3978 Verum
1705 3938 1826 3978 non
1868 3921 2194 3979 defuerunt
2245 3921 2350 3978 alii
2392 3923 2728 3999 complures
2767 3928 2898 3978 tum
2935 3937 3024 3978 ex

619 3999 888 4077 patribus
934 4007 1067 4058 tum
1112 4016 1186 4056 ex
1222 3995 1365 4090 ipsis
1404 3997 1768 4056 scholasticis
1795 3998 1900 4074 qui
1943 3999 2358 4058 necessitatem
2400 4001 2558 4058 hanc
2583 4005 3024 4074 cognoverunt,

620 4085 691 4137 ut
734 4077 1027 4137 Athanas.
1070 4076 1133 4134 in
1174 4075 1394 4134 eximio
1422 4081 1684 4134 tractatu
1724 4078 1800 4134 de
1831 4076 2019 4135 Verbi
2063 4077 2322 4147 Incarn„
2350 4076 2680 4136 Anselmus
2719 4077 2782 4134 in
2822 4075 2926 4134 lib.
2971 4076 3022 4134 i.

623 4158 748 4217 Cur
807 4156 973 4217 Deus
1032 4157 1216 4213 homo
1274 4171 1401 4230 cap.
1448 4154 1539 4229 16,
1587 4155 1680 4226 17,
1723 4154 2002 4213 Basilius
2062 4155 2126 4213 in
2189 4155 2351 4214 Psal.
2397 4157 2605 4228 xxviii,
2651 4153 3025 4214 Ambrosius

618 4237 681 4294 in
712 4235 915 4294 ch.
898 4253 999 4306 ix„
1029 4233 1292 4291 Thomas
1318 4238 1527 4290 contra
1556 4232 1782 4292 Gentes
1820 4233 1924 4290 lib.
1968 4233 2047 4291 iv.
2074 4251 2124 4291 c.
2155 4233 2254 4305 54,
2279 4232 2376 4292 65.
2463 4233 2546 4292 Et
2585 4235 2646 4291 in
2689 4250 2824 4291 eam
2849 4231 2912 4290 N
2917 4251 3026 4290 os·-

618 4315 697 4372 tri
754 4313 941 4370 ferme
989 4328 1195 4370 omnes
1249 4313 1624 4386 propendent
1682 4311 2036 4369 sententiam
2089 4317 2160 4370 ut
2201 4311 2562 4370 tutissimam
2623 4319 2686 4371 et
2749 4310 3030 4384 Scriptu-

617 4409 699 4448 rae
740 4391 1033 4464 imprimis
1078 4395 1578 4447 consentaneam·
1643 4389 1824 4457 Quod
1865 4395 2066 4447 tamen
2120 4389 2207 4448 ita
2247 4391 2706 4465 intelligendum
2759 4407 2880 4445 nou
2921 4395 3027 4446 est

616 4467 791 4543 quasi
835 4467 951 4523 Dei
976 4466 1471 4540 omnipotentiam
1498 4469 1806 4526 ullatenus
1851 4467 2204 4542 restringere
2241 4468 2546 4539 velimus3
2586 4468 2806 4543 Neque
2851 4465 3024 4524 enim

615 4544 715 4601 hic
776 4542 1067 4617 quaeritur
1132 4544 1369 4618 proprie
1438 4544 1583 4619 quid
1645 4544 1812 4602 Deus
1873 4545 2138 4619 potuerit
2202 4546 2484 4606 absoluta
2545 4565 2657 4604 sua
2721 4544 3022 4620 potentia,

616 4623 719 4680 sed
758 4619 907 4695 quid
948 4619 1141 4676 facere
1188 4621 1349 4693 apud
1392 4639 1455 4678 se
1481 4623 1773 4696 statuerit,
1804 4623 2028 4697 quidve
2075 4625 2153 4682 ad
2193 4625 2452 4684 salutem
2500 4632 2766 4682 nostram
2813 4639 3034 4682 neces-
