3234 5192
281 340 517 380 Disrur.
547 326 699 396 xva]
881 338 959 377 ns
990 338 1481 378 sansracrmms
1511 338 1754 379 ennisrr
1788 338 2111 383 vsiurars.
2573 332 2688 388 529

282 480 678 539 concludimus
706 487 981 539 terrorem
1026 488 1085 540 et
1124 479 1416 540 tristitiam
1460 480 1521 537 in
1566 500 1636 539 eo
1678 480 1854 541 fuisse
1884 482 2138 541 omnium
2167 504 2297 561 quae
2325 484 2559 547 fuerunt
2585 509 2692 547 un-

280 582 453 639 quam
480 560 811 619 maximam.
877 560 1153 635 Quaenam
1176 582 1313 619 vero
1336 560 1503 619 istius
1525 580 1699 620 causa
1725 582 1865 620 vera
1894 571 1950 621 et
1979 564 2231 640 genuina
2259 564 2429 625 fuerit
2450 568 2576 643 jam
2605 570 2691 627 in·-

279 641 621 718 quirendum
651 650 911 717 superest
951 650 1016 701 ut
1056 642 1132 699 ad
1173 642 1433 699 veritatis
1474 660 1649 719 quam
1677 643 1986 719 quaerimus
2015 644 2560 705 demonstrationem
2589 648 2687 707 de-

280 722 581 780 veniamus
608 744 619 779 :
682 720 940 780 Dubium
996 722 1148 781 enim
1203 720 1347 780 nulli
1403 741 1529 780 esse
1574 730 1766 799 potest
1808 723 1949 799 quin
1997 724 2404 801 gravissimum
2453 724 2690 804 aliquod

280 801 493 860 malum
524 802 619 859 vel
647 821 901 878 praesens
928 802 1025 861 vel
1051 802 1307 861 futurum
1336 803 1441 859 has
1482 802 1543 859 in
1585 822 1654 859 eo
1683 822 1858 860 voces
1901 812 2204 881 motusque
2233 806 2551 880 concitarit‚
2584 808 2688 867 sed

278 882 570 958 quodnam
598 881 742 940 illud
772 883 847 941 sit
876 902 991 939 non
1033 901 1232 940 omnes
1275 881 1660 956 consentiunt,
1691 882 1820 940 aliis
1865 882 2035 941 aliam
2077 885 2356 943 rationem
2385 886 2686 963 assignan—

276 962 452 1020 tibus,
538 962 785 1037 Quidam
813 963 1046 1039 angoris
1076 962 1289 1021 Christi
1319 980 1549 1020 eausam
1580 960 1757 1021 fuisse
1801 962 2004 1021 volunt
2047 962 2460 1041 Apostolorum
2489 967 2686 1043 fugam

280 1050 339 1100 et
368 1042 801 1119 dispersionem,
832 1050 897 1100 ut
928 1042 1114 1101 Hilar.
1146 1062 1195 1101 c.
1226 1044 1322 1117 21,
1354 1042 1414 1099 in
1444 1042 1676 1118 Matth„
1711 1046 1746 1075 ‘⁴
1771 1042 2059 1103 Dominus
2097 1064 2212 1103 non
2235 1046 2426 1106 timuit
2453 1056 2688 1124 propter

279 1142 357 1198 se,
390 1122 494 1180 sed
521 1130 753 1200 propter
781 1122 1095 1199 discipulos
1124 1141 1269 1198 quos
1316 1122 1674 1199 praevidebat
1719 1122 2006 1199 fugituros
2049 1133 2107 1183 et
2155 1130 2518 1201 negatur03.”
2562 1128 2688 1186 Alii

278 1202 619 1262 Judaeorum
645 1210 946 1280 peccatum
968 1211 1026 1261 et
1054 1202 1420 1279 rejectionem
1444 1209 1503 1261 et
1530 1202 1573 1261 J
1576 1201 1707 1261 udae
1729 1202 2036 1280 proditoris
2051 1225 2265 1279 casum,
2292 1206 2448 1283 quod
2480 1206 2681 1266 Hiero.

278 1282 496 1359 placuit
523 1282 583 1339 in
611 1282 775 1340 xxvi.
809 1282 1020 1341 Matth.
1065 1282 1191 1340 Alii
1216 1281 1432 1340 nudam
1479 1282 1779 1341 hominum
1827 1284 2184 1361 pereuntium
2233 1286 2682 1346 commiseratio-

278 1382 429 1420 nem.
474 1361 599 1419 Alii
627 1362 875 1439 denique
904 1362 1105 1420 mortis
1132 1382 1420 1439 corporeas
1449 1370 1507 1420 et
1544 1362 1778 1439 quidem
1828 1364 2210 1422 acerbissimae
2257 1366 2679 1427 necessitatem.

282 1442 399 1499 Sed
425 1442 593 1500 facile
622 1451 711 1501 est
739 1441 1040 1500 ostendere
1086 1462 1283 1500 omnes
1328 1443 1470 1500 istas
1508 1462 1712 1501 causas
1761 1444 1857 1501 vel
1883 1444 2074 1502 nullas
2123 1464 2249 1503 esse
2284 1446 2532 1521 omnin0,
2586 1448 2678 1505 vel

276 1542 393 1579 non
423 1521 575 1579 solas
604 1522 1045 1600 et'praeeipuas.
1090 1522 1240 1580 Nam
1268 1522 1425 1599 quod
1453 1522 1528 1580 ad
1556 1522 1966 1601 discipulorum
1997 1524 2410 1600 dispersionem
2455 1526 2680 1605 attinet,

276 1622 407 1660 cum
437 1622 535 1660 eos
565 1602 910 1661 calidissime
938 1603 1280 1679 protectioni
1303 1604 1481 1679 patris
1504 1603 1979 1679 commendasset,
2011 1606 2052 1663 J
2058 1608 2150 1663 oh.
2171 1605 2312 1663 xvii.
2347 1608 2439 1682 11,
2465 1625 2680 1684 eosque

276 1682 466 1742 denuo
495 1682 934 1760 congregandos
962 1702 1089 1741 esse
1118 1682 1432 1742 certissime
1461 1682 1738 1758 novisset,
1773 1684 1913 1743 Luc.
1952 1685 2097 1743 xxii.
2130 1690 2223 1759 32,
2255 1686 2400 1744 nihil
2429 1696 2551 1745 erat
2579 1708 2681 1746 cur

274 1772 577 1840 propterea
603 1772 903 1841 tantopere
932 1770 1257 1840 angeretur,
1290 1764 1392 1821 sed
1420 1762 1507 1821 illi
1534 1764 1644 1823 hac
1673 1763 1732 1821 in
1762 1773 1922 1842 parte
1943 1766 2064 1843 jam
2097 1766 2292 1844 quieto
2321 1786 2448 1826 esse
2495 1768 2678 1827 licuit.

273 1842 615 1902 Judaeorum
658 1864 798 1902 vero
847 1844 1084 1921 rejectio
1127 1864 1314 1920 neque
1352 1845 1461 1903 hac
1504 1844 1649 1902 hora
1681 1844 1892 1903 accidit
1918 1866 1954 1903 a
1981 1866 2096 1923 qua
2144 1866 2206 1905 se
2255 1847 2474 1905 servari
2517 1848 2677 1925 petit,

274 1922 457 1982 Marc.
486 1924 609 1981 xiv.
642 1926 737 1999 35,
768 1944 873 1981 nec
901 1922 962 1980 in
991 1944 1058 1982 ea
1107 1924 1415 1982 exauditus
1442 1923 1551 1981 fuit
1600 1922 2082 2000 quemadmodum
2129 1926 2201 1983 ab
2251 1927 2474 2003 agoniae
2523 1937 2681 1988 metu

269 2002 502 2061 tandem
532 2012 619 2062 est
647 2005 941 2077 liberatus,
975 2003 1127 2062 Heb.
1157 2023 1215 2061 v,
1247 2007 1301 2077 7,
1334 2009 1712 2079 praeterquam
1742 2004 1899 2079 quod
1927 2006 2184 2080 ingratos
2211 2005 2254 2064 J
2261 2006 2453 2065 udaeos
2475 2007 2680 2083 justis-

270 2083 444 2140 simas
473 2084 751 2141 scelerum
792 2102 1025 2141 suorum
1052 2102 1253 2159 poenas
1292 2083 1537 2140 luituros
1577 2101 1696 2139 non
1723 2082 2044 2159 ignorabat.
2131 2084 2264 2142 Non
2291 2086 2478 2161 potuit
2507 2088 2682 2143 etiam

268 2161 633 2238 turpissimus
662 2162 1055 2220 scelestissimi
1082 2160 1258 2220 Judae
1298 2161 1394 2218 vel
1440 2162 1640 2237 lapsus
1667 2161 1765 2219 vel
1793 2162 1985 2219 exitus
2029 2161 2283 2220 animum
2328 2183 2496 2221 suum
2534 2164 2680 2223 adeo

274 2241 531 2317 graviter
586 2241 857 2316 sauciare,
909 2240 1046 2317 quia
1086 2241 1209 2317 jam
1239 2248 1371 2299 ante
1414 2240 1597 2297 filium
1648 2260 1774 2299 esse
1817 2240 2157 2318 perditionis
2203 2242 2376 2302 morti
2419 2250 2477 2301 et
2499 2244 2679 2302 exitio

273 2321 549 2379 devotum
579 2329 637 2380 et
662 2328 905 2379 noverat
926 2329 983 2379 et
1004 2320 1368 2398 praedixerat,
1400 2320 1443 2379 J
1447 2319 1540 2380 oh.
1576 2319 1720 2379 xvii.
1756 2319 1848 2379 12.
1895 2320 2162 2399 Denique
2189 2322 2487 2382 hominum
2513 2342 2678 2401 pere·

270 2400 499 2459 nntium
540 2402 960 2460 commiseratio
1003 2402 1113 2459 etsi
1149 2400 1349 2479 procul
1398 2400 1573 2460 dubio
1602 2400 1858 2460 affecerit
1885 2402 2138 2461 animum
2171 2402 2399 2480 Christi,
2448 2422 2563 2461 non
2592 2412 2680 2463 ta·

272 2501 406 2539 men
432 2480 546 2539 huc
574 2482 858 2559 pertinere
886 2489 1092 2559 potest,
1126 2482 1408 2559 siquidem
1438 2490 1497 2541 et
1524 2480 1767 2541 aliorum
1801 2490 2123 2559 temporum
2146 2484 2464 2542 communis
2493 2484 2603 2543 fuit
2623 2492 2682 2545 et

272 2570 465 2620 tantos
493 2571 685 2621 motus
712 2562 965 2621 excitare
994 2582 1111 2620 non
1138 2563 1344 2641 potuit.
1430 2562 1517 2622 At
1542 2562 1668 2621 haec
1706 2564 1917 2640 agonia
1937 2563 2128 2641 passio
2151 2562 2262 2623 fuit
2289 2564 2599 2642 singularis
2622 2574 2680 2625 et

272 2642 406 2700 huic
436 2642 591 2701 horae
613 2644 842 2721 propria
865 2666 878 2719 ;
924 2663 1053 2721 quse
1075 2642 1313 2720 proinde
1342 2642 1689 2720 peculiarem
1712 2644 1962 2720 aliquam
1983 2663 2214 2702 causam
2231 2644 2442 2702 habere
2462 2644 2680 2703 debuit.

355 2722 535 2779 XVI.
583 2723 701 2783 Sed
727 2724 873 2782 forte
902 2732 1091 2781 metus
1128 2723 1299 2781 fuerit
1342 2724 1544 2780 mortis
1588 2742 1878 2799 corporeae
1923 2722 2307 2799 impendentis
2355 2743 2528 2800 quam
2577 2743 2679 2781 na-

273 2802 446 2860 turali
474 2802 683 2861 affectu
722 2804 1009 2861 horruerit
1038 2810 1095 2861 et
1123 2802 1464 2879 deprecatus
1494 2802 1585 2861 sit.
1671 2802 1766 2860 Ita
1793 2800 2027 2879 quidem
2055 2802 2318 2859 nonnulli
2347 2822 2422 2859 ex
2453 2802 2677 2860 Veteri-

273 2882 383 2939 bus
438 2883 687 2939 sensisse
742 2882 1051 2955 videntur3
1096 2882 1191 2941 Ita
1248 2880 1537 2939 Pontificii
1582 2880 1684 2956 qui
1732 2880 1911 2937 solam
1963 2888 2206 2939 mort-em
2256 2889 2314 2938 et
2362 2882 2679 2940 cruciatum

274 2960 489 3018 Christi
515 2962 867 3037 corporalem
911 2959 1134 3018 nullum
1162 2979 1301 3017 vero
1331 2959 1534 3017 animae
1574 2968 1912 3035 agnoscunt,
1943 2959 2040 3016 vel
2069 2958 2118 3017 si
2148 2978 2276 3037 quae
2319 2958 2428 3017 fuit
2475 2961 2681 3019 animae

272 3039 465 3115 passio
505 3047 687 3096 ortam
711 3040 940 3097 demum
963 3038 1141 3097 fuisse
1171 3058 1247 3096 ex
1275 3037 1642 3096 condolentia
1663 3046 1721 3097 et
1743 3038 2070 3114 sympathia
2103 3058 2234 3097 cum
2273 3058 2526 3116 corpore,
2563 3060 2681 3099 non

273 3127 465 3177 autem
495 3138 571 3175 ex
598 3119 815 3195 proprii
842 3120 1089 3195 alicujus
1116 3118 1255 3176 mali
1284 3136 1455 3175 sensu
1483 3117 1581 3175 vel
1607 3126 1765 3176 metu
1796 3116 2167 3177 contendunt.
2253 3118 2375 3177 Nos
2397 3138 2535 3177 vero
2563 3140 2681 3178 non

272 3199 423 3256 imus
450 3198 685 3275 quidem
713 3198 936 3257 inficias
962 3199 1115 3256 inter
1140 3205 1329 3256 metus
1358 3204 1416 3255 et
1443 3196 1678 3273 angoris
1708 3197 1921 3256 Christi
1944 3217 2146 3257 causas
2173 3199 2322 3257 hanc
2351 3199 2524 3257 etiam
2553 3220 2681 3260 esse

272 3278 677 3355 reponendam,
710 3280 806 3345 τῆς
850 3278 1158 3357 ἀνθρωπίνης
1206 3276 1401 3351 φύσεως
1452 3275 1667 3355 (inquit
1695 3275 2036 3359 Theophy.)
2084 3282 2141 3336 τὸ
2185 3280 2385 3355 δειλιᾷν
2431 3278 2678 3356 θάνατον,

276 3360 401 3415 διότι
430 3363 529 3416 καὶ
556 3380 706 3438 παρα
738 3357 881 3433 φύσιν
910 3360 1135 3424 εἰσῆλθεν
1163 3358 1186 3413 ὁ
1213 3346 1467 3429 deoerog,
1509 3361 1608 3413 καὶ
1657 3358 1746 3414 διὰ
1796 3362 1946 3415 τοῦτο
1989 3360 2018 3425 ἡ
2067 3361 2214 3435 pium
2259 3376 2438 3438 φευγει
2488 3364 2676 3419 τοῦτον.

272 3440 495 3498 Natura
534 3458 651 3498 non
691 3446 883 3517 potest
919 3458 1035 3496 non
1079 3438 1309 3497 horrere
1338 3446 1581 3497 mortem
1608 3446 1882 3515 tanquam
1914 3439 2002 3497 sui
2032 3439 2480 3499 destructionem
2509 3449 2567 3499 et
2593 3442 2679 3499 in-

220 3574 223 3579 .
273 3521 523 3592 teritum,
552 3520 708 3580 unde
734 3518 1113 3596 philosophus
1144 3527 1313 3578 vocat
1340 3537 1467 3577 eam
1488 3520 1587 3574 τῶν
1616 3520 1986 3597 φοζεςωτάτων
2017 3522 2385 3599 cocceam-arou,
2418 3527 2589 3596 atque
2612 3540 2682 3579 eo

270 3600 504 3677 gravior
531 3608 619 3658 est
646 3600 909 3659 anxietas
938 3618 1069 3657 cum
1097 3619 1251 3657 mors
1278 3598 1381 3657 illa
1408 3606 1467 3657 et
1494 3618 1626 3657 cum
1655 3598 1852 3658 dolore
1880 3600 2157 3658 acerrimo
2186 3609 2244 3659 et
2271 3620 2404 3659 cum
2431 3600 2686 3657 maxima

272 3679 507 3737 infamia
528 3680 837 3756 conjuncta
865 3686 969 3753 est,
1061 3680 1275 3757 quibus
1303 3678 1530 3738 duobus
1574 3686 1780 3738 natura
1819 3680 2192 3739 vehementer
2218 3678 2432 3757 refugit
2459 3686 2518 3737 et
2543 3679 2684 3736 boni

273 3778 473 3817 omnes
521 3760 772 3817 maxime
816 3760 1007 3837 percel
1032 3769 1223 3818 untur.
1310 3760 1453 3817 Cum
1484 3779 1624 3837 ergo
1652 3780 1806 3817 mors
1849 3759 2080 3819 Christo
2122 3767 2275 3818 esset
2323 3758 2678 3833 sustinenda,

270 3859 378 3897 nec
418 3846 641 3897 tantum
684 3859 839 3899 mors
866 3839 1172 3916 ordinaria,
1202 3838 1307 3899 sed
1334 3838 1591 3897 omnium
1632 3838 2001 3898 acerbissima
2028 3846 2087 3898 et
2113 3838 2678 3915 ignominiosissima,

272 3918 513 3977 dubium
540 3938 657 3977 non
685 3928 775 3978 est
800 3920 941 3997 quin
969 3919 1044 3977 ad
1072 3920 1199 3997 ejus
1226 3918 1325 3978 vel
1353 3918 1780 3995 cogitationem,
1801 3920 1898 3977 vel
1918 3920 2281 3996 praesentiam
2309 3918 2682 3977 vehementer

272 4006 592 4058 commotus
618 3998 807 4059 fuerit.
891 4000 1112 4058 Verum
1140 3999 1413 4059 audacter
1439 4007 1633 4058 tamen
1659 3999 2097 4075 pronuntiamus
2143 4018 2260 4056 non
2309 4017 2436 4055 eam
2478 3997 2678 4073 solam,

270 4078 485 4137 nedum
512 4080 861 4156 praecipuam
889 4080 1056 4139 istius
1084 4088 1273 4139 metus
1301 4080 1448 4137 tanti
1491 4079 1855 4155 tristitiaeque
1883 4098 2115 4138 causam
2158 4079 2353 4137 fuisse.
2442 4081 2494 4136 1.
2537 4076 2685 4151 Quia

274 4159 538 4217 Christus
586 4167 861 4237 tanquam
914 4178 1157 4237 sponsor
1204 4178 1330 4219 eam
1373 4178 1603 4236 poenam
1653 4167 1712 4218 et
1751 4166 1994 4217 mortem
2042 4178 2146 4235 pro
2194 4158 2362 4216 nobis
2411 4156 2686 4216 sustinuit

273 4259 402 4317 quae
430 4239 683 4315 peccatis
710 4240 924 4299 nostris
952 4239 1284 4313 debebatur,
1319 4239 1434 4298 Isa.
1463 4238 1568 4296 liii.
1599 4242 1657 4313 4,
1688 4240 1742 4314 5,
1775 4242 1830 4314 6,
1875 4245 1936 4296 at
1976 4246 2219 4315 utraque
2264 4236 2581 4296 debebatur
2625 4244 2682 4295 et

272 4319 566 4378 animae‘et
595 4320 867 4396 eorporis,
900 4338 1029 4379 cum
1058 4326 1300 4395 utraque
1328 4318 1578 4377 hominis
1619 4338 1753 4396 pars
1794 4318 2137 4394 peccaverit.
2218 4316 2382 4393 Ergo
2411 4335 2526 4374 non
2554 4324 2682 4374 tan--

271 4408 396 4459 tum
425 4400 845 4478 sympathetice
886 4398 991 4458 sed
1029 4400 1257 4477 proprie
1286 4406 1344 4457 et
1370 4396 1778 4475 idiopatheticc
1807 4398 1999 4455 anima
2039 4396 2160 4475 pati
2201 4396 2417 4471 debuit,
2467 4397 2584 4454 imo
2626 4404 2685 4456 et

271 4480 562 4559 praecipue
589 4481 710 4559 pati
738 4480 939 4539 debuit
966 4481 1157 4537 anima
1184 4487 1249 4538 ut
1277 4480 1469 4537 anima
1502 4478 1897 4555 principaliter
1924 4485 2262 4554 peccaverat
2284 4500 2299 4554 ς
2343 4476 2497 4535 unde
2527 4476 2680 4535 Iren.

272 4560 312 4618 l.
343 4580 401 4619 v.
432 4582 483 4622 c.
520 4565 571 4637 1,
596 4570 656 4621 et
683 4580 759 4619 ex
788 4580 857 4619 eo
884 4559 1106 4618 Theod.
1140 4558 1277 4617 dial.
1307 4562 1361 4633 3,
1398 4561 1435 4591 “
1456 4558 1742 4616 Dominus
1772 4557 1932 4616 dedit
1969 4559 2220 4616 animam
2243 4576 2406 4617 suam
2433 4578 2538 4635 pro
2561 4558 2681 4615 ani-

272 4641 477 4701 mabus
505 4643 720 4701 nostris
762 4650 819 4701 et
848 4660 1078 4700 carnem
1108 4660 1270 4699 suam
1298 4659 1403 4718 pro
1432 4638 1702 4699 carnibus
1745 4638 2016 4699 nostri5.’'
2101 4644 2157 4697 2.
2203 4639 2401 4715 Atque
2441 4638 2682 4716 hujusce

2327 4723 2363 4777 2
2407 4736 2443 4775 L
