3234 5192
528 314 643 375 116
1312 327 1391 366 DE
1420 326 1788 368 Nsscssssama
1818 322 2168 366 sEcESSIONE
2593 302 2854 386 [DISPUT.
2886 324 2944 364 V.

531 494 662 535 cere
691 480 947 532 conatur.
1013 469 1092 528 Et
1139 467 1294 545 quod
1335 467 1599 543 lanienis,
1631 468 1820 544 bellis,
1853 467 2004 525 ferro
2033 474 2092 525 et
2117 466 2273 545 igne,
2304 465 2548 542 aliisque
2577 466 2816 525 saevitiae
2846 488 2946 545 ge-

530 555 784 629 neribuS,
816 572 944 630 quae
973 568 1213 628 corpora
1254 556 1313 607 et
1352 548 1507 607 bona
1545 556 1812 625 tangunt,
1854 548 2086 625 assequi
2124 566 2245 605 non
2289 546 2495 624 potuit,
2539 546 2695 604 idem
2735 548 2944 625 ipsum,

534 635 833 695 subtiliore
862 630 1114 711 quidem,
1146 628 1252 687 sed
1276 629 1685 706 periculosiore
1722 628 1943 687 ratione
1971 628 2324 705 aggreditur,
2371 646 2486 684 non
2535 646 2775 704 corpora
2821 629 2948 705 ipsa

533 721 761 775 tantum
788 722 849 774 et
873 713 1028 771 bona
1054 730 1123 769 ac
1150 710 1472 783 facultates,
1506 708 1610 767 sed
1653 708 1828 767 fidem
1878 717 1936 767 et
1971 708 2312 785 religionem
2341 707 2544 784 ipsam,
2563 714 2622 765 et
2647 707 2947 785 religionis

535 803 709 873 caput
736 802 795 853 et
822 813 1031 867 arcem,
1062 790 1325 851 veritatis
1356 789 1577 848 scilicet
1612 790 1962 865 thesaurum,
1993 797 2053 848 et
2079 788 2558 847 conscientiarum
2598 786 2942 866 libertatem,

531 877 706 936 rebus
734 874 1038 953 quibusvis
1066 869 1495 950 pretiosissimis
1520 870 1696 947 longe
1725 869 2018 944 cariorem,
2049 868 2395 946 impetendo.

534 996 597 1042 In
632 996 880 1041 uisitionis
900 994 1016 1039 His-
1140 949 1400 1009 XXXI.
1446 950 1757 1008 Possemus
1797 950 2042 1008 ulterius
2089 968 2303 1007 saevam
2347 948 2518 1006 istam
2579 947 2945 1024 tyrannidem

594 1010 781 1111 {ianicae
810 1054 1016 1099 crudeli·
1058 1030 1409 1106 confirmare,
1460 1050 1536 1087 ex
1582 1030 1802 1089 nefaria
1843 1033 1913 1089 de
1945 1030 2336 1107 propaqanda
2367 1030 2489 1101 fide
2517 1037 2570 1087 et
2595 1030 2949 1104 extirpanda

595 1118 690 1158 tas.
1059 1111 1328 1170 kaereticis
1364 1112 1810 1187 conyreyatione,
1857 1129 1988 1188 quae
2035 1111 2097 1167 in
2143 1110 2206 1168 id
2248 1128 2426 1169 unum
2476 1109 2698 1167 intenta
2742 1117 2847 1183 est,
2879 1116 2946 1167 ut

536 1210 879 1271 quacunque
908 1192 1139 1251 tandem
1166 1192 1387 1250 ratione
1414 1192 1604 1249 lucem
1632 1191 1894 1250 veritatis
1940 1192 2001 1249 in
2047 1190 2310 1249 Ecclesia
2337 1197 2730 1247 coruscantem
2759 1189 2946 1247 extin-

536 1279 696 1350 guat,
728 1279 789 1330 et
814 1270 1014 1331 fideles
1043 1272 1335 1332 Christum
1361 1271 1696 1349 profitentes
1723 1266 1945 1349 perdat.
2028 1272 2178 1329 Tum
2207 1290 2282 1329 ex
2311 1268 2767 1347 sanguinolentis
2811 1289 2944 1327 con-

536 1352 699 1427 siliis,
730 1368 861 1429 quae
905 1352 1067 1431 Papa
1085 1372 1189 1431 per
1216 1352 1544 1411 emissarios
1593 1371 1730 1411 suos
1758 1352 1906 1411 solet
1934 1370 2244 1429 suggerere
2285 1350 2640 1428 principibus
2689 1348 2799 1407 sibi
2847 1348 2946 1408 ad-

536 1432 709 1491 dictis
752 1432 813 1490 in
862 1452 978 1507 coe,
1031 1433 1131 1511 qui
1159 1431 1467 1491 durissimo
1512 1432 1694 1510 ipsius
1736 1432 1884 1510 jugo
1933 1432 2084 1490 colla
2135 1431 2344 1489 nolunt
2391 1429 2654 1506 subdere,
2705 1449 2949 1506 quorum

536 1513 803 1589 exempla
829 1513 1003 1572 nimis
1030 1514 1213 1571 multa
1240 1512 1430 1571 afferri
1456 1520 1712 1589 possent.
1766 1512 1882 1571 Sed
1905 1511 2150 1571 sufficiat
2169 1530 2322 1570 nunc
2339 1530 2512 1569 unam
2525 1509 2948 1587 Inquisitionem

535 1591 915 1669 Hispam'cam
941 1612 1274 1665 memorare,
1319 1612 1449 1669 quae
1479 1592 1735 1651 omnium
1783 1592 2100 1651 clarissime
2128 1592 2238 1650 hoc
2267 1591 2453 1669 ipsum
2477 1590 2710 1649 evincit.
2795 1590 2949 1664 Quid

538 1671 693 1729 enim
722 1671 978 1749 iniquius
1026 1681 1087 1731 et
1132 1671 1422 1731 crudelius
1472 1672 1780 1732 sacerrimo
1829 1674 1940 1730 hoc
1989 1672 2282 1746 tribunali,
2318 1672 2379 1729 in
2428 1690 2561 1748 quo,
2606 1669 2949 1747 magistratu

538 1751 776 1829 politico
804 1752 1059 1827 exclus0,
1092 1760 1151 1810 et
1192 1751 1287 1811 cui
1312 1752 1459 1810 nihil
1496 1752 1656 1810 aliud
1703 1752 2046 1830 relinquitur
2086 1761 2296 1831 praeter
2337 1752 2737 1811 executionem
2781 1750 2950 1810 istius

540 1830 903 1907 carnificinae,
976 1832 1346 1909 inquisitores
1395 1832 1567 1891 simul
1616 1839 1856 1909 actoreS,
1903 1840 2098 1907 testes,
2147 1841 2206 1891 et
2259 1831 2490 1910 judices
2531 1850 2658 1890 esse
2716 1831 2904 1890 solent
2922 1833 2953 1889 Ρ

544 1910 665 1970 Ubi
686 1931 840 1987 vere,
866 1912 917 1970 si
938 1912 1182 1990 uspiam,
1207 1937 1277 1970 τοι
1302 1920 1431 1980 saon
1457 1912 1686 1973 Satanae
1715 1921 2039 1973 occurrunt.
2086 1914 2265 1991 Cujus
2286 1932 2510 1987 arcana,
2534 1911 2952 1989 horribilesque

537 2011 843 2069 processus
869 1992 1289 2070 inquisitorum,
1322 2002 1379 2051 et
1407 2012 1706 2070 poenarum
1733 2014 1802 2052 ac
1830 2002 2243 2053 tormentorum
2280 1993 2500 2067 modos,
2545 1992 2596 2050 si
2633 1992 2764 2069 quis
2791 1992 2950 2068 peni-

537 2072 655 2131 tius
704 2092 1049 2150 cognoscere
1078 2073 1287 2151 cupiat,
1334 2073 1504 2132 adeat
1530 2076 1885 2150 Reynoldum
1912 2074 2254 2134 Gomalvum
2293 2074 2631 2132 Montanum
2673 2071 2736 2129 in
2779 2091 2950 2149 pecu·

536 2152 671 2210 liari
700 2160 949 2212 tractatu
980 2154 1207 2229 Latin0,
1232 2154 1525 2229 Eymerici
1540 2154 1928 2214 Directorium
1947 2155 2349 2231 Inquisitorum
2372 2174 2502 2212 cum
2527 2151 2951 2211 commentariis

540 2231 840 2292 Francisci
870 2233 1102 2310 Pegnae,
1135 2241 1195 2292 et
1221 2236 1543 2293 Lucernam
1582 2235 2002 2311 Inquisitorum,
2050 2241 2282 2292 auctore
2330 2234 2643 2293 Ber-nardo
2675 2232 2947 2307 Comensi,

541 2332 669 2371 cum
699 2313 853 2371 notis
882 2314 1143 2390 ejusdem
1174 2314 1407 2391 Pegnae,
1439 2315 1539 2391 qui
1582 2314 1711 2374 fuse
1739 2313 2017 2392 quicquid
2043 2315 2158 2373 huc
2205 2314 2454 2391 pertinet
2481 2323 2863 2391 exequuntur,
2893 2321 2953 2371 et

536 2392 845 2452 tribunalis
866 2392 1035 2452 istius
1061 2394 1369 2471 plusquam
1389 2394 1681 2454 BusIridei
1710 2396 2000 2455 diritatem
2023 2403 2349 2473 exponunt.
2395 2394 2568 2453 Unde
2597 2414 2713 2451 non
2741 2394 2948 2451 mirum

542 2472 593 2531 si
612 2472 879 2531 omnibus
908 2492 1149 2531 exosum
1178 2493 1403 2552 semper
1429 2474 1617 2550 fuerit,
1651 2482 1710 2534 et
1736 2483 1824 2534 tot
1848 2483 2139 2552 tantaeque
2167 2474 2433 2534 excitatae
2456 2474 2572 2532 sint
2593 2474 2794 2549 turbae,
2827 2473 2950 2531 sive

540 2551 611 2610 in
639 2572 821 2629 regno
852 2552 907 2611 N
911 2554 1251 2630 eapolitanO,
1285 2555 1408 2613 sive
1437 2554 1498 2612 in
1528 2555 1754 2632 Belgio,
1805 2556 1928 2615 sive
1977 2556 2133 2631 alibi,
2185 2555 2412 2633 quoties
2461 2554 2533 2613 de
2563 2574 2631 2613 eo
2677 2552 2952 2631 erigendo

540 2632 873 2709 cogitatum,
905 2633 1061 2711 quod
1088 2654 1206 2692 non
1233 2634 1411 2693 semel
1439 2636 1711 2694 observat
1735 2638 2001 2695 Thuanus
2019 2636 2376 2710 nominatim,
2396 2635 2496 2694 lib.
2515 2634 2615 2709 iii„
2637 2634 2712 2693 ad
2739 2654 2952 2693 annum

544 2716 719 2789 1543,
750 2734 807 2791 p.
839 2716 935 2772 81.
982 2713 1197 2773 “Tunc
1224 2716 1557 2792 temporis,''
1578 2715 1782 2792 inquit,
1819 2718 1992 2795 “jam
2015 2717 2078 2774 in
2107 2716 2280 2775 Italia
2300 2716 2514 2774 multos
2533 2716 2681 2773 clam
2712 2713 2953 2773 Lutheri

539 2793 859 2852 doctrinam
887 2795 1159 2872 amplecti
1182 2815 1380 2854 rumor
1406 2803 1543 2868 erat,
1576 2796 1904 2874 sensimque
1952 2796 2126 2856 latius
2168 2816 2393 2873 serpere
2422 2796 2654 2870 malum,
2685 2814 2858 2870 quam
2887 2802 2953 2852 ut

540 2874 758 2933 diutius
786 2873 921 2933 ferri
950 2874 1201 2951 deberet,
1233 2876 1285 2935 ei
1312 2896 1431 2934 non
1459 2876 1628 2935 aliter
1647 2896 1816 2954 posse
1847 2877 2066 2935 occurri
2095 2876 2328 2935 dicebat
2348 2876 2679 2947 ToletanuS,
2701 2894 2874 2951 quam
2903 2873 2953 2932 si

538 2974 611 3013 ex
640 2954 919 3014 laudabili
948 2954 1225 3015 Ecclesiae
1254 2956 1485 3016 decreto
1514 2956 1693 3015 lexin
1720 2977 1900 3035 regno
1920 2954 2288 3031 stabiliretur,
2321 2977 2466 3033 quae,
2492 2955 2764 3032 quoniam
2786 2974 2950 3013 seve-

537 3034 763 3093 rissime
791 3035 851 3093 in
880 3036 1069 3111 capita
1095 3043 1156 3094 et
1182 3036 1441 3096 fortunas
1467 3036 1766 3096 hominum
1796 3058 1972 3116 prave
2000 3036 2074 3095 de
2101 3036 2400 3114 religione,
2432 3036 2752 3112 ritibusque
2781 3043 2953 3112 atque

536 3114 816 3173 institutis
860 3114 1156 3191 Ecclesiae,
1202 3118 1572 3177 sentientium
1622 3118 1877 3194 inquirit,
1921 3117 2302 3193 Inquisitionis
2339 3136 2549 3175 nomen
2593 3118 2797 3175 sortita
2844 3125 2950 3175 est.

540 3193 691 3267 Ejus
718 3192 920 3250 horror
947 3202 1007 3251 et
1033 3195 1227 3253 odium
1250 3196 1457 3273 ingens
1477 3198 1601 3273 jam
1631 3198 1704 3256 ab
1731 3198 1833 3255 illo
1861 3206 2134 3275 tempore,
2165 3217 2281 3274 quo
2305 3196 2724 3272 FerdinanduS,
2755 3195 2955 3273 ejectis

540 3291 615 3329 ex
646 3271 871 3329 Boetica
900 3272 1139 3348 MauriS,
1173 3274 1455 3334 Catholici
1484 3277 1715 3334 titulum
1744 3276 2004 3355 adeptus,
2035 3285 2100 3336 ut
2127 3276 2402 3353 reliquias
2421 3276 2692 3336 Judai‘cae
2721 3284 2779 3334 et
2824 3276 2950 3333 Ma-

539 3350 865 3408 humetanae
903 3350 1083 3427 pestis
1111 3353 1172 3409 in
1220 3354 1507 3431 Hispania
1554 3356 1939 3434 extingueret,
1965 3358 2130 3415 illam
2152 3357 2468 3415 saevissime
2497 3357 2557 3414 in
2605 3355 2803 3432 regnis
2832 3355 2954 3415 suis

538 3449 643 3506 per
671 3430 1083 3489 Dominicanos
1113 3431 1319 3491 fratres
1359 3444 1734 3513 exercuerat3
1781 3438 2036 3514 augebat
2075 3437 2369 3495 horrorem
2397 3456 2670 3514 perversa
2712 3444 2770 3495 et
2806 3456 2950 3511 prae-

538 3516 771 3587 postera
780 3508 1131 3586 judiciorum
1154 3510 1351 3587 forma,
1376 3534 1506 3591 quae
1529 3524 1729 3574 contra
1754 3518 2074 3576 naturalem
2105 3517 2453 3595 aequitatem,
2479 3526 2537 3575 et
2559 3536 2786 3575 omnem
2808 3515 2952 3593 legi-

539 3590 743 3649 timum
762 3589 1019 3649 ordinem
1040 3591 1096 3647 in
1111 3591 1514 3668 jurisdictione
1541 3594 1643 3653 illa
1671 3596 2015 3674 explicanda
2041 3598 2398 3672 observatur,
2421 3606 2544 3657 tum
2563 3597 2736 3657 etiam
2756 3596 2957 3655 imma-

538 3671 691 3729 nitas
718 3678 1148 3747 tormentorum‚
1178 3672 1389 3750 quibus
1415 3675 1754 3753 plerumque
1783 3686 1982 3736 contra
2028 3677 2332 3735 veritatem
2369 3677 2646 3755 quicquid
2673 3676 2956 3754 delegatis

528 3750 828 3828 judicibus
854 3750 1075 3809 libebat
1100 3771 1135 3809 a
1162 3752 1387 3811 miseris
1414 3762 1473 3813 et
1498 3755 1902 3816 innocentibus
1930 3757 2061 3831 reis,
2082 3766 2147 3815 ut
2168 3776 2230 3815 se
2247 3757 2594 3816 cruciatibus
2617 3758 2953 3831 eximerent,

538 3850 641 3909 per
666 3830 785 3889 vim
816 3831 1267 3908 extorquebatur
1295 3855 1309 3909 ;
1354 3852 1470 3911 quo
1497 3834 1674 3895 fiebat
1701 3846 1766 3895 ut
1793 3857 1910 3895 non
1957 3846 2076 3895 tam
2093 3836 2326 3914 pietatis
2353 3836 2583 3895 tuendae
2625 3858 2800 3897 causa
2827 3856 2954 3894 eam

536 3911 833 3970 inventam
873 3910 1145 3987 dicerent,
1176 3912 1271 3971 cui
1299 3913 1413 3971 alia
1437 3914 1536 3973 via
1584 3916 1726 3975 satis
1773 3936 1850 3976 ex
1893 3917 2131 3995 antiqua
2175 3916 2454 3975 Ecclesiae
2492 3916 2798 3995 disciplina
2825 3936 2955 3993 pro-

536 3999 797 4069 spectum
826 3998 996 4065 esset,
1028 4010 1199 4067 quam
1228 4000 1309 4069 ut,
1342 3994 1559 4053 eversis
1586 3996 1699 4055 ista
1717 3997 1939 4056 ratione
1967 3998 2142 4056 etiam
2182 3997 2438 4056 omnium
2466 3996 2728 4073 fortunis,
2759 3996 2956 4055 liberis

534 4071 823 4149 capitibus
869 4071 1185 4149 periculum
1214 4074 1492 4148 crearet,’'
1522 4072 1631 4135 Sec.
1718 4076 1796 4135 Et
1821 4076 1922 4136 lib.
1947 4078 2133 4153 xxiii„
2163 4076 2238 4135 ad
2278 4096 2493 4136 annum
2539 4080 2712 4151 1559,
2744 4083 2952 4151 narrat,

532 4172 650 4229 quo
670 4160 841 4230 pacto
871 4151 1175 4229 Philippus
1202 4153 1263 4211 in
1292 4152 1637 4231 Hispaniam
1666 4157 1906 4216 veniens
1954 4178 1989 4215 a
2020 4157 2404 4217 Sectariorum
2441 4157 2820 4235 castigatione
2847 4156 2958 4213 ini-

534 4232 679 4290 tium
709 4231 924 4291 fecerit.
1018 4232 1096 4291 Et
1124 4252 1254 4291 cum
1284 4242 1453 4293 antea
1482 4236 1700 4313 singuli
1741 4245 1842 4295 aut
1867 4238 2078 4315 plures,
2111 4246 2176 4296 ut
2203 4256 2371 4297 casus
2389 4238 2617 4311 tulerat,
2642 4236 2717 4295 ob
2745 4254 2956 4313 pravas

533 4309 607 4369 de
634 4311 914 4387 religione
943 4312 1245 4390 opiniones
1272 4322 1406 4392 post
1435 4314 1978 4375 condemnationem
2006 4338 2146 4377 mox
2175 4318 2428 4377 carnifici
2469 4318 2849 4389 traderentur,
2895 4315 2956 4373 in

536 4389 663 4464 ejus
690 4390 1004 4450 adventum
1032 4394 1264 4469 servati,
1295 4395 1511 4471 passim
1540 4403 1666 4454 tota
1695 4396 1980 4475 Hispania
2006 4397 2281 4474 damnati,
2313 4409 2372 4457 et
2400 4397 2692 4477 Hispalim
2721 4416 2790 4455 ac
2821 4396 2954 4454 Pin-

535 4468 683 4525 ciam
712 4467 947 4527 deducti
976 4480 1126 4548 sunt,
1157 4474 1369 4549 quibus
1396 4475 1541 4535 locis
1568 4476 1840 4535 theatrali
1869 4497 2080 4556 pompa
2107 4475 2181 4536 ad
2211 4479 2555 4555 supplicium
2573 4477 2956 4555 produceren-

534 4554 662 4641 φη
706 4546 1037 4639 ibidemque
1058 4553 1440 4630 complurium
1468 4556 1705 4615 nomina
1731 4558 2032 4634 utriusque
2063 4566 2516 4633 sexusrecenset,
2549 4559 2651 4635 qui
2679 4557 2957 4617 crudelis·-

532 4646 677 4687 sime
718 4646 794 4686 ex
841 4628 1243 4705 inquisitorum
1302 4636 1589 4695 sententia
1635 4637 1842 4697 ultimo
1892 4636 2176 4715 supplicio
2225 4645 2361 4697 sunt
2407 4636 2618 4697 affecti.
2702 4638 2960 4697 Possunt
