3234 5192
305 359 540 403 msru'r.
567 339 644 421 1.]
969 401 979 410 ,
1037 359 1266 400 ΝοετιιΔ
1295 359 1372 400 ΑΒ
1401 358 1683 401 εοοιεεμ
1713 359 1982 402 nouam.
2660 348 2733 405 13

313 501 607 576 societate,
637 519 768 578 quse
789 519 997 577 corpus
1016 499 1230 559 Christi
1258 500 1574 575 constituit,
1595 509 1655 560 et
1680 501 1741 558 in
1767 521 1883 579 qua
1904 500 2028 560 sola
2054 500 2345 560 obtinetur
2382 502 2555 578 salus,
2587 523 2731 563 nun-

355 601 490 640 uam
516 601 552 638 a
573 579 1011 639 christianismo
1053 598 1156 638 seu
1182 579 1338 637 veris
1386 579 1667 638 Ecclesiis
1716 580 2073 654 Christianis,
2120 599 2250 657 quae
2291 589 2414 640 tum
2460 585 2739 659 temporis

341 667 549 720 uerunt
574 659 638 717 in
663 657 900 717 mundo.
965 658 1092 717 Imo
1112 667 1338 718 tantum
1359 658 1525 717 abest
1545 667 1610 718 ut
1636 658 1711 718 ab
1739 659 1811 716 iis
1840 659 1915 718 sit
1941 659 2277 734 discessum,
2306 668 2372 718 ut
2398 661 2632 737 propius
2660 663 2738 723 sit

317 739 394 798 ad
422 758 519 798 eas
547 757 860 813 accessum,
890 737 974 798 ita
1019 746 1086 796 ut
1128 737 1414 815 separatio
1457 739 1570 797 ista
1597 737 1675 797 sit
1720 738 1999 796 terminus
2048 737 2423 815 separationis
2465 749 2523 798 et
2570 759 2735 818 apos-

317 818 499 894 tasiae,
530 819 591 877 in
638 837 756 895 qua
797 817 980 876 nostri
1017 836 1148 876 cum
1193 816 1429 894 reliquis
1471 816 1862 891 ambulabant,
1904 825 2077 893 atque
2119 815 2265 876 adeo
2309 819 2617 894 Reqrmm
2656 823 2743 879 ad

326 899 614 972 Unionem,
645 906 703 956 et
719 897 1180 956 communionem
1199 915 1418 956 sacram
1439 897 1500 954 in
1517 905 1576 956 et
1595 917 1727 956 cum
1748 895 1931 957 unico·
1942 896 2128 974 capite
2163 895 2393 956 Christo
2414 907 2473 956 et
2492 899 2740 975 mystico

318 979 448 1056 ejus
469 996 706 1054 corpore
731 999 746 1036 :
787 984 1090 1054 propterea
1116 975 1271 1035 enim
1308 976 1382 1035 ab
1423 996 1613 1035 errore
1642 985 1701 1036 et
1728 975 2136 1054 superstitione
2172 975 2489 1035 discessum
2518 987 2627 1053 est,
2671 987 2739 1038 ut

317 1057 554 1150 propius
581 1056 658 1114 ad
683 1055 987 1114 veritatem
1017 1063 1077 1114 et
1112 1055 1385 1133 pietatem
1421 1055 1805 1130 accederetur,
1842 1063 1901 1114 et
1930 1063 1996 1114 ut
2012 1076 2047 1114 a
2074 1055 2537 1134 corruptionibus
2564 1055 2737 1117 Anti-

322 1137 540 1211 chnsti,
571 1135 646 1194 ad
674 1154 870 1194 veram
898 1134 1036 1193 fidei
1057 1135 1271 1194 Christi
1299 1134 1712 1213 professionem
1738 1133 2038 1193 rediretur.

389 1215 604 1274 XXV.
637 1215 790 1274 Sane
807 1214 858 1272 si
873 1233 1167 1292 nunquam
1190 1235 1226 1272 a
1239 1213 1468 1274 Christo
1491 1215 1825 1274 secessisset
1844 1213 2107 1272 Ecclesia
2124 1213 2403 1290 Romana,
2419 1214 2470 1273 si
2490 1233 2737 1295 semper,

320 1303 388 1355 ut
436 1313 648 1372 sponsa
702 1293 934 1370 Christi,
991 1295 1390 1353 intemeratam
1437 1293 1612 1352 fidem
1661 1313 1689 1352 s
1764 1312 1872 1352 nso
1910 1310 2017 1352 suo
2062 1301 2368 1368 servasset,
2413 1313 2523 1354 nec
2565 1315 2741 1372 passa

317 1374 525 1433 fuisset
571 1373 895 1432 adulterum
924 1373 1122 1450 sponsi
1163 1373 1252 1432 sui
1281 1372 1596 1432 thalamum
1626 1391 1693 1431 su
1736 1371 1836 1447 ire,
1866 1379 1927 1430 et
1954 1391 2187 1430 servum
2214 1372 2425 1431 solium
2453 1373 2635 1452 Regis
2678 1384 2739 1435 et

323 1453 562 1514 Domini
589 1453 760 1530 impie
789 1471 1097 1530 occupare3
1162 1452 1212 1511 si
1233 1452 1553 1510 doctrinam
1581 1461 1641 1512 et
1668 1451 1888 1510 cultum
1915 1450 2093 1510 semel
2120 1450 2397 1510 traditum
2423 1471 2631 1529 purum
2678 1464 2741 1513 et

318 1533 607 1592 illibatum
619 1530 976 1591 retinuisset:
1005 1531 1204 1608 utique
1225 1532 1300 1590 ab
1322 1550 1392 1590 ea
1417 1530 1801 1590 secedendum
1830 1549 2124 1608 nunquam
2145 1529 2366 1605 fuisset,
2392 1530 2496 1589 sed
2514 1531 2737 1608 eadem,

319 1631 494 1689 quam
517 1631 650 1671 cum
677 1611 807 1670 aliis
829 1611 1106 1670 Ecclesiis
1123 1609 1565 1688 particularibus
1584 1611 2047 1671 communionem
2068 1608 2264 1669 fovere
2286 1609 2581 1686 debemus,
2605 1631 2737 1671 cum

321 1692 448 1769 ipsa
475 1691 646 1750 etiam
675 1689 918 1750 colenda
943 1689 1165 1750 fuisset.
1271 1688 1388 1749 Sed
1413 1690 1516 1749 ubi
1543 1691 1564 1748 i
1604 1710 1670 1749 sa
1696 1689 1853 1766 prior
1878 1689 2123 1767 turpiter
2147 1708 2184 1748 a
2212 1689 2441 1749 Christo
2470 1689 2737 1767 descivit,

369 1779 636 1848 ostquam
664 1769 926 1828 adultera
953 1769 1106 1828 facta
1132 1778 1222 1828 est
1248 1778 1308 1829 et
1333 1777 1518 1829 mater
1543 1710 2001 1844 fgrnicationum,
2032 1777 2335 1846 postquam
2366 1768 2493 1846 ipsa
2534 1771 2738 1831 salutis

429 1850 698 1909 damenta
724 1849 998 1908 subruere
1027 1857 1234 1908 conata
1277 1856 1382 1924 est,
1413 1859 1472 1907 et
1515 1849 1725 1908 coelum
1754 1857 1920 1907 terrae
1946 1848 2204 1922 miscere,
2248 1847 2379 1925 quis
2415 1849 2547 1926 jure
2574 1851 2737 1928 queri

321 1929 523 2008 possit,
555 1929 606 1987 si
631 1927 876 2007 turpiter
901 1947 937 1986 a
965 1927 1194 1987 Christo
1238 1926 1598 1987 deficientem
1640 1926 2015 2002 deseruimus,
2062 1935 2121 1986 et
2148 1927 2425 1986 adulterae
2464 1930 2739 1988 nuncium

323 2009 698 2082 remittentes,
749 2027 952 2066 verum
995 2017 1054 2066 et
1097 2007 1330 2066 unicum
1380 2025 1657 2084 sponsum
1693 2014 1955 2066 nostrum
1996 2007 2161 2084 sequi
2204 2007 2513 2083 voluimus,
2566 2016 2625 2067 et
2650 2009 2739 2068 illi

325 2097 542 2147 aetemo
569 2097 628 2147 et
655 2085 1044 2146 indissolubili
1071 2085 1304 2146 vinculo
1335 2087 1592 2164 copulari
1613 2089 1642 2144 P
1724 2085 1824 2144 An
1840 2085 2011 2163 culpa
2032 2085 2357 2145 schismatis
2374 2094 2475 2145 aut
2502 2085 2736 2147 divortii

319 2168 380 2225 in
407 2187 508 2226 eos
535 2165 925 2240 transferetur,
955 2166 1058 2244 qui
1083 2165 1406 2225 desertores
1426 2164 1701 2224 deserunt
1724 2169 1753 2224 P
1794 2164 2011 2223 Annon
2052 2165 2244 2241 potius
2268 2166 2331 2223 in
2358 2165 2516 2242 ipsos
2543 2165 2737 2226 deser-

318 2255 490 2321 tores,
541 2246 643 2323 qui
688 2247 850 2323 prius
898 2245 1207 2320 Christum,
1255 2245 1548 2323 antiquam
1591 2244 1785 2320 fidem,
1836 2252 1897 2304 et
1924 2243 2247 2303 Ecclesiam
2288 2244 2351 2303 in
2390 2253 2509 2304 tam
2538 2246 2737 2305 multis

315 2326 733 2385 deseruerant?
815 2325 900 2385 Ut
925 2325 987 2383 in
1015 2344 1190 2384 causa
1206 2323 1457 2400 divortii,
1487 2325 1660 2402 culpa
1684 2343 1800 2382 non
1827 2323 1890 2381 in
1916 2322 2184 2382 maritum
2211 2324 2515 2400 insontem,
2548 2325 2649 2384 sed
2676 2327 2739 2384 in

313 2425 558 2465 uxorem
584 2404 905 2464 adulteram
930 2403 1238 2480 confertur,
1287 2402 1387 2463 ille
1423 2403 1659 2480 quidem
1703 2402 1965 2462 libellum
2006 2402 2231 2480 repudii
2258 2403 2452 2478 mittit,
2482 2404 2587 2463 sed
2612 2405 2739 2464 haec

319 2485 477 2562 prior
497 2485 635 2562 jura
661 2492 721 2543 et
745 2484 1044 2543 vinculum
1071 2482 1330 2560 conjugii
1345 2483 1590 2543 violavit
1611 2505 1627 2560 ;
1658 2482 1757 2542 ille
1778 2502 2019 2542 uxorem
2047 2482 2277 2558 deserit,
2308 2482 2408 2542 sed
2436 2482 2561 2542 haec
2582 2484 2743 2562 prior

320 2564 592 2623 maritum
620 2561 874 2623 deseruit
901 2573 960 2622 et
987 2563 1324 2640 conjugium
1351 2560 1638 2622 adulterio
1665 2562 1838 2640 rupit.
2001 2627 2009 2634 ,

375 2669 548 2716 statu·
579 2667 744 2718 qm.
922 2642 1172 2702 XXVI.
1229 2643 1328 2700 Ex
1373 2642 1584 2720 quibus
1628 2643 1711 2702 ita
1736 2641 1957 2720 positis,
1988 2661 2105 2701 non
2148 2641 2390 2701 obscure
2446 2643 2743 2720 colligitur

485 2727 652 2772 tionis.
843 2742 1017 2782 verus
1046 2722 1394 2798 Quaestionis
1426 2721 1642 2782 Status.
1728 2722 1861 2780 Non
1899 2722 2050 2780 enim
2081 2720 2417 2798 simpliciter
2442 2721 2735 2799 quaeritur,

325 2825 401 2864 an
447 2805 676 2883 quaevis
724 2803 972 2862 secessio
1017 2803 1091 2860 ab
1126 2801 1390 2860 Ecclesia
1419 2802 1683 2861 Romana
1708 2801 1869 2860 licita
1904 2799 2079 2860 fuerit
2127 2809 2187 2859 et
2212 2802 2555 2860 necessaria.
2605 2802 2740 2860 Non

329 2883 685 2962 disceptatur
711 2884 902 2958 etiam,
933 2901 1009 2940 an
1034 2881 1242 2959 quovis
1269 2889 1525 2958 tempore
1553 2881 1803 2941 secessio
1829 2880 1955 2939 fieri
1982 2879 2234 2956 potuerit
2258 2879 2535 2955 legitime.
2622 2880 2741 2938 Sed

324 2963 721 3024 controversia
747 2962 822 3021 ad
847 2963 1022 3020 hosce
1051 2959 1332 3038 redigitur
1372 2960 1689 3020 terminos:
1754 2961 1791 2992 “
1812 2956 1913 3016 An
1952 2958 2177 3016 licitum
2219 2957 2392 3015 fuerit
2434 2965 2493 3014 et
2540 2976 2738 3016 neces-

327 3043 540 3102 sarium
593 3041 864 3101 Patribus
905 3039 1119 3099 nostris
1165 3038 1446 3115 superiori
1493 3039 1688 3098 seculo
1716 3055 2023 3113 segregare
2083 3054 2147 3093 se
2192 3033 2573 3110 secessione,”
2622 3055 2741 3096 non

326 3121 578 3200 politica,
614 3129 672 3181 et
693 3120 870 3196 civili,
894 3119 1086 3198 quoad
1110 3117 1446 3176 charitatem
1465 3125 1524 3176 et
1543 3117 1673 3193 ejus
1696 3115 1898 3190 officia,
1940 3113 2045 3174 sed
2061 3133 2233 3173 sacra
2273 3121 2329 3172 et
2350 3115 2736 3193 ecclesiastica,

325 3201 519 3279 quoad
544 3201 718 3260 fidem
739 3201 981 3278 ejusque
1002 3196 1415 3276 professionem
1440 3219 1454 3273 ς
1486 3215 1604 3255 ιιοιι
1626 3194 1842 3255 latente
1860 3202 2085 3253 tantum
2102 3201 2162 3253 et
2187 3194 2477 3270 negativa,
2510 3195 2613 3254 sed
2624 3215 2739 3272 pa-

328 3289 470 3340 tente
496 3290 550 3340 ct
564 3281 836 3358 positiva;
867 3279 941 3338 ab
967 3277 1227 3337 Ecclesia
1247 3279 1530 3351 Romana,
1554 3295 1673 3336 non
1690 3295 1806 3353 qua
1822 3273 2089 3334 Ecclesia
2116 3273 2467 3353 simpliciter,
2499 3276 2597 3335 vel
2623 3295 2743 3353 qua

327 3359 594 3420 Ecclesia
621 3361 886 3419 Romana
925 3358 1111 3418 veteri
1153 3364 1214 3416 et
1258 3375 1420 3434 pura,
1465 3355 1571 3416 sed
1616 3375 1734 3433 qua
1770 3355 2031 3414 Ecclesia
2058 3357 2329 3414 Romana
2353 3355 2581 3430 novitia,
2613 3376 2738 3415 cor·

327 3449 501 3516 rupta
528 3449 583 3497 et
607 3441 852 3515 impura,
904 3436 965 3496 id
992 3445 1082 3496 est
1125 3457 1240 3514 qua
1267 3437 1484 3512 Papali
1521 3445 1580 3494 et
1605 3435 1892 3510 haeretica,
1939 3454 2069 3512 quse
2118 3443 2177 3493 et
2202 3434 2331 3511 ipsa
2356 3434 2739 3494 secessionem

326 3521 513 3596 primo
550 3517 689 3577 fecit
724 3539 759 3576 a
797 3517 1045 3578 Christe.
1153 3516 1270 3574 Vel
1339 3518 1375 3550 ‘⁴
1396 3513 1498 3573 An
1525 3515 1719 3574 exitus
1748 3514 1983 3574 Patrum
2012 3521 2335 3572 nostrorum
2364 3513 2441 3572 ab
2478 3513 2745 3574 Ecclesia

331 3599 594 3657 Romana
619 3617 736 3675 qua
759 3597 864 3656 tali
887 3595 1184 3674 legitimus
1201 3596 1293 3669 sit,
1324 3614 1398 3652 an
1420 3595 1618 3652 infami
1636 3593 1962 3652 schismatis
1980 3591 2212 3651 nomine
2241 3592 2317 3651 sit
2332 3591 2739 3670 traducendus,

327 3697 550 3754 nosque
578 3676 724 3736 adeo
751 3677 852 3754 qui
878 3695 1076 3736 eorum
1102 3675 1416 3752 premimus
1442 3673 1709 3749 vestigia,
1740 3691 1871 3732 cum
1899 3671 2041 3750 ipsis
2076 3691 2181 3749 pro
2208 3671 2589 3732 schismaticis
2610 3672 2745 3749 jure

325 3757 528 3816 haberi
555 3755 884 3831 debeamus,
914 3755 1051 3831 quia
1096 3754 1366 3814 nolumus
1412 3752 1488 3811 ad
1535 3753 1662 3830 ejus
1690 3753 2147 3811 communionem
2174 3751 2378 3827 redire,
2429 3759 2489 3810 et
2515 3771 2645 3809 cum
2674 3769 2745 3809 ea

333 3835 724 3917 magmazuvl’
810 3833 1104 3894 Posterius
1132 3833 1417 3892 affirmant
1447 3831 1751 3891 Pontificii.
1837 3831 1959 3889 Nos
1990 3849 2124 3889 vero
2151 3831 2311 3907 prius
2338 3839 2583 3888 tuemur.

780 3969 792 3982 ,
938 3912 1223 3971 XXVII.
1266 3911 1626 3970 Assertionis
1643 3919 1836 3970 autem
1865 3918 2092 3984 nostrie,
2116 3917 2183 3968 ut
2202 3909 2278 3968 ab
2298 3909 2409 3967 hoc
2430 3907 2617 3984 capite
2638 3926 2741 3966 ex-

335 3970 582 4072 Prssssur
597 3983 816 4072 „m
856 3991 1081 4052 ordium
1130 3990 1424 4066 ducamus,
1466 4009 1671 4049 causas
1720 3997 1777 4048 et
1824 3989 2077 4048 rationes
2102 3988 2383 4047 habemus
2421 3985 2746 4063 complures

393 4099 492 4130 non
513 4087 695 4130 factam
716 4097 827 4156 qm
869 4071 1258 4149 gravissimas,
1289 4088 1436 4147 quas
1477 4071 1614 4147 quia
1654 4087 1957 4144 operosum
1986 4077 2139 4126 esset
2188 4065 2485 4143 sigillatim
2512 4064 2742 4141 referre,

393 4147 696 4246 amorque&
709 4155 815 4187 ⁸¹⁸⁰
870 4151 1191 4228 praecipuas
1217 4157 1444 4209 tantum
1473 4156 1758 4207 notamus.
1846 4147 2041 4205 Primo
2072 4145 2456 4206 secessionem
2484 4151 2749 4207 nostram

391 4215 576 4247 necem
865 4250 982 4288 non
1023 4236 1254 4305 temere,
1285 4236 1345 4288 et
1373 4229 1495 4287 sine
1523 4227 1883 4301 necessitate,
1916 4225 2019 4285 sed
2046 4225 2214 4302 gravi
2239 4223 2433 4299 aliqua
2460 4223 2532 4282 de
2573 4243 2750 4284 causa

340 4312 550 4372 factam
577 4311 775 4387 fuisse,
804 4310 903 4370 vel
929 4310 1040 4369 hoc
1067 4328 1247 4368 unum
1268 4309 1392 4386 jam
1421 4308 1746 4367 luculenter
1769 4305 1993 4383 probat,
2023 4302 2181 4381 quod
2226 4302 2278 4361 si
2324 4321 2499 4361 unam
2526 4304 2747 4364 consci-

336 4393 505 4452 entiae
534 4411 740 4451 vocem
768 4389 1040 4466 excipias,
1072 4397 1280 4447 caetera
1321 4387 1512 4447 omnia
1540 4406 1657 4445 non
1685 4383 1857 4444 modo
1886 4403 2013 4442 eam
2050 4391 2179 4441 non·
2206 4381 2528 4460 suaderent,
2560 4382 2664 4444 sed
2690 4393 2751 4443 et

339 4479 535 4550 aperte
562 4470 652 4530 illi
691 4487 1015 4548 repugnare
1041 4467 1394 4527 viderentur.
1479 4466 1629 4525 Nam
1658 4483 1789 4524 cum
1815 4461 1963 4520 nihil
1989 4481 2065 4521 ex
2106 4481 2175 4520 ea
2204 4461 2351 4522 lucri
2378 4470 2438 4522 et
2463 4461 2752 4522 commodi

337 4549 654 4611 secundum
673 4549 951 4609 mundum
974 4567 1202 4626 sperare
1221 4553 1460 4625 possent
1482 4545 1687 4604 Patres
1712 4541 1913 4618 nostri,
1935 4541 2081 4600 nihil
2100 4561 2217 4600 non
2245 4550 2445 4602 contra
2471 4541 2667 4600 damni
2692 4549 2754 4600 et

337 4629 688 4690 incommodi
699 4635 1022 4707 expectare,
1036 4626 1236 4704 utique
1253 4627 1544 4685 sicamem
1567 4631 1629 4684 et
1649 4621 1987 4700 sanguinem
2004 4622 2446 4697 consuluissent,
2458 4637 2752 4698 nunquam
