3234 5192
582 369 695 427 192
1370 378 1448 421 ns
1480 379 1840 421 necessarus
1872 379 2217 421 secessione
2569 361 2828 445 [121st.
2860 386 2988 426 vm.

566 545 809 604 quorum
837 522 1097 603 partibus
1126 530 1239 581 stet
1263 521 1524 598 legitime
1553 521 1784 581 vocatio
1825 530 1884 580 et
1912 522 2128 593 missio,
2159 542 2276 580 non
2305 520 2379 581 ad
2408 522 2686 583 formulas
2714 536 2984 587 externas

563 605 955 679 ordinationis,
988 624 1117 681 quae
1148 602 1291 660 nihil
1318 613 1407 661 est
1436 602 1560 661 sine
1604 602 1867 668 veritate,
1900 603 2313 661 attendendum
2342 614 2448 678 est,
2493 605 2598 663 sed
2625 608 2984 682 respicienda

564 695 653 745 est
680 686 847 744 unice
879 685 1128 757 verita33
1179 702 1313 739 nam
1344 693 1407 740 ut
1434 683 1535 758 qui
1563 702 1666 758 pro
1709 681 1951 741 veritate
1993 684 2202 741 militat
2229 702 2302 741 ex
2339 684 2460 741 Deo
2489 694 2594 757 est,
2625 695 2684 742 et
2712 685 2788 742 ad
2815 687 2875 743 id
2903 688 2977 745 ab

562 766 691 843 ipso
722 775 975 838 vocatur,
1007 764 1089 822 ita
1132 762 1232 838 qui
1276 781 1401 819 eum
1448 770 1764 836 oppugnat,
1795 780 1911 817 non
1950 772 2140 838 potest
2185 781 2219 818 a
2265 762 2391 819 Deo
2439 782 2582 833 esse,
2615 781 2721 819 nee
2749 764 2823 819 ab
2853 764 2978 839 ipso

563 846 639 903 ad
669 846 727 903 id
758 844 968 903 vocari.
1054 841 1224 915 Quod
1252 860 1365 897 non
1409 839 1539 897 ideo
1570 839 1832 911 dicimus,
1864 842 2028 916 quasi
2061 840 2339 897 vellemus
2361 840 2604 896 liberum
2634 858 2762 897 esse
2791 851 2848 898 et
2891 842 2977 899 in-

564 934 792 1001 tegrum
821 924 1008 981 cuivis
1036 940 1161 978 sese
1193 919 1452 995 ingerere
1482 918 1640 975 omni
1667 927 1924 993 tempore
1953 930 2011 977 et
2041 938 2174 976 casu
2219 918 2292 974 ad
2323 917 2645 975 functiones
2674 918 2977 980 ministerii
3071 948 3086 959 ·

562 1003 797 1081 publici.
886 1001 1112 1059 Scimus
1150 1000 1332 1055 Deum
1376 1016 1503 1055 esse
1536 998 1722 1053 Deum
1753 996 1972 1055 ordinis
2016 1017 2132 1054 non
2161 996 2530 1067 confusionis,
2561 1017 2668 1055 nec
2697 998 2974 1075 ordinem,

564 1082 743 1141 semel
765 1081 824 1138 in
855 1078 1116 1138 Ecclesia
1137 1078 1435 1147 sancitum,
1462 1078 1585 1134 sine
1606 1075 1872 1134 absoluta
1899 1076 2238 1134 necessitate
2261 1095 2386 1134 esse
2421 1076 2772 1137 violandum.
2861 1080 2978 1139 Sed

562 1164 671 1221 hoc
702 1168 927 1220 tautum
956 1158 1239 1224 volumus.
1272 1156 1574 1215 veritatem
1601 1175 1719 1213 non
1746 1166 1978 1232 propter
2005 1154 2262 1213 ordinem
2293 1155 2486 1215 datam
2515 1176 2659 1231 esse,
2691 1158 2795 1216 sed
2823 1160 2974 1218 ordi-

562 1262 695 1301 nem
725 1250 958 1318 propter
987 1240 1305 1310 veritatem,
1337 1244 1509 1313 atque
1532 1236 1613 1294 ita
1641 1234 1901 1294 ordinem
1928 1235 2160 1293 veritati
2187 1234 2391 1295 cedere
2419 1236 2646 1311 debere,
2677 1257 2793 1296 non
2823 1240 2973 1298 veri-

562 1331 741 1381 tatem
770 1320 975 1394 ordini,
1006 1338 1185 1397 quum
1224 1316 1438 1375 veritas
1482 1322 1541 1374 et
1584 1314 1728 1374 ordo
1755 1335 1872 1373 non
1917 1324 2161 1392 possunt
2199 1315 2372 1374 simul
2400 1317 2730 1375 subsistere.
2818 1318 2973 1378 Dum

562 1421 703 1479 ergo
748 1401 849 1478 qui
892 1420 968 1459 ex
1016 1398 1215 1457 ordine
1262 1404 1493 1473 recepto
1522 1402 1803 1454 vocantur
1849 1394 1926 1453 ad
1952 1395 2254 1455 veritatem
2281 1396 2617 1472 docendam,
2649 1397 2756 1456 rite
2787 1398 2973 1458 officio

565 1501 671 1541 suo
716 1481 1053 1557 funguntur,
1096 1476 1313 1536 nemini
1355 1475 1494 1534 licet
1520 1494 1622 1533 eos
1669 1476 1918 1547 turbare,
1949 1476 2046 1534 vel
2074 1475 2366 1534 intrudere
2395 1496 2456 1534 se
2485 1476 2545 1535 in
2573 1476 2973 1539 ministerium.

566 1560 685 1620 Sed
726 1560 776 1618 si
804 1580 872 1618 eo
900 1559 1107 1617 misere
1135 1557 1461 1629 abutantur,
1492 1563 1551 1612 et
1595 1562 1820 1613 tantum
1848 1555 2013 1614 abest
2049 1564 2114 1613 ut
2156 1555 2400 1614 doceant
2427 1557 2748 1631 veritatem,
2779 1577 2970 1635 perse-

562 1648 819 1717 quuntur
872 1658 989 1711 eos,
1035 1636 1136 1713 qui
1196 1654 1325 1693 eam
1369 1641 1702 1710 sequuntur,
1749 1642 1809 1692 et
1865 1634 2228 1693 mendacium
2283 1635 2627 1712 persuadere
2673 1646 2968 1713 conantur,

561 1738 733 1777 nemo
760 1718 979 1794 estqui
1011 1717 1112 1793 jus
1160 1734 1277 1773 non
1320 1713 1531 1772 habeat
1578 1712 1695 1771 illis
1742 1713 2064 1787 resistendi,
2097 1723 2156 1773 et
2195 1716 2497 1774 veritatem
2524 1736 2628 1793 pro
2657 1716 2812 1774 virili
2839 1736 2968 1794 pro-

562 1796 863 1875 mulgandi
890 1805 949 1855 et
996 1792 1397 1872 amplectendi,
1428 1812 1463 1849 a
1507 1812 1851 1870 quocunque
1899 1793 2067 1851 nobis
2088 1803 2476 1871 proponatur;
2521 1816 2627 1855 nee
2653 1797 2775 1855 ulla
2802 1796 2972 1856 datur

564 1876 995 1937 circumstantia
1041 1875 1315 1947 locorum,
1366 1880 1706 1949 temporum,
1747 1892 2136 1949 personarum,
2188 1894 2318 1951 quae
2362 1874 2637 1951 impediat
2663 1876 2972 1953 quominus

563 1957 889 2034 obligemur
914 1954 990 2013 ad
1017 1954 1319 2013 veritatem
1348 1951 1716 2029 sequendam,
1747 1961 1807 2010 et
1832 1972 1962 2029 quae
1990 1952 2214 2029 efficiat,
2246 1962 2311 2012 ut
2339 1954 2650 2014 debeamus
2679 1956 2842 2033 sequi
2869 1976 2971 2016 eos

562 2038 663 2115 qui
692 2056 817 2095 eam
846 2042 1198 2113 oppugnant,
1230 2049 1571 2110 quacunque
1604 2032 1828 2108 jactent
1855 2052 1918 2090 se
1947 2032 2256 2091 instructos
2284 2053 2410 2093 esse
2439 2035 2758 2094 vocatione.
2804 2036 2973 2095 Alias

562 2115 871 2177 dicendum
898 2124 1069 2189 esset,
1100 2114 1196 2173 vel
1224 2132 1340 2185 eos,
1391 2111 1494 2188 qui
1537 2110 1954 2170 ordinationem
1981 2132 2097 2170 non
2135 2121 2479 2191 acceperunt
2510 2115 2684 2191 juxta
2710 2114 2855 2173 ritus
2883 2136 2970 2175 re·

564 2206 778 2275 ceptos,
808 2215 926 2253 non
952 2213 1123 2272 posse
1150 2192 1453 2251 veritatem
1480 2210 1595 2267 unq
1604 2210 1734 2248 uam
1757 2190 1980 2265 docere,
1999 2192 2098 2250 vel
2119 2194 2419 2251 veritatem
2439 2213 2554 2251 non
2576 2213 2702 2253 esse
2721 2195 2969 2272 amplec-

562 2276 813 2349 tendam,
864 2274 1092 2352 quoties
1140 2272 1213 2330 ab
1260 2271 1333 2329 iis
1380 2270 1734 2347 proponitur,
1786 2271 1887 2347 qui
1931 2271 2348 2330 ordinationem
2391 2292 2508 2331 non
2550 2274 2783 2348 habent,
2814 2274 2971 2351 quod

560 2365 868 2431 utrumque
886 2363 944 2412 et
962 2372 1115 2411 sanae
1132 2351 1342 2411 rationi
1381 2359 1441 2408 et
1467 2350 1837 2427 experientiae
1865 2370 2184 2428 repugnare
2214 2360 2431 2411 certum
2453 2360 2559 2411 est.
2647 2354 2886 2427 Rursus,
2920 2354 2970 2414 si

562 2454 641 2493 ex
684 2433 1026 2493 necessitate
1072 2430 1363 2490 missionis
1406 2448 1511 2506 pro
1558 2428 1821 2487 Ecclesia
1867 2430 2130 2488 Romana
2171 2430 2302 2507 quis
2329 2440 2628 2509 pugnaret,
2659 2433 2969 2492 dicendum

559 2514 688 2589 erit,
718 2513 816 2571 vel
842 2511 1035 2570 nullos
1055 2532 1131 2570 ex
1157 2511 1247 2585 iis,
1278 2509 1378 2587 qui
1405 2508 1740 2567 missionem
1767 2509 1999 2584 habent,
2030 2529 2200 2587 posse
2229 2530 2435 2586 errare,
2465 2512 2578 2585 vel,
2600 2512 2736 2571 licet
2757 2522 2965 2589 errent,

556 2613 679 2653 non
704 2592 896 2651 minus
924 2590 1247 2669 sequendos
1274 2599 1467 2649 tamen
1511 2606 1656 2661 esse,
1707 2588 1866 2665 quod
1911 2599 2216 2666 utrumque
2245 2590 2420 2649 etiam
2445 2590 2647 2668 pietati
2674 2600 2733 2650 et
2758 2593 2968 2651 rationi

552 2672 855 2733 adversari
901 2690 1071 2729 nemo
1114 2690 1231 2729 non
1274 2668 1453 2727 videt.
1538 2668 1716 2725 Hunc
1759 2676 1951 2727 autem
1991 2677 2203 2728 statum
2231 2689 2358 2729 esse
2385 2672 2791 2730 controversiae
2819 2672 2968 2731 inter

560 2772 667 2813 nos
695 2762 754 2812 et
780 2750 1105 2829 pontificios
1132 2749 1387 2827 proclive
1416 2754 1506 2806 est
1533 2747 1722 2806 cuivis
1761 2767 2092 2825 agnoscere.
2179 2749 2380 2809 Donec
2417 2770 2558 2827 ergo
2585 2770 2701 2809 non
2730 2751 2965 2810 demon·

558 2842 743 2893 strant
760 2831 943 2907 nobis,
968 2830 1269 2889 veritatem
1296 2845 1476 2906 penes
1506 2847 1566 2886 se
1595 2846 1741 2902 esse,
1771 2835 1830 2886 et
1851 2828 2212 2887 mendacium
2235 2848 2412 2907 penes
2432 2849 2556 2905 nos,
2581 2850 2694 2888 non
2723 2840 2967 2908 possunt

558 2912 871 2973 obtendere
940 2911 1110 2969 nobis
1173 2910 1462 2969 defectum
1514 2906 1825 2981 missionis,
1905 2908 2006 2984 qui
2087 2909 2480 2985 pertendimus
2555 2910 2858 2970 veritatem
2929 2930 2964 2969 a

556 2992 819 3073 partibus
871 2990 1085 3050 nostris
1132 2999 1301 3063 stare,
1370 2994 1429 3047 et
1474 2986 1839 3045 mendacium
1887 2987 2042 3064 apud
2090 2988 2470 3048 adversarios.
2577 2990 2673 3049 Sic
2721 3010 2960 3050 necesse

548 3082 647 3133 est
694 3072 769 3130 ad
822 3090 1067 3130 examen
1122 3068 1402 3128 doctrinae
1460 3065 1677 3141 venire,
1721 3074 1788 3125 ut
1831 3075 2058 3126 constet
2120 3067 2466 3144 quibusnam
2513 3068 2615 3146 jus
2667 3078 2956 3149 competat

596 3149 927 3210 reedicandi.

554 3172 597 3229 p
636 3228 792 3287 XX.
834 3229 1057 3287 Verum
1100 3225 1331 3304 quidem
1378 3232 1468 3284 est
1513 3224 1802 3285 neminem
1845 3226 2158 3304 praedicare
2185 3227 2410 3303 debere,
2441 3228 2554 3287 nisi
2579 3228 2854 3305 mittatur,
2885 3250 2962 3290 ex

558 3308 727 3367 Rom.
769 3326 831 3365 x.
866 3309 959 3365 15.
1046 3306 1162 3364 Sed
1182 3324 1299 3363 non
1327 3322 1552 3381 semper
1578 3314 1817 3363 externe
1843 3314 1902 3363 et
1929 3306 2175 3365 mediate
2203 3308 2277 3365 ab
2294 3307 2622 3366 hominibus
2651 3308 2716 3367 fit
2743 3310 2956 3385 missio,

555 3387 661 3447 sed
686 3384 997 3463 aliquando
1024 3384 1247 3443 interne
1274 3390 1333 3441 et
1358 3382 1688 3441 immediate
1709 3402 1744 3441 a
1767 3383 1912 3442 Deo.
1997 3384 2188 3459 Quum
2226 3386 2544 3445 tolerabilis
2571 3394 2660 3446 est
2682 3388 2958 3448 Ecclesioe

554 3476 756 3541 status,
815 3465 1088 3541 nullaque
1146 3471 1317 3539 urget
1378 3460 1711 3536 necessitas,
1767 3467 1996 3535 ιυταξιας
2054 3466 2217 3540 ratio,
2279 3465 2477 3541 fateor,
2549 3467 2821 3543 postulat,
2888 3478 2955 3528 ut

548 3545 695 3605 ordo
741 3552 1022 3621 receptus,
1074 3543 1175 3620 qui
1222 3562 1257 3600 a
1302 3541 1428 3599 Deo
1449 3540 1747 3601 institutus
1775 3552 1864 3602 est
1891 3553 1948 3602 et
1975 3544 2272 3603 hominum
2299 3546 2617 3604 ministerio
2644 3547 2955 3623 peragitur,

552 3633 833 3685 servetur.
922 3623 1038 3683 Sed
1064 3622 1124 3680 in
1152 3621 1382 3681 casibus
1410 3640 1650 3679 summae
1677 3630 1736 3679 et
1763 3622 2148 3683 ineluctabilis
2175 3626 2551 3699 necessitatis,
2582 3633 2642 3684 et
2669 3626 2728 3683 in
2757 3626 2954 3702 deplo-

548 3714 677 3764 rato
704 3724 894 3763 rerum
923 3711 1095 3777 statu,
1124 3701 1313 3778 qualis
1339 3700 1449 3759 iste
1477 3700 1601 3776 fuit,
1634 3721 1812 3777 quum
1828 3704 2023 3762 nullus
2044 3704 2290 3781 amplius
2316 3705 2479 3763 locus
2507 3704 2694 3763 ordini
2721 3706 2956 3765 relictus

546 3793 656 3858 est,
688 3782 1049 3843 necessitatis
1096 3784 1212 3856 lex,
1244 3800 1347 3839 seu
1388 3780 1581 3857 potius
1612 3781 1773 3840 Deus
1814 3782 1954 3859 ipse,
1986 3784 2088 3860 qui
2128 3784 2391 3843 homines
2419 3784 2480 3841 in
2506 3784 2676 3843 istam
2703 3786 2952 3843 necessi·

549 3873 727 3923 tatem
750 3862 1044 3940 compulit,
1074 3881 1191 3920 non
1218 3859 1391 3919 modo
1418 3880 1534 3918 non
1556 3864 1734 3935 vetat,
1766 3862 1870 3920 sed
1909 3863 2084 3921 etiam
2111 3862 2371 3940 praecipit
2397 3871 2456 3922 et
2481 3872 2823 3941 potestatem
2854 3863 2954 3924 dat

545 3962 617 4002 ea
644 3942 1005 4020 procurandi,
1036 3960 1166 4018 quae
1194 3939 1413 3999 faciunt
1432 3940 1506 3997 ad
1524 3940 1768 3999 salutem
1786 3942 2090 4019 propriam,
2114 3949 2174 4000 et
2209 3942 2459 4019 proximi
2495 3942 2948 4019 aedificationem,

546 4023 719 4083 etiam
750 4042 881 4082 cum
910 4020 1129 4081 ordinis
1158 4020 1313 4078 illius
1341 4019 1627 4096 neglectu,
1660 4020 1709 4078 si
1736 4020 1910 4078 modo
1927 4021 2216 4079 ordinario
2233 4029 2292 4080 et
2319 4034 2594 4080 consueto
2615 4022 2815 4081 haberi
2835 4042 2952 4082 non

542 4103 785 4180 possint.
874 4102 969 4161 Sic
1018 4100 1069 4159 si
1096 4099 1305 4177 aliquis
1352 4099 1412 4156 in
1440 4100 1852 4158 remotissimas
1889 4100 2045 4159 orbis
2072 4109 2349 4159 terrarum
2380 4102 2582 4179 plagas
2609 4110 2950 4179 tempestate

544 4181 771 4241 delatus
798 4190 968 4257 esset,
999 4180 1149 4239 inter
1176 4179 1419 4257 populos
1444 4178 1614 4255 plane
1645 4178 1935 4253 barbaros,
1967 4180 2122 4256 apud
2149 4199 2294 4256 quos
2321 4181 2545 4239 nullum
2573 4190 2726 4241 esset
2755 4182 2946 4240 Chris-

541 4262 715 4319 tianae
760 4261 1059 4337 religionis
1107 4259 1436 4336 vestigium,
1467 4278 1541 4316 an
1563 4258 1846 4335 sacrilego
1893 4259 2123 4318 silentio
2171 4279 2427 4336 premere
2469 4261 2704 4320 debebit
2730 4270 2944 4338 myste-

538 4340 629 4397 ria
654 4342 993 4417 evangeliea
1010 4344 1040 4399 Ρ
1102 4338 1307 4397 Nonne
1356 4358 1431 4397 ex
1476 4337 1772 4396 charitatis
1819 4339 1950 4415 lege
1977 4339 2268 4399 tenebitur
2307 4340 2637 4399 infidelibus
2663 4340 2780 4399 illis
2809 4360 2943 4399 con-

540 4414 835 4477 vertendis
862 4438 1093 4496 operam
1123 4418 1277 4493 dare,
1308 4426 1367 4476 et
1395 4416 1444 4476 si
1470 4416 1656 4475 labori
1683 4417 1864 4495 ipsius
1887 4418 2047 4478 Deus
2068 4428 2307 4479 eatenus
2323 4419 2627 4496 benedicit,
2659 4430 2724 4481 ut
2751 4420 2945 4499 plures

540 4496 793 4555 adducat
826 4498 905 4555 ad
948 4497 1139 4570 fidem,
1184 4516 1375 4555 annon
1422 4496 1624 4555 licebit
1663 4497 1776 4574 ipsi
1823 4506 2036 4557 coetum
2083 4500 2374 4576 colligere,
2399 4500 2700 4559 ecclesiam
2729 4502 2940 4560 consti·

537 4584 717 4649 tuere,
746 4583 805 4635 et
824 4576 1071 4653 pastoris
1099 4576 1370 4634 ordinarii
1398 4594 1474 4633 ex
1510 4576 1766 4653 ipsorum
1794 4586 1933 4636 voto
1981 4577 2135 4655 apud
2161 4578 2318 4656 ipsos
2338 4579 2503 4656 fungi
2531 4579 2762 4638 officio?
2843 4582 2943 4639 An

534 4654 779 4733 patriam
804 4662 1062 4733 repetere
1081 4655 1241 4731 prius
1280 4653 1584 4729 tenebitur,
1606 4662 1672 4713 ut
1690 4656 1865 4732 juxta
1891 4656 2034 4715 ritus
2056 4666 2316 4734 receptos
2338 4668 2702 4717 consecretur
2719 4662 2748 4717 Ρ
2789 4659 2944 4742 Quid
