3234 5192
510 340 625 397 100
1286 356 1363 397 na
1394 356 1758 399 necessarus
1790 358 2136 400 sacassross
2581 336 2839 419 [msru'r.
2870 356 2930 397 v.

512 497 659 556 coelo
716 497 876 555 venit
930 498 975 555 J
978 516 1192 556 oannes
1242 498 1523 575 Baptista,
1565 500 1746 558 verba
1787 502 1939 559 enim
1988 500 2106 575 illa,
2157 504 2258 565 Qui
2303 504 2364 555 (Ie
2418 504 2544 555 coelo
2598 500 2733 557 venit
2776 520 2930 571 super

508 600 673 634 omnes
713 592 797 649 ext,
846 578 1091 654 intelligi
1132 589 1373 655 possunt
1420 580 1491 637 de
1524 600 1750 639 summo
1799 581 2094 655 Pontifice,
2145 581 2338 637 omnia
2379 580 2528 637 enim
2577 580 2750 637 Petro
2793 579 2927 636 sub-

501 657 646 735 jecit
678 658 971 731 DomiuuS,
1005 678 1143 735 ergo
1174 659 1317 715 nihil
1346 660 1611 733 exclusit,
1643 680 1750 717 nee
1792 660 2209 737 imperatorem,
2235 680 2341 717 uec
2379 658 2791 735 patriarchas,''
2818 655 2926 715 &Q

512 738 639 811 Quo
669 747 890 814 spectat
918 738 1089 795 etiam
1120 738 1264 795 illud
1290 738 1513 796 Nicolai
1540 740 1712 815 I’apae
1735 740 1792 797 in
1825 741 2004 817 Epis„
2055 743 2089 773 ‘⁴
2109 740 2232 797 Nec
2259 740 2333 797 ab
2356 739 2698 815 imperatore
2730 738 2926 795 Ponti-

510 816 695 889 ficem,
754 836 860 875 nec
904 836 939 874 a
975 837 1111 893 rege
1154 817 1407 893 judicari
1444 838 1630 893 posse,
1663 820 1933 889 quoniam
1981 840 2095 878 non
2141 828 2230 877 est
2279 838 2482 877 servus
2511 838 2685 896 supra
2728 817 2926 875 Domi-

509 898 708 955 num.''
786 896 991 955 Posset
1020 897 1128 955 hoc
1166 898 1515 956 luculentius
1544 898 1868 956 confirmari
1917 918 1992 957 ex
2040 898 2400 958 intoleranda
2429 898 2596 956 Rom.
2631 896 2930 955 Pontificis

512 976 798 1053 superbia,
831 985 897 1034 ut
926 996 1099 1053 supra
1127 982 1225 1034 πῖίν
1267 987 1506 1053 σιβασμω
1534 998 1661 1036 sese
1690 978 1903 1052 efferat,
1935 998 2050 1036 non
2077 978 2247 1037 modo
2275 978 2434 1055 quod
2459 978 2518 1035 in
2547 979 2716 1036 terris
2744 976 2924 1033 nomi-

511 1066 697 1130 natur,
730 1056 931 1132 quales
961 1066 1095 1114 sunt
1121 1076 1288 1133 reges
1318 1066 1375 1115 et
1404 1061 1792 1134 imperatores,
1827 1058 1927 1116 sed
1956 1066 2015 1117 et
2060 1059 2118 1117 in
2157 1059 2319 1117 coelis
2348 1059 2686 1132 celebratur,
2727 1056 2930 1133 quales

510 1144 648 1193 sunt
701 1136 897 1212 angeli
950 1144 1009 1194 et
1063 1136 1263 1209 sancti,
1314 1137 1431 1195 imo
1486 1145 1545 1195 et
1598 1138 1659 1195 in
1713 1138 1930 1214 templo
1987 1138 2097 1197 Dei
2154 1138 2354 1197 sedeat
2415 1148 2689 1215 tanquam
2749 1137 2925 1211 Deus,

513 1234 838 1291 supremam
894 1215 1005 1273 sibi
1034 1216 1090 1272 in
1128 1216 1393 1275 Ecclesia
1432 1226 1776 1293 potestatem
1817 1218 2138 1291 vindicans,
2185 1226 2243 1276 et
2286 1218 2515 1276 Christo
2573 1216 2823 1274 Domino
2866 1234 2928 1273 se

512 1314 765 1371 aequans.
852 1294 1069 1353 Verum
1091 1297 1229 1371 quia
1256 1297 1367 1354 ista
1388 1296 1746 1355 commodius
1772 1305 2044 1373 poterunt
2071 1299 2404 1374 pertractari
2447 1298 2508 1354 in
2537 1296 2925 1373 sequentibus,

512 1394 689 1452 quum
734 1375 806 1432 de
836 1374 1262 1434 characteribus
1302 1376 1651 1435 Antichristi
1695 1396 1893 1435 sumus
1943 1378 2305 1455 disputaturi,
2353 1376 2596 1436 sufficiet
2638 1396 2792 1433 nunc
2814 1375 2927 1451 pri-

512 1464 728 1513 matum
760 1455 931 1512 istum
964 1463 1022 1513 et
1066 1476 1346 1513 summam
1377 1457 1555 1514 totius
1584 1456 1864 1515 Ecclesiae
1894 1458 2282 1516 monarchiam
2323 1457 2622 1532 attingere,
2654 1464 2928 1531 tanquam

512 1535 891 1592 certissimam
913 1534 1237 1609 tyrannidis
1280 1536 1557 1594 Romanae
1574 1544 1788 1611 notam,
1821 1556 1993 1613 quam
2025 1536 2224 1613 fugere
2247 1536 2483 1613 genuini
2523 1554 2722 1593 omnes
2763 1533 2930 1609 regni

512 1614 726 1671 Christi
750 1613 963 1671 subditi
993 1622 1278 1673 tenentur.

595 1693 742 1751 VII.
788 1693 920 1750 Non
942 1691 1252 1751 diffitemur
1272 1694 1537 1770 equidem
1566 1694 1997 1754 memorabilem
2036 1717 2071 1754 a
2111 1696 2342 1754 Christo
2375 1692 2651 1770 apostolis
2679 1692 2928 1751 eaeteris-

514 1792 627 1849 que
656 1772 797 1829 viris
838 1772 965 1846 Dei,
998 1792 1241 1849 quorum
1284 1793 1456 1850 opera
1483 1774 1567 1832 uti
1597 1776 1786 1833 voluit
1825 1774 1900 1833 ad
1947 1776 2268 1833 Ecclesiam
2311 1772 2761 1852 gubernandam,
2793 1791 2927 1831 con-

514 1872 753 1927 cessam,
786 1872 911 1909 esse
940 1861 1300 1927 potestatem,
1344 1862 1409 1911 ut
1436 1856 1616 1912 claves
1643 1855 1810 1931 regni
1837 1856 2130 1929 coelorum,
2175 1864 2298 1913 tum
2336 1854 2591 1926 sciemt'oe,
2621 1864 2744 1911 tum
2783 1853 2928 1928 reqi-

513 1932 693 2005 mim’s,
737 1929 1217 2006 administrarent,
1263 1940 1321 1991 et
1362 1933 1611 2010 ligarent
1653 1942 1712 1992 et
1753 1935 2046 1993 solverent
2087 1935 2146 1991 in
2189 1935 2372 2009 terris,
2405 1932 2560 2011 quod
2594 1933 2840 2009 ligatum
2872 1939 2932 1991 et

515 2012 767 2070 solutum
796 2021 948 2070 esset
975 2012 1037 2069 in
1064 2012 1244 2070 coelis.
1328 2012 1548 2071 Verum
1578 2034 1704 2072 eam
1740 2034 1966 2073 omnem
1997 2022 2356 2091 potestatem,
2395 2012 2813 2089 qualiscunque
2836 2011 2927 2085 sit,

514 2091 947 2150 ministerialem
986 2100 1213 2150 tantum
1256 2112 1382 2150 esse
1428 2102 1487 2152 et
1536 2093 1942 2169 subalternam,
1985 2113 2102 2151 non
2145 2095 2468 2152 absolutam
2506 2102 2564 2151 et
2607 2110 2932 2169 supremam

514 2170 934 2246 contendimus,
985 2190 1114 2247 quae
1157 2191 1355 2230 servos
1397 2181 1455 2232 et
1495 2173 1790 2232 ministros
1848 2173 2066 2247 deceat,
2131 2193 2248 2232 non
2292 2173 2573 2245 dominos,
2624 2192 2697 2230 ne
2747 2171 2933 2248 gloria

514 2272 645 2327 quae
675 2250 904 2309 Christo
934 2250 1041 2309 soli
1070 2252 1359 2328 competit,
1391 2260 1450 2311 et
1476 2272 1669 2329 quam,
1700 2262 1766 2311 ut
1799 2254 2108 2329 impatiens
2130 2254 2428 2327 consortis,
2459 2260 2705 2310 testatur
2745 2272 2806 2309 se
2849 2250 2930 2308 al·

513 2332 623 2389 teri
666 2331 801 2389 dare
843 2350 959 2388 non
1002 2350 1189 2407 posse,
1236 2331 1295 2388 in
1338 2332 1630 2391 hominem
1672 2334 1974 2392 mortalem
2019 2341 2078 2391 et
2125 2341 2482 2409 peccatorem
2525 2331 2701 2408 impie
2745 2340 2931 2389 traus-

514 2410 744 2469 feratur.
832 2411 910 2468 Et
938 2411 986 2468 si
1032 2411 1199 2468 Rom.
1242 2410 1552 2470 Pontifices
1594 2414 1745 2471 intra
1779 2416 1973 2490 justos
1999 2413 2303 2489 potestatis
2329 2413 2498 2470 istius
2531 2421 2589 2470 et
2629 2409 2935 2468 ministerii

515 2490 792 2549 terminos
822 2508 945 2548 sese
976 2490 1408 2564 continuissent,
1442 2492 1489 2549 si
1518 2492 1715 2550 claves
1743 2493 1884 2551 istas
1913 2493 2188 2569 mysticas
2215 2493 2324 2551 rite
2353 2501 2411 2550 et
2438 2500 2502 2550 ut
2529 2510 2634 2567 par
2653 2498 2743 2548 est
2785 2509 2932 2547 sem-

513 2590 619 2647 per
658 2578 1019 2644 tractassent,
1046 2579 1166 2628 tum
1190 2590 1346 2647 purae
1374 2569 1651 2629 doctrinae
1675 2572 1960 2649 preconi0,
1985 2580 2108 2630 tum
2132 2581 2346 2631 sanctae
2364 2580 2422 2630 et
2443 2572 2589 2629 bene
2609 2569 2936 2628 constitutae

515 2648 836 2725 disciplinae
865 2650 1158 2716 exercitiO,
1188 2650 1525 2709 debuissent
1552 2672 1689 2710 sane
1717 2652 1919 2710 fideles
1949 2672 2024 2709 ex
2053 2652 2267 2710 Christi
2308 2651 2642 2728 praescripto
2669 2650 2788 2706 illis
2829 2649 2931 2707 ob·

514 2738 852 2806 temperare,
897 2750 1003 2788 nee
1031 2748 1227 2787 eorum
1278 2730 1619 2806 obsequium
1651 2732 1773 2789 sine
1803 2732 2038 2789 crimine
2069 2731 2386 2789 detrectare
2413 2730 2754 2807 potuissent.
2813 2728 2932 2786 Ve-

514 2828 641 2867 rum
665 2828 858 2885 quum,
880 2810 1081 2869 relicto
1098 2810 1431 2885 ministerio,
1452 2811 1771 2869 dominium
1787 2820 1844 2869 et
1861 2812 2254 2887 magisterium
2275 2810 2552 2887 sacrilege
2563 2816 2929 2884 usurparunt,

514 2898 573 2948 et
593 2888 692 2965 qui
718 2889 1055 2963 Ecclesiam,
1076 2898 1141 2947 ut
1163 2890 1448 2966 virginem
1476 2910 1697 2967 puram,
1731 2891 1836 2948 soli
1869 2910 2079 2967 sponso
2109 2891 2338 2949 Christo
2367 2899 2562 2966 aptare
2591 2888 2930 2963 debuerunt,

516 2969 626 3027 sibi
656 2968 940 3046 subjicere
983 2979 1042 3027 et
1083 2970 1281 3028 infami
1320 2970 1605 3029 adulterio
1647 2970 1892 3047 legitimi
1936 2970 2131 3045 sponsi
2160 2970 2390 3028 thorum
2434 2968 2705 3026 invadere
2747 2976 2932 3025 tenta·-

514 3056 685 3121 runt3
731 3067 907 3124 quum
951 3049 1053 3123 illi,
1082 3051 1196 3125 'qui
1240 3050 1315 3107 ad
1371 3050 1711 3126 obsequium
1753 3050 1925 3107 unius
1955 3049 2168 3107 Christi
2216 3049 2597 3107 conscientias
2641 3048 2932 3123 captivare

516 3127 877 3199 tenebantur,
909 3128 1019 3203 ipsi
1062 3128 1173 3186 sibi
1214 3130 1540 3205 mancipare
1586 3148 1732 3188 ausu
1770 3138 1828 3187 et
1869 3128 2132 3187 inauditu
2159 3128 2330 3205 plane
2360 3127 2720 3186 intolerando
2747 3126 2936 3184 moliti

518 3214 671 3279 sunt,
721 3206 853 3281 quis
892 3225 1008 3263 non
1036 3206 1285 3265 fateatur
1332 3208 1738 3282 gravissimum
1789 3228 1916 3267 esse
1961 3208 2286 3284 tyrannidis
2319 3210 2546 3286 jugum,
2579 3206 2736 3283 quod
2763 3226 2933 3264 nemo

520 3285 713 3342 subire
742 3292 947 3360 potest,
978 3284 1091 3342 nisi
1120 3287 1219 3361 qui
1246 3285 1570 3361 legitimum
1600 3288 1816 3347 Christi
1836 3289 2047 3365 jugum
2077 3296 2135 3345 et
2163 3288 2482 3346 dominium
2515 3287 2852 3346 excusserit.

600 3363 781 3421 VIII.
826 3364 976 3420 Nam
1005 3372 1070 3421 ut
1096 3364 1241 3421 nihil
1269 3384 1421 3423 nunc
1448 3366 1707 3425 dicamus
1736 3366 1808 3425 de
1836 3368 2184 3425 monarchiae
2211 3368 2378 3426 istius
2405 3375 2626 3441 natura,
2652 3386 2782 3441 quae
2800 3366 2934 3425 talis

520 3452 625 3517 est,
658 3451 723 3501 ut
769 3462 939 3501 nemo
981 3444 1307 3502 mortalium
1350 3454 1511 3503 tanto
1540 3447 1700 3505 oneri
1748 3467 1852 3523 par
1878 3466 2004 3505 esse
2034 3448 2232 3523 possit,
2284 3448 2467 3505 multo
2513 3446 2704 3503 minus
2759 3464 2934 3521 quam

520 3531 785 3599 respectu
811 3524 1157 3581 monarchiae
1185 3522 1529 3583 universalis
1565 3526 1627 3582 in
1654 3527 1886 3601 munde,
1917 3546 2090 3603 quam
2133 3536 2324 3585 tamen
2368 3534 2586 3603 negant
2612 3524 2738 3583 dari
2765 3545 2936 3602 posse

522 3604 777 3662 saniores
825 3603 1063 3679 politici,
1100 3603 1149 3660 si
1197 3603 1550 3680 Scripturam
1572 3605 1856 3679 audimus,
1879 3615 2071 3665 tamen
2101 3606 2300 3683 procul
2329 3615 2419 3664 est
2439 3606 2512 3663 ab
2541 3606 2662 3662 ullo
2683 3605 2936 3681 primatu

522 3692 579 3742 et
608 3683 939 3741 monarchia
967 3684 1025 3739 in
1058 3683 1319 3741 Ecclesia
1346 3684 1715 3759 instituenda,
1746 3694 1812 3743 ut
1839 3706 1964 3743 eam
1994 3706 2265 3762 expresse
2293 3706 2407 3744 non
2439 3684 2617 3743 semel
2645 3693 2710 3743 ιιι
2737 3692 2933 3760 tyran·
2978 3688 2990 3698 ”

519 3763 708 3821 nicam
738 3772 795 3821 et
824 3762 1053 3821 Christo
1082 3762 1347 3839 injuriam
1379 3764 1630 3822 damnet.
1717 3764 1834 3821 Cur
1865 3765 2016 3822 enim
2047 3766 2190 3823 alias
2220 3766 2484 3824 Christus
2513 3764 2829 3841 discipulis,
2862 3764 2934 3821 de

522 3844 769 3920 primatu
805 3842 1302 3917 contendentibus,
1334 3851 1451 3901 tam
1482 3843 1704 3901 solicite
1735 3863 1901 3901 omne
1944 3842 2261 3902 dominium
2311 3844 2751 3903 interdixisset?
2794 3844 2934 3901 Luc.

523 3923 667 3980 xxii.
700 3925 795 3995 25,
827 3926 923 3995 26,
972 3922 1225 3998 “Reges
1268 3922 1527 3997 gentium
1568 3922 1936 3981 dominantur
1976 3924 2076 3997 eis,
2109 3932 2168 3981 et
2208 3924 2310 3999 qui
2349 3932 2690 4000 potestatem
2719 3923 2937 3982 habent

523 4002 585 4060 in
612 4022 711 4060 eas
738 4001 980 4059 benefici
1008 4010 1306 4075 vocantur,
1332 4020 1439 4058 vos
1482 4011 1673 4059 autem
1701 4021 1817 4060 non
1845 4003 1942 4076 ita,
1969 4001 2069 4060 sed
2100 4003 2198 4078 qui
2222 4010 2312 4060 est
2327 4003 2615 4060 maximus
2645 4002 2794 4061 inter
2811 4022 2933 4076 vos,

524 4082 599 4139 sit
628 4082 777 4139 sicut
803 4080 1091 4153 minimus,
1136 4091 1195 4138 et
1242 4080 1341 4156 qui
1376 4080 1644 4157 princeps
1673 4090 1777 4154 est,
1829 4081 1978 4139 sicut
2025 4082 2126 4158 qui
2171 4082 2516 4140 ministrat.''
2563 4082 2679 4139 Cur
2729 4082 2936 4141 Petrus

524 4170 642 4219 tam
682 4180 953 4237 expresse
994 4168 1155 4218 vetat
1194 4168 1472 4236 pastores,
1520 4170 1582 4217 ut
1626 4171 2054 4253 wpaaegncssangoe
2095 4162 2369 4237 ipsorum,
2427 4186 2792 4242 κατικυςηυω
2843 4186 2937 4219 rm

526 4256 728 4320 asangm,
766 4244 793 4297 1
830 4240 955 4299 Pet.
977 4260 1033 4297 v.
1066 4242 1101 4298 3
1124 4242 1153 4296 Ρ
1208 4240 1326 4296 Cur
1355 4238 1572 4296 Paulus
1602 4258 1663 4297 se
1693 4260 1806 4297 non
1836 4239 2118 4298 dommari
2147 4240 2280 4299 fidei
2312 4242 2738 4300 Corinthiorum
2761 4250 2935 4300 testa-

526 4328 637 4393 tur,
671 4319 773 4378 sed
816 4338 1046 4377 servum
1092 4336 1219 4376 esse
1248 4318 1501 4393 ipsorum
1537 4327 1771 4395 propter
1799 4319 2108 4393 Christum,
2155 4324 2191 4377 2
2223 4320 2352 4379 Cor.
2393 4321 2431 4378 i.
2476 4324 2600 4378 24?
2643 4322 2760 4380 Cur
2788 4321 2940 4379 inter

527 4398 845 4457 ministeria
883 4418 1060 4470 sacra,
1091 4406 1351 4473 pastores
1392 4396 1625 4473 quidem
1671 4406 1729 4457 et
1771 4398 2034 4458 doctores
2075 4409 2206 4477 post
2254 4400 2547 4477 apostolos
2586 4409 2644 4459 et
2685 4420 2935 4477 evange-

528 4478 710 4549 listaS‚
756 4486 816 4534 at
858 4496 965 4533 nec
1006 4495 1211 4552 papam
1254 4494 1361 4534 nec
1390 4475 1712 4536 cardinales
1755 4488 2029 4544 recenset,
2079 4483 2108 4537 1
2137 4480 2266 4537 Cor.
2311 4480 2432 4553 xii„
2467 4480 2681 4557 Ephes.
2713 4481 2791 4537 iv.
2827 4484 2942 4539 11?

530 4558 646 4616 Cur
671 4556 843 4615 toties
870 4554 1022 4612 idem
1044 4556 1279 4613 unicum
1306 4574 1433 4614 esse
1463 4556 1793 4633 Dominum,
1831 4561 1860 4614 1
1894 4557 2023 4617 Cor.
2044 4560 2165 4617 viii.
2197 4562 2251 4634 6,
2283 4559 2516 4617 unicum
2545 4570 2718 4637 caput
2737 4561 2940 4618 Eccle-

532 4636 649 4709 siae,
702 4634 917 4711 Ephes.
948 4633 987 4691 i.
1030 4636 1127 4707 22,
1158 4640 1217 4691 et
1244 4653 1367 4711 cap.
1420 4634 1498 4694 iv.
1520 4654 1643 4695 ver.
1693 4640 1784 4711 15,
1817 4637 2120 4697 declarat?
2176 4638 2255 4696 Et
2297 4657 2434 4697 sane
2463 4638 2510 4697 si
2541 4639 2728 4697 eidem
2757 4660 2938 4716 regno
