3234 5192
376 360 389 369 ,
497 298 613 359 680
1031 310 1111 350 ns
1142 308 1633 351 SATISPACTIOMS
1659 307 1900 351 cnms‘n
1929 308 2355 350 rsnrscrioxs.
2467 293 2731 367 [msrur.
2761 310 2912 353 xxix.

505 453 841 529 expiatione
890 450 1172 529 perfectio
1216 451 1347 527 ejus
1394 452 1707 523 evincitur,
1753 450 1916 519 Quia
1960 468 2082 509 non
2125 451 2305 507 unius
2339 456 2576 507 tantum
2611 456 2722 507 aut
2757 471 2910 526 quo-

506 534 782 601 rundam,
831 532 939 589 sed
984 531 1253 587 omnium
1298 537 1678 605 peecatorum
1721 548 1828 604 per
1874 548 2004 587 eam
2033 530 2436 587 remissionem
2463 528 2904 602 consequimur.

512 612 639 671 Col.
670 612 729 668 ii.
764 612 858 681 13,
903 616 936 644 “
956 608 1277 668 vivificavit
1303 628 1432 680 nOS,
1462 610 1812 667 condonatis
1849 609 2130 665 omnibus
2158 607 2395 665 offensis
2421 607 2638 663 nostris
2656 608 2710 677 ;’'
2745 605 2908 667 Psal.

511 690 623 749 eiii.
657 690 711 761 3,
744 693 781 723 ‘³
803 690 1102 748 condonat
1130 706 1333 745 omnes
1361 688 1706 762 iniquitates
1727 694 1862 745 tuas
1880 689 1932 757 ;”
1958 689 2095 745 Act.
2125 706 2184 743 x.
2213 687 2310 757 43,
2341 693 2375 719 ‘⁶
2397 684 2560 743 Huic
2587 686 2910 760 Prophetae

513 764 921 827 testimonium
950 768 1277 842 perhibent,
1308 766 1712 825 remissionem
1743 774 2122 841 peccatorum
2149 763 2621 843 accepturum-in
2648 766 2779 838 ejus
2803 782 2914 821 no-

513 848 673 905 mine
697 865 931 903 omnem
962 847 1293 902 credentem
1324 845 1386 902 in
1414 844 1669 919 ipsum.’'
1735 842 1832 902 Sic
1859 845 2002 902 alibi
2029 844 2087 899 in
2112 844 2376 901 formula
2401 842 2638 901 foederis
2665 850 2916 901 testatur

516 927 682 1001 quod
724 932 759 958 “
784 930 1160 1000 peccatorum
1188 930 1528 980 nostrorum
1556 942 1680 980 non
1709 923 1786 979 sit
1802 924 2058 997 amplius
2086 923 2559 991 recordaturu8,’'
2591 921 2634 979 J
2635 940 2713 979 er.
2743 922 2911 980 xxxi.

518 1008 615 1075 34,
644 1011 705 1062 et
732 1002 889 1061 Heb.
919 1022 976 1058 x.
1012 1001 1103 1072 17,
1148 1003 1268 1059 imo
1320 1008 1353 1034 “
1378 1002 1487 1059 etsi
1515 1008 1820 1077 quaeratur
1859 1000 2145 1077 iniquitas
2186 1000 2396 1077 populi
2443 1000 2553 1071 sui,
2604 1002 2768 1075 quod
2793 1020 2918 1058 non

518 1083 705 1161 possit
752 1080 1058 1150 inveniri,''
1104 1080 1146 1137 J
1151 1100 1232 1138 er.
1276 1081 1317 1137 1.
1350 1081 1441 1137 20.
1526 1079 1569 1137 J
1573 1099 1671 1137 am
1717 1080 1820 1137 ubi
1863 1080 2130 1156 plenaria
2170 1087 2259 1137 est
2300 1086 2672 1154 pecca-torum
2713 1080 2916 1137 remis-

519 1164 625 1232 si0,
649 1161 731 1219 ibi
768 1161 1006 1236 plenam
1035 1160 1215 1217 etiam
1261 1158 1724 1217 satisfactionem
1751 1178 1876 1217 esse
1902 1176 2135 1216 necesse
2163 1164 2267 1229 est,
2297 1158 2784 1232 quandoquidem
2812 1159 2922 1217 illa

518 1242 689 1299 istius
716 1240 959 1297 effeetus
988 1246 1078 1296 est
1104 1247 1164 1296 et
1188 1238 1419 1296 fruetus
1444 1238 1886 1313 inseparabilis;
1914 1255 2024 1295 nec
2045 1238 2163 1295 alio
2185 1235 2378 1295 tendit
2394 1236 2715 1295 satisfactio
2737 1255 2920 1311 quam

520 1321 598 1378 ad
646 1317 1049 1375 remissionem
1095 1318 1372 1375 fidelibus
1416 1316 1839 1388 obtinendam;
1885 1317 1949 1375 Si
1993 1336 2135 1391 ergo
2179 1316 2475 1391 perfectus
2523 1322 2612 1373 est
2655 1316 2918 1387 effectus,

520 1397 782 1475 perfecta
810 1416 989 1455 causa
1015 1396 1193 1454 debet
1219 1414 1362 1454 esse.

603 1474 851 1533 XXIV.
886 1474 975 1533 Ut
994 1476 1069 1531 ab
1091 1477 1206 1532 hoe
1223 1494 1283 1533 se
1305 1474 1624 1550 expediant
1644 1476 2024 1549 Argumento
2048 1474 2429 1547 distinguunt
2454 1474 2516 1529 in
2539 1482 2778 1548 peccato
2801 1472 2919 1529 cul-

516 1575 660 1632 pam
708 1561 769 1611 et
807 1573 1062 1629 poenam,
1108 1562 1170 1609 et
1214 1553 1525 1627 utriusque
1552 1554 1999 1621 remissionem3
2045 1552 2125 1610 Et
2159 1551 2650 1625 remitti-quidem
2683 1570 2921 1608 omnem

520 1634 741 1708 peccati
771 1631 1010 1704 eulpam
1057 1638 1312 1699 censent,
1342 1632 1445 1687 sed
1489 1648 1609 1686 non
1655 1631 1854 1687 statim
1883 1648 2118 1687 omnem
2146 1647 2400 1703 poenam,
2429 1646 2733 1685 remanere
2760 1630 2922 1686 enim

520 1727 750 1785 semper
776 1708 955 1764 etiam
984 1708 1226 1765 remissa
1252 1707 1429 1781 culpa
1455 1708 1742 1764 luendam
1763 1724 2000 1781 poenam
2028 1707 2432 1780 temporalem.
2475 1704 2626 1762 Haec
2653 1706 2921 1762 solennis

522 1794 611 1845 est
637 1788 903 1862 ipsorum
930 1784 1246 1855 distinetiO,
1277 1786 1375 1841 cui
1410 1790 1601 1840 totum
1644 1786 1760 1841 hoc
1785 1783 2254 1842 satisfactionum
2281 1791 2342 1840 et
2368 1801 2678 1857 poenarum
2705 1784 2921 1840 huma·

521 1883 739 1922 narum
764 1868 1170 1921 commentum
1198 1868 1648 1937 superstruunt3
1698 1862 1814 1920 Sed
1843 1862 2028 1937 ipsius
2053 1862 2283 1920 falsitas
2311 1862 2694 1920 multifariam
2723 1868 2924 1936 potest

522 1942 931 2001 demonstrari.
991 1940 1137 1999 Non
1180 1959 1469 2017 negamus
1505 1940 1749 2015 quidem
1790 1961 2028 2017 poenam
2055 1949 2115 2000 et
2141 1941 2370 2016 culpam
2397 1959 2564 2017 posse
2592 1940 2883 2015 distingui
2907 1962 2922 2011 ;

526 2022 607 2081 Et
634 2039 841 2079 revera
886 2021 1339 2095 distinguendas
1385 2038 1526 2090 esse,
1558 2019 1822 2088 Quando
1851 2022 2029 2097 eulpa
2074 2021 2258 2097 ipsius
2301 2027 2390 2078 est
2435 2019 2790 2095 peccatoris3
2835 2018 2927 2077 At

524 2120 702 2179 poena
728 2100 770 2159 J
774 2100 961 2159 udicis
1010 2118 1142 2157 eam
1188 2099 1509 2175 infligentis
1533 2121 1547 2157 :
1592 2098 1788 2175 Culpa
1815 2120 1990 2159 causa
2024 2108 2114 2159 est
2140 2119 2274 2176 quae
2303 2119 2539 2174 poenam
2559 2107 2695 2175 post
2719 2117 2781 2157 se
2807 2106 2926 2156 tra-

522 2182 652 2239 hit:
687 2180 775 2239 At
800 2199 975 2255 poena
995 2180 1239 2237 effectus
1265 2180 1472 2253 eulpae.
1525 2177 1644 2237 Sed
1671 2196 1960 2255 negamus
1987 2180 2389 2237 remissionem
2417 2180 2729 2253 utriusque
2755 2195 2926 2253 posse

527 2279 793 2335 unquam
823 2257 1058 2333 sejungi
1081 2280 1093 2315 :
1128 2258 1179 2315 1.
1214 2258 1375 2325 Quia
1402 2258 1515 2315 hoc
1540 2267 1773 2331 pugnat
1808 2277 1946 2316 cum
1973 2270 2195 2315 natura
2221 2259 2308 2315 rei
2329 2280 2350 2315 .·
2397 2258 2560 2317 Nam
2589 2258 2669 2315 sic
2695 2258 2774 2315 ad
2801 2255 2927 2313 cul-

528 2358 667 2413 pam
695 2336 947 2393 refertur
974 2354 1165 2409 poena,
1194 2342 1265 2392 ut
1290 2337 1418 2392 haec
1464 2334 1590 2391 sine
1617 2336 1726 2392 illa
1753 2355 1875 2393 esse
1905 2355 2026 2392 non
2053 2338 2253 2409 possit,
2283 2356 2460 2411 poena
2485 2336 2642 2393 enim
2671 2353 2791 2392 non
2821 2342 2928 2405 est,

526 2416 639 2472 nisi
669 2431 803 2488 quae
832 2414 1085 2486 alicujus
1114 2414 1304 2485 culpae
1332 2431 1507 2487 poena
1526 2418 1633 2481 est,
1663 2428 1794 2468 eam
1823 2414 1980 2469 enim
2003 2431 2040 2469 a
2059 2415 2152 2470 cul
2157 2432 2238 2487 pa
2258 2414 2416 2483 oriri,
2441 2422 2500 2472 et
2525 2422 2770 2488 propter
2795 2430 2928 2469 eam

528 2491 718 2565 infligi
753 2491 1009 2564 jamjam
1058 2489 1316 2545 diximus
1340 2510 1353 2558 ;
1397 2490 1444 2545 si
1494 2489 1631 2563 quis
1673 2508 1814 2562 ergo
1859 2508 1896 2545 a
1941 2491 2120 2565 culpa
2168 2492 2332 2547 omni
2359 2491 2510 2548 liber
2536 2499 2641 2560 est,
2671 2493 2930 2548 eundem

530 2570 707 2627 etiam
738 2586 776 2625 a
800 2586 976 2643 poena
1000 2566 1327 2625 immunem
1376 2584 1499 2625 esse
1542 2584 1774 2623 necesse
1795 2573 1900 2637 est,
1932 2567 2074 2642 quia.
2099 2568 2336 2626 sublata
2361 2588 2542 2625 causa
2568 2587 2688 2626 non
2733 2574 2932 2643 potest

444 2714 453 2723 ,
530 2668 653 2706 non
699 2648 834 2704 tolli
881 2646 1155 2704 effectus:
1196 2644 1415 2720 poterit
1460 2664 1600 2720 ergo
1630 2645 1725 2702 cui
1753 2645 2000 2703 remissa
2024 2654 2113 2705 est
2139 2647 2318 2721 culpa.
2357 2648 2542 2721 affligi
2571 2654 2630 2703 et
2657 2645 2926 2715 cruciari,

533 2728 635 2786 sed
664 2724 863 2801 puniri
890 2744 1012 2782 non
1039 2724 1274 2800 poterit,
1305 2724 1445 2799 quia
1471 2742 1649 2799 poena
1675 2724 1820 2782 dicit
1857 2726 2023 2799 σχέσει
2051 2728 2128 2783 ad
2151 2726 2409 2799 culpam,
2439 2744 2477 2783 a
2503 2743 2626 2800 qua
2652 2742 2774 2781 non
2801 2742 2930 2781 ma-

530 2807 622 2881 gis
650 2804 995 2880 separabilis
1022 2811 1131 2875 est,
1162 2821 1343 2877 quam
1371 2804 1583 2860 umbra
1631 2821 1669 2861 a
1697 2822 1959 2878 corpore.
2043 2803 2292 2864 Frustra
2317 2822 2459 2861 vero
2488 2804 2586 2861 hie
2613 2802 2923 2873 Bellarm.,

532 2887 637 2944 lib.
667 2885 745 2943 iv.
775 2885 849 2940 de
879 2882 1091 2941 Poenit.
1122 2902 1247 2957 cap.
1282 2882 1372 2953 15,
1403 2882 1636 2956 regerit,
1657 2890 1692 2916 “
1715 2884 1904 2941 multa
1930 2902 2053 2943 esse
2082 2903 2214 2959 quae
2243 2883 2369 2941 sine
2391 2884 2562 2941 certis
2589 2882 2778 2941 causis
2809 2900 2929 2938 non

536 2964 834 3022 orirentur
861 2980 995 3037 quae
1024 2968 1224 3019 tamen
1252 2968 1383 3017 orta
1408 2970 1655 3019 manent
1691 2962 1885 3020 causis
1913 2963 2309 3038 pereuntibus,
2347 2969 2418 3019 ut
2461 2962 2780 3019 aedificium
2805 2960 2930 3019 sine

535 3043 891 3101 aedificatore
940 3058 1063 3097 non
1108 3042 1291 3110 fieret,
1320 3040 1483 3115 quod
1532 3038 1581 3097 si
1630 3042 1811 3099 semel
1851 3041 2075 3099 factum
2105 3041 2287 3100 fuerit
2311 3042 2596 3112 manebit,
2624 3041 2767 3097 licet
2793 3056 2930 3097 con-

534 3121 707 3179 tinuo
737 3120 1061 3177 aedificator
1086 3119 1346 3194 pereat.’'
1388 3117 1554 3176 Nam
1574 3138 1710 3194 quae
1739 3120 1932 3177 causis
1959 3121 2344 3195 pereuntibus
2369 3127 2630 3191 manent,
2643 3138 2714 3177 ea
2734 3137 2772 3176 a
2797 3134 2934 3175 cau-

536 3200 614 3257 sis
642 3204 963 3271 antequam
1011 3197 1153 3270 ipsae
1200 3197 1459 3270 perirent
1490 3198 1619 3270 jam
1650 3198 1860 3255 effecta
1886 3206 2071 3273 erant,
2101 3207 2173 3256 ut
2199 3199 2515 3257 aedificium
2543 3199 2707 3273 quod
2734 3202 2936 3253 manet

535 3277 713 3334 etiam
742 3272 1002 3330 extincto
1032 3274 1371 3331 architecta
1458 3276 1547 3331 At
1573 3293 1753 3333 causa
1799 3277 1978 3333 semel
2007 3278 2267 3335 extincta
2293 3277 2444 3333 nihil
2473 3277 2730 3351 amplius
2757 3274 2935 3331 efficit

535 3355 634 3411 vel
676 3352 899 3409 efficere
926 3357 1138 3424 potest,
1168 3357 1238 3407 ut
1279 3351 1636 3409 architectus
1683 3355 1864 3411 semel
1891 3363 2164 3413 mortuus
2191 3356 2342 3412 nihil
2371 3356 2632 3430 amplius
2659 3354 2932 3411 aedificat.

538 3432 661 3491 Hic
686 3446 826 3486 vero
874 3446 995 3485 non
1044 3428 1349 3503 quaeritur,
1396 3428 1496 3486 An
1545 3449 1735 3503 poenae
1768 3432 1899 3505 jam
1943 3439 2121 3491 antea
2147 3436 2224 3491 ob
2261 3435 2499 3508 culpam
2527 3432 2818 3509 peccatori
2845 3431 2936 3487 in-

535 3511 730 3581 fflctae,
760 3505 809 3566 si
836 3506 891 3563 ei
961 3514 1125 3564 ostea.
1151 3507 1389 3583 culpam
1417 3509 1680 3566 remittat
1723 3509 1904 3581 Deus,
1949 3529 2019 3567 eo
2048 3519 2350 3569 momento
2377 3512 2520 3587 ipsae
2547 3511 2768 3587 pariter
2793 3511 2938 3568 abo-

537 3592 814 3661 leantur;
858 3527 961 3643 seg
1005 3586 1079 3643 de
1143 3586 1215 3643 iis
1261 3586 1449 3661 poenis
1494 3588 1784 3661 quaeritur
1826 3605 1974 3662 quas
2029 3590 2285 3647 admissa.
2329 3608 2367 3648 a
2412 3598 2716 3665 peccatore
2759 3590 2938 3663 culpa

539 3675 628 3726 est
668 3666 909 3743 quidem
948 3664 1178 3742 merita,
1222 3684 1487 3741 quasque
1528 3666 1642 3723 nisi
1681 3666 1848 3724 aliud
1877 3668 2106 3725 accidat
2143 3668 2204 3725 in
2247 3670 2565 3743 peccatoris
2607 3674 2788 3743 eaput
2813 3686 2938 3725 cer-

538 3747 761 3806 tissime
823 3742 1148 3819 aliquando
1209 3751 1298 3803 est
1358 3744 1728 3815 accersitum,
1789 3747 1891 3803 sed
1948 3764 2084 3821 quae
2141 3754 2341 3804 tamen
2383 3749 2654 3805 nondum
2695 3753 2840 3803 sunt
2879 3747 2934 3804 ei

538 3825 796 3894 inflictae,
844 3822 948 3879 An
990 3822 1211 3880 scilicet
1252 3822 1428 3897 culpa
1472 3842 1605 3899 quae
1655 3824 1812 3899 ipsas
1854 3842 1974 3881 non
2025 3824 2268 3883 dimissa
2319 3826 2590 3901 paritura
2635 3831 2780 3896 erat,
2849 3826 2939 3883 di-

538 3905 725 3962 missa
774 3920 873 3959 cas
913 3901 1101 3958 nihilo
1144 3901 1333 3959 secius
1384 3920 1587 3977 parere
1639 3905 1870 3977 queat?
1955 3903 2135 3971 Quod
2187 3904 2236 3963 si
2277 3906 2530 3975 dicatur,
2571 3922 2805 3961 neeesse
2847 3911 2938 3962 est

539 3990 609 4040 ut
648 3983 744 4039 vel
786 3988 1038 4054 negetur
1079 3982 1317 4056 culpam
1359 4000 1495 4055 quae
1536 3981 1862 4038 remittitur
1890 3982 2041 4053 tolli,
2073 3985 2168 4040 vel
2197 3991 2498 4041 statuatur
2526 4001 2768 4039 causam
2796 3982 2939 4041 licet

538 4062 841 4120 sublatam
882 4066 943 4117 et
981 4059 1263 4117 abolitam
1296 4058 1527 4133 aliquid
1554 4065 1755 4117 tamen
1786 4060 2010 4117 efficere
2038 4080 2244 4136 posse3
2288 4063 2450 4137 quod
2480 4068 2804 4136 utrumque
2833 4061 2940 4119 ab-

538 4138 969 4198 surdissimum.
1057 4138 1222 4207 Quid
1250 4139 1410 4213 quod
1439 4138 1537 4195 hie
1566 4138 1964 4195 Adversarius
2001 4141 2318 4198 confundit
2353 4160 2590 4198 causam
2619 4140 2937 4216 efficientem

530 4220 833 4297 physicam·
854 4236 989 4276 cum
1032 4236 1210 4274 causa
1248 4216 1548 4273 merito-ria
1589 4228 1644 4274 et
1681 4216 1910 4288 morali,
1955 4236 2065 4276 nec
2109 4220 2267 4277 enim
2295 4221 2473 4294 culpa
2498 4218 2734 4293 proprie
2760 4218 2940 4275 efficit

536 4316 769 4373 poenam
816 4298 1116 4373 quomodo
1164 4295 1542 4355 Architectus
1588 4296 1856 4368 domum,
1895 4298 1998 4353 sed
2046 4304 2306 4356 meretur
2353 4304 2588 4356 tantum
2627 4303 2689 4353 et
2714 4305 2850 4372 post
2876 4314 2938 4355 se

534 4376 720 4433 trahit
745 4376 1063 4433 moraliter.

618 4451 825 4510 XXV.
871 4454 925 4511 2.
958 4452 1200 4529 Pugnat
1226 4473 1365 4512 cum
1408 4450 1575 4511 Vocis
1612 4452 1840 4511 ratione
1869 4464 1923 4511 et
1951 4454 2254 4514 ordina'vio
2281 4453 2555 4531 loquendi
2581 4474 2693 4512 usu
2713 4476 2734 4512 .·
2774 4453 2936 4511 Nam

534 4538 933 4606 praeterquam
961 4534 1124 4606 quod
1154 4552 1261 4591 nec
1288 4532 1478 4605 ἀφάκη
1506 4553 1616 4592 nec
1658 4534 1948 4615 χαςίζισθαι
1993 4536 2152 4613 (quae
2190 4537 2326 4593 duae
2356 4542 2498 4592 sunt
2522 4552 2695 4591 voces
2723 4533 2940 4608 quibus

534 4610 761 4686 peccati
786 4608 1050 4666 remissio
1079 4612 1424 4684 designatur
1444 4610 1655 4691 vulgo)
1679 4614 1794 4671 dici
1817 4614 2002 4688 possit
2028 4614 2075 4671 is
2103 4614 2207 4689 qui
2235 4620 2544 4689 peccatum
2573 4611 2938 4687 impunitum
