3234 5192
771 1035 1400 1116 DISPUTATIO
1468 1040 2153 1136 THEOLOGIGA,

325 1323 459 1415 DE
566 1325 1416 1420 SATISFACTIONIS
1527 1327 1961 1422 CHRISTI
2069 1327 2615 1438 VERITATE,

1185 1635 1402 1704 PARS
1475 1633 1765 1704 SEXTA.

1287 1865 1347 1872 ,αι-
1360 1865 1659 1874 ———--——-.v

689 2033 1082 2111 Respondenae
1111 2035 1462 2094 Bessum-ro
1493 2035 1906 2110 CALANDBINO,
1943 2031 2271 2097 Genevemi.

355 2187 405 2246 1.
452 2189 730 2263 Quamvis
774 2192 937 2249 varia
979 2193 1082 2250 illa
1136 2199 1479 2270 argumenta
1533 2211 1663 2268 quae
1722 2191 2230 2269 Disputationibus
2288 2191 2680 2268 superioribus

271 2267 448 2327 allata
477 2277 611 2328 sunt
640 2269 896 2328 sufficere
926 2281 1162 2348 possent
1189 2271 1555 2331 adstruendae
1585 2273 1885 2330 sentcntiae
1914 2270 2270 2344 orthodoxae,
2302 2273 2395 2329 De
2421 2271 2677 2344 satisfac·-

273 2348 436 2406 tione's
468 2349 680 2408 Christi
717 2351 965 2418 veritate,
999 2351 1149 2426 Quia
1177 2363 1367 2412 tamen
1395 2352 1643 2430 Spiritus
1676 2353 1736 2411 S.
1776 2361 1999 2410 tantam
2046 2352 2106 2408 in
2135 2371 2204 2410 ea
2223 2350 2503 2410 tradenda
2532 2349 2675 2432 cingl-

271 2423 400 2485 Cuaev
428 2427 708 2503 adhibuit,
741 2439 806 2489 ut
835 2429 974 2488 nihil
1009 2433 1263 2492 omiserit
1291 2452 1406 2509 quo
1435 2433 1606 2490 fidem
1643 2431 1770 2509 ejus
1800 2433 1859 2490 in
1887 2431 2094 2490 animis
2122 2431 2333 2489 nostris
2362 2430 2531 2508 plene
2560 2443 2675 2488 sta-

270 2509 465 2568 biliret
513 2519 571 2570 et
613 2509 1124 2571 contradicentium
1169 2512 1450 2590 impietati
1499 2521 1841 2587 occurreret,
1888 2511 2101 2570 Mirum
2145 2511 2332 2568 videri
2360 2530 2475 2568 non
2505 2509 2679 2569 debet

271 2588 320 2648 si
349 2592 922 2651 momentosissimam
955 2592 1348 2670 quaestionem,
1381 2591 1452 2650 dc
1491 2611 1606 2669 qua
1656 2593 1933 2651 hactenus
1976 2592 2159 2650 multa
2187 2591 2327 2650 satis
2348 2591 2473 2666 jam
2502 2591 2682 2648 verba

268 2667 526 2742 fecimuS,
543 2671 732 2730 denuo
751 2683 1116 2746 retentemus,
1131 2683 1190 2732 et
1207 2671 1526 2731 rationibus
1545 2671 2002 2748 praecedentibus
2022 2671 2327 2729 nonnullas
2345 2669 2534 2727 adhuc
2545 2689 2677 2728 auc-

266 2748 400 2808 tarii
429 2749 554 2808 vice
582 2751 940 2827 adjiciamus,
971 2771 1194 2811 necnon
1223 2753 1297 2810 ab
1338 2750 1799 2809 adversariorum
1836 2749 2271 2828 exceptionibus
2301 2748 2678 2806 vindicemus·

351 2827 437 2886 ΙΙ.
488 2829 566 2888 Ut
596 2851 734 2906 ergo
764 2851 936 2907 quam
966 2832 1082 2888 orsi
1111 2851 1308 2889 snmus
1350 2830 1524 2888 telam
1552 2838 1937 2906 pel-texamus,
1970 2831 2149 2887 Sexta
2176 2827 2344 2885 nobis
2372 2845 2675 2903 argumen-

271 2915 456 2964 torum
487 2911 677 2964 classis
707 2911 814 2967 hac
843 2909 1229 2986 disputatione
1259 2907 1596 2966 instruenda
1644 2907 1820 2978 venit,
1852 2927 2025 2983 quam
2067 2927 2141 2964 ex
2168 2906 2571 2984 sacmficioruin
2612 2906 2675 2962 V.

276 2987 340 3042 T.
391 2987 684 3045 collatione
730 2987 998 3063 petimu8‚
1034 2998 1230 3064 utpote
1279 3006 1408 3063 quas
1456 2985 1829 3044 multifariam
1878 2995 1937 3045 et
1985 2984 2451 3060 subrogationem
2501 3003 2676 3059 quam

271 3065 598 3140 quaerimus,
631 3075 688 3124 et
731 3064 1180 3124 satisfactionem
1222 3067 1484 3124 doceant.
1569 3065 1995 3141 Argumentum
2027 3063 2340 3142 principale
2370 3063 2537 3121 nobis
2564 3063 2677 3122 hoc

271 3155 412 3217 este,
447 3144 560 3217 Qui
588 3153 862 3222 tanquam
892 3143 1160 3203 sacerdos
1189 3155 1246 3204 et
1275 3144 1511 3203 victima
1539 3145 1646 3203 sub
1678 3143 1812 3204 Vet.
1842 3143 1999 3203 Test.
2030 3143 2447 3221 praefiguratus,
2479 3151 2539 3201 et
2566 3143 2675 3202 sub

272 3223 328 3280 N
331 3243 423 3280 ov.
448 3221 692 3296 oblatuS‚
715 3231 951 3302 peccata
971 3235 1164 3283 nostra
1193 3243 1366 3302 super
1385 3223 1608 3300 lignum
1638 3223 1789 3295 tulit,
1820 3225 2018 3300 utique
2046 3224 2097 3282 is
2126 3243 2239 3281 non
2268 3222 2421 3281 bono
2452 3229 2674 3282 tantum

269 3313 484 3376 nostr0,
517 3303 592 3361 ad
620 3304 1108 3363 confirmationem
1149 3313 1288 3382 puta
1315 3304 1590 3364 doctrinae
1634 3314 1691 3363 et
1718 3303 2009 3382 patientiae
2028 3303 2385 3380 exemplum,
2414 3311 2677 3361 mortuus

271 3394 375 3456 est,
408 3383 512 3442 sed
534 3387 652 3442 loco
671 3384 842 3443 etiam
865 3392 1056 3442 nostro
1079 3385 1441 3458 substitutuS,
1467 3385 1799 3462 plenissime
1830 3393 2062 3460 peccata
2080 3381 2385 3460 expiand0,
2416 3402 2544 3441 vere
2570 3401 2675 3459 pro

268 3463 438 3522 nobis
467 3463 781 3538 satisfecit3
829 3461 913 3522 At
941 3465 1048 3521 hoc
1078 3465 1263 3542 ipsum
1295 3483 1397 3542 pro
1435 3464 1603 3522 nobis
1646 3463 1913 3542 praestitit
1942 3463 2240 3522 Christus:
2274 3461 2342 3519 E.
2376 3462 2555 3538 Cujus
2584 3479 2672 3518 ra-

270 3543 489 3602 tiocinii
524 3547 732 3604 veritas
760 3543 987 3602 duobus
1015 3543 1404 3602 fundamentis
1434 3543 1651 3618 nititur,
1686 3543 1855 3602 Prius
1884 3551 1973 3601 est
2000 3542 2289 3602 Christum
2319 3559 2455 3598 vere
2485 3559 2671 3599 sacer·

268 3621 462 3682 dotem
495 3623 668 3682 fuisse
698 3633 757 3683 et
787 3624 1076 3682 victimam
1108 3633 1164 3683 et
1193 3636 1257 3683 ut
1297 3623 1471 3682 talem
1520 3643 1581 3682 se
1627 3623 1923 3696 obtulisse,
1957 3621 2253 3680 Posterius
2280 3621 2431 3676 hanc
2458 3629 2671 3676 utram-

268 3721 380 3779 que
409 3701 576 3774 φύσιν
593 3704 914 3763 necessario
932 3705 1239 3782 importare
1261 3705 1482 3781 peccati
1510 3701 1897 3781 expiationem
1921 3709 2075 3759 etex
2102 3697 2476 3776 consequenti
2505 3697 2671 3758 satis·

263 3783 591 3843 factionem.

351 3861 470 3920 111.
517 3863 595 3923 Et
623 3863 698 3922 ad
726 3861 872 3924 illud
900 3859 1134 3939 quidem
1162 3861 1320 3940 quod
1346 3861 1570 3935 attinet,
1599 3859 1707 3918 vix
1736 3879 1881 3937 opus
1910 3867 1997 3918 est
2023 3867 2091 3917 ut
2117 3858 2486 3916 immoremur
2514 3855 2575 3913 in
2602 3873 2673 3914 eo

269 3941 734 4003 demonstrando,
803 3945 952 4002 Nam
979 3953 1360 4020 praeterquam
1392 3941 1550 4017 quod
1587 3941 1701 3998 hoc
1727 3960 1844 3998 non
1873 3938 2187 3996 diffitentur
2214 3935 2326 4014 ipsi
2353 3934 2675 3994 adversarii

269 4042 399 4081 cum
429 4023 640 4100 quibus
668 4044 760 4082 res
787 4023 956 4082 nobis
985 4031 1090 4096 est,
1121 4021 1265 4080 adeo
1316 4021 1530 4078 diserta
1577 4027 1667 4078 est
1706 4018 1801 4076 hic
1848 4018 2144 4094 Scriptura
2183 4025 2249 4074 ut
2288 4015 2475 4072 lucem
2507 4011 2671 4072 sitin

267 4102 506 4161 meridie
535 4124 790 4180 quaerere
839 4103 912 4160 de
961 4123 1028 4160 eo
1078 4101 1267 4160 adhuc
1309 4100 1591 4158 dubitare.
1657 4099 1807 4156 Nam
1836 4105 1903 4156 ut
1936 4098 2059 4174 jam
2089 4115 2205 4154 non
2233 4093 2493 4152 dicamus
2520 4093 2671 4152 hanc

267 4201 394 4241 esse
423 4185 676 4242 muneris
704 4183 1027 4242 mediatorii
1055 4199 1172 4239 non
1199 4179 1494 4238 minimam
1523 4187 1761 4256 partem,
1786 4197 1915 4253 quse
1938 4194 2213 4252 expressa
2236 4173 2348 4232 Dei
2377 4173 2673 4231 sanctione

265 4261 382 4320 imo
411 4271 470 4322 et
490 4263 870 4340 jurejurando
911 4261 986 4320 ad
1033 4262 1160 4340 ejus
1205 4259 1584 4319 aeternitatem
1630 4255 2065 4316 contestandam
2110 4253 2337 4314 Christo
2367 4250 2673 4310 commissa

263 4341 495 4420 legitur,
530 4341 684 4402 Psal.
717 4364 808 4402 cx.
838 4347 894 4412 4,
926 4343 1056 4419 quis
1097 4337 1282 4399 nescit
1307 4339 1461 4398 hunc
1490 4337 1668 4396 fuisse
1696 4335 2045 4414 praecipuum
2076 4335 2248 4393 finem
2277 4332 2455 4391 totius
2484 4349 2668 4390 sacer-

264 4422 409 4482 dotii
440 4423 687 4482 Levitici
716 4433 774 4482 et
803 4421 1210 4480 sacrificiorum
1241 4439 1370 4496 quae
1400 4418 1508 4476 sub
1539 4417 1699 4494 Lege
1728 4415 1973 4474 subinde
2001 4413 2424 4485 offerebantur3
2466 4419 2533 4469 ut
2561 4409 2669 4469 sub

259 4503 421 4562 hisce
450 4503 636 4562 veluti
663 4503 882 4562 umbris
911 4512 969 4561 et
998 4499 1200 4578 figuris
1223 4497 1487 4558 Christus
1511 4514 1769 4556 summus
1795 4493 2065 4552 Pontifex
2089 4491 2367 4552 Ecclesiae
2389 4499 2449 4550 et
2479 4489 2669 4550 Sacri·
2720 4533 2729 4542 .

261 4583 456 4644 ficium
483 4584 613 4662 ejus
641 4582 1024 4662 expiatorium
1054 4577 1211 4659 quod
1238 4579 1298 4638 in
1327 4585 1510 4636 morte
1551 4593 1827 4662 peragere
1856 4573 2057 4634 debuit
2083 4569 2566 4634 adumbraretur?
2604 4578 2672 4634 ut
