3234 5192
476 304 595 361 456
1027 320 1107 359 DE
1136 319 1613 364 sarrsmcrroms
1643 320 1878 362 curus'rl
1908 320 2230 361 vsmrs'rs.
2467 298 2732 383 [msrur.
2764 318 2897 360 1111.

483 460 639 521 enim
682 460 1003 520 excidimus
1047 470 1106 522 et
1153 462 1213 520 in
1259 461 1475 522 diaboli
1520 469 1866 540 potestatem
1910 462 2176 521 venimus
2221 462 2392 538 culpa
2423 469 2482 521 et
2509 461 2900 520 inobedientia

482 550 697 617 nostra,
730 550 787 601 et
808 544 968 620 justo
1000 542 1113 600 Dei
1132 541 1373 620 judicio,
1406 542 1508 601 sed
1535 542 1742 601 redimi
1769 563 1886 601 non
1914 543 2208 620 potuimus
2234 542 2346 600 nisi
2375 541 2782 601 satisfactionis
2809 541 2898 599 in-

484 630 771 696 terventu,
822 622 959 699 quia
1002 622 1285 682 liberandi
1332 622 1545 681 fuimus
1592 623 1668 681 ab
1721 622 2055 681 imminente
2103 621 2272 680 nobis
2301 621 2702 680 maledictione
2727 644 2741 698 ς
2792 641 2900 679 nec

486 702 712 779 mirum,
742 722 876 759 nam
904 700 1061 778 quod
1089 702 1194 760 vili
1238 702 1400 762 venit
1426 722 1640 779 magno
1669 722 1820 779 saepe
1849 702 2164 777 redimitur,
2198 701 2464 759 Adamus
2491 702 2744 779 seipsum
2770 721 2899 777 per-

487 780 623 840 dere
650 782 855 859 potuit,
888 780 990 839 sed
1019 782 1244 840 salvare
1272 782 1368 841 vel
1396 802 1433 840 a
1471 790 1656 841 morte
1700 784 1916 859 eripere
1959 801 2344 858 nequaquam.
2415 780 2574 857 Aug.
2607 781 2809 839 Enarr.
2839 780 2898 838 in

492 862 645 919 Psal.
676 881 831 937 xcv„
865 861 1293 921 “Tenebantur
1334 862 1597 921 homines
1647 862 1864 940 captivi
1893 862 2000 921 sub
2030 861 2279 920 Diabolo
2309 867 2368 919 et
2395 860 2754 919 daemonibus
2783 880 2899 919 ser-

488 940 744 1016 viebant,
790 940 893 1001 sed
936 939 1221 1019 redempti
1265 951 1401 1002 sunt
1443 962 1479 1001 a
1522 941 1876 1020 captivitate,
1908 941 2159 1000 vendere
2188 941 2342 999 enim
2371 960 2432 1000 se
2458 948 2771 1018 potuerunt
2799 940 2901 1000 sed

488 1018 768 1080 redimere
797 1042 913 1079 non
940 1023 1309 1099 potuerunt.”

572 1100 818 1159 XLIII.
850 1100 1198 1159 Conclusum
1240 1110 1365 1161 esto
1415 1102 1485 1159 E.
1533 1102 1826 1162 Christum
1871 1101 2008 1179 quia
2050 1121 2157 1159 nos
2201 1100 2481 1178 sanguine
2528 1119 2632 1159 suo
2659 1098 2906 1158 redemit

489 1200 627 1239 vere
656 1200 761 1259 pro
787 1181 955 1239 nobis
984 1180 1349 1241 satisfecisse.
1414 1181 1564 1239 Nam
1593 1180 1750 1260 quod
1792 1181 2099 1241 haereticus
2142 1190 2382 1239 mortem
2415 1180 2628 1239 Christi
2655 1178 2903 1256 pretium

491 1262 688 1319 vocari
715 1260 1013 1320 contendit
1039 1281 1153 1338 quo
1181 1261 1546 1337 redimamur,
1584 1263 1722 1337 quia
1765 1261 2072 1321 intercedit
2117 1270 2184 1319 ut
2230 1261 2630 1320 liberationem
2673 1280 2707 1317 a
2735 1259 2900 1337 spiri-

490 1340 635 1401 tuali
662 1341 997 1419 captivitate
1026 1360 1460 1419 consequamur,
1490 1351 1549 1401 et
1576 1342 1636 1399 in
1667 1362 1827 1419 spem
1847 1343 1984 1400 vitae
2013 1350 2240 1400 aeternae
2267 1360 2376 1400 nos
2402 1341 2574 1417 erigit
2601 1360 2676 1399 ex
2705 1358 2904 1398 conse-

491 1430 627 1481 cuta
668 1422 1102 1498 resurrectione,
1132 1441 1354 1481 merum
1402 1431 1491 1481 est
1540 1421 1982 1498 subterfugium.
2029 1420 2246 1481 Annon
2295 1421 2448 1479 enim
2495 1420 2640 1478 fides
2685 1428 2900 1495 nostra,

487 1500 843 1594 poenitentia,
874 1509 934 1560 et
962 1502 1250 1579 evangelii
1276 1500 1609 1579 praedicatio
1637 1502 1712 1560 ad
1741 1502 1988 1580 idipsum
2017 1500 2382 1559 intercedunt
2400 1504 2429 1559 P
2509 1499 2608 1559 An
2637 1518 2776 1577 crgo
2805 1518 2906 1576 per

492 1581 622 1639 illas
648 1581 854 1639 redimi
882 1581 1127 1639 dicimur
1153 1590 1255 1639 aut
1278 1601 1533 1657 unquam
1564 1582 1715 1640 dixit
1747 1581 2043 1657 Scriptura
2083 1588 2354 1658 tanquam
2383 1600 2488 1658 per
2513 1581 2759 1657 pretium
2786 1599 2903 1656 quo

490 1660 889 1719 liberationem
918 1680 1339 1736 consequamur
1357 1663 1386 1719 Ρ
1467 1659 1620 1735 Quid
1648 1681 1787 1719 vero
1835 1660 1983 1719 illud
2027 1669 2116 1718 est
2142 1660 2316 1737 quod,
2347 1680 2478 1718 cum
2505 1660 2902 1719 liberationem

493 1739 654 1797 illam
682 1758 757 1797 ex
786 1739 1001 1797 Christi
1028 1739 1442 1799 resurrectione
1470 1741 1653 1800 multo
1677 1740 1862 1817 magis
1890 1759 2064 1817 quam
2093 1760 2168 1797 cx
2194 1748 2376 1798 morte
2407 1740 2571 1818 sequi
2598 1740 2721 1817 ipse
2749 1738 2904 1797 exis-

490 1819 673 1895 timet,
704 1819 875 1877 morti
903 1826 1096 1877 tamen
1124 1837 1365 1895 semper,
1395 1840 1691 1897 nunquam
1709 1840 1848 1878 vero
1867 1828 1968 1879 aut
1987 1819 2276 1879 rarissime
2309 1820 2712 1879 resurrectioni
2735 1839 2803 1878 ea
2819 1838 2908 1876 rc-

494 1898 748 1977 demptio
770 1898 1056 1957 tribuatur
1074 1901 1103 1957 ‘r'
1122 1918 1257 1956 nam
1268 1899 1424 1975 quod
1442 1900 1738 1959 existimat
1757 1899 1901 1958 illud
1920 1899 2045 1957 fieri
2065 1900 2202 1976 quia
2219 1899 2280 1957 in
2295 1909 2478 1959 morte
2496 1900 2684 1977 magis
2701 1898 2902 1974 eluxit,

494 1979 591 2038 vel
610 1979 782 2057 plane
810 1978 885 2037 ad
902 1975 1273 2058 ἆπροσ-διέιυσον
1296 1979 1390 2038 vel
1413 2000 1515 2057 pro
1538 1980 1708 2039 nobis
1729 1980 1868 2039 facit
1891 2002 1906 2040 ι
1949 1979 2224 2057 quicquid
2253 1980 2406 2038 enim
2432 1980 2494 2038 in
2522 1988 2706 2039 morte
2735 1979 2906 2038 fuerit

493 2079 611 2117 non
621 2058 793 2119 fuerit
816 2068 1007 2117 tamen
1028 2059 1363 2137 redempti0,
1380 2060 1428 2118 si
1450 2060 1808 2120 liberationis
1825 2059 2063 2119 effectus
2084 2079 2161 2118 ex
2177 2060 2279 2118 illa
2295 2078 2412 2118 non
2429 2068 2519 2120 est
2537 2069 2785 2134 secutuS,
2799 2078 2906 2117 nec

492 2160 562 2199 ea
589 2159 651 2199 re
679 2160 809 2217 quse
838 2159 953 2198 non
980 2148 1098 2199 tam
1126 2139 1267 2198 boni
1296 2140 1477 2200 nostri
1500 2162 1674 2201 causa
1695 2140 1804 2200 fuit
1825 2160 1998 2218 quam
2028 2140 2275 2217 simplex
2303 2141 2546 2216 occasio,
2580 2140 2691 2199 Dei
2720 2139 2902 2198 chari-

490 2228 582 2279 tas
610 2219 755 2279 adeo
782 2219 1088 2297 magnifice
1116 2228 1174 2279 et
1202 2220 1501 2297 splendide
1528 2230 1701 2299 prout
1733 2242 1768 2279 a
1813 2220 2108 2297 Scriptura
2149 2220 2424 2295 innuitur,
2453 2221 2643 2296 potuit
2670 2219 2904 2278 demon·

492 2300 680 2358 strari.
764 2298 852 2357 At
878 2319 1051 2375 quam
1078 2300 1402 2357 luculenter
1427 2300 1736 2359 ineffabilis
1771 2299 1882 2357 Dei
1910 2299 2144 2357 dilectio
2172 2320 2246 2357 ex
2276 2300 2561 2358 sententia
2587 2308 2784 2358 nostra
2812 2299 2906 2359 hic

494 2397 555 2437 se
582 2377 791 2455 prodit,
822 2378 979 2454 quod
1027 2397 1157 2436 cum
1205 2397 1323 2435 non
1370 2378 1485 2435 alia
1532 2378 1887 2437 commodior
1933 2376 2340 2435 satisfactionis
2389 2386 2712 2436 occurreret
2737 2379 2904 2453 ratio,

491 2457 722 2594 gopfio
751 2456 905 2514 'Filio
921 2475 1037 2513 non
1054 2456 1311 2533 pepercit
1332 2464 1397 2515 ut
1418 2457 1585 2516 nobis
1606 2458 1800 2534 impiis
1820 2464 1880 2516 et
1907 2455 2219 2514 rebellibus
2245 2464 2521 2532 parceret,
2553 2456 2722 2515 Rom.
2753 2476 2811 2514 v.
2843 2460 2900 2532 8,

554 2556 604 2596 c.

576 2616 812 2675 XLIV.
857 2619 935 2676 3¹¹¹
965 2615 1152 2693 Argu.
1184 2614 1517 2694 suppeditat
1558 2614 1728 2674 nobis
1771 2614 2234 2674 reconciliationis
2261 2614 2407 2673 ratio
2434 2633 2610 2690 quam
2639 2613 2904 2675 Christus

498 2696 790 2756 Mediator
810 2696 1061 2755 moriens
1086 2695 1237 2754 inter
1262 2716 1369 2755 nos
1399 2704 1457 2755 et
1487 2696 1677 2755 Deum
1695 2694 1946 2755 instituit
1972 2703 2031 2753 et
2057 2694 2348 2754 firmavit:
2391 2714 2525 2752 nam
2554 2714 2630 2753 ex
2651 2714 2719 2753 eo
2748 2696 2905 2772 quod

497 2777 898 2836 reconciliasse
940 2795 1047 2835 nos
1088 2776 1214 2834 Deo
1255 2776 1468 2835 dicitur
1494 2785 1555 2835 et
1580 2774 1812 2852 quidem
1851 2794 1954 2853 per
1979 2784 2224 2833 mortem
2251 2783 2310 2833 et
2337 2775 2678 2852 sanquinem
2716 2777 2904 2853 sequi·

498 2865 593 2917 tur
620 2857 943 2917 necessario
971 2876 1105 2915 eum
1131 2856 1495 2932 satisfecisse,
1536 2854 1769 2933 quando
1805 2855 1949 2914 iram
1980 2854 2257 2914 adversus
2278 2862 2518 2933 peccata
2536 2864 2734 2915 nostra
2759 2876 2904 2915 nun-

499 2958 673 3016 quam
700 2938 988 3016 posuisset
1028 2934 1189 2996 Deus
1224 2936 1338 2995 nisi
1373 2936 1619 3014 justitiae
1658 2955 1777 2994 suae
1811 2936 2042 2995 litatum
2079 2934 2300 2994 fuisset.
2386 2934 2672 2995 Nimirum
2713 2956 2906 2995 recon-

501 3020 699 3077 ciliare
726 3017 871 3075 nihil
900 3016 1057 3075 aliud
1085 3025 1174 3076 est
1203 3036 1377 3093 quam
1404 3016 1716 3075 amicitiam
1745 3014 2060 3075 offensione
2079 3014 2248 3092 gravi
2264 3015 2605 3092 diremptam
2633 3018 2905 3077 resarcire

500 3106 561 3157 et
588 3098 671 3157 sie
698 3097 961 3156 inimicos
990 3096 1051 3153 in
1076 3096 1377 3173 pristinam
1400 3096 1765 3156 concordiam
1785 3095 2078 3155 reducere.
2131 3094 2249 3154 Hic
2266 3102 2456 3154 autem
2486 3096 2548 3154 in
2575 3098 2906 3156 memoriam

499 3176 891 3235 revocandum
919 3184 1007 3235 est
1035 3195 1234 3235 omnes
1262 3184 1553 3235 creaturas
1576 3176 1884 3235 rationales
1905 3176 2031 3234 Deo
2054 3174 2230 3233 fuisse
2253 3176 2753 3251 conjunctissimas
2775 3187 2906 3236 ante

500 3256 747 3332 lapsum,
778 3254 882 3313 sed
908 3274 1012 3330 per
1038 3256 1383 3332 apostasiam
1413 3255 1664 3314 hominis
1691 3255 1843 3315 facta
1870 3264 1960 3313 est
1987 3254 2154 3331 quasi
2179 3254 2404 3313 avulsio
2434 3264 2760 3315 creaturaea
2782 3257 2910 3316 Deo

504 3342 563 3393 et
590 3333 814 3391 aversio
855 3332 966 3390 Dei
994 3353 1030 3391 a
1057 3342 1333 3409 creatura,
1365 3334 1509 3392 adeo
1538 3342 1603 3393 ut
1630 3334 1784 3392 idem
1813 3334 1912 3393 ille
1944 3333 2106 3393 Deus
2142 3334 2242 3412 qui
2281 3334 2570 3393 hominem
2599 3354 2634 3393 a
2661 3355 2724 3394 se
2753 3357 2906 3395 crea-

502 3422 627 3473 tum
656 3411 939 3470 dilexerat
965 3420 1239 3489 tanquam
1282 3412 1484 3486 filium,
1529 3412 1820 3471 hominem
1858 3414 1984 3490 jam
2025 3412 2254 3491 lapsum
2281 3422 2339 3473 et
2368 3422 2692 3491 corruptum
2725 3416 2912 3476 oderit

503 3492 679 3572 quasi,
712 3488 1099 3570 perduellem;
1145 3492 1351 3569 Itaque
1397 3512 1513 3550 non
1553 3492 1744 3568 potuit
1779 3491 2169 3551 reconciliatio
2199 3492 2324 3552 fieri
2349 3494 2462 3551 nisi
2489 3494 2756 3571 utrinque
2791 3496 2909 3555 odii

504 3582 565 3633 et
611 3570 925 3631 inimicitiae
973 3590 1148 3629 eausa
1192 3570 1506 3645 tolleretur,
1558 3572 1687 3631 tolli
1731 3580 1924 3631 autem
1967 3592 2085 3631 non
2126 3573 2316 3650 potuit
2357 3573 2470 3631 nisi
2517 3594 2621 3651 per
2665 3584 2908 3635 mortem

508 3652 723 3714 Christi
749 3672 879 3730 quae
907 3660 965 3710 et
991 3651 1134 3709 iram
1161 3650 1414 3710 numinis
1440 3651 1694 3729 placavit
1716 3660 1774 3710 et
1792 3660 2029 3729 peccata
2048 3662 2246 3712 nostra
2262 3652 2522 3729 expiavit
2547 3674 2700 3713 :non
2719 3657 2912 3733 potuit

504 3734 721 3793 framea
746 3732 849 3789 illa
872 3731 1047 3808 ignea
1082 3751 1213 3808 quae
1254 3750 1361 3789 nos
1402 3732 1636 3791 arcebat
1662 3751 1698 3789 a
1726 3731 1840 3790 Dei
1891 3733 2214 3809 praesentia,
2247 3742 2305 3791 et
2331 3732 2550 3791 aditum
2581 3733 2656 3793 ad
2682 3736 2910 3812 paradi-

507 3835 634 3873 sum
675 3809 1113 3887 intercludebat,
1137 3811 1422 3870 removeri
1450 3820 1507 3871 et
1535 3810 1802 3889 extingui
1840 3811 1949 3871 nisi
1978 3812 2041 3869 in
2071 3812 2284 3872 Christi
2326 3814 2624 3889 sanguine.
2709 3814 2908 3893 Atque

502 3896 639 3953 hinc
681 3901 770 3952 est
812 3890 969 3969 quod
1011 3891 1228 3951 Paulus
1269 3891 1441 3949 toties
1480 3892 1964 3951 reconciliationis
1989 3892 2158 3951 istius
2183 3912 2286 3970 per
2313 3893 2652 3969 sanguinem
2698 3895 2912 3955 Christi

500 3974 669 4033 factae
698 3970 1037 4047 meminerit,
1070 3972 1238 4029 Rom.
1270 3990 1327 4030 v.
1362 3973 1453 4047 10,
1490 3974 1524 4005 “
1547 3972 1610 4031 Si
1640 3992 1768 4030 cum
1799 3972 2018 4030 inimici
2046 3991 2303 4031 essemus
2330 3973 2683 4032 reconciliati
2711 3994 2910 4035 sumus

504 4054 630 4113 Deo
646 4073 751 4131 per
765 4059 1009 4111 mortem
1026 4050 1132 4109 filii
1153 4051 1297 4127 sui‚’'
1328 4060 1386 4110 et
1429 4056 1465 4110 2
1496 4052 1627 4111 Cor.
1659 4073 1715 4110 v.
1745 4053 1835 4125 18,
1871 4053 1963 4128 19,
1989 4053 2084 4127 21,
2116 4051 2376 4111 “Omnia
2393 4062 2527 4112 sunt
2561 4074 2636 4113 ex
2656 4054 2782 4113 Deo
2810 4056 2912 4132 qui

502 4132 898 4193 reconciliavit
923 4151 1031 4191 nos
1060 4130 1172 4191 sibi
1197 4151 1302 4208 per
1326 4132 1370 4191 J
1373 4150 1535 4191 esum
1565 4132 1917 4207 Christum,''
1950 4129 2058 4191 ἕω.
2147 4131 2244 4191 Sic
2274 4132 2398 4192 Col.
2427 4132 2466 4191 i.
2496 4135 2592 4208 20,
2628 4134 2913 4195 “Placuit

504 4213 665 4273 Patri
710 4232 815 4290 per
856 4230 989 4271 eum
1032 4211 1402 4271 reconciliare
1446 4212 1640 4271 omnia
1687 4211 1797 4271 sibi
1844 4232 1984 4290 pace
2026 4230 2129 4289 per
2169 4212 2511 4290 sanguinem
2555 4213 2755 4273 Crucis
2783 4214 2912 4287 ejus

499 4292 711 4352 facta.'’
796 4292 891 4351 Ita
919 4292 1069 4370 Eph.
1099 4292 1159 4350 ii.
1194 4291 1285 4367 16,
1330 4294 1367 4325 “
1390 4292 1475 4352 Ut
1501 4300 1778 4368 utrosque
1819 4292 1880 4349 in
1919 4312 2034 4351 uno
2063 4312 2300 4370 corpore
2341 4293 2739 4353 reconciliaret
2781 4295 2910 4354 Deo

500 4392 603 4450 per
630 4392 859 4431 crucem
886 4371 1196 4449 peremptis
1222 4392 1325 4449 per
1352 4392 1477 4431 eam
1506 4370 1882 4431 inimicitiis.''

584 4450 783 4510 XLV.
828 4450 1110 4509 Caeterum
1141 4459 1206 4511 ut
1232 4452 1695 4511 reconciliationes
1722 4452 1889 4511 istius
1917 4451 2063 4512 ratio
2105 4452 2312 4511 clarior
2339 4451 2565 4528 evadat,
2598 4452 2910 4513 observan-

504 4530 643 4588 dum
686 4536 792 4603 est,
836 4531 1335 4589 reconciliationem
1364 4540 1424 4591 et
1452 4534 1578 4591 Deo
1606 4532 1792 4607 Patri,
1824 4541 1882 4591 et
1913 4532 2136 4592 Christo
2152 4532 2472 4606 mediatori,
2497 4541 2555 4591 et
2582 4533 2911 4612 ipsisfideli-

498 4612 599 4670 bus
626 4608 973 4687 quandoque
1002 4608 1194 4685 tribui,
1240 4610 1342 4668 sed
1384 4612 1491 4669 sub
1540 4610 1656 4669 alia
1699 4620 1758 4670 et
1801 4612 1914 4669 alia
1961 4610 2159 4689 σχίσας
2204 4612 2352 4671 Nam
2383 4622 2442 4672 et
2469 4612 2519 4670 is
2541 4615 2910 4673 reconciliare
