3234 5192
237 344 474 385 msrur.
506 327 709 400 xvim]
873 341 949 380 ns
980 339 1470 381 sansucrloms
1501 341 1745 381 emusri
1776 342 2093 382 vem‘rus.
2534 322 2647 378 57⁷

245 487 415 545 docet
445 488 480 518 “
501 483 792 542 Christum
821 501 926 540 nos
971 481 1246 542 dilexisse
1295 489 1353 541 et
1382 483 1635 561 seipsum
1663 503 1765 560 pro
1810 484 1979 542 nobis
2019 481 2325 542 tradidisse
2370 483 2655 560 προ-φοξαὶ,

241 577 330 625 καὶ
356 569 538 624 θυι-ια,
569 567 681 623 Θεὸ
701 570 762 629 εἰς
791 565 939 638 ὅτι-μὲν
956 561 1166 639 εὐωδίας,
1199 563 1548 622 oblationem
1571 573 1630 622 et
1653 563 1993 622 sacrificium
2024 561 2151 621 Deo
2172 563 2232 620 in
2260 560 2494 622 odorem
2520 581 2650 620 sua-

245 647 479 706 vitatis'’
510 665 613 704 seu
641 624 808 704 bonae
837 643 1153 720 fragantiae‚
1185 662 1261 702 ex
1288 642 1499 720 quibus
1520 651 1747 704 constat
1775 665 1849 704 ex
1870 653 2061 702 mente
2094 642 2261 702 Pauli
2289 641 2657 701 traditionem

248 727 464 787 Christi
491 745 595 803 pro
624 725 791 783 nobis
820 733 879 783 et
906 725 1032 800 ejus
1061 723 1410 782 oblationem
1433 743 1534 782 seu
1553 723 1895 782 sacrificium
1914 723 2253 798 coincidere,
2285 721 2371 782 At
2394 721 2657 780 Christus

251 808 503 885 seipsum
533 804 770 865 tradidit
799 824 903 882 pro
931 804 1100 862 nobis
1128 823 1303 882 quum
1335 813 1594 862 mortuus
1624 813 1712 864 est
1738 825 1843 882 pro
1864 804 2132 882 peccatis,
2168 803 2338 861 Rom.
2367 801 2445 859 iv.
2471 803 2565 876 25,
2598 810 2657 858 et

247 887 370 947 viii.
403 891 500 947 32.
548 887 616 944 Ε.
649 895 707 944 et
734 894 855 944 tum
887 884 1166 962 seipsum
1209 884 1435 942 obtulit.
1521 883 1724 962 Neque
1772 884 1867 944 hic
1910 882 2269 943 admittenda
2310 883 2660 960 glossemata

247 967 667 1042 haereticorum,
715 965 816 1043 qui
859 965 1207 1041 pertendunt
1255 984 1372 1027 non
1419 963 1535 1022 dici
1558 965 1850 1024 Christum
1900 964 2149 1042 seipsum
2201 963 2480 1022 obtulisse
2532 961 2658 1020 Deo

248 1069 353 1126 pro
382 1048 549 1106 nobis
586 1045 854 1124 quamvis
894 1043 1063 1103 multi
1109 1043 1473 1121 crediderint,
1505 1045 1643 1121 quia
1688 1044 1930 1103 verbum
1959 1043 2227 1125 παςέδωιυ
2275 1063 2391 1100 non
2421 1041 2495 1101 sit
2523 1062 2657 1100 con-

240 1127 607 1207 jungendum
631 1147 762 1184 cum
791 1145 934 1184 voce
963 1127 1260 1206 vrgao-vogin,
1291 1133 1348 1184 et
1375 1125 1486 1183 hoc
1513 1123 1756 1183 suadere
1784 1133 1908 1184 tum
1956 1124 2146 1203 ipsum
2174 1123 2415 1183 verbum
2445 1119 2660 1202 παραδι-

249 1207 399 1280 δέιαι,
431 1207 598 1284 cujus
628 1206 688 1263 in
717 1204 968 1264 victimis
997 1204 1303 1263 offerendis
1331 1204 1526 1264 nullus
1553 1203 1795 1264 sortasse
1818 1225 1958 1264 usus
1976 1205 2285 1278 invenitur,
2315 1211 2438 1262 tum
2470 1203 2659 1280 Apos-

254 1289 358 1347 toli
387 1294 654 1361 mentem,
687 1305 816 1362 quae
865 1304 934 1343 ea
981 1291 1205 1343 tantum
1252 1283 1362 1343 fuit
1412 1294 1475 1344 ut
1523 1303 1803 1344 summam
1850 1285 2188 1344 charita-tem
2228 1281 2440 1342 Christi
2470 1282 2661 1360 expri-

254 1376 436 1431 meret
463 1373 520 1424 et
549 1374 744 1442 aperte
773 1365 991 1424 diceret
1018 1365 1172 1442 quod
1203 1385 1264 1424 se
1291 1384 1396 1442 pro
1433 1365 1600 1424 nobis
1631 1365 1691 1423 in
1719 1373 1960 1424 mortem
2007 1363 2325 1440 tradiderit,
2364 1363 2521 1440 quod
2548 1383 2665 1422 non

255 1449 338 1507 ita
365 1446 748 1524 expressisset
774 1445 825 1503 si
852 1443 1097 1504 dixisset
1125 1445 1418 1506 Christum
1467 1465 1528 1504 se
1557 1445 1837 1506 obtulisse
1868 1445 1995 1504 Deo
2021 1465 2126 1523 pro
2153 1444 2339 1520 nobis,
2364 1463 2495 1502 cum
2535 1442 2665 1520 quis

257 1528 441 1606 possit
469 1547 531 1586 se
560 1525 763 1584 offerre
793 1525 920 1584 Deo
943 1517 1049 1583 ricc
1078 1534 1270 1585 tamen
1315 1525 1462 1584 mori
1486 1548 1500 1586 z
1544 1546 1777 1585 sensum
1808 1527 1879 1585 E.
1928 1525 2044 1585 loci
2090 1545 2217 1584 esse
2247 1523 2538 1584 Christum
2583 1522 2666 1581 ita

257 1627 363 1668 nos
383 1606 658 1665 dilexisse
688 1612 751 1665 ut
780 1605 1032 1683 seipsum
1059 1626 1162 1684 pro
1191 1605 1360 1665 nobis
1402 1605 1462 1664 in
1489 1615 1733 1666 mortem
1761 1605 2095 1682 tradiderit;
2142 1603 2349 1664 deinde
2378 1611 2442 1663 ut
2472 1601 2665 1682 Ephe-

261 1688 333 1748 sii
360 1686 434 1746 ad
463 1686 756 1763 singulare
782 1687 894 1745 hoc
937 1685 1160 1745 facinus
1190 1685 1403 1746 Christi
1446 1685 1787 1746 imitandum
1838 1687 2025 1764 magis
2073 1683 2537 1758 accenderentur,
2568 1703 2672 1760 per

257 1768 658 1846 appositionem
711 1767 1080 1844 subjunxisse
1134 1767 1285 1826 hanc
1335 1765 1549 1826 Christi
1603 1767 1875 1826 eximiam
1920 1766 2275 1842 charitatem,
2322 1766 2434 1824 hoc
2488 1764 2671 1842 ipsius

259 1849 560 1928 egregium
579 1867 724 1924 opus
746 1846 923 1907 fuisse
945 1846 1294 1906 oblationem
1319 1855 1376 1906 et
1403 1847 1653 1906 hostiam
1674 1848 2080 1926 gratissimam,
2101 1847 2272 1924 plane
2300 1853 2384 1920 ut,
2416 1843 2567 1902 Phil.
2588 1844 2667 1902 iv.

265 1931 357 2004 18,
384 1927 455 1986 de
473 1927 852 1985 beneficentia
873 1934 931 1985 et
953 1926 1320 2004 eleemosyna
1342 1924 1801 2004 Philippensium
1825 1928 2085 2004 loquenS,
2107 1926 2265 2001 dicit,
2289 1927 2325 1958 “
2344 1945 2467 1983 eam
2492 1923 2671 1982 fuisse

259 2008 322 2066 in
351 2007 584 2066 odorem
615 2007 919 2066 suavitatis
961 2007 1210 2064 hostiam
1261 2013 1572 2082 acceptam,
1619 2006 1944 2082 placentem
1981 2007 2164 2080 De0‚'‘
2208 2007 2404 2080 itaque
2454 2023 2569 2062 non
2599 2003 2671 2062 de

262 2087 554 2147 oblatione
582 2087 854 2162 corporiS‚
887 2082 989 2142 sed
1017 2083 1476 2162 praestantissimi
1505 2085 1643 2142 sacti
1670 2085 1801 2161 agi3
1833 2087 1916 2144 sie
1949 2085 2193 2143 Socinus
2221 2093 2280 2142 et
2310 2083 2548 2142 Volkel.

344 2165 565 2224 XXV.
613 2164 729 2222 Sed
759 2164 1148 2240 impudentem
1192 2163 1363 2222 istam
1399 2163 1513 2222 loci
1543 2164 1925 2241 corruptelam
1974 2164 2069 2221 vel
2100 2163 2224 2221 sola
2250 2162 2558 2221 verborum
2587 2162 2673 2220 in-

265 2245 483 2324 spectio
511 2243 721 2302 evertit
750 2266 764 2318 ;
811 2243 961 2301 Nam
989 2263 1166 2319 quum
1207 2241 1416 2320 Apost.
1447 2243 1602 2302 dicat
1650 2243 1903 2321 seipsum
1930 2241 2236 2304 tradidisse
2267 2247 2548 2327 προσφοςιὶν
2586 2247 2676 2302 καὶ

259 2326 442 2385 θυσίαν
473 2329 600 2400 Θεᾷ,
623 2324 752 2400 quis
776 2343 891 2381 non
915 2323 1154 2400 colligat
1173 2323 1464 2383 Christum
1488 2324 1741 2401 seipsum
1759 2324 1820 2382 in
1849 2323 2197 2384 oblationem
2220 2333 2279 2384 et
2296 2323 2544 2384 hostiam
2562 2333 2673 2384 tra-

264 2407 528 2466 didisse?
569 2413 668 2463 aut
696 2424 824 2482 quae
853 2404 968 2463 alia
992 2405 1146 2462 θυσίαι
1182 2413 1242 2463 et
1270 2407 1527 2486 aegoccpogA
1575 2403 1671 2462 hic
1698 2405 1843 2482 fingi
1889 2404 2099 2483 poterit
2129 2404 2257 2464 Deo
2304 2404 2473 2478 facta,
2504 2424 2679 2481 quam

267 2488 357 2546 sui
401 2485 600 2565 ipsiu5‚
633 2485 891 2562 adeoque
935 2505 1004 2544 ea
1030 2485 1156 2563 ipsa
1200 2483 1272 2544 de
1302 2506 1417 2563 qua
1461 2486 1634 2546 toties
1662 2484 1738 2545 ad
1787 2485 1969 2545 Hebr.
2000 2485 2067 2544 fit
2108 2485 2372 2544 mentio?
2414 2485 2577 2543 Nihil
2606 2487 2675 2545 E.

265 2568 361 2626 hic
384 2587 531 2644 opus
548 2565 797 2644 ellipsim
827 2566 1130 2641 somniare,
1163 2565 1540 2644 supplendam
1588 2586 1693 2644 per
1718 2567 1843 2626 haec
1892 2565 2088 2641 verba,
2119 2587 2314 2644 nempe
2342 2567 2400 2624 ἰη
2427 2575 2677 2640 mortem,

268 2668 445 2726 quum
491 2667 676 2707 sermo
730 2646 897 2704 Pauli
945 2647 1020 2706 sit
1064 2647 1208 2706 adeo
1257 2647 1482 2724 planus,
1534 2666 1650 2724 quo
1698 2647 1903 2722 innuit,
1943 2665 2059 2704 non
2116 2647 2471 2706 traditionem
2500 2647 2683 2722 ipsa-m

268 2727 446 2787 fuisse
469 2727 818 2786 oblationem
847 2726 1007 2784 illam
1037 2734 1095 2785 et
1135 2726 1448 2800 victimam,
1491 2725 1594 2786 sed
1626 2725 1911 2785 Christum
1958 2725 2147 2802 ipsum
2196 2727 2483 2801 traditum,
2526 2727 2713 2802 unde·

270 2828 387 2867 non
415 2807 655 2865 dubium
705 2813 793 2864 est
841 2806 1018 2882 loqui,
1049 2825 1165 2863 non
1195 2807 1266 2864 de
1312 2804 1774 2882 praestantissimi
1816 2805 1956 2864 facti
1982 2811 2225 2869 tantum,
2256 2805 2358 2864 sed
2398 2805 2471 2863 de
2500 2805 2683 2881 ipsius

272 2887 528 2963 corporis
557 2884 846 2942 oblatione
872 2906 885 2942 :
931 2885 1012 2943 ita
1059 2884 1415 2944 divelluntur
1457 2883 1881 2960 conjungenda,
1912 2884 2078 2960 quasi
2106 2883 2347 2940 verbum
2376 2881 2623 2964 ποιςέδυκι
2650 2906 2687 2943 a

271 2986 416 3024 voce
439 2967 718 3044 aegowogab
741 2963 1160 3041 sejungendum
1183 2973 1352 3038 esset,
1372 2983 1551 3040 quum
1568 2983 1661 3021 res
1683 2963 1809 3040 ipsa
1826 2963 2031 3021 doceat
2051 2963 2519 3039 conjungendum
2538 2985 2682 3040 esse,

274 3065 382 3104 nec
399 3042 558 3102 aliud
585 3043 828 3101 verbum
858 3051 1121 3102 occurrat
1149 3063 1264 3120 quo
1294 3051 1564 3120 regatur;
1609 3061 1727 3100 non
1756 3041 1897 3102 dicit
1925 3042 2261 3119 simpliciter
2287 3071 2331 3102 π
2394 3040 2548 3120 ἔδωκα,
2582 3044 2683 3104 sed

273 3129 437 3184 ἑαυτὸν
466 3119 710 3204 raginus
759 3118 1040 3203 πςοσ-φοςᾶι
1093 3128 1184 3181 καὶ
1220 3122 1420 3196 θυσίαι,
1465 3142 1594 3199 quae
1634 3123 1728 3180 vel
1768 3123 1991 3181 nullum
2036 3142 2269 3182 sensum
2298 3125 2374 3182 ha
2416 3133 2531 3200 ent,
2590 3126 2687 3185 vel

275 3208 448 3280 hunc,
481 3204 618 3262 nim.
665 3203 956 3262 Christum
986 3203 1237 3280 seipsum
1266 3203 1327 3260 in
1355 3201 1650 3261 victimam
1680 3209 1738 3262 et
1766 3203 2114 3262 oblationem
2165 3205 2505 3265 tradidisse:
2553 3205 2687 3265 Non

280 3287 350 3345 E.
394 3293 619 3344 tantum
661 3283 898 3342 innuere
938 3283 1126 3342 voluit
1169 3282 1378 3361 Apost.
1423 3283 1715 3344 Christum
1754 3283 1835 3342 ita
1882 3303 1988 3341 nos
2038 3283 2311 3344 dilexisse
2341 3295 2407 3346 ut
2434 3286 2687 3364 seipsum

279 3386 384 3445 pro
412 3364 580 3424 nobis
609 3363 908 3423 tradiderit
937 3363 1286 3422 oblationem
1323 3372 1382 3423 et
1410 3363 1704 3422 victimam
1736 3364 1881 3424 De0.
1968 3363 2045 3424 Et
2087 3385 2223 3424 sane
2253 3365 2304 3425 si
2332 3369 2561 3428 traditio
2588 3389 2692 3446 per

281 3447 704 3524 appositionem,
757 3452 820 3503 ut
847 3443 959 3521 ipsi
1006 3444 1335 3522 loquuntur,
1367 3445 1570 3506 oblatio
1618 3444 1845 3520 dicitur,
1898 3451 1955 3504 et
2005 3445 2237 3504 traditio
2279 3447 2389 3506 fuit
2438 3449 2693 3525 corporis

283 3537 343 3586 et
369 3547 650 3603 personae,
680 3544 796 3582 non
837 3524 975 3583 facti
1003 3533 1244 3598 tantum,
1277 3525 1380 3584 sed
1407 3545 1669 3602 personae
1709 3525 1893 3602 ipsius
1920 3525 2138 3585 oblatio
2178 3526 2559 3604 intelligenda
2584 3537 2689 3604 est,

281 3616 349 3666 ut
390 3606 529 3664 alibi
570 3605 784 3683 passim
828 3605 1042 3664 mentio
1085 3605 1152 3664 fit
1192 3605 1499 3665 oblationis
1528 3606 1618 3666 sui
1660 3607 1859 3683 ipsius.
1946 3605 2115 3680 Quod
2152 3605 2223 3664 de
2253 3608 2433 3666 verbo
2475 3608 2691 3689 πκςαδι-

283 3685 415 3744 Bo'm
439 3684 687 3760 additur,
719 3705 911 3744 rarum
954 3685 1225 3743 nimirum
1274 3694 1332 3744 et
1359 3685 1655 3744 insolitum
1684 3705 1811 3745 esse
1849 3685 1910 3742 in
1954 3685 2267 3762 sacrificiiS,
2319 3688 2694 3764 impertinens

287 3774 413 3841 est;
459 3785 592 3822 nam
621 3765 861 3824 verbum
889 3766 1000 3824 hoc
1029 3765 1324 3825 sacrificiis
1344 3765 1645 3825 brutorum
1674 3766 1807 3825 Vct.
1854 3765 2010 3825 Test.
2042 3766 2315 3845 applicari
2346 3787 2458 3826 non
2490 3769 2697 3846 potuit,

289 3845 575 3922 siquidem
605 3845 774 3903 bruta
803 3854 966 3904 erant
994 3866 1124 3924 quse
1151 3843 1527 3905 trahebantur
1553 3845 1629 3904 ad
1651 3845 2010 3921 sacrificium,
2036 3867 2152 3904 non
2180 3867 2320 3905 vero
2348 3847 2475 3925 ipsa
2504 3868 2565 3906 se
2589 3849 2695 3908 sis-

289 3927 490 3986 tebant
517 3933 576 3984 et
604 3924 906 3984 tradebant
935 3934 1155 4003 sponte,
1210 3925 1295 3984 At
1325 3926 1587 3984 Christus
1630 3926 1881 4003 seipsum
1926 3924 2198 4002 tradidit3
2246 3927 2451 4003 Itaque
2482 3929 2700 3988 Paulus

291 4008 402 4065 hoc
429 4006 800 4064 memorabile
830 4005 1138 4065 discrimen
1167 4005 1450 4083 attingere
1479 4005 1668 4064 voluit
1707 4007 1856 4064 inter
1884 4005 2227 4068 sacrificium
2258 4006 2471 4066 Christi
2499 4017 2559 4067 et
2588 4009 2698 4068 Le-

292 4086 488 4160 vitica,
520 4093 692 4162 atque
721 4106 789 4144 eo
818 4087 1004 4164 magis
1033 4085 1330 4144 charitatis
1369 4086 1494 4162 ejus
1521 4085 1912 4163 praestantiam
1962 4085 2259 4146 extollere.
2346 4087 2515 4161 Quod
2562 4109 2703 4148 vero

296 4165 604 4242 subjicitur
647 4175 938 4243 postremo
994 4166 1066 4224 de
1114 4167 1262 4242 loco,
1295 4165 1446 4225 Phil.
1494 4165 1572 4223 iv.
1608 4165 1699 4240 18,
1730 4165 1872 4224 nihil
1926 4165 2100 4225 habet
2145 4187 2276 4225 cum
2338 4166 2451 4226 isto
2496 4169 2699 4244 simile,

295 4266 428 4303 nam
458 4245 838 4304 beneficentia
882 4255 940 4305 et
978 4247 1345 4324 eleemosyna
1375 4245 1833 4324 Philippensium
1890 4245 2102 4305 dicitur
2130 4247 2314 4305 Paulo
2343 4251 2465 4322 ὄσμὺ
2512 4247 2707 4314 εὐωδίαις

293 4322 638 4396 Svcloe2mr31‚
673 4324 798 4402 Sco„
832 4326 934 4384 sed
978 4346 1094 4385 non
1144 4325 1414 4386 dicuntur
1432 4326 1835 4403 Philippenses
1870 4345 1931 4384 se
1973 4326 2131 4403 ipsos
2176 4327 2404 4386 dedisse
2448 4333 2595 4405 ὂσμὲν
2634 4333 2705 4388 εὖ·

297 4404 444 4472 υδίας
469 4429 483 4482 ;
529 4414 593 4465 ut
623 4405 886 4466 Christus
915 4406 1130 4466 dicitur
1166 4406 1416 4486 seipsum
1458 4407 1783 4481 tradidisse,
1814 4406 2009 4484 itaque
2056 4415 2328 4484 peccatur
2353 4407 2582 4468 fallacia
2608 4431 2709 4488 pa-

297 4489 466 4562 rium,
498 4507 604 4545 nos
633 4495 693 4546 et
720 4507 894 4564 opera
921 4495 1118 4546 nostra
1147 4507 1344 4545 sumus
1370 4487 1559 4547 bonus
1576 4487 1736 4562 odor,
1769 4487 1869 4546 sed
1898 4486 1957 4544 in
1988 4487 2235 4564 Christe,
2267 4489 2405 4566 quia
2422 4493 2713 4566 placemus

301 4569 693 4663 Deo-propter
741 4568 946 4646 ipsum,
984 4567 1248 4626 Christus
1275 4587 1414 4625 vero
1463 4569 1598 4644 quia
1638 4570 1840 4645 placat
1880 4567 2069 4645 ipsum
2121 4567 2327 4644 Deum,
2359 4569 2458 4629 ille
2501 4591 2605 4649 per
2632 4593 2711 4648 se,

300 4669 408 4709 nos
438 4669 498 4707 111
526 4669 671 4727 ipso,

2361 4735 2477 4790 ‘20
