3234 5192
289 349 522 393 msrur.
553 329 712 410 ιιι]
917 349 996 388 ns
1025 345 1500 388 sarrsrac‘noms
1527 345 1767 388 cnms'rr
1792 347 2112 388 venimus.
2590 331 2709 390 605

290 511 488 572 presse
534 490 805 551 statuitur
831 489 906 548 ab
935 489 1145 568 Apost.
1173 495 1240 548 ut
1286 488 1496 548 mirum
1533 489 1610 548 sit
1654 489 1763 548 hoc
1790 489 1853 547 in
1886 489 2135 548 ‘dubium
2164 509 2201 548 a
2226 489 2477 567 quodam
2520 491 2711 550 adhuc

295 572 575 632 revocari.
641 571 792 630 Nam
823 570 978 629 Heb.
1006 569 1089 629 ix.
1119 571 1176 645 9,
1227 568 1443 629 diserte
1485 577 1733 629 testatur
1780 569 1935 628 dona
1972 578 2033 629 et
2080 570 2301 630 hostias
2328 570 2553 630 oblatas
2581 591 2711 631 esse

291 673 422 730 quae
442 671 560 710 non
587 659 900 730 potuerunt
934 653 1074 710 κατὰ
1094 647 1348 713 συνείδησιν
1371 653 1623 708 τοιαῦτα
1644 655 1723 708 τὶν
1742 649 2101 730 &argutio-arm,
2122 658 2181 709 et
2207 651 2391 710 fusius
2413 670 2536 727 cap.
2560 671 2636 729 x„
2656 655 2707 728 1,

296 740 351 809 2,
385 737 440 808 3,
471 736 528 808 4,
561 735 616 807 5,
649 731 750 791 ubi
778 731 956 790 variis
983 731 1302 790 rationibus
1323 731 1433 789 hoc
1461 731 1651 808 ipsum
1680 731 1889 808 probat
1914 751 2045 808 quse
2092 729 2169 789 ad
2196 729 2312 790 duo
2360 731 2551 808 capita
2576 751 2709 808 pos-

296 822 432 872 sunt
458 812 675 872 referri.
721 811 892 871 Prius
921 812 1183 888 legalium
1209 812 1522 869 hostiarum
1548 811 1933 888 impotentiam
1980 810 2168 886 docet,
2198 811 2487 888 posterius
2513 815 2709 870 volun·

298 903 468 953 tatem
494 902 548 952 et
573 893 940 972 definitionem
973 891 1221 950 divinam
1257 890 1534 949 declarat.
1599 891 1939 950 Hostiarum
1985 891 2265 968 legalium
2312 891 2710 968 impotentiam

297 975 484 1033 tribus
511 973 832 1032 rationibus
859 971 1090 1046 evincit,
1121 990 1238 1030 una
1286 971 1559 1047 generali,
1590 979 1652 1030 et
1698 971 1925 1030 duabus
1972 972 2339 1050 specialibus.
2406 972 2709 1032 Generalis

299 1055 516 1132 petitur
543 1074 578 1111 a
603 1052 754 1130 legis
782 1051 1214 1126 caemmmialis,
1245 1061 1304 1109 et
1325 1052 1643 1111 hostiarum
1682 1051 1799 1110 fine
1822 1073 1836 1128 3
1884 1055 1919 1086 ‘⁵
1944 1052 2133 1129 quia,”
2163 1052 2369 1130 inquit,
2412 1055 2447 1086 ‘⁴
2464 1052 2717 1111 habebat

297 1135 563 1193 umbram
580 1132 904 1192 futurorum
921 1133 1220 1207 bonorum,
1241 1151 1360 1190 non
1385 1140 1578 1192 autem
1609 1151 1943 1210 expressam
1964 1151 2154 1192 rerum
2176 1133 2545 1210 imaginem.”
2575 1132 2714 1192 Sive

301 1215 456 1272 enim
484 1215 740 1271 umbram
777 1213 1172 1290 intelligamus
1219 1215 1541 1270 natm-alem
1589 1231 1720 1289 quse
1749 1211 1989 1290 imagini
2017 1213 2328 1288 essentiali,
2360 1211 2437 1271 id.
2470 1213 2713 1290 corpori,

303 1293 626 1372 opponitur,
658 1312 772 1369 quo
803 1313 976 1352 sensu
1002 1300 1328 1370 usurpatur,
1355 1293 1478 1350 Col.
1508 1293 1568 1351 ii.
1596 1295 1689 1367 17,
1716 1293 1839 1352 sive
1857 1294 2223 1372 artificialem,
2246 1294 2305 1351 h.
2329 1312 2379 1352 e.
2409 1292 2613 1352 rudem
2632 1293 2719 1352 rei

305 1373 800 1432 adumbrationem
829 1381 888 1431 et
915 1372 1359 1432 delineationem
1404 1393 1535 1450 quse
1563 1373 1873 1450 opponitur
1919 1373 2160 1451 imagini
2206 1393 2397 1432 rerum
2426 1390 2717 1452 expressae

306 1463 366 1513 et
392 1453 547 1511 vivis
575 1452 696 1512 suis
725 1452 1016 1512 coloribus
1043 1461 1472 1528 consummatae,
1503 1452 1793 1530 quomodo
1820 1453 2071 1531 pictores
2097 1454 2325 1513 vultum
2354 1453 2602 1530 alicujus
2626 1473 2717 1514 re·

307 1533 709 1612 praesentaturi
737 1533 984 1592 carbone
1012 1533 1262 1611 primum
1283 1552 1508 1592 summa
1535 1533 1757 1593 ducunt
1782 1533 2133 1592 lineamenta
2160 1534 2373 1611 quibus
2400 1535 2600 1594 vultus
2626 1543 2721 1594 ut-

307 1633 534 1691 cunque
560 1621 1004 1698 repraesentatur
1031 1621 1090 1672 et
1117 1614 1452 1690 agnoscitur
1478 1613 1731 1692 quidem,
1764 1613 1867 1672 sed
1895 1614 2139 1673 obscure
2186 1623 2247 1673 et
2274 1614 2528 1690 eonfiise,
2578 1633 2719 1673 mox

307 1695 463 1752 vivis
493 1695 783 1754 coloribus
809 1693 1056 1754 invectis
1084 1693 1242 1753 εἰκόνα
1285 1713 1618 1772 expressam
1670 1694 1892 1753 scilicet
1928 1694 2241 1770 imaginem
2286 1694 2559 1772 effigiant,
2590 1715 2720 1772 quse

308 1775 536 1834 vultum
565 1774 857 1852 depictum
885 1774 960 1833 ad
989 1776 1192 1834 vivum
1217 1783 1592 1852 repraesentat
1615 1797 1631 1852 ς
1684 1775 1825 1850 sive,
1848 1774 2099 1852 inquam,
2132 1775 2233 1834 illo
2262 1773 2387 1834 sive
2414 1776 2527 1834 hoc
2548 1794 2721 1834 sensu

307 1875 514 1914 vocem
555 1855 774 1913 umbrae
803 1875 1114 1930 sumamus,
1145 1874 1474 1932 quanquam
1503 1854 1877 1914 verisimilius
1904 1863 1994 1914 est
2032 1853 2381 1932 Apostolum
2430 1855 2505 1914 ad
2532 1863 2723 1934 poste-

310 1935 518 1993 riorem
547 1935 892 2012 respexisse,
941 1934 1156 1994 veritas
1205 1948 1432 2012 semper
1477 1933 1681 1994 eadem
1730 1943 1925 1994 manet
1949 1956 1963 1994 ε
2008 1934 2177 2009 Quod
2220 1936 2427 1994 umbra
2469 1945 2574 2012 est,
2604 1955 2725 1994 non

311 2023 506 2074 autem
535 2015 746 2091 image,
776 2015 876 2072 vel
902 2033 1112 2090 corpus
1139 2014 1328 2090 ipsum
1365 2015 1466 2088 rei,
1496 2033 1614 2072 non
1642 2022 1835 2090 potest
1880 2014 2250 2073 accedentem
2278 2015 2570 2090 perficere.
2639 2014 2727 2074 At

309 2095 516 2154 hostiae
533 2094 752 2170 legales
779 2093 1012 2152 fuerunt
1037 2101 1262 2151 tantum
1292 2093 1526 2166 umbrae,
1549 2113 1690 2169 ergo
1708 2112 1824 2150 non
1852 2101 2118 2171 poterant
2144 2093 2485 2153 aecedentes
2514 2094 2724 2152 sancti·

311 2173 500 2248 ficare,
521 2181 580 2231 et
606 2193 709 2249 per
737 2191 1096 2249 consequens
1121 2191 1228 2230 nec
1273 2172 1508 2249 expiare
1535 2191 1644 2230 nec
1688 2171 2017 2230 satisfacere
2044 2179 2327 2250 poterant,
2379 2173 2537 2250 quod
2579 2193 2725 2251 prae·

311 2253 544 2330 cipuum
563 2252 671 2312 fuit
699 2261 758 2311 et
785 2251 1116 2328 primarium
1145 2271 1221 2310 ex
1246 2249 1457 2312 futuris
1483 2251 1652 2311 bonis
1674 2252 1735 2310 in
1764 2252 1837 2310 N.
1866 2252 1935 2311 Τ.
1966 2251 2314 2312 obtinendis.

397 2333 624 2390 XXII.
671 2331 940 2392 Secunda
965 2332 1113 2392 ratio
1145 2332 1412 2410 specialis
1461 2341 1550 2392 est
1594 2333 1669 2392 ab
1712 2334 2052 2392 oblaaonum
2093 2333 2335 2392 istarum
2364 2334 2688 2410 repetitione
2708 2356 2730 2393 .·

312 2415 424 2472 hoc
451 2413 644 2472 modo.
730 2412 871 2487 Quae
897 2413 1104 2472 hostiae
1133 2413 1381 2492 singulis
1428 2413 1596 2473 annis
1634 2414 1916 2474 iterantur
1973 2433 2090 2472 non
2116 2420 2362 2491 possunt
2388 2413 2731 2474 accedentes

313 2493 564 2553 cultores
594 2493 968 2571 sanctificare,
998 2493 1146 2553 ratio
1175 2494 1602 2572 consequentiae
1617 2493 1926 2554 manifesta
1954 2503 2058 2572 est,
2090 2495 2227 2572 quia
2256 2495 2305 2554 si
2332 2493 2726 2572 perfecissent,

313 2575 617 2634 iteratione
645 2573 1040 2634 anniversaria
1067 2595 1212 2652 opus
1239 2595 1358 2634 non
1393 2575 1615 2652 fuisset,
1650 2574 1752 2634 sed
1780 2583 2029 2653 peractae
2071 2575 2251 2634 semel
2278 2575 2588 2635 desiissent
2630 2575 2731 2634 de-

313 2656 514 2734 inceps
541 2655 751 2731 offerri,
775 2676 909 2715 nam
949 2655 1336 2715 sacrificantes
1386 2657 1566 2716 semel
1584 2655 1817 2732 purgati
1834 2655 2125 2714 nullorum
2152 2663 2517 2731 peccatorum
2545 2655 2733 2714 reatui

315 2736 563 2814 amplius
582 2735 825 2795 fuissent
841 2735 1098 2794 obnoxii.
1123 2735 1208 2794 At
1229 2736 1538 2812 quotannis
1557 2735 1945 2794 sacrificantes
1964 2734 2219 2811 sublege
2237 2743 2601 2810 peccatorum
2620 2734 2731 2793 sibi

315 2823 481 2874 erant
517 2816 751 2890 conscii,
784 2816 922 2892 quia
975 2816 1038 2872 in
1065 2815 1138 2873 iis
1187 2815 1472 2874 confessio
1529 2815 1818 2890 generalis
1870 2821 2239 2890 peccatorum
2294 2813 2484 2872 denuo
2512 2813 2687 2871 fiebat
2710 2836 2725 2890 ;

313 2893 468 2952 unde
497 2894 722 2970 colligit
751 2894 959 2970 Apost.
989 2913 1108 2952 non
1135 2893 1392 2970 potuisse
1405 2895 1799 2971 expiationem
1827 2912 1931 2970 per
1956 2893 2070 2952 ista
2096 2911 2259 2950 sacra
2286 2893 2497 2969 saepius
2524 2892 2731 2952 iterata

315 2973 629 3050 expectari,
661 2993 780 3032 ver.
811 2978 866 3048 2,
899 2977 955 3049 3,
989 2977 1026 3006 ‘⁴
1051 2973 1292 3049 Alioqui
1317 2993 1436 3032 non
1473 2972 1783 3031 desiissent
1809 2971 2016 3046 offerri,
2048 2978 2349 3048 propterea
2366 2971 2523 3048 quod
2552 2974 2725 3031 sacri·

315 3053 556 3111 ficantes
585 3053 764 3110 semel
790 3053 1022 3130 purgati
1069 3052 1360 3111 nullorum
1391 3061 1758 3130 peccatorum
1808 3051 2056 3128 amplius
2100 3059 2295 3110 essent
2338 3051 2448 3110 sibi
2491 3051 2725 3130 conscii,

319 3132 404 3190 At
429 3132 491 3189 in
520 3132 650 3190 istis
675 3133 918 3209 repetita
945 3132 1012 3191 fit
1037 3132 1254 3190 mentio
1282 3141 1647 3209 peccatorum
1670 3130 2037 3208 quotannis.”
2098 3131 2275 3190 Dices
2320 3131 2467 3191 forte
2495 3151 2611 3191 non
2640 3133 2730 3191 vi-

316 3212 442 3272 deri
467 3213 749 3271 rationem
776 3214 926 3271 hanc
953 3231 1136 3289 usque
1165 3211 1310 3270 adeo
1339 3212 1579 3286 firmam,
1611 3211 1749 3288 quia
1776 3211 2033 3289 quotidie
2076 3211 2495 3272 confessionem
2522 3233 2725 3292 pecca-

317 3303 506 3352 torum
533 3291 793 3368 facimus,
823 3312 994 3351 nemo
1021 3302 1214 3352 tamen
1235 3291 1451 3352 dixerit
1477 3312 1546 3352 ea
1571 3292 1827 3352 nondum
1854 3313 1959 3370 per
1986 3292 2275 3352 Christum
2320 3311 2445 3352 esse
2474 3294 2725 3372 expiata.

317 3373 514 3452 Resp.,
544 3373 724 3432 Aliud
745 3393 872 3432 esse
895 3373 1312 3432 confessionem
1332 3373 1520 3435 facere
1547 3381 1913 3451 peccatorum
1953 3372 2306 3453 simpliciter,
2326 3373 2485 3432 aliud
2503 3374 2725 3434 confes-

319 3455 538 3514 sionem
569 3454 755 3513 facere
783 3454 844 3511 in
872 3461 932 3512 et
959 3473 1090 3513 cum
1125 3454 1415 3513 oblatione
1463 3454 1711 3532 alicujus
1740 3453 2022 3530 sacrificii,
2052 3453 2213 3532 prius
2259 3473 2376 3512 non
2404 3454 2577 3513 infert
2622 3475 2725 3514 ne-

317 3536 607 3612 gationem
639 3533 986 3611 expiationis
1033 3533 1218 3608 factae,
1247 3534 1352 3593 sed
1399 3543 1620 3594 tantum
1674 3533 1945 3613 supponit
1992 3534 2393 3593 necessitatem
2438 3535 2725 3594 continuae

317 3613 719 3691 applicationis
755 3613 924 3674 istius
971 3615 1238 3674 beneficii
1279 3614 1356 3673 ad
1399 3615 1669 3674 solatium
1712 3623 1990 3688 nostrum,
2038 3614 2141 3673 sed
2176 3613 2462 3692 posterius
2492 3615 2725 3674 omnino

319 3714 446 3752 eam
475 3694 722 3768 evincit;
751 3703 818 3754 ut
844 3693 946 3772 qui
973 3694 1186 3754 fatetur
1211 3694 1470 3755 debitum
1499 3703 1559 3755 et
1581 3695 1753 3754 simul
1782 3695 2127 3754 solutionem
2155 3694 2338 3769 offert,
2370 3714 2439 3752 eo
2464 3695 2593 3772 ipso
2620 3716 2724 3772 ag-

317 3774 508 3832 noscit
533 3773 790 3833 nondum
817 3775 1174 3852 persolutum
1202 3795 1348 3851 esse,
1379 3776 1462 3835 sic
1491 3776 1593 3852 qui
1636 3775 1943 3834 confitetur
1980 3783 2281 3852 peccatum
2309 3781 2369 3832 et
2396 3774 2722 3834 confitendo

317 3873 422 3931 pro
453 3854 713 3930 ejusdem
743 3855 1072 3949 expiatione
1102 3855 1445 3914 sacrificium
1473 3855 1657 3930 offert,
1690 3855 1922 3913 omnino
1970 3855 2141 3932 plene
2168 3875 2271 3932 pro
2292 3855 2419 3932 ipso
2465 3855 2721 3915 satisfac-

318 3942 442 3994 tum
471 3933 728 3993 nondum
757 3935 934 3994 fuisse
982 3935 1214 3994 credere
1263 3955 1324 3994 se
1369 3935 1759 4011 demonstrat3
1802 3935 1887 3995 ita
1912 3935 2175 4009 Veteres,
2207 3934 2451 4011 quinon
2500 3942 2723 3994 tantum

318 4013 740 4074 confitebantur
787 4035 894 4074 sua
933 4023 1187 4092 peccata,
1234 4016 1523 4092 quomodo
1571 4025 1632 4075 et
1658 4035 1766 4075 nos
1792 4015 2051 4094 qnotidie
2096 4014 2282 4073 facere
2321 4015 2589 4090 solemus,
2622 4016 2727 4076 sed

317 4093 646 4154 confitendo
667 4095 1083 4172 sacrificabant,
1115 4115 1184 4154 eo
1212 4097 1339 4174 ipso
1375 4095 1867 4175 imperfectionem
1914 4103 1973 4154 et
2000 4091 2274 4171 ἁὶωιιμιίιν
2317 4094 2725 4154 sacrificiorum
2758 4163 2763 4174 ι

319 4194 554 4234 suorum
584 4175 724 4234 satis
751 4175 1090 4252 prodebant.

399 4255 663 4313 XXIII.
707 4255 904 4314 Tertia
929 4256 1077 4316 ratio
1103 4257 1320 4334 petitur
1339 4277 1374 4316 a
1391 4265 1596 4316 natura
1614 4257 1715 4331 rei,
1735 4275 1856 4316 ver.
1882 4258 1936 4330 4,
1960 4255 1997 4288 “
2019 4254 2365 4332 Impossible
2382 4263 2473 4314 est
2492 4256 2728 4333 sangui-

316 4355 450 4394 nem
477 4341 772 4394 taurorum
803 4343 861 4395 et
887 4335 1176 4398 hircorum
1204 4338 1425 4396 auferre
1451 4337 1747 4414 peccata.''
1792 4335 2240 4412 Impossibilitas
2286 4344 2478 4394 autem
2526 4336 2639 4394 ista
2667 4337 2729 4396 s'e

317 4423 478 4474 tenet
505 4424 628 4474 tum
659 4435 734 4474 ex
761 4424 922 4492 parte
949 4417 1174 4493 sulp'ecti
1196 4417 1354 4496 quod
1380 4418 1769 4496 expiationem
1795 4415 1984 4475 facere
2028 4423 2271 4493 tenetur,
2300 4425 2425 4474 tum
2464 4436 2539 4475 ex
2566 4426 2729 4494 parte

315 4495 515 4574 objecti
552 4495 648 4556 cui
695 4495 1012 4556 satisfactio
1053 4497 1382 4575 praestanda
1417 4505 1522 4573 est,
1553 4507 1679 4557 tum
1722 4518 1799 4556 ex
1841 4503 2004 4576 parte
2048 4517 2232 4556 cauete
2272 4498 2575 4556 mritomae
2614 4499 2729 4563 sive

309 4577 549 4654 peccati,
573 4597 678 4655 pro
707 4597 824 4654 quo
853 4576 1168 4637 satisfactio
1197 4577 1388 4637 danda
1415 4577 1541 4639 suit.
1589 4581 1643 4637 1.
1674 4579 1771 4636 Ex
1798 4585 1961 4656 parte
1988 4579 2225 4655 suffecti,
2254 4587 2553 4657 peccatum
2576 4580 2729 4642 enim

321 4658 383 4717 in
411 4657 613 4718 eadem
642 4665 850 4752 natura
875 4658 1099 4735 expiari
1135 4657 1353 4737 debuit,
1383 4658 1452 4734 in
1492 4677 1608 4740 qua
1656 4658 2027 4719 commissum
2071 4659 2195 4738 fuit,
2227 4662 2402 4720 homo
2446 4663 2727 4740 peccavit,
