<?xml version="1.0" encoding="UTF-8"?>
<!DOCTYPE html PUBLIC "-//W3C//DTD XHTML 1.0 Transitional//EN"
    "http://www.w3.org/TR/xhtml1/DTD/xhtml1-transitional.dtd">
<html xmlns="http://www.w3.org/1999/xhtml" xml:lang="en" lang="en">
 <head>
  <title>
</title>
<meta http-equiv="Content-Type" content="text/html;charset=utf-8" />
  <meta name='ocr-system' content='tesseract 3.04.00' />
  <meta name='ocr-capabilities' content='ocr_page ocr_carea ocr_par ocr_line ocrx_word'/>
</head>
<body>
  <div class='ocr_page' id='page_1' title='image "./denecessariasec00turrgoog_0113.png"; bbox 0 0 3234 5192; ppageno 0'>
   <div class='ocr_carea' id='block_1_1' title="bbox 250 374 2684 457">
    <p class='ocr_par' dir='ltr' id='par_1_1' title="bbox 250 374 2684 457">
     <span class='ocr_line' id='line_1_1' title="bbox 250 374 2684 457; baseline -0 -22"><span class='ocrx_word' id='word_1_1' title='bbox 250 396 488 437; x_wconf 69' lang='lat' dir='ltr'><strong>nist-UT.</strong></span> <span class='ocrx_word' id='word_1_2' title='bbox 524 374 637 457; x_wconf 56' lang='grc' dir='ltr'><strong>ηπ]</strong></span> <span class='ocrx_word' id='word_1_3' title='bbox 1009 397 1236 438; x_wconf 67' lang='grc' dir='ltr'>ΝοετιιΔ</span> <span class='ocrx_word' id='word_1_4' title='bbox 1268 400 1345 439; x_wconf 71' lang='grc' dir='ltr'><strong>ΑΒ</strong></span> <span class='ocrx_word' id='word_1_5' title='bbox 1378 398 1656 440; x_wconf 65' lang='lat' dir='ltr'><strong>sconsam</strong></span> <span class='ocrx_word' id='word_1_6' title='bbox 1687 398 1950 438; x_wconf 46' lang='lat' dir='ltr'><strong>Romanii.</strong></span> <span class='ocrx_word' id='word_1_7' title='bbox 2609 378 2684 435; x_wconf 85' lang='lat'><strong>83</strong></span> 
     </span>
    </p>
   </div>
   <div class='ocr_carea' id='block_1_2' title="bbox 192 536 2688 4752">
    <p class='ocr_par' dir='ltr' id='par_1_2' title="bbox 250 536 2688 1017">
     <span class='ocr_line' id='line_1_2' title="bbox 250 536 2688 617; baseline -0 -21"><span class='ocrx_word' id='word_1_8' title='bbox 250 537 545 615; x_wconf 87' lang='lat' dir='ltr'><strong>picionem</strong></span> <span class='ocrx_word' id='word_1_9' title='bbox 574 536 951 596; x_wconf 85' lang='lat' dir='ltr'><strong>merebuntur</strong></span> <span class='ocrx_word' id='word_1_10' title='bbox 976 538 1223 617; x_wconf 85' lang='lat' dir='ltr'><strong>alicujus</strong></span> <span class='ocrx_word' id='word_1_11' title='bbox 1252 540 1636 615; x_wconf 80' lang='lat' dir='ltr'><strong>conscientiae,</strong></span> <span class='ocrx_word' id='word_1_12' title='bbox 1683 540 1944 598; x_wconf 83' lang='lat' dir='ltr'>nolentes</span> <span class='ocrx_word' id='word_1_13' title='bbox 1972 536 2188 611; x_wconf 87' lang='lat' dir='ltr'><strong>audire,</strong></span> <span class='ocrx_word' id='word_1_14' title='bbox 2220 537 2377 614; x_wconf 89' lang='lat' dir='ltr'><strong>quod</strong></span> <span class='ocrx_word' id='word_1_15' title='bbox 2425 536 2688 597; x_wconf 77' lang='lat' dir='ltr'><strong>auditum</strong></span> 
     </span>
     <span class='ocr_line' id='line_1_3' title="bbox 254 616 2686 695; baseline -0 -20"><span class='ocrx_word' id='word_1_16' title='bbox 254 618 533 676; x_wconf 83' lang='lat' dir='ltr'><strong>damnare</strong></span> <span class='ocrx_word' id='word_1_17' title='bbox 554 638 671 675; x_wconf 91' lang='lat' dir='ltr'><strong>non</strong></span> <span class='ocrx_word' id='word_1_18' title='bbox 700 618 997 694; x_wconf 81' lang='lat' dir='ltr'><strong>possent.&#39;’</strong></span> <span class='ocrx_word' id='word_1_19' title='bbox 1042 620 1185 695; x_wconf 84' lang='lat' dir='ltr'><strong>Quis</strong></span> <span class='ocrx_word' id='word_1_20' title='bbox 1213 640 1353 679; x_wconf 85' lang='lat' dir='ltr'><strong>vero</strong></span> <span class='ocrx_word' id='word_1_21' title='bbox 1382 620 1595 679; x_wconf 85' lang='lat' dir='ltr'><strong>dixerit</strong></span> <span class='ocrx_word' id='word_1_22' title='bbox 1625 620 1981 678; x_wconf 79' lang='lat' dir='ltr'>Christianos</span> <span class='ocrx_word' id='word_1_23' title='bbox 2009 638 2142 676; x_wconf 90' lang='lat' dir='ltr'><strong>eum</strong></span> <span class='ocrx_word' id='word_1_24' title='bbox 2172 616 2512 677; x_wconf 89' lang='lat' dir='ltr'><strong>Christianis</strong></span> <span class='ocrx_word' id='word_1_25' title='bbox 2541 617 2686 675; x_wconf 88' lang='lat' dir='ltr'><strong>adeo</strong></span> 
     </span>
     <span class='ocr_line' id='line_1_4' title="bbox 250 696 2683 777; baseline 0 -23"><span class='ocrx_word' id='word_1_26' title='bbox 250 697 533 773; x_wconf 85' lang='lat' dir='ltr'><strong>injustam</strong></span> <span class='ocrx_word' id='word_1_27' title='bbox 562 696 775 774; x_wconf 87' lang='lat' dir='ltr'><strong>agendi</strong></span> <span class='ocrx_word' id='word_1_28' title='bbox 804 698 1083 757; x_wconf 89' lang='lat' dir='ltr'><strong>rationem</strong></span> <span class='ocrx_word' id='word_1_29' title='bbox 1128 702 1308 777; x_wconf 86' lang='lat' dir='ltr'><strong>sequi,</strong></span> <span class='ocrx_word' id='word_1_30' title='bbox 1339 710 1407 759; x_wconf 91' lang='lat' dir='ltr'><strong>ut</strong></span> <span class='ocrx_word' id='word_1_31' title='bbox 1433 721 1508 759; x_wconf 89' lang='lat' dir='ltr'><strong>ex</strong></span> <span class='ocrx_word' id='word_1_32' title='bbox 1535 700 1948 777; x_wconf 72' lang='lat' dir='ltr'><strong>praeconceptis</strong></span> <span class='ocrx_word' id='word_1_33' title='bbox 1991 696 2356 773; x_wconf 83' lang='lat' dir='ltr'><strong>opinionibus</strong></span> <span class='ocrx_word' id='word_1_34' title='bbox 2386 698 2508 756; x_wconf 87' lang='lat' dir='ltr'><strong>sine</strong></span> <span class='ocrx_word' id='word_1_35' title='bbox 2536 697 2683 755; x_wconf 87' lang='lat' dir='ltr'><strong>ulte-</strong></span> 
     </span>
     <span class='ocr_line' id='line_1_5' title="bbox 251 776 2686 839; baseline -0 -5"><span class='ocrx_word' id='word_1_36' title='bbox 251 777 395 834; x_wconf 87' lang='lat' dir='ltr'><strong>riori</strong></span> <span class='ocrx_word' id='word_1_37' title='bbox 424 776 701 835; x_wconf 79' lang='lat' dir='ltr'><strong>doctrinae</strong></span> <span class='ocrx_word' id='word_1_38' title='bbox 723 778 989 837; x_wconf 87' lang='lat' dir='ltr'><strong>examine</strong></span> <span class='ocrx_word' id='word_1_39' title='bbox 1018 778 1289 839; x_wconf 84' lang='lat' dir='ltr'><strong>damnare</strong></span> <span class='ocrx_word' id='word_1_40' title='bbox 1318 799 1417 838; x_wconf 90' lang='lat' dir='ltr'><strong>eos</strong></span> <span class='ocrx_word' id='word_1_41' title='bbox 1460 780 1797 839; x_wconf 76' lang='lat' dir='ltr'><strong>sustineant.</strong></span> <span class='ocrx_word' id='word_1_42' title='bbox 1862 778 1981 836; x_wconf 91' lang='lat' dir='ltr'><strong>Vix</strong></span> <span class='ocrx_word' id='word_1_43' title='bbox 2009 778 2119 835; x_wconf 89' lang='lat' dir='ltr'><strong>hoc</strong></span> <span class='ocrx_word' id='word_1_44' title='bbox 2147 778 2206 836; x_wconf 89' lang='lat' dir='ltr'><strong>in</strong></span> <span class='ocrx_word' id='word_1_45' title='bbox 2235 776 2488 835; x_wconf 85' lang='lat' dir='ltr'><strong>animum</strong></span> <span class='ocrx_word' id='word_1_46' title='bbox 2518 796 2686 834; x_wconf 89' lang='lat' dir='ltr'><strong>suum</strong></span> 
     </span>
     <span class='ocr_line' id='line_1_6' title="bbox 252 855 2682 935; baseline 0 -23"><span class='ocrx_word' id='word_1_47' title='bbox 252 855 539 915; x_wconf 88' lang='lat' dir='ltr'><strong>inducere</strong></span> <span class='ocrx_word' id='word_1_48' title='bbox 568 858 697 933; x_wconf 90' lang='lat' dir='ltr'><strong>quis</strong></span> <span class='ocrx_word' id='word_1_49' title='bbox 725 858 1025 934; x_wconf 89' lang='lat' dir='ltr'><strong>potuisset,</strong></span> <span class='ocrx_word' id='word_1_50' title='bbox 1070 860 1390 935; x_wconf 82' lang='lat' dir='ltr'><strong>praesertim</strong></span> <span class='ocrx_word' id='word_1_51' title='bbox 1431 859 1503 918; x_wconf 90' lang='lat' dir='ltr'><strong>de</strong></span> <span class='ocrx_word' id='word_1_52' title='bbox 1548 860 1620 917; x_wconf 91' lang='lat' dir='ltr'><strong>iis</strong></span> <span class='ocrx_word' id='word_1_53' title='bbox 1649 859 1746 935; x_wconf 91' lang='lat' dir='ltr'><strong>qui</strong></span> <span class='ocrx_word' id='word_1_54' title='bbox 1775 859 2054 917; x_wconf 87' lang='lat' dir='ltr'><strong>hactenus</strong></span> <span class='ocrx_word' id='word_1_55' title='bbox 2083 856 2493 915; x_wconf 80' lang='lat' dir='ltr'><strong>moderatiores</strong></span> <span class='ocrx_word' id='word_1_56' title='bbox 2515 865 2682 915; x_wconf 82' lang='lat' dir='ltr'><strong>caete-</strong></span> 
     </span>
     <span class='ocr_line' id='line_1_7' title="bbox 252 936 2401 1017; baseline 0 -24"><span class='ocrx_word' id='word_1_57' title='bbox 252 937 337 993; x_wconf 85' lang='lat' dir='ltr'><strong>tis</strong></span> <span class='ocrx_word' id='word_1_58' title='bbox 364 936 553 995; x_wconf 85' lang='lat' dir='ltr'><strong>videri</strong></span> <span class='ocrx_word' id='word_1_59' title='bbox 569 936 895 1010; x_wconf 87' lang='lat' dir='ltr'><strong>voluerunt,</strong></span> <span class='ocrx_word' id='word_1_60' title='bbox 926 939 1039 997; x_wconf 91' lang='lat' dir='ltr'><strong>nisi</strong></span> <span class='ocrx_word' id='word_1_61' title='bbox 1068 960 1341 1017; x_wconf 84' lang='lat' dir='ltr'><strong>expresse</strong></span> <span class='ocrx_word' id='word_1_62' title='bbox 1369 940 1480 997; x_wconf 90' lang='lat' dir='ltr'><strong>hoc</strong></span> <span class='ocrx_word' id='word_1_63' title='bbox 1508 959 1622 997; x_wconf 91' lang='lat' dir='ltr'><strong>non</strong></span> <span class='ocrx_word' id='word_1_64' title='bbox 1653 939 1833 997; x_wconf 87' lang='lat' dir='ltr'><strong>semel</strong></span> <span class='ocrx_word' id='word_1_65' title='bbox 1861 947 2061 997; x_wconf 79' lang='lat' dir='ltr'><strong>auctor</strong></span> <span class='ocrx_word' id='word_1_66' title='bbox 2082 937 2401 1014; x_wconf 89' lang='lat' dir='ltr'><strong>repetisset.</strong></span> 
     </span>
    </p>

    <p class='ocr_par' dir='ltr' id='par_1_3' title="bbox 192 1015 2686 3463">
     <span class='ocr_line' id='line_1_8' title="bbox 344 1015 2684 1097; baseline 0 -24"><span class='ocrx_word' id='word_1_67' title='bbox 344 1015 501 1075; x_wconf 89' lang='lat' dir='ltr'><strong>XII.</strong></span> <span class='ocrx_word' id='word_1_68' title='bbox 548 1015 717 1090; x_wconf 85' lang='lat' dir='ltr'><strong>Quod</strong></span> <span class='ocrx_word' id='word_1_69' title='bbox 746 1016 797 1074; x_wconf 89' lang='lat' dir='ltr'><strong>si</strong></span> <span class='ocrx_word' id='word_1_70' title='bbox 841 1016 899 1074; x_wconf 91' lang='lat' dir='ltr'><strong>in</strong></span> <span class='ocrx_word' id='word_1_71' title='bbox 940 1018 1405 1097; x_wconf 72' lang='lat' dir='ltr'><strong>praejudiciorum</strong></span> <span class='ocrx_word' id='word_1_72' title='bbox 1448 1019 1708 1093; x_wconf 88' lang='lat' dir='ltr'><strong>istorum,</strong></span> <span class='ocrx_word' id='word_1_73' title='bbox 1749 1039 1878 1096; x_wconf 77' lang='lat' dir='ltr'><strong>quae</strong></span> <span class='ocrx_word' id='word_1_74' title='bbox 1923 1027 2084 1077; x_wconf 87' lang='lat' dir='ltr'><strong>tanto</strong></span> <span class='ocrx_word' id='word_1_75' title='bbox 2113 1036 2246 1076; x_wconf 88' lang='lat' dir='ltr'><strong>cum</strong></span> <span class='ocrx_word' id='word_1_76' title='bbox 2287 1024 2564 1093; x_wconf 86' lang='lat' dir='ltr'><strong>apparatu</strong></span> <span class='ocrx_word' id='word_1_77' title='bbox 2591 1034 2684 1074; x_wconf 91' lang='lat' dir='ltr'><strong>ur-</strong></span> 
     </span>
     <span class='ocr_line' id='line_1_9' title="bbox 252 1096 2686 1175; baseline 0.001 -23"><span class='ocrx_word' id='word_1_78' title='bbox 252 1104 487 1172; x_wconf 87' lang='lat' dir='ltr'><strong>gentur,</strong></span> <span class='ocrx_word' id='word_1_79' title='bbox 542 1115 787 1153; x_wconf 82' lang='lat' dir='ltr'><strong>examen</strong></span> <span class='ocrx_word' id='word_1_80' title='bbox 831 1096 1179 1157; x_wconf 82' lang='lat' dir='ltr'><strong>descendere</strong></span> <span class='ocrx_word' id='word_1_81' title='bbox 1213 1098 1513 1173; x_wconf 79' lang='lat' dir='ltr'><strong>vellemus,</strong></span> <span class='ocrx_word' id='word_1_82' title='bbox 1546 1118 1718 1175; x_wconf 90' lang='lat' dir='ltr'><strong>quam</strong></span> <span class='ocrx_word' id='word_1_83' title='bbox 1762 1098 1929 1157; x_wconf 85' lang='lat' dir='ltr'><strong>facile</strong></span> <span class='ocrx_word' id='word_1_84' title='bbox 1965 1096 2344 1156; x_wconf 87' lang='lat' dir='ltr'><strong>demonstrari</strong></span> <span class='ocrx_word' id='word_1_85' title='bbox 2373 1104 2585 1173; x_wconf 88' lang='lat' dir='ltr'><strong>posset,</strong></span> <span class='ocrx_word' id='word_1_86' title='bbox 2617 1115 2686 1154; x_wconf 91' lang='lat' dir='ltr'><strong>ea</strong></span> 
     </span>
     <span class='ocr_line' id='line_1_10' title="bbox 250 1170 2686 1254; baseline 0.002 -25"><span class='ocrx_word' id='word_1_87' title='bbox 250 1176 355 1233; x_wconf 80' lang='lat' dir='ltr'><strong>vel</strong></span> <span class='ocrx_word' id='word_1_88' title='bbox 397 1170 724 1233; x_wconf 84' lang='lat' dir='ltr'><strong>falsissima&#39;</strong></span> <span class='ocrx_word' id='word_1_89' title='bbox 753 1194 897 1251; x_wconf 86' lang='lat' dir='ltr'><strong>esse,</strong></span> <span class='ocrx_word' id='word_1_90' title='bbox 929 1184 987 1236; x_wconf 88' lang='lat' dir='ltr'><strong>et</strong></span> <span class='ocrx_word' id='word_1_91' title='bbox 1030 1198 1133 1254; x_wconf 91' lang='lat' dir='ltr'><strong>per</strong></span> <span class='ocrx_word' id='word_1_92' title='bbox 1187 1198 1403 1237; x_wconf 90' lang='lat' dir='ltr'><strong>meram</strong></span> <span class='ocrx_word' id='word_1_93' title='bbox 1450 1179 1794 1236; x_wconf 87' lang='lat' dir='ltr'><strong>calumniam</strong></span> <span class='ocrx_word' id='word_1_94' title='bbox 1838 1178 2006 1237; x_wconf 89' lang='lat' dir='ltr'><strong>nobis</strong></span> <span class='ocrx_word' id='word_1_95' title='bbox 2047 1176 2252 1249; x_wconf 88' lang='lat' dir='ltr'><strong>afficta,</strong></span> <span class='ocrx_word' id='word_1_96' title='bbox 2299 1176 2398 1234; x_wconf 79' lang='lat' dir='ltr'><strong>vel</strong></span> <span class='ocrx_word' id='word_1_97' title='bbox 2447 1176 2495 1235; x_wconf 87' lang='lat' dir='ltr'><strong>si</strong></span> <span class='ocrx_word' id='word_1_98' title='bbox 2544 1176 2686 1252; x_wconf 91' lang='lat' dir='ltr'><strong>quid</strong></span> 
     </span>
     <span class='ocr_line' id='line_1_11' title="bbox 252 1254 2684 1333; baseline 0.002 -24"><span class='ocrx_word' id='word_1_99' title='bbox 252 1254 522 1313; x_wconf 76' lang='lat' dir='ltr'><strong>veritatis</strong></span> <span class='ocrx_word' id='word_1_100' title='bbox 585 1254 820 1329; x_wconf 87' lang='lat' dir='ltr'><strong>habent,</strong></span> <span class='ocrx_word' id='word_1_101' title='bbox 866 1256 942 1315; x_wconf 80' lang='lat' dir='ltr'><strong>ad</strong></span> <span class='ocrx_word' id='word_1_102' title='bbox 995 1277 1185 1317; x_wconf 85' lang='lat' dir='ltr'><strong>causae</strong></span> <span class='ocrx_word' id='word_1_103' title='bbox 1242 1266 1595 1316; x_wconf 90' lang='lat' dir='ltr'><strong>momentum</strong></span> <span class='ocrx_word' id='word_1_104' title='bbox 1665 1277 1781 1314; x_wconf 88' lang='lat' dir='ltr'><strong>non</strong></span> <span class='ocrx_word' id='word_1_105' title='bbox 1825 1258 2132 1333; x_wconf 87' lang='lat' dir='ltr'><strong>pertinere.</strong></span> <span class='ocrx_word' id='word_1_106' title='bbox 2219 1257 2369 1314; x_wconf 89' lang='lat' dir='ltr'><strong>Nam</strong></span> <span class='ocrx_word' id='word_1_107' title='bbox 2408 1255 2566 1333; x_wconf 91' lang='lat' dir='ltr'><strong>quod</strong></span> <span class='ocrx_word' id='word_1_108' title='bbox 2611 1257 2684 1315; x_wconf 88' lang='lat' dir='ltr'><strong>de</strong></span> 
     </span>
     <span class='ocr_line' id='line_1_12' title="bbox 250 1334 2680 1411; baseline 0.001 -20"><span class='ocrx_word' id='word_1_109' title='bbox 250 1334 561 1392; x_wconf 77' lang='lat' dir='ltr'><strong>vocationis</strong></span> <span class='ocrx_word' id='word_1_110' title='bbox 603 1336 817 1409; x_wconf 76' lang='lat' dir='ltr'><strong>defectu</strong></span> <span class='ocrx_word' id='word_1_111' title='bbox 872 1334 1097 1411; x_wconf 87' lang='lat' dir='ltr'><strong>dicitur,</strong></span> <span class='ocrx_word' id='word_1_112' title='bbox 1131 1357 1236 1396; x_wconf 89' lang='lat' dir='ltr'><strong>suo</strong></span> <span class='ocrx_word' id='word_1_113' title='bbox 1264 1338 1409 1411; x_wconf 89' lang='lat' dir='ltr'><strong>loco,</strong></span> <span class='ocrx_word' id='word_1_114' title='bbox 1444 1356 1573 1396; x_wconf 90' lang='lat' dir='ltr'><strong>cum</strong></span> <span class='ocrx_word' id='word_1_115' title='bbox 1601 1336 1756 1394; x_wconf 88' lang='lat' dir='ltr'><strong>bono</strong></span> <span class='ocrx_word' id='word_1_116' title='bbox 1787 1336 1931 1409; x_wconf 88' lang='lat' dir='ltr'><strong>Deo,</strong></span> <span class='ocrx_word' id='word_1_117' title='bbox 1963 1356 1998 1393; x_wconf 89' lang='lat' dir='ltr'><strong>a</strong></span> <span class='ocrx_word' id='word_1_118' title='bbox 2025 1354 2164 1392; x_wconf 87' lang='lat' dir='ltr'><strong>vero</strong></span> <span class='ocrx_word' id='word_1_119' title='bbox 2206 1335 2406 1411; x_wconf 90' lang='lat' dir='ltr'><strong>procul</strong></span> <span class='ocrx_word' id='word_1_120' title='bbox 2437 1355 2562 1393; x_wconf 90' lang='lat' dir='ltr'><strong>esse</strong></span> <span class='ocrx_word' id='word_1_121' title='bbox 2590 1355 2680 1393; x_wconf 91' lang='lat' dir='ltr'><strong>os·</strong></span> 
     </span>
     <span class='ocr_line' id='line_1_13' title="bbox 252 1413 2681 1493; baseline 0 -21"><span class='ocrx_word' id='word_1_122' title='bbox 252 1413 579 1472; x_wconf 77' lang='lat' dir='ltr'><strong>teudemus.</strong></span> <span class='ocrx_word' id='word_1_123' title='bbox 669 1414 732 1471; x_wconf 90' lang='lat' dir='ltr'><strong>Si</strong></span> <span class='ocrx_word' id='word_1_124' title='bbox 760 1432 900 1473; x_wconf 83' lang='lat' dir='ltr'><strong>vero</strong></span> <span class='ocrx_word' id='word_1_125' title='bbox 928 1413 1231 1475; x_wconf 86' lang='lat' dir='ltr'><strong>dissidium</strong></span> <span class='ocrx_word' id='word_1_126' title='bbox 1280 1416 1516 1493; x_wconf 82' lang='lat' dir='ltr'><strong>aliquod</strong></span> <span class='ocrx_word' id='word_1_127' title='bbox 1544 1416 1696 1473; x_wconf 89' lang='lat' dir='ltr'><strong>inter</strong></span> <span class='ocrx_word' id='word_1_128' title='bbox 1723 1434 1829 1473; x_wconf 86' lang='lat' dir='ltr'><strong>nos</strong></span> <span class='ocrx_word' id='word_1_129' title='bbox 1857 1426 1915 1474; x_wconf 90' lang='lat' dir='ltr'><strong>et</strong></span> <span class='ocrx_word' id='word_1_130' title='bbox 1955 1415 2311 1472; x_wconf 85' lang='lat' dir='ltr'><strong>Lutheranos</strong></span> <span class='ocrx_word' id='word_1_131' title='bbox 2341 1424 2528 1472; x_wconf 89' lang='lat' dir='ltr'><strong>ortum</strong></span> <span class='ocrx_word' id='word_1_132' title='bbox 2557 1423 2681 1489; x_wconf 87' lang='lat' dir='ltr'><strong>est;</strong></span> 
     </span>
     <span class='ocr_line' id='line_1_14' title="bbox 254 1492 2685 1570; baseline 0.001 -21"><span class='ocrx_word' id='word_1_133' title='bbox 254 1492 307 1550; x_wconf 88' lang='lat' dir='ltr'><strong>si</strong></span> <span class='ocrx_word' id='word_1_134' title='bbox 338 1492 491 1550; x_wconf 84' lang='lat' dir='ltr'><strong>bella</strong></span> <span class='ocrx_word' id='word_1_135' title='bbox 519 1500 578 1551; x_wconf 86' lang='lat' dir='ltr'><strong>et</strong></span> <span class='ocrx_word' id='word_1_136' title='bbox 604 1494 887 1552; x_wconf 87' lang='lat' dir='ltr'><strong>tumultus</strong></span> <span class='ocrx_word' id='word_1_137' title='bbox 911 1496 1209 1554; x_wconf 78' lang='lat' dir='ltr'><strong>occasione</strong></span> <span class='ocrx_word' id='word_1_138' title='bbox 1242 1494 1689 1554; x_wconf 87' lang='lat' dir='ltr'><strong>Reformationis</strong></span> <span class='ocrx_word' id='word_1_139' title='bbox 1731 1494 1907 1551; x_wconf 86' lang='lat' dir='ltr'><strong>variis</strong></span> <span class='ocrx_word' id='word_1_140' title='bbox 1935 1495 1997 1551; x_wconf 90' lang='lat' dir='ltr'><strong>in</strong></span> <span class='ocrx_word' id='word_1_141' title='bbox 2023 1494 2166 1551; x_wconf 88' lang='lat' dir='ltr'><strong>locis</strong></span> <span class='ocrx_word' id='word_1_142' title='bbox 2195 1495 2316 1552; x_wconf 92' lang='lat' dir='ltr'><strong>nati</strong></span> <span class='ocrx_word' id='word_1_143' title='bbox 2345 1500 2494 1566; x_wconf 88' lang='lat' dir='ltr'><strong>sunt,</strong></span> <span class='ocrx_word' id='word_1_144' title='bbox 2527 1493 2685 1570; x_wconf 89' lang='lat' dir='ltr'><strong>quod</strong></span> 
     </span>
     <span class='ocr_line' id='line_1_15' title="bbox 252 1570 2681 1652; baseline 0.002 -24"><span class='ocrx_word' id='word_1_145' title='bbox 252 1570 721 1630; x_wconf 83' lang='lat' dir='ltr'><strong>adversariorum</strong></span> <span class='ocrx_word' id='word_1_146' title='bbox 770 1572 963 1648; x_wconf 89' lang='lat' dir='ltr'><strong>furori,</strong></span> <span class='ocrx_word' id='word_1_147' title='bbox 1024 1594 1140 1632; x_wconf 90' lang='lat' dir='ltr'><strong>non</strong></span> <span class='ocrx_word' id='word_1_148' title='bbox 1182 1576 1321 1651; x_wconf 81' lang='lat' dir='ltr'><strong>ipsae</strong></span> <span class='ocrx_word' id='word_1_149' title='bbox 1364 1576 1630 1652; x_wconf 84' lang='lat' dir='ltr'><strong>religioni</strong></span> <span class='ocrx_word' id='word_1_150' title='bbox 1688 1574 2056 1632; x_wconf 85' lang='lat' dir='ltr'><strong>tribuendum</strong></span> <span class='ocrx_word' id='word_1_151' title='bbox 2113 1582 2237 1648; x_wconf 87' lang='lat' dir='ltr'><strong>est;</strong></span> <span class='ocrx_word' id='word_1_152' title='bbox 2283 1574 2333 1631; x_wconf 89' lang='lat' dir='ltr'><strong>si</strong></span> <span class='ocrx_word' id='word_1_153' title='bbox 2383 1573 2681 1632; x_wconf 88' lang='lat' dir='ltr'><strong>Reforma-</strong></span> 
     </span>
     <span class='ocr_line' id='line_1_16' title="bbox 254 1652 2680 1731; baseline 0.002 -23"><span class='ocrx_word' id='word_1_154' title='bbox 254 1658 415 1709; x_wconf 81' lang='lat' dir='ltr'><strong>tores</strong></span> <span class='ocrx_word' id='word_1_155' title='bbox 441 1652 679 1710; x_wconf 90' lang='lat' dir='ltr'><strong>humani</strong></span> <span class='ocrx_word' id='word_1_156' title='bbox 721 1652 941 1729; x_wconf 86' lang='lat' dir='ltr'><strong>aliquid</strong></span> <span class='ocrx_word' id='word_1_157' title='bbox 970 1662 1105 1713; x_wconf 89' lang='lat' dir='ltr'><strong>sunt</strong></span> <span class='ocrx_word' id='word_1_158' title='bbox 1148 1656 1319 1731; x_wconf 86' lang='lat' dir='ltr'><strong>passi,</strong></span> <span class='ocrx_word' id='word_1_159' title='bbox 1380 1665 1443 1714; x_wconf 89' lang='lat' dir='ltr'><strong>ut</strong></span> <span class='ocrx_word' id='word_1_160' title='bbox 1484 1656 1558 1713; x_wconf 87' lang='lat' dir='ltr'><strong>ab</strong></span> <span class='ocrx_word' id='word_1_161' title='bbox 1599 1653 1742 1731; x_wconf 71' lang='lat' dir='ltr'><strong>ipsis</strong></span> <span class='ocrx_word' id='word_1_162' title='bbox 1783 1654 2020 1712; x_wconf 89' lang='lat' dir='ltr'><strong>humani</strong></span> <span class='ocrx_word' id='word_1_163' title='bbox 2061 1654 2208 1710; x_wconf 89' lang='lat' dir='ltr'><strong>nihil</strong></span> <span class='ocrx_word' id='word_1_164' title='bbox 2254 1653 2504 1711; x_wconf 84' lang='lat' dir='ltr'><strong>alienum</strong></span> <span class='ocrx_word' id='word_1_165' title='bbox 2555 1652 2680 1729; x_wconf 90' lang='lat' dir='ltr'><strong>suit,</strong></span> 
     </span>
     <span class='ocr_line' id='line_1_17' title="bbox 192 1730 2682 1812; baseline 0.002 -25"><span class='ocrx_word' id='word_1_166' title='bbox 192 1748 197 1751; x_wconf 88' lang='lat'>·</span> <span class='ocrx_word' id='word_1_167' title='bbox 254 1730 555 1810; x_wconf 85' lang='lat' dir='ltr'><strong>(quamvis</strong></span> <span class='ocrx_word' id='word_1_168' title='bbox 602 1752 671 1790; x_wconf 89' lang='lat' dir='ltr'><strong>ea</strong></span> <span class='ocrx_word' id='word_1_169' title='bbox 715 1752 845 1808; x_wconf 86' lang='lat' dir='ltr'><strong>quae</strong></span> <span class='ocrx_word' id='word_1_170' title='bbox 874 1734 1014 1808; x_wconf 87' lang='lat' dir='ltr'><strong>ipsis</strong></span> <span class='ocrx_word' id='word_1_171' title='bbox 1043 1732 1440 1810; x_wconf 87' lang='lat' dir='ltr'><strong>impinguntur</strong></span> <span class='ocrx_word' id='word_1_172' title='bbox 1467 1735 1723 1807; x_wconf 88' lang='lat' dir='ltr'><strong>crimina,</strong></span> <span class='ocrx_word' id='word_1_173' title='bbox 1747 1736 1870 1812; x_wconf 90' lang='lat' dir='ltr'><strong>jam</strong></span> <span class='ocrx_word' id='word_1_174' title='bbox 1901 1732 2111 1810; x_wconf 85' lang='lat' dir='ltr'><strong>saepius</strong></span> <span class='ocrx_word' id='word_1_175' title='bbox 2140 1752 2175 1790; x_wconf 86' lang='lat' dir='ltr'><strong>a</strong></span> <span class='ocrx_word' id='word_1_176' title='bbox 2219 1732 2438 1791; x_wconf 89' lang='lat' dir='ltr'><strong>nostris·</strong></span> <span class='ocrx_word' id='word_1_177' title='bbox 2458 1733 2682 1792; x_wconf 87' lang='lat' dir='ltr'><strong>nullum</strong></span> 
     </span>
     <span class='ocr_line' id='line_1_18' title="bbox 250 1810 2680 1892; baseline 0.002 -25"><span class='ocrx_word' id='word_1_178' title='bbox 250 1811 369 1868; x_wconf 86' lang='lat' dir='ltr'><strong>nisi</strong></span> <span class='ocrx_word' id='word_1_179' title='bbox 413 1810 473 1867; x_wconf 91' lang='lat' dir='ltr'><strong>in</strong></span> <span class='ocrx_word' id='word_1_180' title='bbox 516 1810 989 1870; x_wconf 84' lang='lat' dir='ltr'><strong>calumniatorum</strong></span> <span class='ocrx_word' id='word_1_181' title='bbox 1018 1813 1308 1872; x_wconf 89' lang='lat' dir='ltr'><strong>mentibus</strong></span> <span class='ocrx_word' id='word_1_182' title='bbox 1358 1814 1793 1872; x_wconf 85' lang='lat' dir='ltr'><strong>fundamentum</strong></span> <span class='ocrx_word' id='word_1_183' title='bbox 1821 1814 2051 1887; x_wconf 88' lang='lat' dir='ltr'><strong>habere,</strong></span> <span class='ocrx_word' id='word_1_184' title='bbox 2097 1812 2549 1871; x_wconf 87' lang='lat' dir='ltr'><strong>demonstratum</strong></span> <span class='ocrx_word' id='word_1_185' title='bbox 2579 1815 2680 1892; x_wconf 89' lang='lat' dir='ltr'><strong>sit)</strong></span> 
     </span>
     <span class='ocr_line' id='line_1_19' title="bbox 250 1890 2679 1971; baseline 0.002 -24"><span class='ocrx_word' id='word_1_186' title='bbox 250 1890 399 1967; x_wconf 88' lang='lat' dir='ltr'><strong>quid</strong></span> <span class='ocrx_word' id='word_1_187' title='bbox 428 1891 551 1948; x_wconf 80' lang='lat' dir='ltr'><strong>haec</strong></span> <span class='ocrx_word' id='word_1_188' title='bbox 580 1892 774 1948; x_wconf 88' lang='lat' dir='ltr'><strong>omnia</strong></span> <span class='ocrx_word' id='word_1_189' title='bbox 800 1891 875 1948; x_wconf 86' lang='lat' dir='ltr'><strong>ad</strong></span> <span class='ocrx_word' id='word_1_190' title='bbox 904 1913 1133 1951; x_wconf 79' lang='lat' dir='ltr'><strong>causam</strong></span> <span class='ocrx_word' id='word_1_191' title='bbox 1176 1902 1429 1951; x_wconf 83' lang='lat' dir='ltr'><strong>nostram</strong></span> <span class='ocrx_word' id='word_1_192' title='bbox 1458 1894 1792 1971; x_wconf 82' lang='lat' dir='ltr'><strong>pertinent?</strong></span> <span class='ocrx_word' id='word_1_193' title='bbox 1861 1892 1960 1954; x_wconf 89' lang='lat' dir='ltr'><strong>An</strong></span> <span class='ocrx_word' id='word_1_194' title='bbox 2001 1901 2302 1969; x_wconf 89' lang='lat' dir='ltr'><strong>propterea</strong></span> <span class='ocrx_word' id='word_1_195' title='bbox 2340 1902 2496 1951; x_wconf 86' lang='lat' dir='ltr'><strong>certo</strong></span> <span class='ocrx_word' id='word_1_196' title='bbox 2545 1913 2679 1951; x_wconf 87' lang='lat' dir='ltr'><strong>con·-</strong></span> 
     </span>
     <span class='ocr_line' id='line_1_20' title="bbox 251 1968 2681 2050; baseline 0.002 -23"><span class='ocrx_word' id='word_1_197' title='bbox 251 1968 417 2027; x_wconf 82' lang='lat' dir='ltr'><strong>cludi</strong></span> <span class='ocrx_word' id='word_1_198' title='bbox 444 1978 651 2047; x_wconf 89' lang='lat' dir='ltr'><strong>potest,</strong></span> <span class='ocrx_word' id='word_1_199' title='bbox 683 1970 779 2028; x_wconf 86' lang='lat' dir='ltr'><strong>vel</strong></span> <span class='ocrx_word' id='word_1_200' title='bbox 816 1970 1019 2030; x_wconf 85' lang='lat' dir='ltr'><strong>falsam</strong></span> <span class='ocrx_word' id='word_1_201' title='bbox 1048 1992 1174 2031; x_wconf 87' lang='lat' dir='ltr'><strong>esse</strong></span> <span class='ocrx_word' id='word_1_202' title='bbox 1204 1993 1377 2049; x_wconf 87' lang='lat' dir='ltr'><strong>quam</strong></span> <span class='ocrx_word' id='word_1_203' title='bbox 1426 1973 1804 2050; x_wconf 77' lang='lat' dir='ltr'><strong>praedicamus</strong></span> <span class='ocrx_word' id='word_1_204' title='bbox 1835 1972 2170 2045; x_wconf 85' lang='lat' dir='ltr'><strong>doctrinam,</strong></span> <span class='ocrx_word' id='word_1_205' title='bbox 2203 1972 2298 2029; x_wconf 88' lang='lat' dir='ltr'><strong>vel</strong></span> <span class='ocrx_word' id='word_1_206' title='bbox 2327 1991 2522 2029; x_wconf 83' lang='lat' dir='ltr'><strong>veram</strong></span> <span class='ocrx_word' id='word_1_207' title='bbox 2565 1993 2681 2050; x_wconf 86' lang='lat' dir='ltr'><strong>qua</strong></span> 
     </span>
     <span class='ocr_line' id='line_1_21' title="bbox 250 2050 2680 2128; baseline 0.002 -21"><span class='ocrx_word' id='word_1_208' title='bbox 250 2050 580 2126; x_wconf 87' lang='lat' dir='ltr'><strong>gloriantur</strong></span> <span class='ocrx_word' id='word_1_209' title='bbox 616 2050 729 2127; x_wconf 91' lang='lat' dir='ltr'><strong>ipsi</strong></span> <span class='ocrx_word' id='word_1_210' title='bbox 770 2050 1137 2110; x_wconf 81' lang='lat' dir='ltr'><strong>Ecclesiam?</strong></span> <span class='ocrx_word' id='word_1_211' title='bbox 1166 2052 1379 2127; x_wconf 84' lang='lat' dir='ltr'><strong>Unum,</strong></span> <span class='ocrx_word' id='word_1_212' title='bbox 1404 2053 1604 2127; x_wconf 89' lang='lat' dir='ltr'><strong>fateor,</strong></span> <span class='ocrx_word' id='word_1_213' title='bbox 1637 2052 1710 2109; x_wconf 89' lang='lat' dir='ltr'><strong>ab</strong></span> <span class='ocrx_word' id='word_1_214' title='bbox 1739 2060 1970 2110; x_wconf 86' lang='lat' dir='ltr'><strong>auctore</strong></span> <span class='ocrx_word' id='word_1_215' title='bbox 2000 2051 2396 2128; x_wconf 83' lang='lat' dir='ltr'><strong>praejudicium</strong></span> <span class='ocrx_word' id='word_1_216' title='bbox 2426 2050 2680 2127; x_wconf 87' lang='lat' dir='ltr'><strong>affertur,</strong></span> 
     </span>
     <span class='ocr_line' id='line_1_22' title="bbox 250 2128 2676 2207; baseline 0.002 -20"><span class='ocrx_word' id='word_1_217' title='bbox 250 2128 414 2205; x_wconf 89' lang='lat' dir='ltr'><strong>quod</strong></span> <span class='ocrx_word' id='word_1_218' title='bbox 456 2130 505 2187; x_wconf 90' lang='lat' dir='ltr'><strong>si</strong></span> <span class='ocrx_word' id='word_1_219' title='bbox 546 2150 749 2188; x_wconf 80' lang='lat' dir='ltr'><strong>verum</strong></span> <span class='ocrx_word' id='word_1_220' title='bbox 792 2140 961 2207; x_wconf 86' lang='lat' dir='ltr'><strong>esset,</strong></span> <span class='ocrx_word' id='word_1_221' title='bbox 1007 2152 1239 2191; x_wconf 86' lang='lat' dir='ltr'><strong>causam</strong></span> <span class='ocrx_word' id='word_1_222' title='bbox 1281 2152 1396 2189; x_wconf 91' lang='lat' dir='ltr'><strong>non</strong></span> <span class='ocrx_word' id='word_1_223' title='bbox 1440 2131 1702 2205; x_wconf 76' lang='lat' dir='ltr'><strong>dicimuS,</strong></span> <span class='ocrx_word' id='word_1_224' title='bbox 1755 2131 1897 2207; x_wconf 92' lang='lat' dir='ltr'><strong>quin</strong></span> <span class='ocrx_word' id='word_1_225' title='bbox 1938 2131 2141 2188; x_wconf 85' lang='lat' dir='ltr'><strong>merito</strong></span> <span class='ocrx_word' id='word_1_226' title='bbox 2170 2131 2252 2188; x_wconf 90' lang='lat' dir='ltr'><strong>rei</strong></span> <span class='ocrx_word' id='word_1_227' title='bbox 2296 2150 2676 2207; x_wconf 74' lang='lat' dir='ltr'><strong>per-agamur:</strong></span> 
     </span>
     <span class='ocr_line' id='line_1_23' title="bbox 248 2209 2678 2289; baseline 0.001 -23"><span class='ocrx_word' id='word_1_228' title='bbox 248 2229 435 2285; x_wconf 89' lang='lat' dir='ltr'><strong>quum</strong></span> <span class='ocrx_word' id='word_1_229' title='bbox 488 2209 879 2268; x_wconf 77' lang='lat' dir='ltr'><strong>Schismaticos</strong></span> <span class='ocrx_word' id='word_1_230' title='bbox 924 2230 1031 2269; x_wconf 90' lang='lat' dir='ltr'><strong>nos</strong></span> <span class='ocrx_word' id='word_1_231' title='bbox 1080 2231 1207 2271; x_wconf 90' lang='lat' dir='ltr'><strong>esse</strong></span> <span class='ocrx_word' id='word_1_232' title='bbox 1267 2211 1573 2288; x_wconf 86' lang='lat' dir='ltr'><strong>pertendit,</strong></span> <span class='ocrx_word' id='word_1_233' title='bbox 1632 2211 1790 2289; x_wconf 88' lang='lat' dir='ltr'><strong>quod</strong></span> <span class='ocrx_word' id='word_1_234' title='bbox 1845 2211 1917 2268; x_wconf 92' lang='lat' dir='ltr'><strong>ab</strong></span> <span class='ocrx_word' id='word_1_235' title='bbox 1983 2210 2247 2268; x_wconf 88' lang='lat' dir='ltr'><strong>Ecclesia</strong></span> <span class='ocrx_word' id='word_1_236' title='bbox 2296 2211 2678 2269; x_wconf 89' lang='lat' dir='ltr'><strong>secessionem</strong></span> 
     </span>
     <span class='ocr_line' id='line_1_24' title="bbox 251 2288 2680 2367; baseline 0.002 -22"><span class='ocrx_word' id='word_1_237' title='bbox 251 2288 577 2363; x_wconf 86' lang='lat' dir='ltr'><strong>fecerimus,</strong></span> <span class='ocrx_word' id='word_1_238' title='bbox 610 2309 733 2365; x_wconf 87' lang='lat' dir='ltr'><strong>cap.</strong></span> <span class='ocrx_word' id='word_1_239' title='bbox 766 2294 821 2347; x_wconf 86' lang='grc'><strong>7.</strong></span> <span class='ocrx_word' id='word_1_240' title='bbox 908 2290 1210 2349; x_wconf 84' lang='lat' dir='ltr'><strong>Hactenus</strong></span> <span class='ocrx_word' id='word_1_241' title='bbox 1258 2311 1396 2350; x_wconf 91' lang='lat' dir='ltr'><strong>sane</strong></span> <span class='ocrx_word' id='word_1_242' title='bbox 1446 2311 1564 2349; x_wconf 91' lang='lat' dir='ltr'><strong>non</strong></span> <span class='ocrx_word' id='word_1_243' title='bbox 1607 2310 1938 2349; x_wconf 83' lang='lat' dir='ltr'><strong>recusamus</strong></span> <span class='ocrx_word' id='word_1_244' title='bbox 1992 2290 2229 2348; x_wconf 85' lang='lat' dir='ltr'><strong>herbam</strong></span> <span class='ocrx_word' id='word_1_245' title='bbox 2270 2290 2578 2367; x_wconf 85' lang='lat' dir='ltr'><strong>porrigere,</strong></span> <span class='ocrx_word' id='word_1_246' title='bbox 2622 2300 2680 2350; x_wconf 89' lang='lat' dir='ltr'><strong>et</strong></span> 
     </span>
     <span class='ocr_line' id='line_1_25' title="bbox 249 2367 2676 2444; baseline 0.001 -18"><span class='ocrx_word' id='word_1_247' title='bbox 249 2367 473 2426; x_wconf 86' lang='lat' dir='ltr'><strong>crimen</strong></span> <span class='ocrx_word' id='word_1_248' title='bbox 502 2368 685 2443; x_wconf 89' lang='lat' dir='ltr'><strong>fateri,</strong></span> <span class='ocrx_word' id='word_1_249' title='bbox 718 2369 769 2427; x_wconf 91' lang='lat' dir='ltr'><strong>si</strong></span> <span class='ocrx_word' id='word_1_250' title='bbox 798 2390 995 2428; x_wconf 88' lang='lat' dir='ltr'><strong>verum</strong></span> <span class='ocrx_word' id='word_1_251' title='bbox 1026 2371 1102 2429; x_wconf 87' lang='lat' dir='ltr'><strong>sit</strong></span> <span class='ocrx_word' id='word_1_252' title='bbox 1128 2390 1235 2430; x_wconf 89' lang='lat' dir='ltr'><strong>nos</strong></span> <span class='ocrx_word' id='word_1_253' title='bbox 1283 2391 1318 2428; x_wconf 90' lang='lat' dir='ltr'><strong>a</strong></span> <span class='ocrx_word' id='word_1_254' title='bbox 1345 2391 1484 2429; x_wconf 82' lang='lat' dir='ltr'><strong>vera</strong></span> <span class='ocrx_word' id='word_1_255' title='bbox 1526 2371 1792 2429; x_wconf 86' lang='lat' dir='ltr'><strong>Ecclesia</strong></span> <span class='ocrx_word' id='word_1_256' title='bbox 1834 2370 2155 2444; x_wconf 85' lang='lat' dir='ltr'><strong>secessisse,</strong></span> <span class='ocrx_word' id='word_1_257' title='bbox 2189 2390 2318 2429; x_wconf 87' lang='lat' dir='ltr'><strong>cum</strong></span> <span class='ocrx_word' id='word_1_258' title='bbox 2358 2378 2522 2427; x_wconf 85' lang='lat' dir='ltr'><strong>extra</strong></span> <span class='ocrx_word' id='word_1_259' title='bbox 2551 2390 2676 2429; x_wconf 89' lang='lat' dir='ltr'><strong>eam</strong></span> 
     </span>
     <span class='ocr_line' id='line_1_26' title="bbox 250 2448 2679 2527; baseline 0.003 -22"><span class='ocrx_word' id='word_1_260' title='bbox 250 2468 372 2505; x_wconf 90' lang='lat' dir='ltr'><strong>non</strong></span> <span class='ocrx_word' id='word_1_261' title='bbox 402 2448 572 2506; x_wconf 86' lang='lat' dir='ltr'><strong>detur</strong></span> <span class='ocrx_word' id='word_1_262' title='bbox 592 2448 765 2506; x_wconf 85' lang='lat' dir='ltr'><strong>salus.</strong></span> <span class='ocrx_word' id='word_1_263' title='bbox 816 2449 931 2507; x_wconf 86' lang='lat' dir='ltr'><strong>Sed</strong></span> <span class='ocrx_word' id='word_1_264' title='bbox 960 2450 1009 2507; x_wconf 88' lang='lat' dir='ltr'><strong>si</strong></span> <span class='ocrx_word' id='word_1_265' title='bbox 1033 2450 1351 2510; x_wconf 88' lang='lat' dir='ltr'><strong>Ecclesiam</strong></span> <span class='ocrx_word' id='word_1_266' title='bbox 1380 2452 1664 2527; x_wconf 89' lang='lat' dir='ltr'><strong>impuram</strong></span> <span class='ocrx_word' id='word_1_267' title='bbox 1694 2460 1752 2509; x_wconf 90' lang='lat' dir='ltr'><strong>et</strong></span> <span class='ocrx_word' id='word_1_268' title='bbox 1779 2450 2198 2509; x_wconf 81' lang='lat' dir='ltr'><strong>idololatricam</strong></span> <span class='ocrx_word' id='word_1_269' title='bbox 2229 2450 2580 2526; x_wconf 87' lang='lat' dir='ltr'><strong>reliquimus,</strong></span> <span class='ocrx_word' id='word_1_270' title='bbox 2612 2460 2679 2512; x_wconf 86' lang='lat' dir='ltr'><strong>ut</strong></span> 
     </span>
     <span class='ocr_line' id='line_1_27' title="bbox 248 2528 2675 2607; baseline 0.002 -24"><span class='ocrx_word' id='word_1_271' title='bbox 248 2528 315 2583; x_wconf 87' lang='lat' dir='ltr'><strong>in</strong></span> <span class='ocrx_word' id='word_1_272' title='bbox 342 2548 483 2585; x_wconf 80' lang='lat' dir='ltr'><strong>vera</strong></span> <span class='ocrx_word' id='word_1_273' title='bbox 512 2546 888 2604; x_wconf 85' lang='lat' dir='ltr'><strong>maneremus,</strong></span> <span class='ocrx_word' id='word_1_274' title='bbox 921 2529 971 2587; x_wconf 90' lang='lat' dir='ltr'><strong>si</strong></span> <span class='ocrx_word' id='word_1_275' title='bbox 1000 2529 1284 2607; x_wconf 79' lang='lat' dir='ltr'><strong>Papa-tum</strong></span> <span class='ocrx_word' id='word_1_276' title='bbox 1324 2539 1552 2589; x_wconf 90' lang='lat' dir='ltr'><strong>tantum</strong></span> <span class='ocrx_word' id='word_1_277' title='bbox 1584 2538 1644 2589; x_wconf 90' lang='lat' dir='ltr'><strong>et</strong></span> <span class='ocrx_word' id='word_1_278' title='bbox 1685 2550 1904 2588; x_wconf 89' lang='lat' dir='ltr'><strong>errores</strong></span> <span class='ocrx_word' id='word_1_279' title='bbox 1933 2531 2059 2607; x_wconf 88' lang='lat' dir='ltr'><strong>ejus</strong></span> <span class='ocrx_word' id='word_1_280' title='bbox 2089 2530 2420 2606; x_wconf 67' lang='lat' dir='ltr'><strong>abjecimus»,</strong></span> <span class='ocrx_word' id='word_1_281' title='bbox 2445 2550 2518 2588; x_wconf 88' lang='lat' dir='ltr'><strong>ne</strong></span> <span class='ocrx_word' id='word_1_282' title='bbox 2547 2551 2675 2607; x_wconf 85' lang='lat' dir='ltr'><strong>par-</strong></span> 
     </span>
     <span class='ocr_line' id='line_1_28' title="bbox 250 2606 2672 2686; baseline 0.002 -21"><span class='ocrx_word' id='word_1_283' title='bbox 250 2606 457 2683; x_wconf 81' lang='lat' dir='ltr'><strong>ticipes</strong></span> <span class='ocrx_word' id='word_1_284' title='bbox 502 2615 867 2683; x_wconf 87' lang='lat' dir='ltr'><strong>peccatorum</strong></span> <span class='ocrx_word' id='word_1_285' title='bbox 912 2610 1039 2686; x_wconf 87' lang='lat' dir='ltr'><strong>ejus</strong></span> <span class='ocrx_word' id='word_1_286' title='bbox 1069 2620 1362 2669; x_wconf 86' lang='lat' dir='ltr'><strong>consortes</strong></span> <span class='ocrx_word' id='word_1_287' title='bbox 1406 2630 1663 2669; x_wconf 88' lang='lat' dir='ltr'><strong>essemus</strong></span> <span class='ocrx_word' id='word_1_288' title='bbox 1692 2630 2006 2686; x_wconf 84' lang='lat' dir='ltr'><strong>poenarum,</strong></span> <span class='ocrx_word' id='word_1_289' title='bbox 2047 2628 2122 2666; x_wconf 90' lang='lat' dir='ltr'><strong>an</strong></span> <span class='ocrx_word' id='word_1_290' title='bbox 2149 2610 2292 2667; x_wconf 82' lang='lat' dir='ltr'><strong>vitio</strong></span> <span class='ocrx_word' id='word_1_291' title='bbox 2323 2609 2491 2668; x_wconf 91' lang='lat' dir='ltr'><strong>nobis</strong></span> <span class='ocrx_word' id='word_1_292' title='bbox 2520 2611 2672 2669; x_wconf 87' lang='lat' dir='ltr'><strong>verti</strong></span> 
     </span>
     <span class='ocr_line' id='line_1_29' title="bbox 249 2686 2673 2767; baseline 0.002 -24"><span class='ocrx_word' id='word_1_293' title='bbox 249 2686 443 2761; x_wconf 89' lang='lat' dir='ltr'><strong>debet,</strong></span> <span class='ocrx_word' id='word_1_294' title='bbox 496 2687 654 2763; x_wconf 90' lang='lat' dir='ltr'><strong>quod</strong></span> <span class='ocrx_word' id='word_1_295' title='bbox 696 2688 867 2745; x_wconf 84' lang='lat' dir='ltr'><strong>saluti</strong></span> <span class='ocrx_word' id='word_1_296' title='bbox 894 2698 1106 2747; x_wconf 77' lang='lat' dir='ltr'><strong>nostrae</strong></span> <span class='ocrx_word' id='word_1_297' title='bbox 1147 2699 1515 2767; x_wconf 85' lang='lat' dir='ltr'><strong>prospectum</strong></span> <span class='ocrx_word' id='word_1_298' title='bbox 1542 2690 1914 2763; x_wconf 85' lang='lat' dir='ltr'><strong>voluerimus,</strong></span> <span class='ocrx_word' id='word_1_299' title='bbox 1948 2697 2006 2747; x_wconf 90' lang='lat' dir='ltr'><strong>et</strong></span> <span class='ocrx_word' id='word_1_300' title='bbox 2034 2688 2164 2746; x_wconf 84' lang='lat' dir='ltr'><strong>voci</strong></span> <span class='ocrx_word' id='word_1_301' title='bbox 2213 2688 2426 2746; x_wconf 77' lang='lat' dir='ltr'><strong>divinae</strong></span> <span class='ocrx_word' id='word_1_302' title='bbox 2456 2709 2673 2748; x_wconf 87' lang='lat' dir='ltr'><strong>morem</strong></span> 
     </span>
     <span class='ocr_line' id='line_1_30' title="bbox 250 2767 2672 2846; baseline 0.001 -23"><span class='ocrx_word' id='word_1_303' title='bbox 250 2767 649 2841; x_wconf 80' lang='lat' dir='ltr'><strong>gesserimus?</strong></span> <span class='ocrx_word' id='word_1_304' title='bbox 708 2767 839 2825; x_wconf 91' lang='lat' dir='ltr'><strong>Hoc</strong></span> <span class='ocrx_word' id='word_1_305' title='bbox 869 2788 1005 2826; x_wconf 83' lang='lat' dir='ltr'><strong>vero</strong></span> <span class='ocrx_word' id='word_1_306' title='bbox 1034 2776 1122 2827; x_wconf 90' lang='lat' dir='ltr'><strong>est</strong></span> <span class='ocrx_word' id='word_1_307' title='bbox 1150 2769 1307 2846; x_wconf 91' lang='lat' dir='ltr'><strong>quod</strong></span> <span class='ocrx_word' id='word_1_308' title='bbox 1355 2770 1505 2829; x_wconf 89' lang='lat' dir='ltr'><strong>inter</strong></span> <span class='ocrx_word' id='word_1_309' title='bbox 1545 2789 1652 2827; x_wconf 90' lang='lat' dir='ltr'><strong>nos</strong></span> <span class='ocrx_word' id='word_1_310' title='bbox 1680 2769 1971 2846; x_wconf 80' lang='lat' dir='ltr'><strong>quaeritur,</strong></span> <span class='ocrx_word' id='word_1_311' title='bbox 2017 2767 2090 2824; x_wconf 89' lang='lat' dir='ltr'><strong>ad</strong></span> <span class='ocrx_word' id='word_1_312' title='bbox 2119 2768 2274 2842; x_wconf 90' lang='lat' dir='ltr'><strong>quod</strong></span> <span class='ocrx_word' id='word_1_313' title='bbox 2316 2787 2497 2825; x_wconf 89' lang='lat' dir='ltr'><strong>unum</strong></span> <span class='ocrx_word' id='word_1_314' title='bbox 2538 2788 2672 2825; x_wconf 88' lang='lat' dir='ltr'><strong>con-</strong></span> 
     </span>
     <span class='ocr_line' id='line_1_31' title="bbox 250 2845 2674 2923; baseline 0 -20"><span class='ocrx_word' id='word_1_315' title='bbox 250 2845 552 2904; x_wconf 83' lang='lat' dir='ltr'><strong>troversiae</strong></span> <span class='ocrx_word' id='word_1_316' title='bbox 580 2854 791 2904; x_wconf 84' lang='lat' dir='ltr'><strong>nostrae</strong></span> <span class='ocrx_word' id='word_1_317' title='bbox 815 2866 1013 2905; x_wconf 89' lang='lat' dir='ltr'><strong>omnes</strong></span> <span class='ocrx_word' id='word_1_318' title='bbox 1041 2848 1379 2908; x_wconf 81' lang='lat' dir='ltr'><strong>revocandae</strong></span> <span class='ocrx_word' id='word_1_319' title='bbox 1408 2857 1619 2923; x_wconf 88' lang='lat' dir='ltr'><strong>essent,</strong></span> <span class='ocrx_word' id='word_1_320' title='bbox 1653 2848 1701 2906; x_wconf 90' lang='lat' dir='ltr'><strong>si</strong></span> <span class='ocrx_word' id='word_1_321' title='bbox 1731 2846 1972 2906; x_wconf 87' lang='lat' dir='ltr'><strong>candide</strong></span> <span class='ocrx_word' id='word_1_322' title='bbox 2001 2865 2172 2921; x_wconf 89' lang='lat' dir='ltr'><strong>agere</strong></span> <span class='ocrx_word' id='word_1_323' title='bbox 2214 2846 2432 2903; x_wconf 75' lang='lat' dir='ltr'><strong>vellent</strong></span> <span class='ocrx_word' id='word_1_324' title='bbox 2469 2846 2674 2904; x_wconf 83' lang='lat' dir='ltr'><strong>adver-</strong></span> 
     </span>
     <span class='ocr_line' id='line_1_32' title="bbox 252 2923 2671 3005; baseline 0 -24"><span class='ocrx_word' id='word_1_325' title='bbox 252 2924 408 2981; x_wconf 83' lang='lat' dir='ltr'><strong>sarii.</strong></span> <span class='ocrx_word' id='word_1_326' title='bbox 495 2925 643 2983; x_wconf 90' lang='lat' dir='ltr'><strong>Nam</strong></span> <span class='ocrx_word' id='word_1_327' title='bbox 688 2925 737 2983; x_wconf 91' lang='lat' dir='ltr'><strong>si</strong></span> <span class='ocrx_word' id='word_1_328' title='bbox 766 2927 1029 2986; x_wconf 85' lang='lat' dir='ltr'><strong>evincere</strong></span> <span class='ocrx_word' id='word_1_329' title='bbox 1056 2938 1315 3005; x_wconf 87' lang='lat' dir='ltr'><strong>possunt,</strong></span> <span class='ocrx_word' id='word_1_330' title='bbox 1349 2948 1409 2987; x_wconf 91' lang='lat' dir='ltr'><strong>se</strong></span> <span class='ocrx_word' id='word_1_331' title='bbox 1439 2928 1760 2985; x_wconf 87' lang='lat' dir='ltr'><strong>doctrinam</strong></span> <span class='ocrx_word' id='word_1_332' title='bbox 1791 2926 2004 2983; x_wconf 87' lang='lat' dir='ltr'><strong>Christi</strong></span> <span class='ocrx_word' id='word_1_333' title='bbox 2044 2942 2247 2999; x_wconf 87' lang='lat' dir='ltr'><strong>puram</strong></span> <span class='ocrx_word' id='word_1_334' title='bbox 2288 2924 2342 2979; x_wconf 92' lang='lat' dir='ltr'><strong>ei</strong></span> <span class='ocrx_word' id='word_1_335' title='bbox 2371 2923 2671 2982; x_wconf 89' lang='lat' dir='ltr'><strong>intemera-</strong></span> 
     </span>
     <span class='ocr_line' id='line_1_33' title="bbox 246 3001 2671 3081; baseline 0.001 -20"><span class='ocrx_word' id='word_1_336' title='bbox 246 3012 372 3061; x_wconf 82' lang='lat' dir='ltr'><strong>tam</strong></span> <span class='ocrx_word' id='word_1_337' title='bbox 403 3024 630 3081; x_wconf 86' lang='lat' dir='ltr'><strong>semper</strong></span> <span class='ocrx_word' id='word_1_338' title='bbox 672 3024 933 3065; x_wconf 84' lang='lat' dir='ltr'><strong>servasse</strong></span> <span class='ocrx_word' id='word_1_339' title='bbox 963 3014 1022 3065; x_wconf 90' lang='lat' dir='ltr'><strong>et</strong></span> <span class='ocrx_word' id='word_1_340' title='bbox 1067 3008 1381 3065; x_wconf 87' lang='lat' dir='ltr'><strong>etiamnum</strong></span> <span class='ocrx_word' id='word_1_341' title='bbox 1411 3026 1659 3080; x_wconf 86' lang='lat' dir='ltr'><strong>servare,</strong></span> <span class='ocrx_word' id='word_1_342' title='bbox 1691 3004 2022 3079; x_wconf 89' lang='lat' dir='ltr'><strong>nullamque</strong></span> <span class='ocrx_word' id='word_1_343' title='bbox 2065 3001 2181 3059; x_wconf 89' lang='lat' dir='ltr'><strong>nisi</strong></span> <span class='ocrx_word' id='word_1_344' title='bbox 2210 3001 2424 3059; x_wconf 86' lang='lat' dir='ltr'><strong>Christi</strong></span> <span class='ocrx_word' id='word_1_345' title='bbox 2468 3022 2671 3063; x_wconf 86' lang='lat' dir='ltr'><strong>vocem</strong></span> 
     </span>
     <span class='ocr_line' id='line_1_34' title="bbox 248 3081 2669 3162; baseline 0.001 -23"><span class='ocrx_word' id='word_1_346' title='bbox 248 3083 409 3160; x_wconf 83' lang='lat' dir='ltr'><strong>apud</strong></span> <span class='ocrx_word' id='word_1_347' title='bbox 438 3104 499 3141; x_wconf 91' lang='lat' dir='ltr'><strong>se</strong></span> <span class='ocrx_word' id='word_1_348' title='bbox 542 3084 746 3159; x_wconf 87' lang='lat' dir='ltr'><strong>audiri,</strong></span> <span class='ocrx_word' id='word_1_349' title='bbox 777 3086 1143 3162; x_wconf 84' lang='lat' dir='ltr'><strong>agnoscimus</strong></span> <span class='ocrx_word' id='word_1_350' title='bbox 1183 3087 1353 3160; x_wconf 89' lang='lat' dir='ltr'><strong>ultr0,</strong></span> <span class='ocrx_word' id='word_1_351' title='bbox 1385 3105 1539 3144; x_wconf 80' lang='lat' dir='ltr'><strong>verae</strong></span> <span class='ocrx_word' id='word_1_352' title='bbox 1572 3083 1849 3142; x_wconf 73' lang='lat' dir='ltr'><strong>Ecclesiae</strong></span> <span class='ocrx_word' id='word_1_353' title='bbox 1876 3081 2107 3139; x_wconf 90' lang='lat' dir='ltr'><strong>nomine</strong></span> <span class='ocrx_word' id='word_1_354' title='bbox 2148 3100 2318 3158; x_wconf 83' lang='lat' dir='ltr'><strong>posse</strong></span> <span class='ocrx_word' id='word_1_355' title='bbox 2347 3081 2504 3158; x_wconf 91' lang='lat' dir='ltr'><strong>ipsos</strong></span> <span class='ocrx_word' id='word_1_356' title='bbox 2545 3084 2669 3160; x_wconf 86' lang='lat' dir='ltr'><strong>glo-</strong></span> 
     </span>
     <span class='ocr_line' id='line_1_35' title="bbox 249 3160 2670 3242; baseline 0.001 -23"><span class='ocrx_word' id='word_1_357' title='bbox 249 3163 407 3237; x_wconf 88' lang='lat' dir='ltr'><strong>riari,</strong></span> <span class='ocrx_word' id='word_1_358' title='bbox 439 3172 497 3221; x_wconf 90' lang='lat' dir='ltr'><strong>et</strong></span> <span class='ocrx_word' id='word_1_359' title='bbox 524 3164 755 3222; x_wconf 88' lang='lat' dir='ltr'><strong>nonnisi</strong></span> <span class='ocrx_word' id='word_1_360' title='bbox 798 3165 1007 3242; x_wconf 85' lang='lat' dir='ltr'><strong>injuste</strong></span> <span class='ocrx_word' id='word_1_361' title='bbox 1035 3168 1109 3224; x_wconf 89' lang='lat' dir='ltr'><strong>ab</strong></span> <span class='ocrx_word' id='word_1_362' title='bbox 1136 3166 1255 3224; x_wconf 87' lang='lat' dir='ltr'><strong>illis</strong></span> <span class='ocrx_word' id='word_1_363' title='bbox 1284 3164 1551 3223; x_wconf 87' lang='lat' dir='ltr'><strong>secedere</strong></span> <span class='ocrx_word' id='word_1_364' title='bbox 1594 3182 1940 3240; x_wconf 88' lang='lat' dir='ltr'><strong>quemquam</strong></span> <span class='ocrx_word' id='word_1_365' title='bbox 1967 3180 2156 3237; x_wconf 87' lang='lat' dir='ltr'><strong>posse.</strong></span> <span class='ocrx_word' id='word_1_366' title='bbox 2205 3160 2321 3220; x_wconf 87' lang='lat' dir='ltr'><strong>Sed</strong></span> <span class='ocrx_word' id='word_1_367' title='bbox 2363 3162 2413 3220; x_wconf 91' lang='lat' dir='ltr'><strong>si</strong></span> <span class='ocrx_word' id='word_1_368' title='bbox 2453 3182 2528 3220; x_wconf 88' lang='lat' dir='ltr'><strong>ex</strong></span> <span class='ocrx_word' id='word_1_369' title='bbox 2570 3164 2670 3222; x_wconf 92' lang='lat' dir='ltr'><strong>ad-</strong></span> 
     </span>
     <span class='ocr_line' id='line_1_36' title="bbox 246 3240 2672 3321; baseline 0.002 -23"><span class='ocrx_word' id='word_1_370' title='bbox 246 3262 423 3299; x_wconf 80' lang='lat' dir='ltr'><strong>verso</strong></span> <span class='ocrx_word' id='word_1_371' title='bbox 452 3242 910 3305; x_wconf 86' lang='lat' dir='ltr'><strong>demonstramus</strong></span> <span class='ocrx_word' id='word_1_372' title='bbox 939 3245 1253 3303; x_wconf 86' lang='lat' dir='ltr'><strong>clarissime</strong></span> <span class='ocrx_word' id='word_1_373' title='bbox 1296 3246 1451 3321; x_wconf 88' lang='lat' dir='ltr'><strong>ipsos</strong></span> <span class='ocrx_word' id='word_1_374' title='bbox 1481 3263 1515 3302; x_wconf 88' lang='lat' dir='ltr'><strong>a</strong></span> <span class='ocrx_word' id='word_1_375' title='bbox 1545 3244 1774 3303; x_wconf 88' lang='lat' dir='ltr'><strong>Christo</strong></span> <span class='ocrx_word' id='word_1_376' title='bbox 1816 3240 2111 3317; x_wconf 86' lang='lat' dir='ltr'><strong>defecisse,</strong></span> <span class='ocrx_word' id='word_1_377' title='bbox 2143 3262 2244 3300; x_wconf 91' lang='lat' dir='ltr'><strong>cur</strong></span> <span class='ocrx_word' id='word_1_378' title='bbox 2286 3262 2438 3319; x_wconf 85' lang='lat' dir='ltr'><strong>aegre</strong></span> <span class='ocrx_word' id='word_1_379' title='bbox 2481 3242 2672 3305; x_wconf 86' lang='lat' dir='ltr'><strong>ferunt</strong></span> 
     </span>
     <span class='ocr_line' id='line_1_37' title="bbox 248 3321 2667 3400; baseline 0.003 -23"><span class='ocrx_word' id='word_1_380' title='bbox 248 3342 359 3377; x_wconf 86' lang='lat' dir='ltr'><strong>nos</strong></span> <span class='ocrx_word' id='word_1_381' title='bbox 390 3321 464 3379; x_wconf 86' lang='lat' dir='ltr'><strong>ab</strong></span> <span class='ocrx_word' id='word_1_382' title='bbox 512 3323 653 3400; x_wconf 88' lang='lat' dir='ltr'><strong>ipsis</strong></span> <span class='ocrx_word' id='word_1_383' title='bbox 703 3325 967 3383; x_wconf 88' lang='lat' dir='ltr'><strong>secedere</strong></span> <span class='ocrx_word' id='word_1_384' title='bbox 994 3325 1165 3399; x_wconf 86' lang='lat' dir='ltr'><strong>velle,</strong></span> <span class='ocrx_word' id='word_1_385' title='bbox 1197 3333 1264 3383; x_wconf 92' lang='lat' dir='ltr'><strong>ut</strong></span> <span class='ocrx_word' id='word_1_386' title='bbox 1302 3324 1532 3383; x_wconf 79' lang='lat' dir='ltr'><strong>Christo</strong></span> <span class='ocrx_word' id='word_1_387' title='bbox 1562 3322 1736 3399; x_wconf 89' lang='lat' dir='ltr'><strong>capiti</strong></span> <span class='ocrx_word' id='word_1_388' title='bbox 1775 3330 1834 3379; x_wconf 89' lang='lat' dir='ltr'><strong>et</strong></span> <span class='ocrx_word' id='word_1_389' title='bbox 1879 3340 2088 3398; x_wconf 90' lang='lat' dir='ltr'><strong>sponso</strong></span> <span class='ocrx_word' id='word_1_390' title='bbox 2131 3331 2326 3380; x_wconf 88' lang='lat' dir='ltr'><strong>nostro</strong></span> <span class='ocrx_word' id='word_1_391' title='bbox 2377 3322 2667 3384; x_wconf 79' lang='lat' dir='ltr'><strong>indivulse</strong></span> 
     </span>
     <span class='ocr_line' id='line_1_38' title="bbox 250 3401 700 3463; baseline 0.004 -5"><span class='ocrx_word' id='word_1_392' title='bbox 250 3401 650 3463; x_wconf 67' lang='lat' dir='ltr'><strong>adhaereamus</strong></span> <span class='ocrx_word' id='word_1_393' title='bbox 671 3406 700 3460; x_wconf 85' lang='lat'>?</span> 
     </span>
    </p>

    <p class='ocr_par' dir='ltr' id='par_1_4' title="bbox 239 3480 2668 4752">
     <span class='ocr_line' id='line_1_39' title="bbox 336 3480 2668 3561; baseline 0.003 -23"><span class='ocrx_word' id='word_1_394' title='bbox 336 3480 528 3539; x_wconf 89' lang='lat' dir='ltr'><strong>XIII.</strong></span> <span class='ocrx_word' id='word_1_395' title='bbox 576 3482 709 3541; x_wconf 88' lang='lat' dir='ltr'><strong>Scio</strong></span> <span class='ocrx_word' id='word_1_396' title='bbox 752 3482 847 3541; x_wconf 88' lang='lat' dir='ltr'><strong>hic</strong></span> <span class='ocrx_word' id='word_1_397' title='bbox 874 3493 1162 3545; x_wconf 88' lang='lat' dir='ltr'><strong>auctorem</strong></span> <span class='ocrx_word' id='word_1_398' title='bbox 1208 3504 1500 3561; x_wconf 90' lang='lat' dir='ltr'><strong>reponere,</strong></span> <span class='ocrx_word' id='word_1_399' title='bbox 1548 3506 1598 3544; x_wconf 89' lang='lat' dir='ltr'><strong>c.</strong></span> <span class='ocrx_word' id='word_1_400' title='bbox 1644 3488 1700 3560; x_wconf 86' lang='grc'><strong>7,</strong></span> <span class='ocrx_word' id='word_1_401' title='bbox 1728 3484 1867 3542; x_wconf 89' lang='lat' dir='ltr'><strong>licet</strong></span> <span class='ocrx_word' id='word_1_402' title='bbox 1911 3482 2022 3541; x_wconf 89' lang='lat' dir='ltr'><strong>hoc</strong></span> <span class='ocrx_word' id='word_1_403' title='bbox 2067 3482 2313 3558; x_wconf 86' lang='lat' dir='ltr'><strong>daretur,</strong></span> <span class='ocrx_word' id='word_1_404' title='bbox 2347 3485 2668 3545; x_wconf 87' lang='lat' dir='ltr'><strong>Ecclesiam</strong></span> 
     </span>
     <span class='ocr_line' id='line_1_40' title="bbox 246 3560 2664 3642; baseline 0.001 -23"><span class='ocrx_word' id='word_1_405' title='bbox 246 3560 574 3619; x_wconf 84' lang='lat' dir='ltr'><strong>Romanam</strong></span> <span class='ocrx_word' id='word_1_406' title='bbox 602 3570 662 3620; x_wconf 92' lang='lat' dir='ltr'><strong>et</strong></span> <span class='ocrx_word' id='word_1_407' title='bbox 703 3582 997 3622; x_wconf 88' lang='lat' dir='ltr'><strong>erroneam</strong></span> <span class='ocrx_word' id='word_1_408' title='bbox 1026 3572 1083 3623; x_wconf 86' lang='lat' dir='ltr'><strong>et</strong></span> <span class='ocrx_word' id='word_1_409' title='bbox 1110 3565 1393 3641; x_wconf 83' lang='lat' dir='ltr'><strong>impuram</strong></span> <span class='ocrx_word' id='word_1_410' title='bbox 1420 3564 1615 3639; x_wconf 89' lang='lat' dir='ltr'><strong>fuisse,</strong></span> <span class='ocrx_word' id='word_1_411' title='bbox 1646 3583 1765 3621; x_wconf 92' lang='lat' dir='ltr'><strong>non</strong></span> <span class='ocrx_word' id='word_1_412' title='bbox 1803 3582 2038 3621; x_wconf 89' lang='lat' dir='ltr'><strong>necesse</strong></span> <span class='ocrx_word' id='word_1_413' title='bbox 2066 3570 2257 3621; x_wconf 88' lang='lat' dir='ltr'><strong>tamen</strong></span> <span class='ocrx_word' id='word_1_414' title='bbox 2286 3564 2464 3621; x_wconf 87' lang='lat' dir='ltr'><strong>fuisse</strong></span> <span class='ocrx_word' id='word_1_415' title='bbox 2493 3584 2664 3642; x_wconf 89' lang='lat' dir='ltr'><strong>prop-</strong></span> 
     </span>
     <span class='ocr_line' id='line_1_41' title="bbox 246 3641 2668 3718; baseline 0.001 -19"><span class='ocrx_word' id='word_1_416' title='bbox 246 3648 410 3699; x_wconf 86' lang='lat' dir='ltr'><strong>terea</strong></span> <span class='ocrx_word' id='word_1_417' title='bbox 437 3641 511 3698; x_wconf 87' lang='lat' dir='ltr'><strong>ab</strong></span> <span class='ocrx_word' id='word_1_418' title='bbox 540 3662 609 3699; x_wconf 86' lang='lat' dir='ltr'><strong>ea</strong></span> <span class='ocrx_word' id='word_1_419' title='bbox 648 3642 931 3718; x_wconf 85' lang='lat' dir='ltr'><strong>recedere,</strong></span> <span class='ocrx_word' id='word_1_420' title='bbox 966 3644 1258 3703; x_wconf 89' lang='lat' dir='ltr'><strong>suffecisse</strong></span> <span class='ocrx_word' id='word_1_421' title='bbox 1306 3645 1658 3703; x_wconf 78' lang='lat' dir='ltr'><strong>secessionem</strong></span> <span class='ocrx_word' id='word_1_422' title='bbox 1705 3643 2036 3718; x_wconf 71' lang='lat' dir='ltr'><strong>neyativam,</strong></span> <span class='ocrx_word' id='word_1_423' title='bbox 2079 3649 2144 3699; x_wconf 92' lang='lat' dir='ltr'><strong>ut</strong></span> <span class='ocrx_word' id='word_1_424' title='bbox 2187 3642 2604 3701; x_wconf 89' lang='lat' dir='ltr'><strong>abstineremus</strong></span> <span class='ocrx_word' id='word_1_425' title='bbox 2633 3664 2668 3701; x_wconf 88' lang='lat' dir='ltr'><strong>a</strong></span> 
     </span>
     <span class='ocr_line' id='line_1_42' title="bbox 247 3720 2663 3800; baseline 0.001 -23"><span class='ocrx_word' id='word_1_426' title='bbox 247 3720 427 3794; x_wconf 87' lang='lat' dir='ltr'><strong>cultu,</strong></span> <span class='ocrx_word' id='word_1_427' title='bbox 459 3740 631 3797; x_wconf 90' lang='lat' dir='ltr'><strong>quem</strong></span> <span class='ocrx_word' id='word_1_428' title='bbox 662 3721 1023 3783; x_wconf 86' lang='lat' dir='ltr'><strong>idolatricum</strong></span> <span class='ocrx_word' id='word_1_429' title='bbox 1053 3724 1463 3800; x_wconf 88' lang='lat' dir='ltr'><strong>credebamus;</strong></span> <span class='ocrx_word' id='word_1_430' title='bbox 1498 3722 1601 3781; x_wconf 88' lang='lat' dir='ltr'><strong>sed</strong></span> <span class='ocrx_word' id='word_1_431' title='bbox 1629 3742 1745 3780; x_wconf 90' lang='lat' dir='ltr'><strong>non</strong></span> <span class='ocrx_word' id='word_1_432' title='bbox 1787 3720 2166 3780; x_wconf 86' lang='lat' dir='ltr'><strong>necessariam</strong></span> <span class='ocrx_word' id='word_1_433' title='bbox 2193 3720 2370 3779; x_wconf 86' lang='lat' dir='ltr'><strong>fuisse</strong></span> <span class='ocrx_word' id='word_1_434' title='bbox 2411 3724 2663 3779; x_wconf 79' lang='lat' dir='ltr'><strong>secessio-</strong></span> 
     </span>
     <span class='ocr_line' id='line_1_43' title="bbox 246 3799 2664 3879; baseline 0 -22"><span class='ocrx_word' id='word_1_435' title='bbox 246 3819 371 3857; x_wconf 81' lang='lat' dir='ltr'><strong>nem</strong></span> <span class='ocrx_word' id='word_1_436' title='bbox 391 3801 709 3875; x_wconf 77' lang='lat' dir='ltr'><strong>positivam,</strong></span> <span class='ocrx_word' id='word_1_437' title='bbox 744 3821 871 3878; x_wconf 79' lang='lat' dir='ltr'><strong>quae</strong></span> <span class='ocrx_word' id='word_1_438' title='bbox 910 3823 1120 3860; x_wconf 86' lang='lat' dir='ltr'><strong>novam</strong></span> <span class='ocrx_word' id='word_1_439' title='bbox 1152 3804 1473 3863; x_wconf 87' lang='lat' dir='ltr'><strong>Ecclesiam</strong></span> <span class='ocrx_word' id='word_1_440' title='bbox 1514 3820 1846 3879; x_wconf 80' lang='lat' dir='ltr'><strong>novumque</strong></span> <span class='ocrx_word' id='word_1_441' title='bbox 1884 3799 2262 3859; x_wconf 90' lang='lat' dir='ltr'><strong>ministerium</strong></span> <span class='ocrx_word' id='word_1_442' title='bbox 2314 3799 2437 3857; x_wconf 88' lang='lat' dir='ltr'><strong>sine</strong></span> <span class='ocrx_word' id='word_1_443' title='bbox 2493 3819 2664 3857; x_wconf 86' lang='lat' dir='ltr'><strong>voca-</strong></span> 
     </span>
     <span class='ocr_line' id='line_1_44' title="bbox 244 3878 2663 3959; baseline 0 -22"><span class='ocrx_word' id='word_1_444' title='bbox 244 3879 403 3937; x_wconf 84' lang='lat' dir='ltr'><strong>tione</strong></span> <span class='ocrx_word' id='word_1_445' title='bbox 430 3880 765 3939; x_wconf 79' lang='lat' dir='ltr'><strong>instituerit.</strong></span> <span class='ocrx_word' id='word_1_446' title='bbox 817 3882 1035 3941; x_wconf 89' lang='lat' dir='ltr'><strong>Verum</strong></span> <span class='ocrx_word' id='word_1_447' title='bbox 1062 3882 1122 3939; x_wconf 91' lang='lat' dir='ltr'><strong>in</strong></span> <span class='ocrx_word' id='word_1_448' title='bbox 1152 3902 1220 3941; x_wconf 90' lang='lat' dir='ltr'><strong>eo</strong></span> <span class='ocrx_word' id='word_1_449' title='bbox 1250 3884 1505 3959; x_wconf 82' lang='lat' dir='ltr'><strong>graviter</strong></span> <span class='ocrx_word' id='word_1_450' title='bbox 1533 3883 1767 3955; x_wconf 80' lang='lat' dir='ltr'><strong>fallitur,</strong></span> <span class='ocrx_word' id='word_1_451' title='bbox 1799 3890 1859 3939; x_wconf 87' lang='lat' dir='ltr'><strong>et</strong></span> <span class='ocrx_word' id='word_1_452' title='bbox 1906 3880 2055 3939; x_wconf 77' lang='lat' dir='ltr'><strong>fallit</strong></span> <span class='ocrx_word' id='word_1_453' title='bbox 2081 3878 2464 3953; x_wconf 85' lang='lat' dir='ltr'><strong>adversarius,</strong></span> <span class='ocrx_word' id='word_1_454' title='bbox 2497 3880 2663 3955; x_wconf 88' lang='lat' dir='ltr'><strong>quasi</strong></span> 
     </span>
     <span class='ocr_line' id='line_1_45' title="bbox 247 3957 2661 4040; baseline 0 -25"><span class='ocrx_word' id='word_1_455' title='bbox 247 3959 371 4015; x_wconf 91' lang='lat' dir='ltr'><strong>sola</strong></span> <span class='ocrx_word' id='word_1_456' title='bbox 402 3961 650 4019; x_wconf 87' lang='lat' dir='ltr'><strong>secessio</strong></span> <span class='ocrx_word' id='word_1_457' title='bbox 678 3962 953 4037; x_wconf 83' lang='lat' dir='ltr'><strong>negativa</strong></span> <span class='ocrx_word' id='word_1_458' title='bbox 982 3962 1231 4040; x_wconf 87' lang='lat' dir='ltr'><strong>potuerit</strong></span> <span class='ocrx_word' id='word_1_459' title='bbox 1268 3963 1359 4020; x_wconf 90' lang='lat' dir='ltr'><strong>his</strong></span> <span class='ocrx_word' id='word_1_460' title='bbox 1398 3962 1675 4020; x_wconf 89' lang='lat' dir='ltr'><strong>sufficere.</strong></span> <span class='ocrx_word' id='word_1_461' title='bbox 1737 3962 1885 4020; x_wconf 88' lang='lat' dir='ltr'><strong>Nam</strong></span> <span class='ocrx_word' id='word_1_462' title='bbox 1909 3978 2040 4018; x_wconf 89' lang='lat' dir='ltr'><strong>cum</strong></span> <span class='ocrx_word' id='word_1_463' title='bbox 2071 3959 2231 4017; x_wconf 90' lang='lat' dir='ltr'><strong>Deus</strong></span> <span class='ocrx_word' id='word_1_464' title='bbox 2259 3957 2427 4015; x_wconf 91' lang='lat' dir='ltr'><strong>nobis</strong></span> <span class='ocrx_word' id='word_1_465' title='bbox 2472 3958 2661 4016; x_wconf 89' lang='lat' dir='ltr'><strong>colen-</strong></span> 
     </span>
     <span class='ocr_line' id='line_1_46' title="bbox 247 4036 2662 4115; baseline 0.001 -20"><span class='ocrx_word' id='word_1_466' title='bbox 247 4036 356 4095; x_wconf 86' lang='lat' dir='ltr'><strong>dus</strong></span> <span class='ocrx_word' id='word_1_467' title='bbox 387 4038 465 4095; x_wconf 89' lang='lat' dir='ltr'><strong>sit</strong></span> <span class='ocrx_word' id='word_1_468' title='bbox 490 4058 609 4096; x_wconf 89' lang='lat' dir='ltr'><strong>non</strong></span> <span class='ocrx_word' id='word_1_469' title='bbox 637 4042 887 4115; x_wconf 68' lang='lat' dir='ltr'><strong>negative</strong></span> <span class='ocrx_word' id='word_1_470' title='bbox 912 4049 1156 4115; x_wconf 89' lang='lat' dir='ltr'><strong>tantum,</strong></span> <span class='ocrx_word' id='word_1_471' title='bbox 1186 4040 1528 4100; x_wconf 88' lang='lat' dir='ltr'><strong>abstinendo</strong></span> <span class='ocrx_word' id='word_1_472' title='bbox 1550 4062 1585 4099; x_wconf 89' lang='lat' dir='ltr'><strong>a</strong></span> <span class='ocrx_word' id='word_1_473' title='bbox 1606 4041 1752 4099; x_wconf 87' lang='lat' dir='ltr'><strong>falso</strong></span> <span class='ocrx_word' id='word_1_474' title='bbox 1774 4040 1950 4113; x_wconf 84' lang='lat' dir='ltr'><strong>cultu,</strong></span> <span class='ocrx_word' id='word_1_475' title='bbox 1977 4039 2080 4097; x_wconf 90' lang='lat' dir='ltr'><strong>sed</strong></span> <span class='ocrx_word' id='word_1_476' title='bbox 2109 4046 2166 4098; x_wconf 89' lang='lat' dir='ltr'><strong>et</strong></span> <span class='ocrx_word' id='word_1_477' title='bbox 2183 4038 2434 4114; x_wconf 79' lang='lat' dir='ltr'><strong>positive,</strong></span> <span class='ocrx_word' id='word_1_478' title='bbox 2459 4056 2662 4097; x_wconf 85' lang='lat' dir='ltr'><strong>verum</strong></span> 
     </span>
     <span class='ocr_line' id='line_1_47' title="bbox 246 4118 2660 4197; baseline 0 -23"><span class='ocrx_word' id='word_1_479' title='bbox 246 4118 469 4176; x_wconf 89' lang='lat' dir='ltr'><strong>cultum</strong></span> <span class='ocrx_word' id='word_1_480' title='bbox 496 4118 570 4175; x_wconf 89' lang='lat' dir='ltr'><strong>ab</strong></span> <span class='ocrx_word' id='word_1_481' title='bbox 599 4118 725 4196; x_wconf 89' lang='lat' dir='ltr'><strong>ipso</strong></span> <span class='ocrx_word' id='word_1_482' title='bbox 762 4121 1159 4197; x_wconf 85' lang='lat' dir='ltr'><strong>praescriptum</strong></span> <span class='ocrx_word' id='word_1_483' title='bbox 1206 4119 1294 4179; x_wconf 89' lang='lat' dir='ltr'><strong>illi</strong></span> <span class='ocrx_word' id='word_1_484' title='bbox 1338 4120 1684 4195; x_wconf 81' lang='lat' dir='ltr'><strong>exhibendO,</strong></span> <span class='ocrx_word' id='word_1_485' title='bbox 1715 4141 1823 4179; x_wconf 91' lang='lat' dir='ltr'><strong>nec</strong></span> <span class='ocrx_word' id='word_1_486' title='bbox 1852 4119 2040 4178; x_wconf 88' lang='lat' dir='ltr'><strong>cultus</strong></span> <span class='ocrx_word' id='word_1_487' title='bbox 2070 4118 2277 4177; x_wconf 89' lang='lat' dir='ltr'><strong>debeat</strong></span> <span class='ocrx_word' id='word_1_488' title='bbox 2304 4124 2528 4175; x_wconf 87' lang='lat' dir='ltr'><strong>tantum</strong></span> <span class='ocrx_word' id='word_1_489' title='bbox 2575 4118 2660 4176; x_wconf 78' lang='lat' dir='ltr'><strong>in—</strong></span> 
     </span>
     <span class='ocr_line' id='line_1_48' title="bbox 248 4197 2656 4277; baseline 0.001 -24"><span class='ocrx_word' id='word_1_490' title='bbox 248 4205 438 4254; x_wconf 71' lang='lat' dir='ltr'><strong>ternus</strong></span> <span class='ocrx_word' id='word_1_491' title='bbox 494 4216 638 4272; x_wconf 87' lang='lat' dir='ltr'><strong>esse,</strong></span> <span class='ocrx_word' id='word_1_492' title='bbox 671 4198 775 4257; x_wconf 85' lang='lat' dir='ltr'><strong>sed</strong></span> <span class='ocrx_word' id='word_1_493' title='bbox 822 4208 880 4258; x_wconf 91' lang='lat' dir='ltr'><strong>et</strong></span> <span class='ocrx_word' id='word_1_494' title='bbox 924 4210 1201 4275; x_wconf 74' lang='lat' dir='ltr'><strong>externus,</strong></span> <span class='ocrx_word' id='word_1_495' title='bbox 1232 4209 1299 4259; x_wconf 88' lang='lat' dir='ltr'><strong>ut</strong></span> <span class='ocrx_word' id='word_1_496' title='bbox 1336 4220 1464 4259; x_wconf 87' lang='lat' dir='ltr'><strong>eum</strong></span> <span class='ocrx_word' id='word_1_497' title='bbox 1513 4200 1902 4277; x_wconf 87' lang='lat' dir='ltr'><strong>glorificemus</strong></span> <span class='ocrx_word' id='word_1_498' title='bbox 1951 4206 2009 4256; x_wconf 87' lang='lat' dir='ltr'><strong>et</strong></span> <span class='ocrx_word' id='word_1_499' title='bbox 2057 4197 2248 4255; x_wconf 86' lang='lat' dir='ltr'><strong>animo</strong></span> <span class='ocrx_word' id='word_1_500' title='bbox 2297 4204 2355 4254; x_wconf 89' lang='lat' dir='ltr'><strong>et</strong></span> <span class='ocrx_word' id='word_1_501' title='bbox 2402 4215 2656 4274; x_wconf 89' lang='lat' dir='ltr'><strong>corpore,</strong></span> 
     </span>
     <span class='ocr_line' id='line_1_49' title="bbox 249 4275 2661 4357; baseline 0.002 -24"><span class='ocrx_word' id='word_1_502' title='bbox 249 4278 279 4333; x_wconf 93' lang='lat'>1</span> <span class='ocrx_word' id='word_1_503' title='bbox 302 4276 435 4335; x_wconf 89' lang='lat' dir='ltr'><strong>Cor.</strong></span> <span class='ocrx_word' id='word_1_504' title='bbox 466 4276 545 4335; x_wconf 82' lang='lat' dir='ltr'><strong>vi.</strong></span> <span class='ocrx_word' id='word_1_505' title='bbox 591 4280 686 4351; x_wconf 84' lang='lat'><strong>20,</strong></span> <span class='ocrx_word' id='word_1_506' title='bbox 717 4288 784 4338; x_wconf 88' lang='lat' dir='ltr'><strong>ut</strong></span> <span class='ocrx_word' id='word_1_507' title='bbox 823 4280 1123 4357; x_wconf 89' lang='lat' dir='ltr'><strong>utriusque</strong></span> <span class='ocrx_word' id='word_1_508' title='bbox 1153 4288 1211 4338; x_wconf 92' lang='lat' dir='ltr'><strong>et</strong></span> <span class='ocrx_word' id='word_1_509' title='bbox 1241 4280 1477 4338; x_wconf 85' lang='lat' dir='ltr'><strong>Creator</strong></span> <span class='ocrx_word' id='word_1_510' title='bbox 1520 4289 1579 4338; x_wconf 88' lang='lat' dir='ltr'><strong>et</strong></span> <span class='ocrx_word' id='word_1_511' title='bbox 1625 4278 1980 4353; x_wconf 86' lang='lat' dir='ltr'><strong>Redemptor</strong></span> <span class='ocrx_word' id='word_1_512' title='bbox 2028 4284 2132 4350; x_wconf 86' lang='lat' dir='ltr'><strong>est,</strong></span> <span class='ocrx_word' id='word_1_513' title='bbox 2180 4275 2309 4351; x_wconf 89' lang='lat' dir='ltr'><strong>quis</strong></span> <span class='ocrx_word' id='word_1_514' title='bbox 2353 4295 2470 4333; x_wconf 91' lang='lat' dir='ltr'><strong>non</strong></span> <span class='ocrx_word' id='word_1_515' title='bbox 2499 4276 2661 4337; x_wconf 86' lang='lat' dir='ltr'><strong>videt</strong></span> 
     </span>
     <span class='ocr_line' id='line_1_50' title="bbox 243 4354 2657 4437; baseline 0.002 -25"><span class='ocrx_word' id='word_1_516' title='bbox 243 4355 603 4432; x_wconf 88' lang='lat' dir='ltr'><strong>impossibile</strong></span> <span class='ocrx_word' id='word_1_517' title='bbox 630 4358 799 4416; x_wconf 87' lang='lat' dir='ltr'><strong>nobis</strong></span> <span class='ocrx_word' id='word_1_518' title='bbox 826 4359 1003 4417; x_wconf 87' lang='lat' dir='ltr'><strong>fuisse</strong></span> <span class='ocrx_word' id='word_1_519' title='bbox 1036 4359 1147 4417; x_wconf 89' lang='lat' dir='ltr'><strong>hoc</strong></span> <span class='ocrx_word' id='word_1_520' title='bbox 1176 4359 1415 4437; x_wconf 85' lang='lat' dir='ltr'><strong>defungi</strong></span> <span class='ocrx_word' id='word_1_521' title='bbox 1443 4358 1629 4416; x_wconf 90' lang='lat' dir='ltr'><strong>officio</strong></span> <span class='ocrx_word' id='word_1_522' title='bbox 1674 4358 1735 4415; x_wconf 91' lang='lat' dir='ltr'><strong>in</strong></span> <span class='ocrx_word' id='word_1_523' title='bbox 1765 4354 2040 4414; x_wconf 75' lang='lat' dir='ltr'><strong>Ecclesiae</strong></span> <span class='ocrx_word' id='word_1_524' title='bbox 2087 4356 2364 4413; x_wconf 83' lang='lat' dir='ltr'><strong>Romanae</strong></span> <span class='ocrx_word' id='word_1_525' title='bbox 2404 4376 2657 4416; x_wconf 87' lang='lat' dir='ltr'><strong>commu-</strong></span> 
     </span>
     <span class='ocr_line' id='line_1_51' title="bbox 239 4433 2658 4515; baseline 0.002 -23"><span class='ocrx_word' id='word_1_526' title='bbox 239 4434 414 4493; x_wconf 89' lang='lat' dir='ltr'><strong>nione</strong></span> <span class='ocrx_word' id='word_1_527' title='bbox 462 4437 875 4497; x_wconf 79' lang='lat' dir='ltr'><strong>manentibus?</strong></span> <span class='ocrx_word' id='word_1_528' title='bbox 913 4439 1165 4496; x_wconf 86' lang='lat' dir='ltr'><strong>maxime</strong></span> <span class='ocrx_word' id='word_1_529' title='bbox 1214 4458 1289 4497; x_wconf 88' lang='lat' dir='ltr'><strong>ex</strong></span> <span class='ocrx_word' id='word_1_530' title='bbox 1333 4458 1449 4515; x_wconf 90' lang='lat' dir='ltr'><strong>quo</strong></span> <span class='ocrx_word' id='word_1_531' title='bbox 1495 4438 1759 4495; x_wconf 86' lang='lat' dir='ltr'><strong>Romana</strong></span> <span class='ocrx_word' id='word_1_532' title='bbox 1807 4433 2071 4492; x_wconf 89' lang='lat' dir='ltr'><strong>Ecclesia</strong></span> <span class='ocrx_word' id='word_1_533' title='bbox 2119 4434 2227 4493; x_wconf 90' lang='lat' dir='ltr'><strong>sub</strong></span> <span class='ocrx_word' id='word_1_534' title='bbox 2277 4437 2658 4497; x_wconf 88' lang='lat' dir='ltr'><strong>anathematis</strong></span> 
     </span>
     <span class='ocr_line' id='line_1_52' title="bbox 240 4512 2660 4595; baseline 0.002 -25"><span class='ocrx_word' id='word_1_535' title='bbox 240 4534 431 4589; x_wconf 84' lang='lat' dir='ltr'><strong>poena,</strong></span> <span class='ocrx_word' id='word_1_536' title='bbox 461 4534 579 4572; x_wconf 89' lang='lat' dir='ltr'><strong>non</strong></span> <span class='ocrx_word' id='word_1_537' title='bbox 612 4516 742 4575; x_wconf 84' lang='lat' dir='ltr'><strong>vult</strong></span> <span class='ocrx_word' id='word_1_538' title='bbox 768 4516 941 4576; x_wconf 85' lang='lat' dir='ltr'><strong>modo</strong></span> <span class='ocrx_word' id='word_1_539' title='bbox 970 4518 1127 4576; x_wconf 90' lang='lat' dir='ltr'><strong>credi</strong></span> <span class='ocrx_word' id='word_1_540' title='bbox 1154 4518 1310 4595; x_wconf 89' lang='lat' dir='ltr'><strong>quod</strong></span> <span class='ocrx_word' id='word_1_541' title='bbox 1338 4518 1523 4590; x_wconf 88' lang='lat' dir='ltr'><strong>docet,</strong></span> <span class='ocrx_word' id='word_1_542' title='bbox 1556 4515 1659 4574; x_wconf 87' lang='lat' dir='ltr'><strong>sed</strong></span> <span class='ocrx_word' id='word_1_543' title='bbox 1680 4522 1738 4573; x_wconf 93' lang='lat' dir='ltr'><strong>et</strong></span> <span class='ocrx_word' id='word_1_544' title='bbox 1763 4512 2024 4591; x_wconf 83' lang='lat' dir='ltr'><strong>praestari</strong></span> <span class='ocrx_word' id='word_1_545' title='bbox 2051 4533 2180 4591; x_wconf 86' lang='lat' dir='ltr'><strong>quae</strong></span> <span class='ocrx_word' id='word_1_546' title='bbox 2214 4515 2400 4594; x_wconf 89' lang='lat' dir='ltr'><strong>jubet.</strong></span> <span class='ocrx_word' id='word_1_547' title='bbox 2447 4516 2660 4577; x_wconf 86' lang='lat' dir='ltr'><strong>Fateor</strong></span> 
     </span>
     <span class='ocr_line' id='line_1_53' title="bbox 241 4592 2658 4675; baseline 0.002 -25"><span class='ocrx_word' id='word_1_548' title='bbox 241 4594 378 4651; x_wconf 92' lang='lat' dir='ltr'><strong>olim</strong></span> <span class='ocrx_word' id='word_1_549' title='bbox 406 4602 631 4671; x_wconf 88' lang='lat' dir='ltr'><strong>patrum</strong></span> <span class='ocrx_word' id='word_1_550' title='bbox 662 4606 1006 4672; x_wconf 87' lang='lat' dir='ltr'><strong>nostrorum,</strong></span> <span class='ocrx_word' id='word_1_551' title='bbox 1040 4597 1395 4675; x_wconf 87' lang='lat' dir='ltr'><strong>temporibus</strong></span> <span class='ocrx_word' id='word_1_552' title='bbox 1436 4603 1568 4654; x_wconf 89' lang='lat' dir='ltr'><strong>ante</strong></span> <span class='ocrx_word' id='word_1_553' title='bbox 1609 4592 2116 4668; x_wconf 87' lang='lat' dir='ltr'><strong>Reformationem,</strong></span> <span class='ocrx_word' id='word_1_554' title='bbox 2149 4595 2430 4672; x_wconf 90' lang='lat' dir='ltr'><strong>quosdam</strong></span> <span class='ocrx_word' id='word_1_555' title='bbox 2473 4596 2658 4673; x_wconf 88' lang='lat' dir='ltr'><strong>prima</strong></span> 
     </span>
     <span class='ocr_line' id='line_1_54' title="bbox 241 4672 2652 4752; baseline 0.002 -25"><span class='ocrx_word' id='word_1_556' title='bbox 241 4672 343 4730; x_wconf 90' lang='lat' dir='ltr'><strong>illa</strong></span> <span class='ocrx_word' id='word_1_557' title='bbox 392 4675 714 4734; x_wconf 82' lang='lat' dir='ltr'><strong>secessione</strong></span> <span class='ocrx_word' id='word_1_558' title='bbox 764 4686 1064 4737; x_wconf 86' lang='lat' dir='ltr'><strong>contentos</strong></span> <span class='ocrx_word' id='word_1_559' title='bbox 1113 4677 1307 4752; x_wconf 82' lang='lat' dir='ltr'><strong>fuisse,</strong></span> <span class='ocrx_word' id='word_1_560' title='bbox 1352 4686 1473 4735; x_wconf 88' lang='lat' dir='ltr'><strong>tum</strong></span> <span class='ocrx_word' id='word_1_561' title='bbox 1517 4675 1653 4752; x_wconf 88' lang='lat' dir='ltr'><strong>quia</strong></span> <span class='ocrx_word' id='word_1_562' title='bbox 1684 4672 1940 4733; x_wconf 89' lang='lat' dir='ltr'><strong>nondum</strong></span> <span class='ocrx_word' id='word_1_563' title='bbox 1971 4675 2328 4750; x_wconf 85' lang='lat' dir='ltr'><strong>cogebantur</strong></span> <span class='ocrx_word' id='word_1_564' title='bbox 2368 4674 2476 4732; x_wconf 90' lang='lat' dir='ltr'><strong>sub</strong></span> <span class='ocrx_word' id='word_1_565' title='bbox 2518 4696 2652 4733; x_wconf 87' lang='lat' dir='ltr'><strong>ana-</strong></span> 
     </span>
    </p>
   </div>
  </div>
 </body>
</html>
