3234 5192
501 327 613 385 128
1290 342 1367 381 nu
1399 341 1761 383 sucassAmA
1791 341 2140 383 sucussmns
2543 320 2802 403 [msru’r.
2835 342 2916 381 vi.

499 491 643 561 quot
684 489 819 541 sunt
858 488 1052 559 partes
1096 489 1391 559 terrarum,
1412 491 1477 543 ut
1504 481 1798 541 dominam
1841 482 2058 560 suspici
2099 490 2158 541 et
2173 482 2492 559 reginam.''
2539 482 2748 559 Virgil.
2795 484 2912 543 Ro·

500 582 705 622 manos
745 582 939 621 rerum
966 564 1245 622 Dominos
1289 574 1461 623 vocat
1498 573 1556 623 ct
1596 565 1880 639 Populum
1909 566 2020 621 late
2064 583 2290 639 reyem3
2339 562 2517 620 Hora.
2569 563 2777 621 Carmi.
2809 564 2912 625 lib.

500 644 581 704 iv.
612 643 705 703 od.
736 646 792 718 4,
828 642 1187 702 “Dominam
1209 652 1267 703 et
1288 653 1581 721 potentem
1599 651 1658 703 et
1675 643 1993 721 principem
2032 643 2321 701 urbium.”
2369 642 2447 700 Et
2472 642 2642 720 plane
2661 646 2916 721 peregri-

501 744 641 783 num
688 743 815 783 esse
864 732 1091 800 oportet
1115 724 1177 782 in
1204 725 1389 783 veteri
1416 724 1673 800 historia,
1705 724 1806 801 qui
1832 744 1950 783 non
2004 722 2230 799 fatetur,
2260 722 2478 781 nullam
2507 723 2678 781 aliam
2707 733 2915 801 praeter

501 806 747 863 Romam
769 804 985 862 mundo
1014 812 1153 863 tunc
1180 804 1555 881 imperitasse,
1608 811 1668 863 et
1715 824 1882 880 reges
1911 803 2085 863 etiam
2129 802 2386 861 dominio
2427 822 2534 862 suo
2575 805 2906 883 subjecisse,

502 885 647 943 adeo
675 893 741 944 ut
764 884 1089 943 Romanum
1118 884 1417 961 imperium
1439 883 1552 950 ἴλης
1578 910 1662 950 της
1683 908 1950 960 uxamam
1972 884 2133 943 totius
2153 883 2351 942 mundi
2363 882 2593 942 nomine
2631 903 2782 962 saepe
2811 906 2911 945 ve-

500 965 625 1023 niat
650 965 711 1022 in
744 964 1055 1040 Scriptura.
1142 964 1299 1022 Hinc
1326 963 1560 1040 factum,
1590 975 1658 1025 ut
1703 972 1930 1023 veteres
1973 964 2232 1041 plerique
2271 964 2518 1022 Romam
2548 964 2911 1042 Babylonem

500 1045 619 1104 sint
643 1043 1019 1120 interpretati.
1088 1045 1319 1103 Tertull.
1353 1044 1632 1104 adversus
1660 1044 1703 1104 J
1705 1044 1920 1121 udaeos,
1951 1052 2011 1103 et
2037 1044 2137 1103 lib.
2168 1044 2248 1102 iii.
2279 1052 2478 1103 contra
2499 1044 2739 1103 Marci0.
2784 1067 2908 1125 cap.

504 1127 596 1200 13,
632 1124 771 1183 “Sic
798 1131 859 1182 et
876 1124 1203 1200 Babylon,'’
1222 1124 1427 1201 inquit,
1462 1125 1665 1203 “apud
1682 1125 1725 1185 J
1728 1145 1971 1184 oannem
1991 1133 2253 1185 nostrum
2283 1125 2560 1183 Romanae
2581 1125 2741 1184 urbis
2761 1126 2913 1203 figu-

498 1224 623 1263 ram
651 1211 859 1282 portat,
890 1204 1131 1281 proinde
1154 1212 1212 1264 et
1239 1225 1484 1283 magnae,
1516 1214 1575 1265 et
1601 1226 1782 1283 regno
1825 1206 2087 1284 superbae
2115 1214 2176 1265 et
2201 1214 2528 1265 sanctorum
2581 1206 2911 1265 debellatri-

502 1285 645 1344 cis.'’
732 1285 827 1345 Ita
854 1284 1055 1344 Hiero.
1085 1284 1161 1343 ad
1189 1285 1437 1364 Algasi.,
1528 1289 1562 1320 “
1586 1288 1660 1345 In
1687 1287 1873 1347 fronte
1915 1294 2243 1365 purpuratae
2270 1286 2588 1346 meretricis
2633 1288 2908 1366 scriptum

500 1366 686 1440 esse‚’'
718 1364 875 1441 dicit,
931 1367 1195 1425 “nomen
1221 1366 1611 1445 blasphemiae,
1645 1368 1707 1426 id
1735 1376 1825 1426 est
1846 1369 2050 1426 Romae
2093 1368 2378 1427 aeternae.''
2443 1368 2741 1445 Angustia.
2789 1369 2906 1427 Ro-

496 1466 651 1505 mam
670 1466 824 1505 nunc
836 1446 1144 1506 secundam
1159 1448 1561 1526 Babyloniam,
1584 1468 1738 1507 nunc
1748 1448 1988 1507 alteram
2009 1448 2388 1523 Babylonem,
2410 1468 2564 1506 nunc
2584 1449 2908 1507 occidenta-

497 1527 613 1585 lem
624 1526 1005 1603 Babylonem,
1038 1528 1307 1604 appellat,
1339 1527 1413 1587 de
1443 1528 1692 1587 Civitate
1722 1527 1834 1586 Dei
1871 1528 1971 1586 lib.
1994 1526 2161 1585 xviii.
2185 1546 2309 1604 cap.
2340 1532 2394 1601 2,
2427 1532 2522 1601 22,
2555 1532 2626 1585 27
2655 1550 2668 1588 :
2703 1531 2737 1561 “
2761 1530 2910 1587 Con-

493 1606 616 1665 dita
643 1614 732 1665 est
762 1607 949 1663 Roma
976 1608 1137 1666 velut
1164 1607 1347 1667 altera
1375 1608 1662 1684 Babylon,
1693 1615 1752 1666 et
1799 1608 1962 1666 velut
2007 1606 2216 1683 prioris
2261 1607 2384 1663 filia
2430 1606 2770 1681 BabyloniS,
2801 1627 2904 1683 per

496 1706 670 1763 quam
701 1686 827 1743 Deo
853 1685 1073 1761 placuit
1100 1687 1296 1745 orbem
1318 1687 1607 1745 debellare
1655 1686 1992 1747 terrarum.''
2079 1686 2157 1745 Et
2177 1684 2389 1744 fatetur
2426 1684 2696 1743 Andreas
2719 1686 2905 1745 Caesa-

494 1765 717 1840 riensis‚
748 1784 819 1823 ea
844 1783 973 1840 quae
1004 1764 1287 1843 dicuntur,
1310 1767 1479 1843 Apoe
1508 1766 1674 1826 xviii.
1721 1768 1756 1799 “
1779 1766 1850 1824 de
1881 1765 2202 1843 Babylone,
2233 1784 2364 1841 quae
2394 1773 2482 1823 est
2510 1764 2666 1842 apud
2695 1766 2905 1825 Roma·

490 1864 616 1921 nos,
648 1843 1026 1921 intelligenda
1053 1865 1179 1904 esse
1201 1848 1377 1922 juxta
1402 1854 1665 1906 veterum
1695 1846 1974 1905 Ecclesiae
2001 1845 2302 1904 doctorum
2345 1846 2746 1904 sententiam.’'

492 1964 971 2077 5θέῃῖοἒὦὸᾒὲ
1009 1926 1648 2084 υγῗζξξῷἷῖἒῗζᾈέῗ
1671 1926 2646 2083 ἓῗὲῗᾜῖὲἓὶἓοίἳῖῗέαῗῗιῗωῗὲ
2662 1927 2908 2067 Ξεῖῖηῗῗῆ

550 2084 705 2127 *³³¹¹ss-
1013 2106 1129 2144 non
1156 2086 1469 2163 Paganam
1508 2052 1774 2164 intelligi,
1807 2107 1936 2164 quae
1986 2087 2425 2164 imperatoribus
2463 2087 2708 2146 ethnicis
2736 2088 2908 2147 fuerit

492 2168 770 2246 subjecta,
802 2166 959 2244 quod
988 2168 1346 2226 contendunt
1372 2167 1706 2243 adversarii,
1741 2168 1844 2227 sed
1883 2168 2286 2241 Christianam,
2331 2188 2461 2245 quae
2493 2168 2683 2246 Papae.
2771 2168 2905 2227 Hoc

490 2268 629 2307 vero
658 2268 776 2306 nou
804 2268 919 2306 una
944 2247 1166 2307 ratione
1195 2248 1385 2306 evinci
1412 2256 1622 2325 potest.
1708 2248 1920 2324 Prim0,
1951 2248 2088 2325 quia
2127 2248 2171 2307 J
2174 2268 2389 2307 oannes
2409 2269 2523 2307 non
2551 2248 2807 2325 loquitur
2833 2248 2906 2308 de

487 2328 661 2388 rebus
689 2328 859 2387 claris
886 2336 945 2386 et
970 2328 1201 2404 apertis,
1233 2328 1337 2391 sed
1364 2328 1437 2387 de
1465 2327 1726 2387 obscuris
1754 2336 1812 2386 et
1839 2329 2100 2387 occultis.
2165 2328 2306 2387 Ideo
2335 2328 2436 2387 ubi
2464 2328 2536 2387 de
2567 2329 2905 2405 Babylonis,

492 2416 615 2466 tum
658 2406 999 2483 idololatria,
1032 2415 1155 2465 tum
1184 2408 1583 2485 persecutione
1615 2409 1954 2467 Sanctorum
1985 2408 2110 2485 agit
2135 2428 2184 2466 e.
2216 2408 2358 2466 xvii.
2391 2410 2445 2482 5,
2478 2410 2532 2483 6,
2565 2412 2620 2482 7,
2655 2412 2904 2485 prophe-

492 2489 631 2547 tiam
658 2486 942 2564 proponit,
972 2488 1291 2563 mysterium
1322 2496 1502 2564 notat,
1534 2508 1872 2567 summaque
1919 2488 2044 2564 ipse
2091 2488 2468 2546 admiratione
2496 2488 2735 2564 capitur.
2821 2488 2907 2547 At

490 2569 541 2626 si
568 2568 716 2625 nihil
742 2566 902 2625 aliud
930 2566 1041 2625 sibi
1070 2567 1272 2642 voluit,
1304 2588 1478 2645 quam
1508 2568 1754 2627 Romam
1783 2568 2071 2627 ethnicam
2100 2576 2160 2626 et
2175 2566 2514 2625 idololatriae
2545 2566 2815 2643 deditam,
2847 2576 2908 2627 et

494 2649 835 2708 Sanctorum
886 2647 1168 2724 sanguine
1218 2648 1435 2706 ebriam
1484 2648 1679 2723 fuisse,
1726 2647 1867 2725 quid
1910 2648 2021 2723 hic,
2075 2667 2288 2724 quaes0,
2321 2646 2733 2724 propheticum,
2766 2648 2906 2724 quid

488 2729 816 2805 mysticum,
848 2727 990 2804 quid
1018 2728 1393 2787 admiratione
1424 2737 1585 2788 tanta
1611 2728 1850 2806 dignum
1881 2728 2126 2786 suisset?
2167 2727 2269 2785 An
2295 2727 2498 2804 ignota
2516 2725 2625 2785 fuit
2653 2747 2906 2803 unquam

490 2809 587 2868 vel
618 2810 820 2867 Romae
849 2808 1093 2867 ethnicae
1134 2808 1478 2885 idololatria,
1510 2807 1608 2868 vel
1648 2808 1894 2867 barbara
1919 2810 1981 2866 in
2013 2808 2257 2867 Sanctos
2283 2806 2592 2866 crudelitas
2613 2809 2642 2865 P
2724 2806 2907 2880 Quor-

489 2910 617 2951 sum
646 2909 785 2967 ergo
814 2896 932 2947 tam
962 2888 1206 2949 sollicite
1235 2889 1558 2949 describere
1587 2909 1733 2967 opus
1759 2888 1885 2962 fuit,
1917 2896 1975 2948 et
2021 2888 2252 2966 quidem
2283 2888 2528 2965 figurate
2558 2895 2615 2945 et
2643 2886 2903 2963 mystice,

488 2969 645 3049 quod
674 2968 941 3029 omnibus
969 2969 1109 3029 satis
1138 2979 1261 3030 erat
1286 2978 1648 3048 perspectum
1670 2974 1699 3029 Ρ
1785 2969 1903 3028 Sed
1929 2990 2060 3028 cum
2083 2970 2328 3028 Romam
2358 2967 2432 3025 ad
2453 2966 2742 3025 Christum
2771 2986 2909 3025 con-

488 3070 735 3125 versam,
769 3068 944 3127 seque
974 3050 1229 3109 omnium
1278 3051 1671 3109 Ecclesiamm
1713 3058 1956 3109 matrem
2005 3058 2064 3109 et
2103 3049 2439 3126 magistram
2481 3046 2904 3123 indigitantem,

490 3131 602 3189 sibi
630 3130 739 3187 hac
766 3130 991 3187 visione
1020 3139 1487 3208 repraesentatam
1530 3131 1899 3207 intelligeret,
1951 3150 2068 3189 non
2096 3129 2283 3207 potuit
2303 3147 2418 3186 non
2447 3127 2657 3201 mirari,
2689 3128 2905 3203 Sedent,

490 3228 664 3285 quam
690 3216 905 3265 vocant
930 3210 1328 3283 Apostolicam,
1352 3230 1469 3269 non
1496 3210 1670 3269 modo
1699 3210 1884 3287 ipsam
1913 3210 2306 3286 Apostaticam
2349 3208 2555 3265 factam
2585 3207 2672 3279 iri,
2705 3207 2807 3265 sed
2850 3208 2912 3265 in

492 3294 719 3346 tantum
748 3286 919 3343 etiam
950 3306 985 3343 a
1012 3288 1257 3363 pristina
1284 3288 1497 3364 pietate
1536 3288 2029 3365 degeneraturam,
2061 3297 2128 3346 ut
2173 3288 2428 3347 omnium
2474 3286 2534 3343 in
2582 3287 2910 3345 Christiano

492 3365 648 3438 orbe,
680 3372 805 3422 tum
835 3366 1325 3440 superstitionum,
1356 3368 1884 3442 scortationumque
1925 3374 2108 3424 mater
2153 3374 2211 3425 et
2241 3367 2533 3443 magistra,
2564 3373 2688 3424 tum
2715 3386 2909 3442 perse-

493 3446 787 3505 cutionum
816 3442 1095 3502 adversus
1144 3453 1374 3504 sanctos
1406 3446 1517 3503 Dei
1544 3453 1828 3519 martyres
1876 3464 2050 3503 causa
2093 3445 2360 3519 extitura,
2398 3454 2456 3506 et
2503 3446 2684 3522 ipsius
2735 3445 2906 3503 Anti-

494 3524 693 3585 christi
724 3522 891 3581 sedes
918 3522 1110 3582 futura
1137 3531 1306 3582 esset.
1356 3524 1641 3598 Secunde,
1673 3524 1717 3583 J
1720 3542 1936 3582 oannes
1952 3524 2026 3582 de
2047 3524 2149 3581 illa
2168 3524 2469 3601 Babylone
2485 3526 2756 3601 loquitur,
2778 3545 2908 3602 quae

495 3608 531 3640 “
546 3602 864 3665 Meretrix”
879 3602 1105 3677 dicitur,
1121 3612 1179 3662 et
1194 3606 1372 3661 “cum
1401 3624 1517 3680 qua
1538 3603 1773 3663 scortati
1793 3613 1929 3661 sunt
1955 3623 2122 3681 reges
2144 3611 2327 3679 terrae,
2351 3605 2518 3682 eujus
2539 3606 2676 3665 vino
2697 3605 2906 3665 inebri-

492 3686 576 3746 ati
586 3693 719 3745 sunt
730 3684 855 3761 ejus
868 3682 1259 3759 incolae‚’'cap.
1290 3683 1435 3743 xvii.
1457 3688 1511 3757 2,
1536 3690 1595 3741 et
1612 3682 1777 3742 xviii.
1791 3686 1847 3742 3.
1880 3683 1952 3742 Id
1963 3691 2066 3760 est,
2081 3703 2209 3760 quae
2222 3684 2562 3759 idololatria,
2581 3684 2734 3763 (quae
2753 3706 2907 3744 seor-

498 3766 642 3826 tatio
672 3773 762 3824 cst
790 3761 1150 3841 spirituali8,)
1182 3771 1367 3821 totum
1410 3762 1609 3822 orbem
1657 3763 1937 3839 implevit,
1983 3773 2042 3823 et
2081 3764 2248 3841 cujus
2276 3764 2686 3841 approbatores
2715 3775 2774 3825 et
2815 3766 2915 3825 dc-

495 3847 752 3907 fensores
793 3864 860 3901 ac
890 3842 1093 3916 socios,
1126 3862 1293 3919 reges
1321 3843 1515 3901 varios
1544 3851 1604 3901 et
1630 3842 1918 3921 principes
1939 3842 2156 3902 habuit.
2246 3843 2362 3901 Sed
2405 3845 2516 3903 hoc
2540 3845 2742 3903 Romae
2783 3846 2911 3903 eth-

495 3928 641 3985 nicae
684 3924 991 3983 convenire
1033 3922 1249 3999 nequit,
1294 3932 1678 4000 praeterquam
1706 3924 1863 4001 quod
1891 3923 2043 3982 enim
2090 3923 2395 3981 meretricis
2435 3944 2648 3984 nomen
2689 3924 2911 3983 adulte-

494 4026 621 4066 rum
650 4012 709 4064 et
736 4003 1113 4080 apostaticum
1142 4011 1306 4062 notat
1333 4010 1564 4079 statum,
1596 4012 1656 4063 et
1683 4003 1954 4080 supponit
1981 4002 2310 4081 praecedens
2337 4004 2573 4080 aliquod
2601 4013 2828 4082 pactum
2853 4012 2912 4061 et

496 4084 873 4157 connubium3
918 4100 1033 4159 quo
1052 4102 1242 4158 sensu,
1269 4082 1385 4141 Isa.
1416 4084 1453 4143 i.
1484 4087 1581 4157 21,
1602 4084 1674 4143 de
1699 4083 2107 4159 Hierosolyma
2134 4083 2393 4159 loquenS,
2414 4088 2692 4161 quomodo
2720 4084 2909 4142 civitas

476 4166 671 4245 fidiles
698 4172 779 4221 est
790 4165 957 4237 facta
982 4163 1299 4221 meretrix?
1340 4164 1497 4239 quod
1526 4164 1598 4221 de
1627 4162 1985 4223 ethnicorum
2013 4163 2258 4223 coetibus
2289 4163 2404 4225 dici
2445 4166 2663 4242 nequit,
2707 4164 2808 4239 qui
2849 4162 2909 4219 in

496 4245 685 4303 foedus
696 4262 989 4319 uunquam
1002 4262 1131 4300 cum
1145 4242 1374 4302 Christo
1386 4244 1634 4321 ingressi
1655 4252 1806 4316 sunt,
1823 4244 2036 4321 quique
2045 4264 2148 4321 per
2160 4264 2518 4322 consequens
2535 4264 2651 4302 non
2668 4248 2910 4319 possunt

497 4324 613 4384 dici
634 4322 722 4380 illi
743 4321 915 4381 fidem
946 4321 1206 4399 fregisse,
1237 4344 1413 4401 quam
1440 4344 1736 4401 nunquam
1764 4324 1851 4381 illi
1879 4324 2178 4400 dederunt,
2225 4325 2329 4384 sed
2351 4334 2574 4385 tantum
2603 4322 2674 4379 de
2705 4320 2906 4379 Eccle-

496 4406 598 4464 siis
616 4401 917 4479 corruptiS,
938 4422 1084 4479 quse,
1106 4404 1265 4480 prius
1296 4403 1523 4465 Christo
1554 4404 1854 4481 copulatae,
1879 4404 2052 4464 fidem
2081 4404 2273 4463 datam
2293 4404 2508 4482 perfide
2536 4402 2906 4476 abruperunt,

494 4483 683 4562 qualis
712 4481 821 4540 fuit
844 4482 1137 4559 Romana3
1183 4503 1331 4561 quae,
1362 4484 1499 4543 dum
1550 4503 1820 4562 sponsam
1869 4506 1932 4545 se
1977 4485 2192 4545 Christi
2230 4486 2430 4561 jactat,
2479 4500 2604 4539 sese
2633 4480 2912 4539 adulteris

494 4586 597 4644 per
624 4562 1008 4622 idololatriam
1035 4565 1347 4641 prostituit.
1433 4566 1667 4624 Certum
1716 4573 1806 4625 est
1831 4574 2085 4625 veterem
2117 4566 2359 4623 Romam
2397 4581 2513 4620 non
2541 4559 2763 4619 artibus
2790 4580 2910 4620 me-

494 4643 739 4706 retriciis
782 4651 842 4703 ct
868 4643 1170 4704 lenociniis
1198 4664 1361 4705 usam
1392 4664 1519 4705 esso
1566 4644 1642 4703 ad
1685 4644 2023 4707 alliciendos
2066 4643 2328 4722 populos,
2373 4640 2476 4701 sed
2519 4642 2580 4699 vi
2621 4660 2910 4700 armorum
