3234 5192
332 385 566 430 msrur.
597 365 668 449 1.]
1077 387 1304 429 noers*
1335 387 1411 428 as
1441 387 1721 430 secessu
1752 389 2021 432 noum-u.
2708 379 2741 435 7

329 531 390 604 3,
419 531 474 603 4,
505 529 562 603 5,
593 527 859 604 nuspiam
907 525 1042 587 talis
1077 527 1497 588 communionis
1523 549 1655 588 cum
1694 531 1853 609 Papa
1888 530 2245 608 meminerit3
2308 553 2439 592 cum
2476 533 2743 612 nuspiam

329 605 587 685 gloriosa
611 607 738 666 hoec
762 607 1150 684 prerogativa
1177 607 1399 686 Capitis
1436 608 1723 686 cuiquam,
1770 619 2014 689 excepto
2062 610 2311 685 Christo,
2342 613 2643 689 tribuatur,
2675 623 2742 676 nt

325 706 436 746 nec
461 686 640 746 tribui
665 695 858 764 potest
884 687 1008 746 sine
1035 687 1270 746 immani
1291 687 1625 766 sacrilegio;
1663 688 1871 748 mirum
1892 688 2079 749 videri
2118 709 2237 748 non
2264 690 2453 767 debet,
2472 693 2524 752 si
2544 695 2743 774 aepfi'rm

327 763 475 826 illud
499 763 696 842 ψιῧὶος,
726 765 886 843 quod
909 771 979 848 τῇ·
995 765 1206 827 meu
1246 765 1544 833 'oeni-ms
1587 767 2010 846 excogitarunt,
2054 767 2256 828 eadem
2300 769 2578 831 facilitate
2604 773 2737 852 regii·

323 845 545 906 ciamus
611 865 690 906 ua
713 849 1068 924 proponitur.
1173 847 1302 906 Imo
1328 847 1486 925 quod
1509 847 1701 925 magis
1726 855 1820 908 est
1842 847 2207 926 proefidenter
2231 849 2559 926 asserimus,
2586 859 2655 911 ut
2678 851 2742 911 in

327 925 593 1002 sequenti
633 945 704 985 us
731 945 932 985 sumus
951 925 1396 988 demonstraturi
1419 949 1433 1002 ;
1475 935 1705 987 tantum
1732 927 1934 987 abesse
1961 933 2029 988 nt
2048 927 2325 989 discessio
2358 929 2435 989 ab
2461 931 2740 1008 obsequio

333 1004 630 1065 Pontificis
657 1005 735 1063 sit
763 1005 1028 1082 schisma,
1077 1014 1146 1066 ut
1173 1006 1458 1085 subjectio
1501 1014 1560 1066 et
1585 1006 1725 1066 unio
1759 1007 1869 1066 sub
1894 1007 2023 1085 ipso
2070 1007 2147 1067 sit
2193 1027 2397 1068 verum
2423 1017 2484 1068 et
2508 1011 2739 1088 proprie

325 1083 546 1144 dictum
560 1085 841 1178 schisma,
873 1085 1104 1178 quando
1131 1105 1302 1144 nemo
1330 1093 1520 1180 petest
1545 1085 1699 1147 uniri
1719 1087 1829 1146 sub
1868 1087 2044 1166 Papa,
2074 1095 2135 1146 et
2174 1085 2287 1166 ipsi
2306 1087 2517 1168 subjici
2534 1095 2604 1150 ut
2631 1090 2736 1151 Ca·

327 1171 628 1303 papea&
645 1183 962 1321 quicpspem
1007 1173 1220 1304 Unitzf
1251 1173 1528 1303 Ecolelgoe
1557 1263 1592 1303 a
1620 1244 1851 1305 Christo
1878 1244 2111 1304 demum
2156 1245 2325 1306 unice
2353 1246 2603 1326 petenda
2628 1257 2735 1326 est,

326 1322 391 1380 in
418 1341 534 1400 quo
559 1321 762 1382 fideles
786 1323 1066 1382 uniuntur
1120 1331 1318 1383 sancto
1345 1323 1484 1382 fidei
1526 1331 1588 1382 ct
1632 1323 1930 1384 charitatis
1964 1323 2217 1400 vinculo,
2247 1324 2399 1404 Eph.
2440 1325 2522 1385 iv.
2552 1330 2608 1402 3,
2643 1331 2736 1406 13,

331 1403 426 1475 15,
471 1402 596 1462 Col.
647 1402 730 1460 iii.
781 1405 875 1478 11,
921 1402 1005 1463 ita
1029 1402 1285 1462 Schisma
1311 1421 1430 1463 non
1465 1401 1679 1462 melius
1719 1410 1914 1481 potest
1940 1401 2222 1480 dignosci,
2268 1421 2443 1482 quam
2486 1425 2562 1464 ex
2593 1407 2737 1467 Uni-

325 1481 458 1539 onis
483 1480 653 1540 istius
680 1481 1036 1559 abruptione‚
1067 1501 1246 1560 quum
1275 1481 1498 1542 scilicet
1523 1501 1560 1541 a
1581 1481 1829 1559 Christo,
1859 1489 1919 1542 et
1944 1499 2085 1540 vera
2110 1481 2241 1560 ejus
2264 1483 2528 1543 Ecclesia
2553 1483 2737 1546 disce·

329 1559 504 1620 ditur.
591 1560 770 1638 l’orro
797 1561 1054 1620 discessio
1080 1561 1299 1640 duplex
1326 1561 1501 1621 debet
1543 1561 1843 1640 distingui,
1882 1569 1950 1622 ut
1977 1561 2123 1620 Um'o
2150 1561 2369 1639 duplex
2416 1571 2609 1642 potest
2636 1565 2737 1624 ob·

327 1638 548 1698 servari
575 1639 726 1699 inter
754 1639 1064 1716 Ecclesias,
1095 1640 1212 1700 alia
1250 1642 1474 1701 interna
1505 1641 1860 1718 etsormalis,
1889 1641 2006 1700 alia
2044 1649 2283 1700 externa
2322 1650 2382 1702 et
2406 1643 2735 1705 mater-iales.

327 1718 442 1777 ma
471 1718 750 1778 Ecclesia
775 1719 1056 1780 invisibili
1087 1721 1416 1780 Electorum
1460 1727 1523 1779 et
1547 1721 1841 1780 vocationi
1882 1719 2102 1780 efficaci
2138 1721 2464 1799 respondet,
2508 1723 2622 1782 ista
2648 1725 2735 1783 vi-

321 1797 551 1857 sibilem
576 1799 898 1858 Ecclesiam
915 1800 1231 1876 constituit,
1254 1808 1314 1860 et
1331 1799 1655 1860 vocationis
1674 1806 1930 1860 externas
1948 1798 2171 1860 fructus
2191 1808 2299 1860 est.
2352 1802 2465 1860 Per
2482 1801 2641 1862 illam
2668 1803 2737 1862 fl-

323 1877 501 1952 deles,
523 1887 799 1956 tauquam
819 1897 1022 1938 verum
1043 1898 1267 1956 corpus,
1291 1899 1422 1938 cum
1445 1879 1677 1938 Christo
1699 1879 1901 1956 Capite
1920 1897 2027 1939 suo
2042 1898 2147 1957 per
2171 1898 2369 1938 veram
2396 1879 2571 1941 fidem
2599 1883 2733 1942 con-

313 1957 658 2035 junguntur,
689 1965 748 2016 et
767 1965 834 2016 ut
859 1959 1118 2016 membra
1133 1959 1284 2018 inter
1304 1975 1368 2017 se
1393 1965 1596 2017 mutuo
1615 1957 1914 2017 charitatis
1940 1958 2177 2018 vinculo
2204 1961 2563 2037 copulantur.
2611 1962 2736 2023 Ista

321 2055 464 2096 vero
489 2036 554 2094 in
580 2045 821 2097 externa
847 2037 1105 2114 ejusdem
1147 2037 1284 2096 fidei
1309 2046 1370 2097 et
1409 2037 1604 2096 cultus
1640 2036 2014 2116 professione,
2060 2038 2487 2116 eorundemque
2535 2041 2736 2101 Sacra-

321 2124 648 2175 mentorum
675 2117 1110 2194 participatione
1150 2117 1342 2195 posita
1383 2124 1490 2176 est.
1535 2117 1615 2176 Et
1657 2116 1733 2175 ad
1758 2117 2001 2194 primam
2030 2116 2265 2194 quidem
2309 2118 2467 2194 quod
2493 2120 2734 2200 attinet;

321 2213 456 2255 cum
485 2203 710 2255 constet
745 2215 822 2254 ex
853 2195 1148 2274 Scriptura
1173 2215 1290 2271 eos,
1337 2195 1438 2274 qui
1466 2196 1645 2255 semel
1691 2214 1829 2255 vere
1874 2197 2023 2256 uniti
2064 2203 2199 2256 sunt
2226 2198 2457 2256 Christo
2492 2207 2553 2258 et
2578 2199 2740 2260 insiti

321 2275 550 2352 corpori
576 2275 706 2352 ejus
729 2275 995 2352 mystico,
1024 2295 1320 2353 nunquam
1359 2295 1434 2334 ne
1535 2295 1565 2334 r
1589 2283 1834 2334 mortem
1860 2274 2092 2352 quidem
2122 2276 2196 2335 ab
2232 2293 2303 2336 eo
2330 2275 2534 2336 divelli
2560 2285 2621 2338 et
2646 2298 2737 2339 se-

321 2353 514 2430 parari
559 2371 748 2430 posse,
797 2373 930 2414 cum
977 2354 1414 2414 fundamentum
1453 2295 1568 2413 Εἰ
1611 2353 1843 2414 firmum
1890 2363 2137 2430 maneat,
2178 2363 2239 2414 et
2284 2355 2439 2414 dona
2484 2357 2597 2415 Dei
2618 2358 2737 2419 sint

323 2436 706 2509 ἇμκᾳιίλκι,
757 2437 793 2491 2
823 2433 974 2493 Tim.
1001 2434 1063 2492 ii.
1114 2437 1186 2493 19
1211 2455 1226 2511 ;
1275 2434 1444 2494 Rom.
1483 2433 1565 2492 xi.
1595 2436 1693 2508 29,
1735 2441 1955 2493 certum
1982 2443 2073 2494 est
2098 2434 2273 2493 etiam
2304 2435 2525 2495 nullam
2554 2437 2733 2497 talem

320 2512 447 2571 dari
474 2531 644 2591 posse
673 2512 1106 2590 separationem,
1137 2532 1267 2591 quae
1293 2533 1401 2572 nos
1428 2513 1502 2572 ab
1532 2513 1797 2572 Ecclesia
1823 2513 2103 2573 invisibili
2129 2513 2430 2592 disjungat
2464 2524 2524 2575 et
2549 2517 2733 2576 revel-

319 2591 421 2650 lat.
482 2593 684 2670 Neque
712 2591 785 2650 de
811 2592 928 2652 ista
952 2593 1274 2652 secessione
1310 2592 1587 2669 quaeritur
1628 2611 1799 2668 nunc,
1847 2592 1921 2652 de
1947 2612 2064 2670 qua
2098 2593 2161 2652 in
2186 2593 2317 2652 loco
2344 2594 2417 2654 de
2458 2595 2733 2656 Perseve-

320 2671 510 2730 rantia
539 2673 880 2732 Sanctorum
908 2671 1250 2749 disputatur,
1279 2673 1556 2748 quaeritur
1601 2691 1743 2748 ergo
1784 2672 1955 2731 unice
1996 2672 2069 2732 de
2122 2673 2437 2733 Scae-wione
2498 2685 2736 2736 eoeterna

319 2771 362 2808 a
385 2752 587 2810 vffibai
607 2751 882 2825 Ecclesia,
910 2771 1028 2828 qua
1055 2771 1344 2810 sacrorum
1372 2751 1699 2811 communio
1724 2759 1787 2810 ct
1811 2751 2109 2810 vinculum
2144 2751 2521 2831 abrumpitur,
2552 2755 2634 2813 ita
2670 2765 2737 2816 ut

321 2849 439 2888 una
463 2849 598 2908 pars
626 2849 756 2889 cum
775 2831 956 2888 altera
991 2830 1449 2890 communionem
1485 2849 1595 2890 nec
1637 2831 1825 2890 colere
1852 2830 1998 2890 velit
2038 2829 2303 2908 amplius,
2342 2851 2452 2891 nec
2477 2841 2643 2910 putet
2670 2853 2733 2894 se

321 2909 488 2968 salva
513 2909 866 2968 conscientia
891 2929 1078 2986 posse.

323 3025 576 3076 Quodnam
585 3027 650 3074 ‚st
658 3027 800 3072 „effis-
924 2989 1046 3047 XI.
1129 2988 1278 3063 Quia
1319 2997 1515 3048 autum
1559 2987 1697 3047 talis
1736 2985 2019 3060 SecessiO,
2070 2985 2169 3044 vel
2196 2990 2367 3046 levem
2414 3005 2647 3047 causam
2674 3000 2734 3050 et

383 3099 462 3130 ma
487 3085 800 3131 temerarium
839 3069 1200 3127 occasionem
1243 3067 1436 3140 habet,
1481 3066 1579 3125 vel
1620 3068 1854 3138 nullam,
1904 3063 2001 3121 vel
2011 3067 2231 3140 jtoetam
2256 3073 2317 3125 et
2340 3067 2731 3146 necessariam,

379 3143 434 3188 0¹²
461 3143 724 3200 injutum?
841 3146 926 3206 ita
951 3145 1340 3205 diversimode
1377 3145 1450 3203 de
1479 3163 1549 3203 ea
1568 3141 1969 3222 judicandum.
2056 3143 2205 3202 Nam
2234 3144 2285 3203 si
2310 3145 2531 3206 nullam
2556 3147 2735 3209 habet

323 3234 424 3286 aut
449 3227 737 3304 exiguam,
769 3233 828 3286 et
853 3244 972 3284 non
987 3224 1162 3285 valde
1178 3232 1611 3299 momentosam‚
1637 3222 1903 3282 Schisma
1925 3222 2131 3282 merito
2158 3223 2399 3302 dicetur,
2421 3226 2519 3284 vel
2547 3225 2729 3306 injus-

321 3317 444 3365 tum
471 3306 660 3382 plane,
689 3306 790 3365 vel
818 3305 1024 3365 saltem
1045 3303 1411 3364 temerarium
1439 3323 1454 3378 3
1498 3304 1588 3362 sin
1614 3321 1757 3362 vero
1798 3321 2009 3379 graves
2038 3302 2287 3362 subsunt
2306 3313 2367 3364 et
2392 3307 2731 3367 necessariae

320 3405 524 3460 caussa,
551 3385 812 3444 Secessio
837 3384 1072 3462 quidem
1101 3383 1224 3458 erit,
1251 3383 1354 3442 sed
1374 3401 1492 3442 non
1518 3382 1788 3442 schisma.
1832 3380 2075 3456 Quando
2095 3401 2271 3442 causa
2294 3384 2457 3442 nulla
2482 3387 2733 3448 occurrit

321 3465 582 3542 legitima
609 3483 710 3524 cur
737 3463 986 3524 secessio
1013 3464 1132 3538 fiat,
1163 3463 1258 3521 vel
1287 3463 1348 3520 in
1395 3461 1675 3536 doctrina,
1705 3461 1803 3520 vel
1845 3461 1908 3519 in
1951 3461 2129 3536 cultu,
2174 3462 2272 3520 vel
2320 3463 2381 3520 in
2424 3464 2723 3542 regimine,

319 3553 458 3604 tunc
486 3543 752 3620 injustum
779 3550 869 3602 est
888 3543 1160 3616 Schisma,
1189 3551 1250 3600 et
1274 3542 1480 3601 merito
1509 3538 1877 3618 culpandum,
1906 3548 2180 3617 tanquam
2210 3542 2425 3601 vulnus
2451 3543 2731 3619 gravissi-

317 3641 478 3681 mum
505 3622 783 3682 Ecclesiae
799 3621 1040 3696 illatum,
1061 3640 1176 3698 quo
1193 3621 1385 3679 unitas
1413 3621 1669 3697 corporis
1710 3619 1972 3694 solvitur,
1996 3627 2056 3678 et
2081 3619 2239 3678 salus
2266 3639 2463 3680 eorum
2491 3623 2594 3699 qui
2636 3641 2726 3683 se-

319 3701 533 3761 cedunt
559 3701 620 3759 in
645 3701 1156 3779 praesentissimum
1183 3699 1494 3758 discrimen
1519 3697 1863 3773 adducitur;
1908 3697 2191 3774 siquidem
2237 3699 2427 3759 Deum
2470 3701 2531 3758 in
2580 3703 2727 3761 coelo

318 3801 434 3839 non
460 3789 655 3858 potest
677 3779 890 3839 habere
921 3780 1167 3854 Patrem,
1197 3779 1300 3855 qui
1327 3777 1650 3838 Ecclesiam
1678 3777 1737 3836 in
1782 3785 1935 3835 terra
1978 3777 2227 3836 Matrem
2280 3797 2397 3838 non
2424 3781 2726 3858 agnoscit3

321 3879 432 3918 nec
481 3879 612 3918 cum
661 3859 850 3937 capite
895 3859 1064 3934 uniri,
1097 3857 1198 3935 qui
1225 3857 1610 3916 membrorum
1656 3856 2114 3915 communionem
2144 3857 2364 3932 spernit
2402 3865 2464 3915 et
2490 3857 2723 3919 deserit.

319 3939 464 3997 Cum
491 3957 632 3998 vero
659 3957 836 3997 causa
860 3936 1094 4014 quidem
1121 3944 1183 3995 et
1205 3936 1432 3995 occasio
1450 3935 1683 3995 videtur
1709 3935 1904 4012 aliqua
1929 3934 2071 4008 dari,
2102 3934 2207 3992 sed
2232 3934 2381 3994 levis
2406 3942 2466 3993 et
2492 3937 2724 4015 exigua,

319 4031 448 4094 quae
473 4017 580 4077 tali
605 4015 862 4110 remedio
887 4015 1144 4074 nondum
1177 4023 1367 4092 egeat,
1392 4023 1530 4112 tum,
1563 4015 1614 4073 si
1643 4015 1890 4073 secessio
1922 4013 2005 4088 fit,
2035 4014 2289 4106 Schisma
2314 4013 2539 4106 dicetur
2564 4024 2725 4112 teme3

320 4117 360 4232 η’
355 4117 434 4234 ’ἐζ
427 4117 542 4234 ’ἵξῖἔ
561 4113 1036 4246 ἓῃζῑιέὼῖῃῖαἳῖ
1050 4094 1623 4251 3ξίἓὲἲᾲῗέῗέῗῇ
1635 4092 2164 4232 οὲῒὲιξῗέἕῗωῇ
2186 4092 2727 4249 ῗέἒῗιῗέἲέἔξὲιὲἒῖ

318 4250 500 4314 tiosus
521 4263 582 4313 et
601 4273 804 4328 vanus,
825 4253 929 4312 sed
959 4253 1277 4312 tolerabilis
1309 4261 1518 4328 tamen,
1538 4251 1641 4329 qui
1658 4252 2067 4310 conscientiam
2082 4269 2200 4309 non
2218 4250 2449 4309 omnino
2470 4249 2688 4314 inficiat
2706 4276 2721 4332 ;

321 4334 370 4392 si
413 4353 641 4392 morum
668 4332 1008 4392 deformatio
1055 4339 1116 4390 et
1155 4332 1492 4409 corruptelae
1520 4329 1785 4408 quaedam
1814 4330 2059 4405 dentur;
2102 4328 2153 4388 si
2192 4329 2254 4387 in
2294 4329 2574 4406 regimine
2622 4352 2726 4394 seu

319 4411 378 4469 in
405 4407 735 4490 disciplinae‘
756 4411 1250 4470 administratione
1297 4418 1596 4488 peccatum
1640 4408 1876 4485 aliquod
1904 4417 2005 4466 aut
2030 4407 2288 4468 defectus
2314 4417 2562 4485 notetur,
2608 4431 2726 4472 non

321 4491 512 4551 statim
539 4499 632 4551 est
658 4489 1061 4550 secedendum.
1148 4489 1231 4549 Ut
1257 4490 1318 4548 in
1345 4507 1582 4567 corpore
1609 4486 1877 4560 naturali,
1906 4487 2015 4546 etsi
2043 4489 2207 4547 ulcus
2228 4497 2448 4565 partem
2474 4490 2727 4566 aliquam

319 4571 640 4648 occupavit,
687 4581 844 4647 puta,
891 4570 986 4628 vel
1025 4587 1260 4628 manum
1287 4569 1384 4628 vel
1423 4567 1649 4644 pedem,
1678 4584 1795 4624 non
1824 4565 2015 4623 statim
2046 4567 2263 4626 dixeris
2288 4567 2725 4626 rescindendam

319 4667 442 4709 csse
469 4669 598 4710 eam
626 4657 863 4727 partem,
896 4647 1000 4707 sed
1028 4647 1122 4706 vel
1141 4647 1406 4706 remediis
1427 4644 1681 4706 curanda
1701 4644 1825 4720 erit,
1852 4645 1946 4702 vel
1968 4646 2327 4705 tolerandum
2354 4645 2465 4704 erit
2489 4645 2720 4720 malum,
