3234 5192
933 1374 1469 1451 DISPUTATIO
1532 1374 2120 1469 THEOLOGIGA,

738 1619 883 1709 DE
979 1616 1520 1712 c1RcUL0
1610 1616 2350 1753 Pomlrlclu

1366 1902 1741 1909 Ἣ

887 2100 1278 2172 Respondente
1308 2100 1460 2154 Em
1494 2099 1782 2173 Sumo,
1817 2099 2251 2174 Pratalqidensi.

432 2254 481 2311 Ι.
515 2254 677 2311 Inter
692 2253 855 2311 varia
874 2260 1215 2330 argumenta
1236 2251 1447 2329 quibus
1466 2252 1792 2312 Orthodoxi
1809 2254 1896 2312 uti
1914 2254 2103 2313 solent
2126 2254 2406 2313 adversus
2425 2254 2764 2315 Pontificios

351 2334 412 2391 in
441 2332 819 2393 vexatissima
846 2333 1163 2411 quaestione
1192 2332 1264 2391 de
1285 2334 1642 2391 Autkoritate
1667 2332 1994 2411 Scripturae,
2019 2342 2220 2394 notum
2249 2342 2337 2393 est
2363 2335 2558 2413 urgeri
2585 2336 2766 2412 potis-

351 2413 559 2471 simum
602 2414 675 2472 ab
716 2413 835 2473 illis
865 2412 1157 2473 Circulum
1200 2433 1317 2491 quo
1360 2412 1454 2471 isti
1496 2424 1774 2490 perpetuo
1803 2414 1864 2472 in
1893 2435 1962 2473 ea
1989 2414 2438 2474 demonstranda
2475 2416 2762 2491 oberrant,

352 2492 492 2552 dum
536 2493 891 2573 Scripturam
934 2514 1025 2553 ex·
1052 2494 1334 2569 Ecclesia,
1378 2501 1437 2552 et
1476 2513 1676 2553 rursus
1706 2493 2030 2553 Ecclesiam
2073 2516 2145 2554 ex
2187 2495 2483 2572 Scriptura
2523 2496 2766 2573 probare

354 2582 646 2652 satagunt.
720 2574 871 2648 Quia
910 2594 1051 2635 vero
1094 2582 1161 2633 ut
1206 2594 1267 2633 se
1316 2574 1389 2633 ab
1438 2573 1549 2633 hoc
1596 2574 1912 2652 expediant
1957 2575 2210 2635 absurdo
2258 2575 2490 2634 diversa
2537 2584 2767 2653 captare

355 2654 544 2715 solent
584 2654 815 2733 effugia,
861 2663 1033 2731 atque
1075 2654 1239 2730 adeo,
1284 2673 1457 2730 quem
1485 2653 1603 2712 illis
1634 2654 1926 2713 Circulum
1956 2655 2281 2731 objicimuS,
2313 2655 2481 2713 nobis
2508 2656 2766 2714 vicissim

354 2734 673 2812 impingere
702 2756 819 2795 non
846 2734 1325 2807 verecundantur,
1374 2732 1542 2807 quasi
1582 2732 1936 2807 Scripturam
1982 2754 2058 2792 ex
2102 2734 2337 2810 Spiritu,
2385 2743 2444 2793 et
2489 2735 2768 2810 Spiritum

355 2834 431 2871 ex
480 2815 776 2891 Scriptura
823 2813 1283 2872 demonstramus
1307 2833 1323 2886 ;
1380 2810 1513 2869 Non
1560 2810 1766 2870 inutile
1815 2812 1984 2870 nobis
2026 2812 2218 2872 visum
2268 2820 2357 2870 est
2404 2813 2657 2889 aliquam
2707 2814 2768 2871 in

354 2892 465 2950 hoc
510 2900 849 2967 argumento
898 2891 1154 2951 breviter
1201 2889 1506 2948 enodando
1554 2910 1787 2966 operam
1836 2891 2136 2963 collocare,
2194 2900 2315 2949 tum
2367 2902 2432 2951 ut
2477 2892 2768 2968 justitiam

356 2972 739 3030 accusationis
782 2979 994 3029 nostrae
1040 2978 1241 3029 contra
1276 2967 1763 3027 Adversariorum
1809 2970 2180 3046 exceptiones
2225 2978 2504 3045 tueamur,
2553 2980 2674 3029 tum
2704 2982 2772 3031 ut

354 3050 697 3127 injustitiam
726 3050 1141 3110 criminationis
1169 3050 1441 3126 ipsorum,
1480 3048 1708 3107 firmata
1735 3049 2037 3108 sententiae
2065 3058 2278 3109 nostrae
2307 3050 2568 3125 veritate,
2601 3050 2766 3109 evin·

357 3150 575 3191 camus.

441 3210 526 3267 ΙΙ.
571 3211 704 3269 Duo
735 3210 805 3269 E.
834 3210 1003 3269 nobis
1030 3209 1125 3268 hic
1153 3208 1601 3269 demonstranda
1629 3216 1834 3269 erunt:
1881 3210 2096 3287 Prim0,
2121 3210 2442 3291 justissime
2484 3231 2519 3270 a
2557 3212 2770 3271 nostris

358 3310 727 3368 progressum
756 3290 1091 3349 circularem
1120 3289 1295 3368 objici
1326 3290 1648 3349 Pontificiis
1675 3290 1738 3348 in
1765 3290 2112 3351 stabilienda
2152 3292 2266 3351 fide
2305 3312 2410 3351 sua
2437 3292 2510 3351 de
2540 3291 2767 3352 Autho-

358 3371 529 3431 ritate
576 3370 905 3448 Scripturae,
948 3370 1151 3446 Neque
1194 3390 1365 3448 posse
1408 3371 1521 3431 hoc
1564 3370 1993 3431 incommodum
2033 3372 2472 3450 quibuscunque
2513 3373 2770 3451 ipsorum

361 3450 702 3510 commentis
734 3450 881 3510 tolli.
962 3450 1245 3526 Secunde,
1290 3451 1650 3530 iniquissime
1691 3451 1868 3511 talem
1910 3452 2187 3513 circulum
2231 3453 2530 3511 sententiae
2557 3462 2770 3512 nostrae

360 3531 623 3608 impingi.
702 3531 773 3588 In
802 3538 1162 3591 antecessum
1191 3552 1331 3590 vero
1361 3552 1545 3609 pauca
1570 3532 1834 3609 quaedam
1862 3533 1924 3591 in
1946 3553 2157 3609 genere
2186 3532 2258 3592 de
2289 3532 2518 3591 Circulo
2544 3552 2768 3609 praeno-

360 3611 538 3669 tanda
566 3620 749 3687 erunt,
778 3618 845 3670 ut
873 3620 1099 3671 constet
1125 3610 1268 3689 quid
1295 3612 1387 3687 sit,
1418 3620 1477 3671 et
1504 3632 1681 3689 quare
1709 3612 1922 3672 vitiosa
1949 3612 2026 3671 sit
2051 3612 2494 3689 argumentandi
2521 3611 2686 3671 ratio.

446 3691 565 3749 ΙΙΙ.
614 3692 889 3767 Cir-culus,
922 3692 1127 3751 Graece
1154 3690 1357 3765 κῦκλος,
1388 3700 1632 3751 vocatur
1673 3691 1938 3767 probatio
1981 3693 2275 3769 reciproca
2316 3711 2431 3767 qua
2473 3710 2650 3749 unum
2693 3712 2770 3750 ex

362 3770 545 3830 altero
573 3771 831 3831 vicissim
864 3771 1227 3832 concluditur
1254 3779 1313 3830 et
1340 3771 1782 3846 demonstratur,
1813 3780 1986 3849 atque
2014 3772 2098 3831 ita
2124 3771 2511 3848 metaphorice
2540 3770 2766 3847 dicitur,

364 3850 523 3928 quod
560 3852 761 3910 circuli
797 3851 978 3911 instar
1005 3850 1274 3911 videatur
1299 3852 1360 3909 in
1389 3871 1449 3910 se
1476 3871 1786 3927 recurrere,
1816 3860 1884 3911 ut
1909 3872 2089 3929 quum
2117 3852 2508 3912 demonstrata
2535 3870 2610 3909 ex
2637 3871 2768 3928 pro-

362 3931 749 4009 positionibus
795 3932 1183 4007 conclusione,
1240 3952 1317 3991 ex
1364 3952 1434 3991 ea
1480 3931 1740 3991 vicissim
1788 3932 2006 3992 eaedem
2054 3930 2476 4010 propositiones
2530 3930 2764 3990 demon·

366 4018 638 4085 strantur,
686 4011 875 4089 sitque
916 4031 992 4070 ex
1032 4011 1401 4071 conclusione
1448 4012 1782 4090 propositio,
1831 4021 1889 4072 et
1929 4034 1961 4072 e
2001 4011 2394 4090 propositione
2435 4012 2769 4087 conclusio;

368 4090 459 4149 De
496 4092 607 4150 hoc
644 4090 993 4151 Aristoteles
1036 4110 1153 4149 non
1198 4093 1377 4151 semel
1420 4092 1558 4169 egit,
1604 4091 1884 4170 peculiari
1923 4112 2062 4151 vero
2098 4094 2162 4151 in
2195 4092 2237 4152 i.
2265 4100 2325 4152 et
2351 4091 2411 4149 ii.
2439 4091 2590 4151 libro
2619 4091 2770 4169 prio·

366 4190 493 4229 rum
526 4170 767 4247 Analyt.
798 4192 847 4230 c.
879 4174 934 4247 5,
967 4174 1021 4247 6,
1055 4174 1109 4246 7,
1153 4171 1255 4231 ubi
1284 4170 1634 4231 Circularem
1677 4171 2224 4232 demonstrationem
2265 4192 2382 4249 qua
2421 4172 2596 4248 prisci
2645 4172 2772 4249 qui-

365 4251 501 4309 dam
524 4251 863 4328 Philosophi
891 4252 1085 4310 omnia
1112 4251 1249 4311 sciri
1273 4271 1443 4329 posse
1470 4252 1900 4328 asseverabant,
1930 4252 2240 4313 absurdam
2268 4261 2328 4311 et
2353 4252 2618 4311 inutilem
2647 4272 2775 4311 esse

366 4330 673 4390 efficaciter
700 4330 972 4391 ostendit.
1019 4330 1267 4406 Quidam
1295 4331 1652 4409 distinguere
1681 4333 1869 4392 solent
1887 4333 2176 4393 Circulum
2200 4334 2260 4389 in
2278 4332 2532 4409 logicum
2563 4340 2622 4391 et
2647 4334 2774 4391 οἳλο-

366 4438 454 4483 ‘7⁰¹
482 4411 606 4470 sive
634 4411 1031 4489 sophisticum.
1078 4412 1322 4489 Loqiem
1349 4410 1575 4471 duobus
1603 4412 1816 4472 dicitur
1841 4420 2105 4473 constare
2134 4412 2506 4489 syllogismis,
2531 4432 2774 4489 quorum

368 4492 516 4551 alter
543 4512 619 4550 ex
646 4492 829 4551 altero
857 4491 1162 4551 deducitur
1188 4500 1248 4551 et
1274 4492 1567 4567 formatur,
1600 4490 1738 4549 dum
1766 4493 1936 4569 primi
1965 4493 2258 4553 conclusio
2285 4492 2352 4551 fit
2379 4513 2496 4551 una
2521 4494 2776 4570 praemis·

368 4592 561 4631 sarum
588 4572 650 4629 in
678 4572 949 4647 secunde,
980 4571 1283 4650 eidemque
1310 4572 1507 4647 altera,
1538 4572 1641 4631 secl
1669 4592 1952 4633 conversa
1969 4574 2256 4652 jungitur.
2306 4572 2480 4633 Unde
2522 4574 2793 4649 sequitur·

370 4652 663 4712 conclusio
690 4672 831 4730 quse
850 4652 1035 4713 fuerat
1062 4651 1249 4730 major
1275 4651 1446 4731 primi
1474 4652 1840 4731 syllogismi;
1893 4675 1947 4715 v.
1973 4675 2050 4733 g.,
2083 4655 2298 4715 Omnes
2333 4654 2634 4732 justificati
2677 4672 2779 4731 per
