3234 5192
501 317 623 377 212
1458 334 1537 373 nr.
1564 330 1741 375 naso
1769 332 1955 372 vrrAE.
2580 310 2846 393 [msrur.
2879 336 2926 377 1.

504 472 967 547 mutabilitatem,
997 479 1123 534 tum
1166 474 1243 533 ad
1283 472 1725 553 significandam
1772 472 2150 551 praescientiae
2179 471 2305 551 ejus
2333 480 2393 532 et
2421 473 2774 550 cognitionis
2799 476 2924 535 evi-

504 554 761 615 dentiam
782 560 841 612 et
862 552 1348 614 infallibilitatem.
1394 555 1544 613 Nam
1571 562 1639 613 ut
1659 572 1834 612 voces
1851 561 1910 613 et
1933 553 2114 611 verba
2137 553 2356 628 volant,
2387 554 2493 616 sed
2519 554 2689 614 litera
2705 556 2923 632 scripta

504 640 715 710 manet,
758 634 841 691 ita
886 632 1179 693 decretum
1226 635 1337 695 Dei
1381 655 1498 694 non
1548 642 1638 694 est
1684 632 1854 692 inane
1898 633 2159 709 verbum,
2217 632 2374 709 quod
2428 633 2654 691 irritum
2708 634 2810 693 fiat
2865 644 2926 694 et

474 714 657 777 ‘solvi
702 714 905 791 possit,
954 714 1058 773 sed
1102 714 1345 773 verbum
1372 723 1577 791 potens
1625 721 1684 773 et
1712 712 1936 788 efficax,
1966 712 2142 789 quod,
2169 713 2231 771 in
2257 720 2449 771 mente
2482 713 2597 771 Dei
2623 714 2922 791 scriptum,

504 812 839 853 mansurum
886 800 976 852 est
1022 793 1085 851 in
1112 804 1405 869 aeternum,
1437 804 1497 854 et
1524 793 1840 852 certissime
1867 791 2242 870 implendum.
2328 792 2555 851 Rursus
2581 800 2648 851 ut
2675 813 2760 868 ea,
2791 813 2923 870 quse

506 882 746 933 exarata
772 880 924 947 sunt,
956 873 1109 932 clare
1136 883 1195 933 et
1222 874 1492 933 distincte
1520 881 1764 950 possunt
1793 874 2066 949 cognosci
2107 872 2290 931 oculis
2321 872 2584 951 subjecta
2629 872 2922 950 fidelibus,

508 961 569 1013 at
595 972 729 1030 quae
754 953 816 1011 111
843 972 1041 1011 aurem
1061 960 1287 1013 tantum
1312 974 1416 1031 per
1442 953 1684 1012 verbum
1714 951 2064 1025 dilabuntur,
2095 950 2322 1011 facilius
2348 952 2518 1011 nobis
2543 960 2787 1029 possunt
2813 954 2921 1012 im-

508 1052 739 1111 ponere,
788 1041 856 1091 ut
901 1032 963 1089 in
1011 1033 1083 1091 iis
1130 1032 1514 1111 percipiendis
1558 1038 1618 1091 et
1671 1031 1993 1091 recolendis
2039 1032 2322 1107 fallamur,
2379 1032 2464 1091 ita
2501 1032 2743 1092 scientia
2795 1034 2923 1093 11ωο

508 1112 771 1187 visionis,
827 1130 957 1188 quae
1010 1133 1199 1171 rerum
1256 1112 1652 1172 futuritionem
1699 1111 1761 1169 in
1803 1112 2034 1170 decreto
2077 1111 2416 1188 praefinitam
2459 1109 2623 1169 videt
2671 1120 2730 1171 et
2755 1112 2922 1189 legit,

510 1191 657 1251 adeo
685 1198 843 1252 certa
870 1200 960 1251 est
986 1200 1046 1251 et
1092 1193 1381 1266 distincta,
1411 1201 1479 1252 ut
1524 1210 1632 1250 nec
1677 1190 1801 1249 falli
1827 1210 1934 1249 nec
1963 1189 2162 1250 fallere
2189 1192 2394 1268 possit.
2477 1189 2652 1250 Unde
2682 1192 2922 1270 Paulus,

510 1276 549 1331 2
578 1272 728 1331 Tim.
757 1272 818 1330 ii.
852 1272 943 1347 19,
975 1280 1238 1350 testatur,
1286 1273 1538 1331 “Deum
1580 1290 1754 1331 nosse
1801 1270 1904 1348 qui
1933 1270 2024 1329 sui
2051 1272 2244 1348 sunt,''
2275 1278 2335 1329 et
2375 1270 2654 1345 Christus,
2686 1272 2827 1333 Joh.
2859 1294 2920 1332 x.

511 1354 613 1429 27,
656 1354 693 1385 “
714 1372 779 1411 se
806 1372 1153 1429 cognoscere
1182 1372 1323 1413 oves
1351 1372 1503 1427 suas,
1534 1358 1593 1410 et
1622 1350 1768 1409 scire
1789 1370 1936 1427 quos
1957 1349 2255 1427 elegerit,'’
2285 1350 2329 1410 J
2333 1351 2426 1409 oh.
2455 1350 2582 1408 xiii.
2614 1353 2709 1409 18.

1121 1432 1302 1493 XIV.
1351 1433 1415 1491 Si
1458 1450 1597 1490 vero
1643 1438 1933 1508 quaeratur
1973 1431 2233 1506 ulteriuS,
2284 1449 2387 1489 cur
2425 1430 2536 1488 hac
2563 1430 2761 1507 phrasi
2793 1430 2922 1509 Spi-

1041 1513 1189 1572 ritus
1214 1513 1273 1571 S.
1304 1512 1391 1571 uti
1417 1510 1669 1569 voluerit
1695 1509 1771 1568 ad
1797 1511 1908 1569 hoc
1955 1510 2296 1586 mysterium
2344 1509 2786 1587 designandum,
2831 1530 2922 1569 ra-

1041 1593 1230 1651 tiones
1276 1591 1456 1649 variae
1482 1590 1650 1648 reddi
1675 1596 1936 1666 possunt.
2021 1589 2269 1663 Quidam
2291 1598 2496 1666 putant
2522 1590 2918 1668 metaphoram

516 1670 751 1733 ductam
778 1691 905 1731 esse
932 1692 969 1731 a
994 1691 1060 1730 re
1086 1671 1335 1745 militari,
1360 1679 1419 1730 et
1445 1669 1585 1729 belli
1612 1667 1778 1744 duce,
1822 1670 1924 1746 qui
1976 1670 2189 1728 milites
2237 1669 2493 1729 delectos
2519 1670 2582 1726 in
2607 1670 2757 1729 libro
2785 1691 2922 1729 con-

512 1752 725 1830 signat,
748 1749 902 1811 unde
940 1752 1165 1829 phrasis
1183 1749 1563 1809 conscribendi
1586 1749 1850 1821 militem;
1879 1748 2191 1825 rejectitios
2220 1769 2358 1808 vero
2388 1758 2446 1807 et
2471 1750 2622 1808 male
2649 1749 2798 1809 fidos
2825 1752 2924 1811 vel

512 1838 853 1891 exauctorat
880 1830 977 1889 vel
997 1830 1269 1908 praeterit.
1314 1830 1409 1887 Ita
1436 1828 1479 1887 J
1482 1828 1671 1887 ehova
1687 1829 2062 1904 exercituum,
2082 1830 2184 1905 qui
2209 1829 2410 1888 fideles
2433 1848 2570 1889 suos
2597 1828 2672 1887 ad
2701 1848 2925 1889 sacram

510 1910 779 1970 militiam
816 1918 1004 1985 vocat,
1050 1918 1117 1968 ut
1164 1909 1274 1968 sub
1301 1907 1522 1967 vexillo
1572 1906 1787 1967 Christi
1833 1907 1999 1967 ducis
2043 1908 2136 1967 sui
2181 1908 2336 1967 bella
2379 1909 2616 1967 Domini
2641 1910 2928 1970 adversus

510 1990 845 2066 Diabolum,
875 1988 1155 2049 mundum
1182 1996 1243 2047 et
1259 2007 1489 2047 carnem
1516 1987 1828 2063 decertent,
1861 1986 2070 2046 dicitur
2096 1988 2158 2045 in
2177 1989 2326 2047 libro
2355 1988 2732 2064 conscribere,
2775 2010 2925 2067 quos

512 2070 591 2130 ad
610 2078 729 2131 tam
758 2070 1007 2129 salutare
1036 2087 1182 2147 opus
1210 2067 1479 2127 destinat.
1564 2066 1690 2125 Alii
1717 2066 1924 2126 volunt
1951 2067 2131 2127 alludi
2153 2069 2228 2126 ad
2249 2068 2583 2132 societatem
2611 2069 2843 2129 civilem
2865 2079 2927 2130 et

510 2152 701 2211 album
728 2150 1057 2224 amicorum,
1088 2147 1574 2225 quemadmodum
1623 2146 1776 2205 enim
1807 2147 2060 2207 solemus
2105 2148 2340 2206 nomina
2383 2168 2598 2223 eorum,
2629 2168 2776 2226 quos
2802 2170 2924 2227 prae

512 2232 737 2291 caeteris
764 2229 1062 2307 diligimus
1106 2228 1167 2285 in
1194 2227 1391 2287 album
1438 2235 1702 2287 nostrum
1743 2226 1972 2302 referre,
2021 2236 2090 2287 ut
2129 2228 2406 2286 memoria
2453 2248 2654 2287 eorum
2706 2230 2925 2290 haereat

510 2330 741 2388 semper
766 2309 974 2367 animis
995 2307 1226 2368 nostris.
1311 2308 1406 2367 Ita
1450 2307 1611 2366 Deus
1655 2307 1891 2365 nomina
1929 2307 2242 2367 electorum
2271 2315 2330 2367 et
2357 2306 2632 2385 fidelium,
2657 2307 2759 2386 qui
2786 2328 2924 2369 vere

512 2399 651 2449 sunt
676 2388 849 2447 amici
878 2388 1007 2463 Dei,
1038 2396 1104 2447 ut
1131 2386 1205 2444 de
1234 2385 1571 2447 Abrahamo
1596 2385 1862 2463 perhibet
1891 2388 2151 2463 angelus,
2184 2388 2335 2447 Gen.
2363 2388 2532 2463 xxii„
2559 2396 2619 2448 et
2648 2388 2718 2447 de
2747 2388 2922 2448 disci-

510 2468 665 2547 pulis
694 2467 815 2527 suis
844 2466 1123 2542 Christus,
1156 2466 1199 2525 J
1202 2467 1296 2526 oh.
1324 2466 1449 2525 xiii.
1483 2468 1575 2540 18,
1606 2466 1668 2523 in
1695 2466 1843 2523 libro
1867 2485 1971 2525 suo
1989 2468 2330 2545 consignata
2354 2467 2547 2543 habet,
2567 2488 2640 2527 ne
2668 2488 2924 2545 unquam

512 2548 707 2607 animo
750 2547 877 2625 ejus
925 2546 1217 2624 excidant,
1260 2565 1377 2624 qua
1402 2545 1477 2605 de
1504 2564 1680 2605 causa
1700 2546 1840 2605 alibi
1868 2546 2138 2607 dicuntur
2165 2548 2226 2605 in
2253 2547 2520 2607 manibus
2549 2548 2663 2607 Dei
2691 2549 2922 2627 sculpti,

594 2707 740 2767 XV.
790 2706 907 2766 Sed
928 2706 1287 2766 commodius
1312 2704 1411 2765 alii
1442 2711 1703 2765 statuunt
1730 2704 2162 2765 similitudinem
2191 2705 2310 2783 peti
2339 2705 2414 2765 ab
2441 2728 2546 2765 usu
2571 2708 2733 2783 civili,
2765 2714 2824 2767 et
2851 2708 2926 2767 iis

508 2788 613 2866 qui
660 2785 895 2847 civitate
938 2786 1242 2863 donantur,
1292 2804 1537 2863 quorum
1590 2786 1826 2845 nomina
1871 2785 1932 2843 in
1959 2786 2176 2845 civium
2220 2787 2548 2864 catalogum
2587 2796 2647 2848 et
2693 2787 2927 2848 tabulas

508 2868 775 2947 publicas
800 2866 999 2927 referri
1032 2867 1236 2943 solent,
1266 2874 1334 2925 ut
1378 2868 1515 2945 jura
1534 2872 1593 2925 et
1618 2864 1927 2944 privilegia
1953 2866 2168 2925 civium
2196 2886 2472 2943 usurpare
2501 2868 2740 2943 possint,
2765 2868 2922 2946 quod

509 2968 629 3009 11011
654 2948 717 3007 111
736 2947 953 3027 populo
974 2954 1199 3007 tantum
1228 2947 1497 3006 Romano
1536 2944 1862 3005 factitatum
1896 2966 2042 3021 esse,
2073 2945 2176 3005 sed
2204 2955 2263 3005 et
2290 2947 2350 3004 in
2382 2947 2698 3007 Isra'elitico
2719 2956 2921 3006 notum

510 3036 619 3104 est,
646 3028 752 3087 ubi
778 3027 993 3087 tabulae
1035 3026 1429 3105 genealogicus
1470 3026 1728 3085 omnium
1765 3024 2110 3085 familiarum
2138 3034 2197 3085 et
2243 3025 2514 3103 tribuum,
2573 3027 2677 3086 sed
2717 3047 2921 3105 regum

510 3116 573 3168 et
598 3106 963 3167 sacerdotum
984 3106 1245 3184 inprimis
1273 3106 1703 3166 accuratissime
1731 3106 2242 3165 conscribebantur
2269 3114 2328 3165 et
2354 3107 2816 3183 asservabantur,
2846 3127 2922 3166 ne

510 3183 803 3263 peregrini
828 3194 889 3244 et
934 3184 1275 3262 alienigenae
1301 3186 1760 3245 immiscerentur
1779 3186 1993 3263 populo
2024 3186 2154 3244 Dei.
2211 3186 2340 3260 Quo
2367 3186 2615 3263 pertinet
2641 3187 2920 3262 recensio,

513 3282 645 3340 quae
661 3262 787 3321 fieri
809 3262 1010 3322 debuit
1030 3283 1105 3323 ex
1125 3264 1461 3343 praescripto
1491 3265 1619 3339 Dei,
1645 3264 1836 3323 Exod.
1866 3285 2012 3325 xxx.
2047 3268 2139 3340 12,
2171 3272 2230 3324 et
2275 3265 2424 3325 liber
2449 3266 2816 3341 recensionis,
2848 3267 2922 3325 de

512 3361 631 3419 quo
653 3340 803 3400 Neh.
825 3341 925 3399 vii.
940 3344 993 3416 5,
1009 3350 1067 3401 et
1080 3342 1339 3419 inprimis
1358 3354 1541 3413 βιβλος
1552 3368 1786 3419 mmm,
1810 3343 1982 3403 Liber·
1991 3346 2368 3422 qeneratiom's
2379 3346 2610 3422 Christi,
2625 3347 2728 3424 qui
2745 3346 2920 3405 refer-

512 3428 609 3481 tur
628 3440 665 3478 a
684 3419 967 3479 Matthaeo
988 3428 1047 3479 et
1068 3421 1244 3498 Luca,
1269 3422 1344 3480 ad
1365 3441 1566 3482 verum
1578 3442 1765 3499 genus
1788 3423 2003 3484 Christi
2025 3424 2414 3501 aperiendum.
2473 3426 2528 3484 N
2531 3445 2597 3485 cc
2625 3426 2740 3485 alio
2755 3427 2922 3485 vide-

512 3508 610 3559 tur
624 3498 907 3576 respicere
931 3499 1101 3559 Ezec.
1126 3520 1250 3578 cap.
1270 3502 1393 3560 xiii.
1418 3504 1473 3575 9,
1497 3521 1676 3579 quum
1704 3502 1778 3562 de
1814 3502 2330 3581 pseudoprophetis
2357 3506 2617 3583 loquens,
2641 3514 2700 3565 et
2719 3526 2922 3584 poenas

511 3580 629 3640 illis
646 3578 877 3639 nomine
892 3579 1005 3639 Dei
1016 3578 1387 3657 denuncians,
1408 3582 1446 3617 “
1458 3580 1531 3639 In
1542 3582 1823 3659 consilio,’
1830 3584 1843 3609 '
1855 3582 2061 3660 inquit,
2080 3586 2116 3619 ‘⁴
2127 3584 2326 3661 populi
2337 3585 2452 3643 mei
2461 3605 2578 3644 11011
2589 3593 2773 3662 0111111,
2789 3594 2848 3645 01
2859 3587 2922 3645 111

512 3659 897 3737 descriptione
912 3657 1042 3737 (seu
1060 3659 1236 3739 libro)
1256 3660 1463 3721 domus
1475 3662 1660 3723 Israel
1669 3681 1788 3721 non
1805 3663 2254 3739 conscribentur,
2267 3665 2452 3724 necin
2463 3672 2674 3725 terram
2685 3666 2922 3727 Israelis

510 3740 809 3801 venient.'’
896 3738 1017 3800 Ubi
1036 3746 1153 3799 tres
1180 3760 1367 3817 poenae
1411 3740 1628 3819 gradus
1653 3750 1834 3817 notat,
1867 3744 2180 3819 ejectionem
2207 3764 2282 3803 ex
2307 3746 2534 3804 consilio
2553 3747 2795 3822 publice,
2827 3747 2922 3805 cui

510 3820 806 3901 prophetae
832 3818 1113 3879 interesse
1138 3828 1419 3898 poterant,
1450 3822 1495 3881 J
1498 3842 1577 3881 01.
1598 3822 1767 3881 xxvi.
1797 3825 1829 3882 7
1853 3844 1867 3899 ;
1912 3825 2224 3899 effectionem
2257 3842 2332 3883 ex
2367 3828 2602 3902 populo,
2633 3826 2736 3903 qui
2763 3834 2922 3885 totus

512 3900 851 3977 descriptus,
883 3906 943 3958 et
967 3899 1105 3959 albo
1130 3900 1363 3977 publico
1409 3902 1784 3979 consignatus
1829 3910 1967 3979 erat,
2018 3924 2092 3963 ne
2137 3912 2479 3964 censeantur
2519 3904 2764 3982 amplius
2793 3906 2922 3982 ejus

510 3980 787 4055 membra,
817 3978 915 4037 vel
940 3978 1204 4039 fruantur
1252 3978 1306 4057 ej
1315 4000 1381 4039 us
1420 3980 1782 4059 privilegiis;
1825 3984 2140 4059 ejectionem
2167 4003 2239 4043 ex
2282 3992 2440 4043 terra
2467 3986 2610 4061 ipsa,
2651 4004 2724 4043 ne
2762 3986 2922 4062 quod

508 4058 829 4138 peregrinis
874 4058 1049 4117 etiam
1092 4058 1531 4136 concedebatur,
1578 4062 1640 4119 in
1667 4082 1738 4120 ea
1783 4062 1955 4121 liceat
1981 4063 2124 4141 ipsis
2151 4064 2394 4123 ulterius
2419 4064 2626 4141 pedem
2653 4064 2832 4141 figere
2860 4072 2920 4124 et

508 4139 737 4200 morari.
822 4137 925 4197 Ad
952 4138 1107 4199 hunc
1134 4159 1275 4217 ergo
1302 4160 1521 4199 morem
1554 4140 1802 4218 Spiritus
1835 4142 2082 4202 Sanctus
2109 4143 2392 4219 alludens,
2423 4145 2764 4203 electionem
2805 4144 2919 4203 sal-

508 4218 831 4279 vandorum
856 4238 962 4297 per
985 4216 1199 4279 librum
1226 4219 1479 4296 eleganti
1505 4222 1844 4298 metaphora
1882 4222 2166 4300 designat,
2209 4231 2275 4283 111
2296 4231 2456 4283 notet
2483 4242 2583 4282 eos
2609 4224 2722 4283 hoc
2748 4232 2922 4301 pacto

506 4298 633 4356 fieri
659 4318 831 4359 veros
859 4300 1018 4358 cives
1048 4298 1471 4377 Hierosolymae
1500 4301 1769 4377 coelestis,
1801 4300 1876 4361 ad
1902 4322 2050 4379 quos
2075 4303 2384 4380 privilegia
2411 4303 2618 4379 omnia,
2650 4304 2918 4362 immuni-

508 4384 657 4436 tates
685 4386 745 4436 et
768 4378 1049 4437 beneficia
1068 4378 1368 4441 beatorum
1394 4380 1737 4458 pertineant,
1760 4400 2005 4459 quorum
2033 4382 2248 4441 idcirco
2267 4382 2503 4441 nomina
2529 4384 2592 4441 in
2617 4384 2728 4442 hoc
2749 4383 2917 4459 libro,

508 4456 672 4513 velut
718 4455 779 4513 in
822 4456 1067 4533 registro
1115 4459 1367 4535 quodam
1410 4461 1662 4537 publicO,
1709 4462 1761 4521 si
1802 4462 1886 4521 ita
1928 4462 2016 4521 fas
2041 4462 2220 4539 loqui,
2252 4462 2680 4540 consignentur,
2713 4482 2829 4522 non
2857 4463 2920 4521 in

508 4542 677 4609 terra,
729 4534 831 4593 sed
874 4534 935 4593 in
972 4537 1137 4612 coele,
1188 4558 1305 4597 non
1348 4559 1524 4600 mauu
1562 4542 1858 4601 hominum
1917 4550 1975 4601 et
2021 4550 2359 4617 atramento,
2391 4541 2496 4601 sed
2523 4542 2708 4620 digito
2735 4543 2920 4622 ipsius

510 4612 639 4690 Dei,
687 4621 748 4673 et
793 4612 1024 4675 decreto
1070 4617 1199 4695 ejus
1246 4626 1479 4696 aeterno,
1526 4640 1644 4679 non
1690 4620 1752 4679 in
1799 4622 2000 4683 charta
2034 4630 2136 4683 aut
2161 4622 2510 4699 membrana,
2543 4622 2648 4683 sed
2701 4622 2762 4682 in
2790 4623 2921 4700 ejus

544 1490 650 1539 Cur
688 1490 813 1535 liber
850 1490 955 1537 Deo

619 1550 888 1594 tribuatur.
