3234 5192
502 335 619 392 478
1092 349 1171 389 nn
1201 348 1682 389 sA’r1srAc'r10ms
1711 349 1948 389 cums‘ri
1979 348 2302 392 vmura'rs.
2509 332 2766 413 [msru'r.
2797 354 2921 395 xxv.

494 492 675 570 piatio
714 490 943 569 proprie
965 490 1153 566 dieta;
1185 490 1381 549 Aliter
1396 490 1549 549 enim
1576 490 1812 568 respicit
1839 498 2076 569 peccata
2098 492 2404 550 commissa
2431 501 2497 551 ut
2522 494 2917 555 remissionem

370 580 379 591 '
492 592 692 631 eorum
728 571 899 630 nobis
945 570 1231 649 impetret,
1274 570 1443 629 aliter
1482 590 1552 629 ea
1592 590 1723 647 quae
1753 572 1942 630 futura
1973 578 2110 631 sunt
2137 580 2196 631 et
2223 579 2468 648 possunt
2495 574 2796 647 committi,
2847 583 2914 634 ut

495 652 569 710 ab
596 652 715 709 illis
742 670 849 710 nos
876 651 1213 710 abstrahat:
1258 650 1503 710 Illorum
1530 650 1792 710 remissio
1820 650 2064 710 debetur
2090 652 2264 710 morti
2303 652 2518 711 Christi
2547 661 2612 712 ut
2637 655 2913 733 sacrificio

488 732 895 809 propitiatorio
922 730 983 788 in
1011 750 1127 807 quo
1154 748 1357 808 poenas
1386 730 1495 791 luit
1520 730 1666 808 ipsis
1693 731 1935 806 debitae,
1967 731 2174 789 horum
2215 732 2526 808 praecautio
2571 741 2630 791 et
2671 735 2914 793 remotio

494 812 683 871 eidem
710 811 881 871 morti
910 810 1171 885 debetur,
1202 818 1271 871 ut
1299 811 1575 890 sacra-'ficio
1602 812 1892 871 meritorio
1919 831 2034 889 quo
2061 810 2232 870 nobis
2271 811 2740 871 sanctificationis
2781 834 2912 890 gra-

488 891 629 951 tiam
660 898 719 951 et
750 890 998 968 Spiritus
1038 888 1255 949 donum
1294 890 1580 967 obtinuit3
1625 891 1700 948 ad
1754 892 1946 969 priora
1991 910 2146 949 mors
2199 891 2417 949 Christi
2465 900 2553 951 est
2593 893 2912 953 remedium

490 971 965 1048 therapeuticum,
994 969 1071 1028 ad
1096 969 1417 1048 posteriora
1442 971 1675 1029 nonnisi
1713 971 2230 1050 prophylacticum,
2260 971 2362 1048 qui
2387 971 2505 1031 duo
2531 992 2674 1031 usus
2704 982 2909 1032 notan-

492 1058 604 1127 tur,
636 1052 751 1109 Tit.
780 1050 841 1110 ii.
875 1053 967 1126 14,
1002 1051 1039 1083 ‘⁴
1056 1050 1301 1111 redemit
1348 1050 1423 1109 ab
1470 1050 1809 1128 iniquitate”
1839 1052 2107 1127 admissa,
2161 1054 2276 1111 “et
2311 1051 2576 1129 purificat
2601 1060 2669 1111 ut
2713 1052 2908 1131 inpos-

492 1138 681 1190 terum
710 1132 889 1189 simus
915 1129 1165 1207 populus
1192 1130 1463 1207 peculii,”
1500 1130 1670 1190 Rom.
1700 1151 1759 1190 v.
1795 1135 1885 1207 10,
1935 1133 1972 1165 “
1993 1131 2326 1191 reconciliat
2350 1151 2454 1209 per
2481 1132 2818 1210 sanguinem
2848 1142 2910 1193 et

494 1212 685 1271 salvat
711 1231 815 1289 per
841 1212 1075 1285 vitam,”
1104 1211 1264 1288 quod
1292 1210 1478 1270 sicubi
1506 1212 1884 1271 secundarius
1923 1211 2058 1271 finis
2105 1220 2340 1271 notatur
2376 1231 2484 1289 pro
2523 1211 2640 1271 loci
2667 1212 2906 1271 circum-

494 1291 741 1367 stantiis,
769 1310 887 1350 non
915 1290 1246 1351 excluditur
1284 1298 1479 1351 tamen
1520 1290 1625 1350 sed
1665 1292 2009 1370 supponitur
2035 1292 2342 1369 primarius
2369 1312 2446 1350 ex
2473 1311 2590 1369 quo
2617 1293 2764 1351 alter
2804 1312 2901 1351 ne-

492 1372 741 1431 cessario
770 1370 1000 1449 pendet,
1046 1370 1330 1448 siquidem
1357 1371 1581 1431 nullum
1610 1371 1828 1431 donum
1855 1392 1892 1430 a
1921 1372 2048 1431 Deo
2077 1371 2338 1431 obtinere
2365 1372 2555 1450 potuit
2580 1372 2695 1431 nisi
2721 1373 2910 1449 posita

486 1452 651 1531 prius
679 1451 1087 1511 satisfactione.

574 1532 791 1590 XVII.
836 1529 1006 1605 Quod
1034 1530 1085 1588 si
1112 1529 1229 1588 dici
1266 1550 1385 1589 non
1426 1537 1619 1607 potest
1654 1537 1916 1589 mortuus
1941 1548 2046 1605 pro
2073 1530 2328 1605 peccatis
2355 1539 2422 1589 ut
2448 1551 2558 1590 nos
2586 1532 2808 1591 scilicet
2835 1532 2910 1591 ab

489 1611 563 1670 iis
590 1610 965 1684 abstraheret,
995 1609 1181 1667 multo
1206 1609 1399 1667 minus
1424 1616 1493 1667 ut
1517 1626 1628 1667 nos
1653 1609 1727 1666 de
1755 1626 1954 1667 eorum
1993 1607 2330 1666 remissione
2373 1618 2562 1668 certos
2601 1610 2902 1687 redderet3

488 1690 627 1768 quia
654 1687 814 1748 aliud
841 1696 930 1747 est
956 1707 1061 1764 pro
1088 1688 1341 1764 peccatis
1380 1687 1545 1761 mori,
1588 1687 1750 1745 aliud
1788 1706 1893 1763 pro
1935 1685 2279 1745 certitudine
2307 1688 2662 1747 remissionis
2701 1708 2907 1765 pecca-

486 1777 679 1829 torum
707 1766 1187 1841 demonstranda3
1228 1786 1417 1843 neque
1456 1785 1714 1842 unquam
1741 1765 1960 1824 dietum
1987 1764 2096 1823 fuit
2123 1765 2344 1842 aliquid
2372 1766 2498 1824 fieri
2522 1766 2773 1826 finaliter
2799 1789 2905 1846 pro

487 1849 682 1925 aliquo
708 1848 863 1906 malo
890 1845 1048 1924 quod
1075 1845 1142 1905 fit
1168 1854 1402 1923 propter
1426 1844 1828 1904 certitudinem
1867 1844 2318 1921 ingenerandam
2360 1847 2652 1906 mentibus
2692 1849 2908 1909 nostris

486 1928 561 1987 de
588 1927 745 1985 illius
772 1926 913 1985 mali
940 1925 1261 1985 cessatione
1289 1933 1349 1984 et
1374 1924 1700 1985 ablatione:
1743 1923 1956 1984 fiducia
1983 1943 2120 1984 sane
2150 1924 2308 1984 illius
2335 1926 2632 1987 obtinetur
2667 1927 2903 2005 quidem

486 2028 563 2067 ex
590 2016 773 2067 morte
803 2006 1034 2082 Christi,
1066 2005 1171 2065 sed
1196 2012 1435 2065 eatenus
1476 2012 1702 2065 tantum
1739 2013 2023 2083 quatenus
2049 2024 2248 2065 eorum
2275 2006 2674 2067 remissionem
2701 2028 2902 2086 reapse

483 2088 547 2147 in
574 2108 743 2147 cruce
770 2087 1020 2147 obtinuit
1046 2106 1248 2165 poenas
1276 2086 1445 2147 nobis
1471 2086 1701 2145 debitas
1727 2083 1980 2162 ferendo,
2027 2084 2109 2146 ita
2155 2093 2222 2145 ut
2255 2086 2382 2164 jam
2420 2088 2683 2165 persuasi
2721 2088 2903 2148 simus

484 2188 592 2229 nos
618 2168 1073 2247 redemptionem
1120 2167 1335 2227 habere
1362 2167 1423 2225 in
1448 2166 1634 2244 ipsius
1663 2166 1962 2243 sanguine,
2005 2167 2117 2225 hoc
2145 2175 2236 2226 est
2261 2166 2658 2227 remissionem
2698 2188 2900 2247 pecea-

484 2256 693 2325 torum,
724 2257 790 2308 ut
816 2248 1007 2325 inquit
1029 2249 1259 2324 Apost.,
1280 2248 1430 2324 Eph.
1461 2247 1499 2305 i.
1531 2251 1587 2305 7.
1618 2245 1790 2321 Quod
1807 2266 1949 2305 vero
1971 2246 2192 2307 addunt
2209 2248 2445 2326 insuper
2463 2256 2754 2309 mortuum
2775 2268 2902 2308 esse

481 2348 587 2405 pro
614 2330 867 2405 peccatis
894 2336 960 2387 ut
986 2327 1343 2385 remissionis
1361 2334 1729 2404 peccatorum
1745 2326 1915 2385 nobis
1941 2326 2258 2403 largiendae
2278 2328 2692 2404 amplissimam
2709 2336 2900 2407 potes·

482 2415 661 2467 tatem
690 2413 1151 2484 consequeretur,
1181 2406 1357 2483 longe
1385 2413 1475 2463 est
1500 2404 1808 2463 absurdius
1833 2427 1847 2463 ε
1890 2424 2024 2461 nam
2054 2405 2104 2463 si
2141 2405 2216 2463 ad
2257 2406 2432 2465 fidem
2459 2406 2782 2466 faciendam
2811 2428 2899 2467 re-

482 2486 775 2545 missionis
828 2492 1196 2563 peecatorum
1248 2484 1511 2543 Christus
1560 2492 1822 2542 mortuus
1871 2490 1975 2555 est,
2023 2491 2089 2543 ut
2121 2484 2363 2561 jamjam
2406 2484 2692 2561 dicebant,
2743 2495 2898 2545 certe

482 2566 745 2626 remissio
774 2566 875 2624 illa
902 2564 1077 2643 debet
1102 2582 1229 2623 esse
1246 2564 1419 2642 prior,
1452 2563 1658 2621 saltem
1685 2562 1926 2637 ratione,
1957 2570 2140 2621 morte
2171 2562 2403 2639 Christi,
2433 2562 2496 2622 id
2513 2564 2664 2623 enim
2689 2566 2762 2625 de
2781 2586 2897 2642 quo

480 2667 584 2726 per
612 2645 833 2723 aliquid
860 2644 1019 2704 aliud
1046 2644 1318 2703 certiores
1344 2642 1657 2719 reddimur,
1681 2641 1882 2701 ordine
1901 2650 2123 2701 naturae
2151 2642 2310 2720 prius
2331 2651 2421 2702 est
2447 2644 2538 2703 sui
2564 2643 2750 2721 ipsius
2777 2665 2898 2704 cer·

480 2726 825 2803 tioratione;
868 2733 930 2784 at
958 2725 1009 2784 si
1037 2723 1322 2783 duntaxat
1366 2730 1630 2783 mortuus
1669 2730 1761 2781 est
1798 2730 1867 2781 ut
1907 2730 2353 2799 consequeretur
2389 2730 2738 2801 potestatem
2785 2725 2898 2784 lar-

482 2806 712 2887 giendae
737 2804 1113 2879 remissionis,
1148 2803 1349 2881 ntique
1388 2804 1517 2863 haec
1562 2802 1826 2863 remissio
1865 2802 2148 2879 posterior
2173 2801 2348 2862 debet
2375 2820 2502 2862 esse
2529 2812 2730 2882 morte,
2761 2805 2902 2883 quia

482 2888 672 2947 omnis
712 2884 953 2946 effectus
998 2884 1285 2963 posterior
1328 2891 1418 2943 est
1459 2902 1567 2943 sua
1604 2902 1797 2943 causa.
1883 2880 2038 2956 Quid
2063 2881 2221 2960 quod
2247 2882 2300 2941 si
2327 2882 2591 2943 Christus
2616 2904 2724 2962 pro
2751 2886 2899 2945 obti-

482 2967 674 3027 nenda
700 2966 805 3025 illa
829 2972 1115 3043 potestate
1142 2972 1405 3023 mortuus
1424 2972 1579 3022 esset
1598 2982 1716 3021 non
1741 2962 2040 3021 habuisset
2065 2963 2228 3021 illam
2255 2970 2442 3039 antea,
2473 2971 2536 3024 at
2562 2973 2782 3024 certum
2811 2975 2901 3025 est

486 3048 778 3108 Christum
806 3046 867 3104 in
892 3046 1062 3105 terris
1090 3050 1359 3121 agentem
1385 3044 1535 3101 hane
1572 3048 1920 3120 potestatem
1961 3062 2078 3101 non
2128 3042 2238 3101 sibi
2286 3042 2614 3103 vindicasse
2654 3053 2896 3123 tantum,

484 3128 589 3187 sed
617 3128 791 3186 etiam
816 3124 1268 3204 praesentissimo
1296 3130 1355 3183 et
1380 3122 1782 3200 potentissimo
1809 3121 2088 3182 miraculo
2116 3123 2538 3200 comprobasse,
2572 3125 2784 3185 Matth.
2816 3127 2896 3185 ix.

484 3211 539 3281 5,
572 3210 627 3281 6,
658 3204 817 3283 quod
843 3205 1059 3263 factum
1087 3203 1161 3261 ab
1182 3222 1251 3263 eo
1278 3221 1396 3261 non
1422 3202 1646 3277 fuisset,
1675 3201 1789 3260 nisi
1809 3202 1910 3279 jus
1937 3201 2084 3261 illud
2124 3210 2298 3279 atque
2335 3204 2704 3264 autoritatem
2749 3206 2898 3266 obti-

482 3285 722 3345 nuisset.
768 3284 983 3342 Fateor
1008 3282 1349 3342 exercitium
1392 3282 1750 3341 remissionis
1796 3281 2046 3357 pendere
2075 3303 2152 3341 ex
2177 3283 2382 3342 mortis
2410 3282 2626 3343 Christi
2653 3285 2750 3343 vel
2769 3286 2898 3362 jam

482 3363 787 3444 praeteritoe
814 3362 913 3421 vel
938 3362 1129 3421 adhuc
1154 3361 1363 3420 futuroe
1390 3360 1662 3435 efficacia,
1691 3359 1910 3419 nemini
1936 3362 2090 3419 enim
2106 3363 2322 3423 remitti
2347 3370 2590 3440 possunt
2611 3372 2744 3423 actu
2763 3384 2896 3442 pec-

484 3451 617 3504 cata
662 3442 779 3501 nisi
825 3441 1089 3501 Christus
1136 3440 1199 3499 id
1240 3448 1425 3499 morte
1454 3460 1560 3499 sua
1584 3440 1828 3499 meritus
1855 3439 1966 3517 sit;
2009 3449 2072 3502 at
2099 3442 2202 3520 jus
2227 3450 2288 3501 et
2314 3450 2570 3521 potestas
2595 3444 2894 3521 haudqua-

484 3544 661 3603 quam
703 3521 925 3581 fructus
952 3530 1043 3581 est
1066 3520 1287 3597 mortis,
1318 3518 1421 3578 sed
1456 3520 1778 3598 proprietas
1822 3518 2163 3598 divinitatis,
2209 3542 2328 3581 non
2373 3529 2566 3601 potest
2605 3523 2898 3585 remittere

482 3606 623 3684 quia
666 3601 925 3675 moritur,
976 3601 1081 3661 sed
1122 3600 1261 3678 quia
1299 3599 1457 3659 filius
1495 3600 1607 3659 Dei
1649 3608 1755 3676 est,
1799 3598 1916 3659 imo
1955 3602 2118 3661 Deus
2160 3602 2284 3680 ipse
2313 3602 2408 3661 cui
2433 3603 2544 3663 soli
2571 3603 2897 3665 condonare

480 3692 719 3765 peccata
744 3682 1034 3762 competit,
1066 3681 1248 3740 Marc.
1278 3678 1338 3738 ii.
1373 3682 1465 3739 10.

564 3764 813 3824 XVIII.
860 3762 963 3822 Ad
986 3760 1222 3847 tertium
1250 3760 1429 3838 Resp.
1464 3763 1516 3819 1.
1544 3779 1651 3838 per
1675 3760 1917 3837 retorsi,
1966 3762 2029 3821 Si
2059 3761 2321 3822 Christus
2359 3762 2658 3823 occasione
2694 3783 2898 3841 pecca-

480 3856 671 3907 torum
698 3850 960 3903 mortuus
988 3851 1092 3918 est,
1125 3842 1197 3901 E.
1224 3860 1343 3900 non
1370 3848 1595 3901 tantum
1622 3840 1872 3901 finaliter
1891 3860 1995 3919 pro
2015 3842 2285 3919 peccatis,
2315 3843 2543 3903 occasio
2561 3843 2713 3909 enim
2735 3852 2894 3904 ante·

482 3927 637 3988 cedit
684 3932 743 3985 et
784 3923 918 3983 finis
964 3922 1224 4000 sequitur
1268 3920 1354 3981 rei
1400 3920 1820 3982 executionem.
1925 3925 1981 3981 2.
2039 3922 2303 3982 Christus
2349 3930 2612 3983 mortuus
2655 3932 2746 3983 est
2790 3944 2894 4002 pro

480 4006 733 4086 peccatis
752 4012 818 4065 ut
840 4002 1181 4064 sacrificium
1204 4000 1377 4061 flebat
1398 4022 1502 4080 pro
1522 4008 1778 4080 peccate,
1800 4009 1862 4060 at
1882 4009 2181 4079 peccatum
2202 4022 2320 4061 non
2341 4004 2570 4063 occasio
2591 4004 2891 4079 duntaxat,

480 4086 585 4148 sed
611 4106 751 4146 vera
778 4104 952 4145 causa
978 4083 1088 4143 fuit
1124 4081 1419 4142 hominem
1458 4081 1766 4160 impellens
1804 4082 1882 4141 ad
1921 4082 2186 4141 sacrificii
2227 4083 2616 4160 oblationem;
2669 4083 2894 4143 occasio

480 4168 634 4228 enim
660 4187 781 4227 non
808 4164 1167 4225 connectitur
1204 4163 1319 4223 nisi
1344 4183 1449 4242 per
1474 4162 1744 4223 accidens
1784 4182 1916 4221 cum
1962 4161 2188 4239 effectu,
2219 4171 2280 4224 at
2320 4162 2560 4223 effectus
2587 4164 2682 4221 hic
2705 4162 2895 4241 sequi-

479 4256 575 4308 tur
600 4267 704 4326 per
732 4266 793 4307 se
821 4254 881 4307 et
906 4244 1130 4324 peccati
1156 4262 1360 4304 sensus
1386 4243 1678 4303 hominem
1707 4262 1776 4302 eo
1803 4242 2036 4321 impulit
2059 4244 2404 4319 necessariO,
2437 4243 2509 4303 E.
2541 4250 2599 4303 et
2629 4244 2893 4303 Christus

480 4336 741 4387 mortuus
770 4326 885 4387 dici
912 4326 1087 4385 debet
1108 4334 1344 4404 propter
1368 4330 1607 4404 peccata
1633 4342 1752 4383 non
1779 4324 2200 4385 occasionaliter·
2239 4331 2464 4385 tantum
2495 4323 2598 4383 sed
2624 4331 2684 4382 et
2711 4326 2892 4382 deme·

478 4408 693 4465 ritorie.
776 4408 832 4465 3.
864 4407 1042 4466 Falsa
1088 4406 1331 4483 hypoth.
1372 4404 1578 4465 nititur
1612 4402 1782 4482 quasi
1823 4424 1900 4465 ex
1943 4406 2052 4464 hac
2088 4405 2287 4483 phrasi
2312 4403 2550 4483 praecise
2595 4402 2893 4463 eliciamus

478 4485 924 4545 satisfactionem
958 4485 1190 4561 Christi,
1222 4506 1351 4545 cum
1379 4484 1475 4544 hic
1500 4494 1728 4545 tantum
1757 4503 1992 4545 causam
2019 4484 2388 4563 impulsivam
2416 4482 2765 4543 meritoriam
2797 4502 2892 4542 ur·-

478 4558 735 4643 gamus,
766 4584 842 4622 ex
870 4585 986 4641 qua
1011 4564 1274 4642 legitima
1328 4566 1740 4644 consequentia
1783 4565 2124 4626 deducimus
2167 4564 2534 4644 postmodum
2585 4563 2888 4621 sententiae

472 4652 685 4705 nostrae
734 4644 1241 4721 confirmationem,
1288 4654 1355 4705 ut
1398 4654 1569 4705 antea
1616 4646 1836 4706 dictum
1877 4655 1936 4705 et
1973 4646 2198 4706 dicetur
2235 4645 2424 4705 adhuc
2451 4642 2678 4722 plenius
2706 4642 2768 4700 in
2797 4662 2884 4701 se-
