3234 5192
340 286 573 329 msrur.
602 266 679 347 1.]
1288 283 1366 323 nn
1394 284 1569 324 mano
1596 282 1774 324 vxrm.
2643 274 2757 331 221

341 428 665 503 adhibetur,
696 425 759 483 in
787 442 903 502 qua
928 443 1047 483 non
1074 430 1192 483 tam
1222 422 1379 502 quod
1406 424 1636 500 dieitur,
1686 442 1862 502 quam
1903 423 2061 503 quod
2107 423 2458 504 intelligitur
2497 436 2761 506 spectan-

340 507 479 567 dum
508 516 629 583 est3
675 526 783 565 nec
810 512 931 563 tam
959 502 1115 582 quod
1144 504 1333 581 reipsa
1358 505 1484 565 fieri
1512 512 1722 583 potest,
1754 524 1928 582 quam
1955 513 2022 564 ut
2048 524 2180 583 quse
2201 507 2312 565 sub
2341 526 2410 566 eo
2433 516 2570 567 sunt
2595 530 2762 569 max·

340 588 453 647 ime
480 587 679 663 ardua,
712 585 816 644 sed
844 584 1143 663 possibilia
1190 591 1385 643 tamen
1430 586 1706 643 universa
1743 585 2157 663 intelligantur.
2245 586 2328 645 Ut
2375 606 2516 665 ergo
2561 588 2762 650 Moses

340 667 609 727 ostendat
636 666 782 724 nihil
812 685 875 725 se
904 682 1073 741 posse
1103 664 1341 741 gravius
1368 684 1436 723 ac
1474 665 1896 724 intolerabilius
1925 664 2176 743 experiri
2203 666 2530 727 calamitate
2556 670 2760 747 populi

342 748 447 823 sui,
478 768 601 805 rem
630 745 743 805 sibi
772 744 1141 804 durissimam
1180 742 1435 821 adducit,
1479 764 1608 821 quae
1637 742 1762 803 fieri
1789 764 1906 803 non
1934 752 2176 823 poterat,
2206 764 2324 804 non
2349 754 2416 806 ut
2443 747 2621 825 illam,
2654 748 2759 807 sed

338 847 444 905 per
470 827 632 885 illam
659 824 939 903 quicquid
966 824 1027 881 in
1054 843 1245 883 rerum
1273 833 1480 883 natura
1516 824 1636 883 dici
1681 824 1778 883 vel
1820 824 2064 903 cogitari
2090 832 2318 903 poterat
2342 827 2594 886 maxime
2624 828 2757 887 hor-

340 906 583 966 rendum
631 906 982 982 designaret.
1068 902 1241 963 Unde
1288 922 1405 962 non
1453 904 1643 981 magis
1687 904 2018 963 vexandum
2049 914 2138 964 est
2165 904 2321 984 quod
2349 914 2512 983 optat
2539 908 2756 984 Moses,

340 987 437 1045 vel
466 985 701 1063 Paulus,
734 1004 909 1064 quam
938 984 1095 1062 quod
1130 983 1349 1042 Paulus
1391 984 1513 1062 ipse
1554 984 1697 1044 dicit
1718 984 1792 1043 de
1815 985 2062 1059 Galatis,
2094 1005 2218 1063 cap.
2249 986 2348 1062 iv.,
2384 988 2420 1021 ‘⁴
2443 986 2760 1047 Eruissetis

341 1066 539 1125 oculos
568 1066 852 1136 vestros,’'
882 1084 999 1122 non
1028 1062 1195 1141 quasi
1237 1071 1498 1140 putasset
1544 1064 1670 1123 erui
1713 1083 1884 1141 posse
1931 1066 2148 1140 oculos,
2181 1065 2286 1124 sed
2310 1074 2378 1124 ut
2405 1066 2607 1126 innuat
2631 1076 2758 1125 tan-

342 1155 483 1219 tum,
514 1146 659 1204 nihil
688 1145 801 1203 sibi
828 1164 957 1203 esse
984 1144 1130 1202 adeo
1160 1142 1414 1217 charum,
1461 1144 1628 1221 cujus
1661 1144 1948 1221 jacturam
1977 1144 2130 1203 ultro
2159 1164 2278 1203 non
2303 1144 2576 1205 fecissent
2603 1146 2761 1207 illius

340 1226 547 1302 gratia.
634 1224 731 1283 Sic
760 1225 958 1283 Moses
986 1230 1149 1301 optat
1169 1222 1349 1281 deleri
1369 1242 1581 1282 nomen
1602 1242 1770 1282 suum
1799 1223 1870 1281 de
1899 1223 2048 1282 libro
2077 1223 2230 1299 vitae,
2276 1232 2334 1283 et
2363 1225 2581 1284 Paulus
2623 1246 2760 1285 ana·-

343 1306 545 1363 thema
570 1303 697 1362 fieri
724 1323 759 1361 a
787 1304 1033 1379 Christ0,
1064 1322 1183 1361 non
1211 1303 1369 1379 quod
1396 1302 1505 1361 hoc
1547 1302 1775 1380 proprie
1803 1304 2040 1377 vellent,
2072 1302 2227 1380 quod
2269 1304 2396 1363 fieri
2422 1306 2758 1381 neutiquam

344 1402 519 1461 posse
557 1402 673 1441 non
702 1383 1061 1460 ignorabant,
1106 1382 1211 1441 sed
1238 1391 1303 1441 ut
1332 1382 1640 1442 ostendant
1679 1382 1826 1439 nihil
1868 1401 1930 1441 se
1972 1402 2256 1454 recusare,
2299 1402 2414 1461 quo
2445 1384 2606 1443 Deus
2635 1385 2758 1461 pla·

346 1471 573 1522 caretur
606 1464 823 1541 populo
864 1482 986 1537 su0,
1018 1470 1079 1522 et
1104 1462 1251 1520 nihil
1281 1462 1393 1521 sibi
1420 1462 1608 1539 magis
1639 1480 1764 1520 esse
1793 1462 1856 1519 in
1882 1462 2038 1521 votis
2065 1482 2238 1540 quam
2265 1463 2464 1541 populi
2493 1464 2756 1524 salutem.

346 1544 629 1602 Caeterum
658 1544 707 1601 si
735 1550 1027 1622 quaeratur
1052 1562 1155 1602 cur
1186 1542 1385 1601 Moses
1426 1543 1537 1601 hac
1584 1540 1876 1601 locutione
1915 1550 2170 1601 mentem
2197 1562 2360 1601 suam
2389 1544 2754 1622 expresserit,

343 1623 537 1701 potius
564 1644 739 1701 quam
767 1624 883 1682 alia
909 1622 1197 1700 quapiam,
1250 1622 1584 1699 responderi
1612 1629 1806 1699 potest
1847 1622 2154 1698 loquutum
2191 1642 2318 1681 esse
2348 1642 2425 1681 ex
2451 1625 2755 1700 occasione,

342 1712 403 1762 et
430 1724 532 1780 pro
560 1723 621 1762 re
649 1711 803 1779 nata,
834 1710 1101 1779 respectu
1129 1702 1329 1762 habito
1358 1701 1433 1760 ad
1461 1722 1529 1761 ea
1555 1721 1687 1779 quae
1724 1709 2153 1778 praecesserant.
2199 1702 2485 1762 Dominus
2532 1703 2762 1763 dixerat

344 1783 517 1859 Mosi,
551 1785 589 1816 ‘⁴
612 1783 855 1841 Dimitte
884 1802 993 1857 me,
1024 1790 1090 1840 ut
1116 1801 1359 1841 accensa
1380 1782 1466 1839 ira
1494 1801 1828 1841 consumam
1856 1802 1974 1855 eos,
2005 1788 2064 1840 et
2091 1780 2296 1841 delebo
2325 1802 2536 1841 nomen
2563 1802 2760 1843 eorum

344 1862 454 1922 sub
482 1864 702 1939 coelis,’'
736 1864 910 1921 Deut.
939 1862 1022 1920 ix.
1058 1864 1149 1920 14.
1238 1861 1380 1920 Ideo
1412 1861 1609 1920 Moses
1638 1860 1713 1919 ad
1741 1880 1810 1919 ea
1849 1861 2030 1919 verba
2073 1860 2384 1921 alludendo
2431 1862 2758 1939 respondet,

344 1951 402 2002 et
428 1943 575 2019 petit
621 1943 683 2000 in
725 1942 927 2020 populi
970 1940 1232 2015 salutem,
1282 1960 1397 2001 non
1448 1940 1622 1999 modo
1670 1939 1852 1999 deleri
1879 1960 2090 1999 nomen
2112 1960 2280 2000 suum
2309 1942 2416 2000 sub
2446 1943 2624 2017 coelis,
2657 1941 2760 2001 sed

344 2023 517 2081 etiam
545 2022 619 2080 de
646 2022 797 2080 libro
825 2041 997 2097 quem
1024 2020 1087 2077 in
1113 2022 1275 2079 coelis
1304 2020 1629 2099 scripserat.
1718 2019 1886 2079 Idem
1915 2020 1986 2079 de
2018 2022 2186 2080 Pauli
2213 2028 2351 2081 voto
2393 2022 2508 2079 dici
2549 2030 2759 2098 potest.

346 2102 593 2159 Dixerat
620 2100 731 2159 sub
750 2100 923 2158 finem
948 2120 1071 2176 cap.
1089 2100 1211 2159 viii.
1234 2101 1379 2159 nihil
1401 2120 1527 2159 esse
1543 2100 1644 2159 vel
1659 2099 1720 2158 in
1737 2100 1902 2175 coelo,
1925 2100 2024 2159 vel
2049 2100 2112 2159 in
2138 2109 2307 2175 terra,
2330 2102 2428 2160 vel
2455 2102 2514 2158 in
2541 2101 2758 2177 inferis,

346 2180 509 2258 quod
536 2181 726 2256 ipsum
754 2180 827 2237 ab
856 2198 1049 2237 amore
1080 2179 1191 2239 Dei
1217 2179 1279 2237 in
1310 2180 1539 2239 Christo
1566 2200 1843 2257 separare
1869 2188 2084 2258 posset.
2166 2181 2210 2239 J
2214 2200 2324 2256 am,
2363 2188 2430 2240 ut
2457 2200 2762 2240 excessum

348 2260 565 2319 amoris
594 2259 685 2318 sui
702 2278 841 2335 erga
861 2260 905 2319 J
906 2258 1103 2318 udaeos
1123 2258 1329 2319 fratres
1352 2280 1487 2319 suos
1505 2259 1824 2320 secundum
1845 2280 2094 2335 carnem,
2121 2268 2179 2321 et
2194 2260 2458 2321 intimum
2482 2260 2758 2337 dolorem,

345 2359 465 2417 quo
492 2338 847 2398 afficiebatur
894 2339 966 2397 ob
1016 2358 1213 2399 eorum
1251 2340 1511 2416 exitium,
1542 2348 1803 2417 testetur,
1832 2342 2134 2418 profitetur
2154 2358 2216 2399 se
2245 2349 2444 2419 optare
2469 2341 2596 2399 fieri
2623 2360 2759 2399 ana-

344 2422 543 2479 thema
570 2438 607 2477 a
636 2418 882 2494 Christo,
914 2418 975 2477 id
1004 2427 1108 2496 est,
1138 2421 1409 2496 separari
1431 2419 1505 2478 ab
1550 2419 1696 2499 ipso,
1749 2420 1798 2479 si
1841 2428 2036 2480 tamen
2083 2420 2210 2480 fieri
2297 2430 2470 2497 osset,
2500 2429 2559 2481 et
2587 2421 2670 2480 ita
2697 2442 2760 2481 se

344 2500 663 2558 animatum
690 2518 835 2575 esse,
864 2506 1149 2559 uteorum
1179 2500 1425 2559 salutem
1454 2500 1636 2560 exitio
1665 2520 1770 2561 suo
1797 2501 2154 2579 redemptam
2183 2521 2256 2561 ve
2303 2510 2378 2579 et,
2408 2510 2466 2562 et
2495 2522 2570 2561 ne
2598 2521 2761 2579 sepa·

348 2588 613 2639 rarentur
640 2600 675 2637 a
704 2578 950 2655 Christe,
982 2599 1045 2638 se
1074 2580 1149 2639 ab
1178 2580 1303 2657 ipso
1333 2581 1603 2657 separari.

428 2660 722 2719 XXXII.
770 2659 1073 2718 Secundus
1100 2658 1203 2736 qui
1230 2660 1503 2737 objicitur
1526 2662 1709 2736 locus,
1740 2660 1956 2739 petitur
2009 2680 2086 2719 ex
2135 2660 2289 2718 Psal.
2341 2660 2488 2719 lxix.
2521 2662 2616 2737 28,
2659 2662 2762 2720 ubi

348 2738 575 2799 Psaltes
622 2739 773 2797 inter
816 2740 946 2814 alia,
999 2758 1129 2815 quae
1170 2739 1437 2799 hostibus
1466 2740 1746 2799 Ecclesiae
1787 2749 1846 2798 et
1887 2740 2008 2799 suis
2055 2740 2417 2815 imprecatur,
2449 2739 2560 2797 hoc
2587 2741 2762 2799 etiam

346 2819 525 2895 addit,
571 2822 890 2877 Deleantur
932 2822 1001 2877 dc
1050 2820 1192 2877 libro
1227 2821 1539 2896 viventium,
1590 2830 1644 2878 et
1689 2838 1813 2878 cum
1825 2820 1996 2895 justis
2039 2840 2152 2877 non
2197 2818 2516 2877 scm'bantnr
2535 2842 2555 2891 ,-
2603 2820 2762 2895 quod

346 2898 546 2975 utique
591 2898 781 2957 dicere
825 2918 943 2957 non
988 2900 1290 2976 potuisset,
1337 2899 1449 2958 nisi
1498 2900 1835 2977 agnovisset
1862 2898 2144 2974 quosdam
2172 2918 2247 2955 ex
2273 2896 2377 2955 tali
2406 2897 2554 2955 libro
2581 2897 2764 2957 deleri

352 2998 541 3055 posse.
600 2978 776 3057 Resp.
808 2978 1017 3037 Posset
1042 2978 1155 3038 hoc
1182 2978 1417 3057 quidem
1446 2978 1746 3038 commode
1774 2976 1972 3036 referri
1999 2996 2131 3035 cum
2159 2976 2504 3053 quibusdam
2535 2976 2609 3034 ad
2637 2978 2760 3035 exi-

348 3058 496 3116 tium
544 3058 855 3135 temporale
884 3066 941 3117 et
962 3066 1205 3117 mortem
1235 3078 1584 3136 corpoream,
1604 3066 1672 3117 ut
1695 3077 1800 3135 per
1825 3057 2036 3116 librum
2052 3056 2378 3115 viventium
2405 3056 2764 3135 intelligatur

345 3137 497 3196 liber
520 3136 657 3197 vitae
684 3138 1001 3216 praesentis,
1033 3145 1093 3197 et
1116 3158 1221 3217 per
1245 3139 1457 3198 librum
1491 3138 1792 3213 catalogus
1833 3136 2107 3211 fidelium,
2138 3136 2255 3215 qui,
2285 3136 2620 3214 profitentes
2650 3138 2764 3197 Dei

345 3236 573 3293 nomen,
625 3218 1008 3277 censebantur
1051 3238 1127 3277 ex
1175 3238 1394 3277 canone
1440 3217 1737 3278 charitatis
1785 3217 1998 3276 mortui
2033 3217 2094 3275 in
2132 3217 2320 3295 gratia
2349 3218 2478 3277 Dei.
2539 3218 2762 3279 Verum

346 3297 485 3357 lieet
520 3298 646 3357 haec
690 3298 875 3356 oratio
918 3298 1160 3358 ulterius
1209 3298 1619 3357 extenderetur
1663 3315 1849 3374 usque
1877 3296 1953 3355 ad
1980 3298 2222 3357 exitium
2252 3307 2546 3375 aeternum,
2573 3319 2648 3358 ne
2677 3300 2761 3359 sic

342 3377 581 3455 quidem
624 3378 933 3455 quicquam
982 3378 1195 3438 faceret
1241 3398 1345 3455 pro
1394 3378 1758 3437 adversariis.
1851 3378 2089 3455 Duplex
2115 3378 2270 3439 enim
2313 3381 2510 3438 deletio
2555 3380 2759 3438 distin-

347 3458 615 3535 guenda;
646 3458 761 3517 alia
776 3458 1025 3533 positiva
1052 3465 1111 3517 et
1137 3459 1327 3534 realis,
1358 3459 1472 3517 alia
1498 3477 1640 3517 vero
1661 3458 1922 3533 negativa
1947 3464 2172 3518 tantum
2191 3466 2249 3517 et
2269 3479 2574 3535 amarem.
2625 3460 2755 3535 Illa,

346 3556 463 3614 qua
488 3538 681 3614 reipsa
720 3546 1149 3615 expunguntur,
1201 3538 1301 3615 qui
1345 3546 1515 3597 antea
1556 3538 1756 3614 scripti
1798 3536 2058 3613 fuerant;
2103 3538 2230 3611 ista,
2278 3558 2394 3615 qua
2437 3538 2762 3597 declaratur

345 3616 600 3693 aliquem
648 3636 943 3694 nunquam
990 3618 1329 3695 inscriptum
1379 3617 1574 3693 fuisse,
1606 3625 1665 3676 et
1692 3634 1808 3695 qua
1833 3616 2080 3675 habetur
2105 3636 2174 3675 eo
2201 3617 2332 3676 loco
2360 3637 2427 3676 ac
2456 3617 2507 3675 si
2534 3616 2760 3675 deletus

344 3704 515 3773 esset,
546 3716 725 3773 quum
753 3696 954 3773 patefit
980 3697 1107 3775 ipso
1148 3707 1362 3757 eventu
1389 3718 1507 3756 non
1534 3716 1662 3757 esse
1710 3695 2068 3773 inscriptum.
2153 3696 2320 3754 Prior
2361 3704 2450 3754 est
2497 3695 2760 3755 absolute

342 3776 735 3854 impossibilis,
783 3778 1065 3853 posterior
1112 3796 1263 3855 saepe
1312 3778 1483 3837 datur
1538 3785 1805 3854 respectu
1851 3775 2282 3853 hypocritarum
2329 3782 2390 3834 et
2435 3799 2758 3855 remgor,

344 3856 577 3933 quando
608 3856 769 3914 Deus
796 3855 1018 3915 larvam
1046 3856 1163 3916 illis
1191 3858 1457 3933 detrahit,
1489 3865 1548 3918 et
1574 3876 1607 3915 e
1637 3876 1874 3933 corpore
1923 3864 2163 3916 externo
2194 3853 2470 3913 Ecclesiae
2500 3854 2758 3932 abdicat3

348 3936 433 3995 sic
463 3936 619 3996 enim
663 3935 1018 3995 detrahendo
1062 3936 1181 3995 illis
1228 3938 1529 4015 signacula
1575 3936 1916 4011 vocationiS,
1957 3944 2015 3996 et
2055 3935 2470 4013 praerogativas
2527 3932 2760 3994 foederis

344 4016 589 4089 externi,
614 4014 826 4092 quibus
844 4016 1257 4093 gloriabantur,
1288 4018 1543 4077 ostendit
1569 4036 1868 4095 nunquam
1892 4036 2030 4075 vere
2067 4016 2244 4075 fuisse
2286 4015 2519 4087 electos,
2549 4032 2657 4073 nec
2685 4014 2762 4073 ad

344 4094 624 4154 Ecclesiae
652 4114 861 4173 corpus
890 4096 1197 4173 mysticum
1226 4095 1528 4173 pertinere,
1574 4098 1687 4156 etsi
1713 4097 1788 4155 ad
1807 4105 2034 4174 tempus
2061 4096 2254 4155 locum
2271 4095 2422 4153 inter
2439 4092 2642 4153 fideles
2665 4114 2758 4154 oc-

344 4175 701 4251 cupaverint,
734 4183 793 4235 et
821 4175 970 4235 tales
995 4175 1093 4235 vel
1122 4176 1440 4236 secundum
1468 4176 1872 4253 gloriationem
1899 4196 2078 4251 suam,
2103 4176 2200 4234 vel
2229 4174 2406 4252 juxta
2433 4172 2758 4250 opinionem

344 4254 591 4313 aliorum
638 4254 823 4315 habiti
872 4255 1006 4314 sint.
1092 4256 1187 4314 Ita
1230 4256 1427 4313 David
1468 4256 1563 4314 hic
1612 4256 1818 4333 spiritu
1862 4254 2194 4332 prophetico
2245 4262 2425 4328 actus,
2473 4272 2593 4311 non
2641 4262 2760 4313 tam

342 4352 545 4411 preces
575 4334 827 4412 concipit
854 4335 1135 4395 adversus
1166 4336 1442 4394 Ecclesiae
1470 4335 1686 4409 hosteS,
1717 4354 1888 4411 quam
1929 4335 2160 4393 oracula
2201 4332 2394 4391 fundit
2439 4332 2512 4392 de
2561 4353 2758 4394 corum

343 4412 601 4487 interitu,
634 4412 771 4472 dum
800 4416 929 4473 vult
956 4424 1023 4473 ut
1052 4415 1213 4490 tales,
1244 4415 1347 4491 qui
1374 4434 1437 4471 se
1456 4413 1762 4490 jactabant
1790 4412 2068 4473 Ecclesiae
2095 4414 2370 4489 membra,
2402 4422 2460 4473 et
2479 4414 2756 4473 videban-

342 4499 441 4551 tur
466 4492 601 4551 albo
628 4492 887 4553 fidelium
914 4494 1193 4572 inscripti,
1214 4494 1473 4554 detracta
1498 4493 1680 4569 larva,
1713 4512 1788 4551 ex
1811 4491 2074 4552 Ecclesia
2095 4493 2400 4572 ejiciantur
2421 4502 2479 4553 et
2499 4514 2758 4554 resecen-

340 4578 453 4649 tur,
513 4581 580 4632 ut
634 4582 909 4651 appareat
964 4594 1080 4650 eos,
1136 4572 1275 4633 licet
1321 4571 1657 4633 domesticis
1709 4572 1982 4651 permixti
2037 4573 2266 4651 suerint,
2325 4574 2514 4653 reipsa
2567 4584 2760 4635 tamen
