3234 5192
475 351 599 410 380
890 381 907 399 ·
1029 364 1047 382 ·
1360 359 1439 400 ns
1470 359 1774 402 scurnum-2
1801 360 1994 402 muso,
2535 342 2798 421 [msmrr.
2829 361 2894 401 x.

467 508 737 585 hominiS,
768 514 907 568 tunc
934 503 1299 582 cognoscetis
1346 501 1505 579 quod
1548 521 1658 579 ego
1705 503 1893 578 sum,’'
1937 501 2018 560 id.
2067 509 2374 579 postquam
2421 521 2516 560 me
2542 501 2604 559 in
2660 521 2890 560 crucem

468 590 724 667 egeritis.
812 587 900 646 De
946 587 1143 660 altera,
1195 604 1299 661 per
1338 603 1513 660 quam
1568 583 1776 642 Victor
1828 581 2068 660 peccati,
2119 581 2352 640 Diaboli
2397 589 2456 640 et
2503 583 2724 659 mortiS,
2769 601 2890 640 non

470 669 644 728 modo
673 689 749 728 ex
777 666 1018 726 mortuis
1062 664 1392 739 resurrexit,
1446 663 1550 722 sed
1578 663 1718 723 etin
1763 663 1973 722 coelum
2021 662 2296 736 ascendit,
2347 662 2606 739 loquitur
2652 661 2886 736 Paulus,

472 751 625 808 Phil.
677 751 735 807 ii.
784 751 839 822 9,
888 749 923 780 ‘⁴
947 747 1190 821 Quem‚'’
1234 745 1437 821 inquit,
1487 747 1523 776 ‘⁴
1543 744 1718 802 Pater
1767 741 2109 824 bmgu‘dmnss’
2153 741 2231 802 id.
2265 745 2543 801 “summe
2587 743 2887 818 exaltavit,

472 830 663 890 dando
692 828 779 887 illi
808 847 1013 886 nomen
1046 845 1217 902 super
1244 845 1413 884 omne
1442 829 1705 900 nomen,'’
1735 822 1844 882 Sec.
1929 823 2142 898 Tertia,
2187 843 2316 900 quae
2364 824 2616 898 pertinet
2642 823 2718 882 ad
2743 844 2890 900 prae-

464 911 813 970 dicationem
840 906 1146 984 evangelii,
1178 905 1518 980 insinuatur,
1552 905 1668 964 Isa.
1699 904 1780 963 xi.
1814 907 1906 978 10,
1955 903 2125 962 “His
2163 903 2422 978 diebu3,”
2451 904 2657 981 inquit,
2693 906 2728 936 ‘⁸
2747 923 2892 980 gen-.

468 999 557 1050 tes
584 991 877 1066 requirent
903 987 1155 1046 radicem
1185 985 1321 1060 Isai,
1352 1005 1482 1061 quae
1532 993 1725 1044 erecta
1761 985 1872 1043 erit
1899 985 1960 1042 in
2002 983 2338 1042 vexillum.”
2424 985 2688 1043 Christus
2733 985 2888 1042 enim

468 1071 529 1129 in
558 1069 863 1146 evangelio
891 1076 1166 1144 tanquam
1196 1067 1257 1124 in
1286 1065 1504 1124 vexillo
1533 1066 1790 1142 erigitur,
1823 1074 1888 1125 ut
1915 1065 2128 1123 intuitu
2157 1063 2292 1122 fidei
2319 1062 2396 1122 ad
2425 1065 2590 1123 illum
2615 1084 2724 1123 nos
2751 1085 2889 1124 con-

468 1160 779 1225 vertamus,
812 1158 983 1226 atque
1013 1149 1127 1206 huc
1156 1147 1307 1220 facit,
1340 1145 1496 1222 quod
1524 1147 1743 1223 pertica
1771 1165 1872 1204 seu
1901 1145 2106 1219 malua,
2155 1145 2218 1202 in
2245 1165 2418 1220 quam
2468 1164 2704 1222 serpens
2731 1165 2888 1204 erec-

468 1240 563 1290 tus
592 1239 730 1304 erat,
761 1238 1004 1289 vocatur
1046 1249 1101 1288 ω
1128 1227 1286 1304 quod
1332 1227 1613 1285 vexillum
1665 1226 1970 1304 significat.
2057 1225 2236 1283 Porro
2285 1234 2350 1285 ut
2399 1245 2635 1303 serpens
2682 1245 2800 1284 non
2827 1225 2888 1284 in

464 1312 683 1389 angulo
712 1310 905 1387 aliquo
934 1307 1157 1386 positus
1185 1308 1311 1382 fuit,
1344 1307 1447 1366 sed
1474 1308 1535 1365 in
1563 1307 1797 1384 publico
1825 1315 1885 1366 et
1911 1305 2102 1364 medio
2143 1306 2361 1382 populi,
2407 1315 2473 1364 ut
2499 1306 2574 1364 ab
2619 1306 2888 1365 omnibus

470 1391 726 1470 conspici
752 1399 951 1468 posset
976 1412 990 1448 ι
1036 1389 1130 1446 Ita
1158 1389 1423 1447 Christus
1450 1407 1567 1446 non
1589 1389 1650 1444 in
1677 1408 1795 1447 uno
1821 1385 2036 1464 populo
2077 1394 2319 1460 tantum,
2373 1385 2476 1444 sed
2504 1386 2718 1464 ubique
2745 1406 2886 1464 gen-

466 1471 613 1532 tium
640 1471 987 1550 praedicatus
1015 1477 1120 1544 cst,
1148 1477 1205 1527 et
1231 1469 1293 1526 in
1322 1469 1552 1544 signum
1576 1468 1781 1527 salutis
1809 1467 2153 1545 propositus,
2185 1465 2357 1541 unde,
2391 1465 2521 1524 Gal.
2553 1467 2635 1524 iii.
2669 1470 2720 1542 1,
2745 1466 2888 1526 dici-

468 1561 564 1611 tur
590 1553 733 1630 ipsis
760 1550 1107 1628 propositus,
1140 1556 1199 1606 et
1225 1549 1390 1624 quasi
1420 1549 1684 1625 depictus
1710 1549 1861 1607 inter
1888 1549 2046 1624 ipsos
2073 1547 2402 1606 crucifixus.

466 1671 659 1717 Chriffl
704 1675 949 1727 “Pm-
994 1626 2887 1785 Nssffi33532302‘33533532‘2§fifflssf‘gif-”itttffifflssssssiss

804 1767 811 1773 ·
846 1765 869 1782 ‹-
1462 1750 1481 1764 ⁴
2293 1753 2306 1783 2

468 1797 655 1848 tarum
667 1788 868 1846 debuit
880 1787 1153 1864 conspici.
1189 1787 1283 1846 Sic
1304 1787 1567 1846 Christus
1585 1807 1702 1846 non
1712 1787 1885 1864 juvat
1911 1787 2025 1846 nisi
2043 1787 2330 1864 cognitae,
2353 1807 2460 1846 nec
2481 1806 2638 1846 mors
2659 1787 2769 1846 nisi
2787 1807 2886 1865 ap·

467 1870 681 1946 plicata
710 1867 886 1942 fideli,
916 1877 975 1926 et
994 1868 1067 1926 ab
1090 1887 1160 1925 eo
1182 1868 1555 1944 apprehensa.
1603 1868 2007 1945 Apprehensio
2024 1868 2139 1926 ista
2167 1888 2283 1926 non
2305 1868 2474 1927 aliter
2505 1867 2571 1924 fit
2593 1887 2764 1944 quam
2786 1888 2890 1945 per

470 1949 662 2024 fidem,
688 1968 817 2025 quae
839 1956 928 2006 est
946 1947 1151 2007 oculus
1178 1947 1401 2022 animae,
1432 1967 1547 2023 quo
1579 1947 1872 2007 Christum
1899 1949 2223 2009 intuemur:
2272 1950 2307 1981 “
2327 1949 2474 2006 Haec
2501 1956 2588 2006 est
2615 1948 2889 2006 voluntas

468 2029 703 2107 patris,''
715 2029 874 2106 inqui
884 2037 904 2087 t
916 2028 1197 2103 Christus,
1213 2028 1255 2087 J
1260 2028 1352 2086 oh.
1370 2028 1445 2086 vi.
1460 2030 1555 2103 40,
1574 2032 1609 2061 “
1620 2037 1686 2088 ut
1698 2029 2026 2104 quicunque
2041 2027 2460 2105 contemplatur
2471 2027 2681 2086 Filium
2695 2036 2754 2086 et
2765 2047 2888 2087 cre-

470 2110 557 2170 dit
577 2111 637 2169 in
655 2130 785 2169 eum
800 2109 1010 2168 habeat
1032 2109 1209 2168 vitam
1231 2110 1556 2168 aeternam.'’
1590 2110 1668 2168 Et
1685 2108 1728 2167 J
1732 2109 1825 2168 oh.
1849 2109 1929 2167 iii.
1953 2111 2046 2182 14,
2075 2107 2362 2186 “Oportet
2383 2109 2592 2167 Filium
2611 2107 2886 2184 exaltari,

470 2199 535 2250 ut
558 2190 821 2268 quisquis
870 2189 1053 2248 credit
1107 2190 1167 2247 in
1196 2190 1401 2268 ipsum,
1434 2209 1551 2248 non
1568 2199 1782 2266 pereat,
1815 2189 1918 2248 sed
1944 2190 2154 2247 habeat
2175 2189 2356 2247 vitam
2385 2191 2707 2247 aeternam.”
2793 2188 2889 2248 Ita

469 2269 615 2329 fides
650 2271 866 2348 passim
896 2270 1185 2328 confertur
1214 2270 1398 2344 ocu10,
1430 2270 1567 2346 quia
1592 2269 1920 2348 praecipuus
1949 2270 2074 2345 ejus
2103 2278 2268 2328 actus
2292 2269 2516 2346 positus
2545 2277 2634 2327 est
2660 2269 2722 2327 in
2749 2289 2886 2346 cog·

470 2351 723 2426 nitione;
774 2349 899 2407 haec
930 2358 1018 2408 est
1046 2348 1316 2424 conditio,
1350 2351 1457 2408 sub
1500 2370 1617 2426 qua
1646 2350 1910 2410 Christus
1940 2348 2176 2408 offertur
2201 2349 2263 2407 in
2291 2349 2614 2426 evangelio,
2645 2369 2762 2428 qua
2787 2349 2890 2426 qui

470 2428 879 2503 destituuntur,
910 2449 1027 2488 non
1054 2437 1297 2506 possunt
1324 2430 1436 2488 frui
1466 2430 1713 2505 Christo,
1745 2449 1853 2488 nec
1883 2438 2134 2488 statuere
2163 2429 2274 2488 sibi
2301 2450 2337 2488 a
2367 2429 2494 2488 Deo
2535 2429 2886 2490 destinatum

468 2529 635 2585 esse;
682 2509 985 2584 Quomodo
1014 2527 1249 2586 serpens
1278 2529 1471 2568 aeneus
1499 2510 1617 2570 illis
1647 2517 1870 2570 tautum
1913 2509 2186 2586 proderat
2221 2530 2298 2568 ex
2345 2510 2456 2568 Dei
2495 2511 2754 2586 consilio,
2787 2511 2886 2587 qui

470 2589 545 2649 ad
574 2609 706 2648 eum
734 2589 1136 2667 respiciebant.
1224 2589 1287 2648 Si
1316 2589 1415 2667 qui
1443 2610 1582 2668 ergo
1620 2591 1682 2648 iu
1712 2590 1924 2650 Israiile
1955 2591 2349 2665 caecutiebant,
2379 2599 2481 2648 aut
2508 2591 2708 2649 oculos
2735 2591 2887 2650 ultro

469 2671 826 2746 avertebant,
858 2670 975 2729 illis
1005 2669 1209 2730 salutis
1238 2670 1399 2729 nulla
1426 2690 1557 2747 spes
1586 2677 1726 2745 erat,
1766 2679 1832 2730 ut
1859 2691 1966 2728 nec
1994 2669 2166 2728 hodie
2214 2670 2527 2729 incredulis
2572 2679 2630 2730 et
2657 2671 2885 2730 rebelli-

471 2751 579 2811 bus
605 2751 886 2810 adversus
932 2751 1139 2827 Deum,
1171 2751 1214 2810 J
1218 2751 1311 2810 ob.
1342 2751 1507 2810 xxiv.
1536 2754 1628 2826 13,
1677 2759 1736 2810 et
1763 2751 1851 2825 iis,
1883 2750 2094 2828 quibus
2146 2751 2308 2810 Deus
2357 2750 2536 2809 seculi
2565 2752 2886 2810 excoecavit

470 2841 709 2907 mentes,
743 2837 777 2890 2
804 2833 932 2891 Cor.
964 2833 1042 2890 iv.
1076 2835 1130 2890 4.
1196 2835 1253 2890 2.
1286 2831 1371 2891 Ut
1394 2832 1672 2891 Israelitae
1699 2851 1816 2890 non
1844 2850 1920 2889 ex
1937 2830 2126 2888 alieno
2155 2837 2408 2908 aspectu,
2435 2829 2538 2889 sed
2557 2840 2778 2890 tantum
2806 2850 2883 2890 ex

468 2915 699 2992 proprio
729 2914 1113 2973 sanabantur:
1158 2912 1252 2971 Ita
1279 2932 1385 2970 nos
1414 2931 1490 2970 ex
1510 2912 1625 2971 fide
1652 2921 1866 2987 nostra,
1898 2931 2014 2968 non
2043 2931 2118 2970 ex
2147 2911 2336 2970 aliena
2357 2911 2626 2987 vivimus,
2657 2911 2882 2972 Habac.

468 2993 527 3051 ii.
560 2997 614 3069 4,
649 2995 815 3053 Rom.
847 2995 883 3051 i.
922 2997 1012 3053 17.
1086 2996 1141 3052 3.
1191 2992 1279 3053 Ut
1308 2992 1481 3052 saluti
1508 2993 1696 3070 potuit
1713 3011 1840 3052 esse
1869 2991 2030 3050 visus
2063 2992 2235 3050 etiam
2282 2991 2605 3050 imbecillus
2631 3014 2644 3052 ε
2689 2991 2783 3050 Ita
2807 3011 2886 3050 ex

468 3081 651 3132 morte
678 3093 783 3132 nos
812 3074 981 3150 eripit
1008 3071 1153 3132 fides
1181 3072 1371 3133 adhuc
1404 3072 1647 3149 infirma,
1679 3072 1852 3132 modo
1881 3071 1958 3131 sit
1977 3091 2116 3130 vera
2144 3081 2202 3131 et
2225 3072 2462 3130 sincera.
2530 3076 2584 3131 4.
2617 3071 2701 3131 Ut
2729 3072 2884 3148 quis-

474 3153 608 3229 quis
636 3153 969 3229 aspiciebat,
1000 3155 1396 3230 cujuscunque
1426 3153 1632 3228 aetatis,
1665 3173 1840 3212 sexus
1889 3161 1948 3211 et
1997 3151 2360 3226 conditionis,
2393 3151 2741 3211 sanabatur:
2793 3152 2888 3212 Ita

469 3230 733 3306 quisquis
762 3232 943 3291 credit
972 3233 1033 3290 in
1062 3233 1371 3307 Christum,
1404 3232 1529 3291 sive
1558 3253 1684 3291 mas
1729 3233 1852 3292 sive
1881 3231 2132 3308 foemina,
2165 3233 2289 3290 sive
2317 3232 2464 3290 liber
2509 3231 2632 3290 sive
2661 3251 2882 3308 servus,

471 3309 595 3368 sive
625 3309 790 3366 dives
820 3310 943 3368 sive
972 3331 1205 3387 pauper,
1238 3313 1363 3370 sive
1392 3311 1598 3370 doctus
1620 3312 1746 3370 sive
1775 3312 2060 3386 indoctus,
2092 3311 2588 3371 indiscriminatim
2621 3321 2886 3372 servatur

470 3388 531 3446 in
562 3387 808 3462 Christo,
845 3389 963 3446 “in
994 3409 1061 3448 eo
1090 3410 1277 3466 neque
1304 3409 1446 3464 mas,
1478 3411 1585 3448 nec
1613 3391 1866 3464 foemina,
1897 3412 2004 3450 nec
2037 3393 2271 3469 Scytha,
2317 3412 2422 3451 nec
2451 3393 2745 3468 barbarus,
2777 3412 2884 3452 nec

472 3469 731 3543 GroecuS,
764 3487 870 3526 nec
898 3467 941 3526 J
946 3468 1199 3543 udaeus,’'
1230 3469 1332 3529 sed
1362 3470 1628 3529 Christus
1657 3469 1848 3528 omnia
1877 3471 1936 3528 in
1965 3473 2251 3549 omnibuS,
2285 3473 2408 3532 Col.
2440 3473 2517 3531 iii.
2555 3475 2646 3532 11.
2733 3473 2883 3532 Rur-

470 3569 571 3608 sus
599 3547 961 3624 inaequalitas
990 3549 1127 3606 mali
1153 3569 1271 3606 non
1300 3549 1453 3609 tollit
1478 3550 1868 3626 :equalitatem
1904 3552 2160 3628 remedii,
2193 3554 2543 3612 sanabantur
2579 3553 2732 3612 enim
2761 3573 2883 3612 om-

470 3649 590 3706 nes,
623 3627 1141 3706 quomodocunque
1170 3629 1345 3688 morsi
1368 3629 1612 3690 fuerint:
1660 3631 1753 3691 Ita
1781 3651 2124 3708 quocunque
2155 3634 2356 3692 morbo
2375 3634 2597 3712 peccati
2625 3632 2883 3692 detinea-

468 3711 564 3786 ris,
625 3729 969 3787 quocunque
1018 3709 1257 3768 vulnere
1298 3708 1559 3785 afflictus,
1590 3711 1765 3770 modo
1814 3712 2032 3786 credas,
2083 3713 2422 3773 servaberis.
2487 3717 2542 3772 5.
2577 3713 2662 3773 Ut
2705 3713 2882 3772 semel

467 3810 695 3849 morsus
724 3798 986 3868 serpente
1014 3789 1144 3848 viso
1190 3799 1440 3866 sanatuS,
1494 3791 1545 3850 si
1592 3811 1792 3850 rursus
1839 3791 2221 3869 mordebatur,
2254 3793 2330 3852 ad
2377 3793 2530 3852 idem
2567 3793 2884 3852 remedium

466 3871 875 3948 confugiebat:
924 3870 1017 3930 Ita
1046 3870 1095 3929 si
1122 3879 1254 3948 post
1283 3871 1638 3930 sanationem
1689 3872 2044 3949 spiritualem
2074 3873 2264 3932 denuo
2313 3874 2372 3932 in
2411 3883 2712 3951 peccatum
2738 3873 2886 3933 labi·

468 3971 612 4023 mur,
645 3951 844 4009 eadem
876 3951 1157 4010 succurrit
1184 3951 1327 4009 fides
1370 3971 1497 4029 quae
1526 3952 1702 4029 priuS,
1733 3971 1836 4030 per
1873 3972 2046 4030 quam
2083 3953 2160 4011 ad
2205 3953 2497 4014 Christum
2525 3954 2885 4032 respiciendo

465 4030 795 4090 invenimus
824 4029 1087 4090 salutem.
1174 4031 1345 4091 Unde
1374 4041 1439 4090 ut
1470 4033 1744 4092 Israelitae
1772 4043 1889 4093 tam
1909 4033 2178 4110 praesenti
2207 4033 2426 4093 auxilio
2449 4033 2580 4094 freti
2607 4034 2884 4112 anguium

466 4131 721 4172 morsum
751 4119 809 4170 et
836 4111 1100 4170 aculeum
1130 4131 1331 4189 parum
1358 4112 1638 4171 timebant
1663 4135 1676 4171 :
1723 4113 1816 4171 Ita
1843 4113 2047 4188 fidelis,
2099 4113 2200 4190 qui
2239 4115 2470 4174 Christo
2497 4115 2718 4189 nititur,
2749 4115 2884 4172 Dae-

466 4211 703 4252 monum
734 4190 999 4266 insultus,
1038 4199 1096 4251 et
1124 4193 1357 4251 aculeos
1402 4193 1626 4270 peccati
1653 4193 1888 4271 spernit,
1941 4213 2073 4252 cum
2121 4193 2335 4254 fiducia
2378 4195 2733 4254 inclamans:
2781 4193 2886 4254 “O

466 4291 639 4347 mora,
672 4271 772 4330 ubi
801 4280 901 4330 tua
930 4272 1216 4332 victoria?
1259 4272 1310 4333 Ο
1338 4273 1684 4350 sepulcrum,
1714 4273 1816 4332 ubi
1845 4281 1934 4332 est
1977 4274 2246 4334 stimulus
2295 4283 2430 4334 tuus
2449 4279 2510 4334 ?'’
2557 4278 2587 4332 1
2623 4275 2753 4334 Cor.
2784 4294 2885 4334 xv.

466 4353 563 4426 55,
596 4371 701 4408 nec
724 4359 919 4409 tamen
949 4353 1233 4412 Israelitae
1261 4353 1437 4431 hujus
1463 4353 1766 4412 medicinae
1794 4353 2007 4412 fiducia
2033 4361 2150 4412 tam
2181 4356 2368 4415 securi
2395 4356 2644 4430 fuerunt,
2675 4363 2740 4414 ut
2767 4373 2889 4414 ses-

468 4439 671 4506 pentes
702 4430 777 4488 ad
806 4451 1061 4491 morsum
1088 4433 1241 4492 ultro
1270 4442 1689 4510 provocarent:
1751 4433 1848 4494 Sic
1877 4435 2216 4512 cavendum,
2249 4457 2322 4495 ne
2373 4435 2587 4494 Christi
2615 4435 2804 4512 gratia
2831 4443 2890 4494 et

466 4509 687 4567 auxilio
740 4509 892 4584 freti,
925 4513 1139 4571 carnali
1166 4513 1615 4590 praesumptione
1666 4523 1725 4572 et
1770 4513 2118 4574 confidentia
2165 4515 2470 4576 temeraria
2509 4515 2648 4574 elati
2676 4515 2734 4573 in
2765 4523 2890 4574 ten·

465 4589 715 4647 tationes
745 4597 953 4664 sponte
983 4591 1303 4650 incidamus
1328 4615 1341 4668 ;
1388 4592 1491 4652 sed
1540 4603 1742 4652 contra
1785 4603 1984 4652 sancto
2031 4595 2236 4654 timore
2285 4597 2531 4656 salutem
2578 4595 2886 4674 operando,

470 4667 716 4726 Diabolo
745 4676 1075 4726 constanter
1102 4670 1484 4728 resistendum
1514 4681 1617 4747 est,
1653 4683 1716 4732 ut
1745 4672 1930 4749 fugiat
1957 4694 1991 4730 a
2019 4675 2202 4751 nobis,
2235 4676 2278 4734 J
2281 4697 2366 4734 ac.
2399 4676 2478 4736 iv.
2511 4680 2568 4735 7.
