3234 5192
519 363 595 420 88
1304 378 1383 417 ns
1412 378 1774 417 successum
1805 378 2151 418 sucnssxous
2555 357 2814 439 [msrur.
2853 380 2936 421 ιν.

524 527 778 594 suerunt,
825 518 901 577 ad
948 538 1041 578 an.
1092 522 1227 594 794,
1286 526 1346 578 et
1404 518 1749 579 Sirmundus
1791 524 1930 577 tom.
1989 522 2046 577 2.
2098 518 2292 577 Conci.
2339 518 2516 577 Galli.
2574 526 2745 589 vocet
2791 520 2940 581 hanc

522 601 777 659 hoeresim
821 598 1137 675 Gallorum,
1196 599 1301 658 sed
1346 599 1631 677 praeeipue
1674 616 1751 656 cx
1793 598 2028 656 Canone
2082 598 2326 656 Concilii
2387 597 2711 657 Tridentini
2767 618 2946 677 supra

522 680 714 755 citat0,
758 678 859 756 qui
901 679 1119 737 cultum
1160 679 1477 757 imaginum
1518 696 1790 755 expresse
1832 677 2034 736 sancit,
2079 677 2167 736 Ne
2222 677 2346 754 jam
2395 677 2468 735 de
2508 680 2676 755 praxi
2716 678 2939 756 loquar,

522 780 695 838 quam
719 778 909 897 ιιΙιΙεείῖῑιιιιο,
938 759 1053 817 nisi
1074 760 1167 818 cui
1193 760 1365 836 periit
1391 759 1565 832 frons,
1594 764 1788 835 potest
1829 776 2084 817 asserere
2127 776 2256 815 esse
2281 758 2594 817 immunem
2622 758 2696 817 ab
2735 758 2941 837 imagi-

524 860 564 897 n
686 860 717 897 c
848 882 865 896 .

566 860 836 977 ιιιὶιξΧΙΙ.
881 918 1067 977 Missa
1092 937 1235 995 ergo
1259 919 1371 977 hac
1400 916 1758 995 exceptione,
1789 936 1964 993 quam
2011 915 2157 975 falso
2199 916 2306 975 niti
2346 915 2719 977 fundamento
2748 918 2940 979 ocula-

526 1000 703 1059 tiores
759 997 901 1056 satis
948 1006 1207 1073 cernunt,
1249 997 1325 1055 ad
1367 998 1680 1056 secundam
1725 996 2036 1073 pergimus,
2091 1016 2220 1073 quae
2269 996 2344 1055 ab
2391 996 2522 1055 aliis
2570 997 2940 1076 obtenditur;

516 1086 867 1157 proeceptum
884 1077 1105 1135 scilicet
1130 1076 1205 1135 de
1224 1077 1576 1154 imaginibus
1596 1096 1716 1135 non
1737 1075 1998 1135 colendis
2025 1094 2152 1135 esse
2169 1076 2488 1153 positivum,
2518 1096 2636 1135 non
2662 1082 2946 1154 naturale,
3036 1116 3048 1125 ,

524 1160 717 1236 legem
763 1158 975 1235 quippe
1002 1157 1251 1234 positam
1276 1176 1402 1216 esse
1430 1158 1506 1215 ad
1531 1165 1760 1234 tempus
1803 1157 1846 1215 J
1849 1155 2032 1215 udaeis
2058 1155 2134 1213 sd
2161 1156 2543 1215 idololatriam
2571 1157 2784 1234 pronis,
2815 1160 2946 1235 qui-

526 1238 637 1307 bus
686 1238 847 1296 Deus
907 1256 1107 1295 ansam
1170 1235 1510 1296 idololatriae
1554 1238 1832 1315 gentium,
1876 1254 2008 1295 cum
2034 1236 2246 1312 quibus
2271 1235 2624 1311 habitabant,
2656 1237 2950 1297 imitanda

526 1326 821 1395 amputare
850 1315 1098 1391 volebat,
1128 1336 1246 1375 non
1273 1316 1411 1375 item
1438 1316 1607 1375 nobis
1637 1316 1998 1375 Christianis.
2073 1316 2170 1375 Sic
2209 1316 2559 1392 Vasquezius,
2589 1318 2852 1394 Lot-inus,
2884 1326 2945 1377 et

527 1407 659 1477 post
686 1418 785 1457 eos
814 1398 985 1473 Huqo
1019 1398 1254 1457 Grotim
1280 1397 1573 1475 papizans.
1661 1395 1777 1455 Sed
1803 1397 1914 1454 hoc
1942 1404 2031 1454 est
2059 1394 2374 1473 desperatae
2416 1416 2604 1455 ceusae
2640 1416 2946 1474 argumen-

526 1489 667 1553 tum,
700 1478 793 1537 cui
820 1477 1195 1554 opponimus;
1238 1475 1439 1553 prime,
1471 1496 1834 1535 communem
1873 1476 2023 1534 iuter
2058 1475 2360 1552 primarios
2401 1475 2664 1535 doctores
2707 1478 2948 1536 Pontifi-

530 1560 651 1617 cios
681 1561 1040 1632 sententiam,
1088 1576 1204 1633 qua
1250 1564 1511 1615 statuunt
1539 1556 1733 1614 omnia
1760 1562 2048 1631 praecepta
2077 1554 2357 1632 Decalogi
2384 1576 2510 1613 esse
2532 1556 2683 1632 juris
2709 1557 2946 1615 moralis

530 1637 792 1717 perpetui
820 1645 880 1694 et
907 1636 1391 1712 indispensabilis.
1480 1635 1766 1709 Secundo,
1797 1634 1846 1692 si
1874 1644 2026 1693 esset
2052 1644 2402 1711 praeceptum
2429 1655 2583 1693 mere
2612 1636 2944 1713 positivum,

531 1716 759 1777 ostendi
786 1715 1023 1774 deberet
1048 1714 1199 1772 illud
1224 1713 1567 1791 abrogatum
1592 1714 1772 1772 fuisse
1801 1714 1910 1772 sub
1938 1714 2108 1772 Novo
2132 1715 2521 1773 Testamenta
2585 1715 2701 1773 Sed
2721 1724 2946 1775 tantum

532 1797 697 1857 abest
723 1802 791 1853 ut
814 1794 973 1852 illius
988 1794 1321 1853 mutationis
1349 1795 1446 1852 vel
1466 1794 1868 1853 tenuissimum
1896 1801 2058 1853 extet
2085 1794 2414 1869 vestigium,
2444 1802 2512 1853 ut
2537 1794 2721 1853 multa
2747 1815 2946 1853 occur-

530 1885 663 1937 rent
690 1894 821 1952 quae
848 1874 1007 1932 illius
1033 1872 1471 1951 perpetuitatem
1518 1873 1782 1951 probent,
1822 1874 2054 1951 quando
2074 1893 2192 1931 non
2220 1874 2399 1932 semel
2426 1874 2502 1932 ab
2529 1872 2830 1951 Apostolis
2857 1882 2948 1934 re—

531 1957 775 2036 petitum
794 1962 899 2029 est,
919 1961 979 2012 et
1007 1952 1285 2012 Ecclesiis
1315 1952 1636 2013 Gentilium
1658 1953 1876 2029 datum,
1899 1953 2036 2012 Act.
2065 1974 2166 2011 xv.
2188 1956 2284 2029 20,
2320 1956 2350 2011 1
2377 1954 2507 2012 Cor.
2537 1974 2596 2013 x.
2629 1958 2683 2029 7,
2720 1957 2750 2012 1
2770 1954 2950 2014 Joan.

537 2057 595 2096 v.
626 2039 723 2111 21,
748 2042 809 2093 et
833 2034 973 2091 alibi
996 2033 1222 2111 saepins.
1308 2033 1520 2107 Tertio,
1544 2040 1771 2091 tantum
1798 2033 1964 2092 abest
1999 2040 2066 2091 ut
2084 2032 2328 2091 Judaeos
2357 2034 2512 2092 solos
2537 2034 2638 2092 lex
2663 2034 2766 2092 illa
2801 2034 2950 2095 obli-

535 2134 707 2195 gasse
734 2112 1025 2173 censenda
1050 2113 1143 2187 sit,
1171 2121 1239 2171 ut
1265 2132 1340 2171 ex
1370 2113 1624 2190 Paganis
1649 2112 2082 2189 prudentissimi
2109 2112 2324 2189 quique
2365 2112 2504 2171 fassi
2545 2114 2661 2173 sint
2709 2115 2950 2190 cultum,

533 2196 633 2276 qui
660 2194 883 2254 numini
910 2213 1013 2271 per
1039 2193 1316 2265 imagines
1346 2194 1670 2267 exhibetur,
1715 2193 1906 2250 minus
1943 2201 2168 2250 castum
2207 2211 2352 2266 esse,
2403 2201 2462 2251 et
2509 2195 2544 2225 ‘⁴
2567 2194 2798 2271 primos,
2847 2194 2950 2271 qui

532 2276 840 2336 simulacra
870 2274 997 2331 Deo
1038 2280 1370 2349 posuerunt,
1403 2272 1738 2331 civitatibus
1767 2271 1887 2330 suis
1935 2280 1995 2329 et
2021 2280 2236 2330 metum
2267 2271 2563 2347 demsisse,
2613 2282 2672 2331 et
2701 2293 2948 2331 errorem

534 2354 886 2428 addidisse,”
916 2360 983 2411 ut
1002 2352 1179 2409 habet
1215 2354 1405 2409 Varro
1431 2352 1586 2429 apud
1617 2352 1932 2427 Augustin.
1962 2352 2062 2409 lib.
2092 2352 2172 2409 iv.
2195 2351 2268 2409 de
2287 2352 2460 2410 Civit.
2481 2351 2609 2425 Dei,
2631 2372 2754 2429 cap.
2779 2354 2946 2411 xxxi.

490 2428 497 2434 ¹
539 2436 635 2495 Sic
661 2434 860 2493 Romae
882 2432 1023 2489 olim
1038 2430 1253 2507 templa
1274 2431 1595 2490 simulacris
1623 2430 1875 2489 caruisse
1915 2450 2020 2508 per
2054 2450 2238 2489 annos
2263 2433 2395 2489 170.
2490 2434 2679 2489 Varro
2732 2432 2946 2490 ibidem

535 2516 720 2587 docet,
752 2519 811 2570 et
838 2510 991 2591 apud
1023 2511 1355 2570 Clementem
1397 2512 1715 2568 Alexandr.
1747 2511 1808 2567 in
1838 2509 2196 2587 Protreptico
2225 2510 2422 2568 videre
2467 2519 2572 2585 est,
2614 2510 2948 2588 Lycurgum

538 2590 841 2671 Spartiatis
894 2589 1256 2668 prohibuisse
1294 2591 1576 2666 imagines
1612 2598 1777 2649 notat
1820 2590 2063 2648 Alexan.
2093 2591 2164 2648 ab
2191 2590 2436 2649 Alexan.
2465 2590 2566 2649 lib.
2611 2591 2670 2647 ii.
2703 2610 2826 2668 cap.
2851 2596 2946 2667 22,

536 2683 596 2733 et
624 2673 833 2731 Persas
860 2690 928 2729 ac
958 2669 1181 2747 Lydios
1228 2670 1577 2746 imaginibus
1620 2670 1872 2728 caruisse
1915 2670 2186 2727 observat
2219 2671 2501 2745 Orr'qenes,
2533 2670 2634 2728 lib.
2665 2672 2702 2729 8
2753 2680 2953 2730 contra

538 2754 787 2812 Celsum.
874 2748 1047 2810 Unde
1077 2750 1341 2809 Gentiles
1367 2749 1668 2826 redarguit
1697 2748 1912 2808 Paulus
1953 2748 2056 2825 qui
2091 2747 2442 2825 imaginibus
2479 2750 2788 2809 utebantur
2813 2770 2952 2809 con-

536 2843 626 2893 tra
652 2858 709 2891 το
735 2855 947 2904 γυνη-ου
964 2836 1054 2889 τοῦ
1084 2832 1219 2905 θεοῦ,
1253 2830 1420 2888 Rom.
1450 2828 1487 2905 i,
1520 2830 1657 2887 Act.
1687 2829 1809 2888 xiv.
1829 2837 1888 2888 et
1914 2828 2057 2886 xvii.
2142 2829 2286 2887 Cum
2315 2848 2458 2905 ergo
2477 2838 2826 2907 praeceptum
2840 2831 2954 2889 hoc

538 2913 759 2973 lumine
788 2921 1009 2971 naturae
1050 2918 1261 2969 notum·
1275 2910 1367 2984 sit,
1398 2930 1469 2969 ex
1500 2928 1569 2968 eo
1598 2910 1784 2986 liquet
1808 2927 1928 2967 non
1953 2927 2082 2966 esse
2113 2910 2525 2985 caeremoniale,
2573 2908 2677 2967 sed
2717 2910 2950 2968 morale.

534 2996 751 3069 Quarto
800 2992 1065 3070 denique,
1110 2991 1259 3050 ratio
1304 2989 1501 3048 addita
1537 2989 1650 3065 ipsi
1675 2996 1962 3065 praecepto
1988 2988 2100 3047 hoc
2128 2988 2359 3062 evincit,
2385 3008 2516 3047 cum
2545 2988 2698 3047 enim
2725 2988 2800 3047 sit
2826 3008 2950 3047 mo·-

532 3073 671 3132 ralis
698 3082 757 3131 et
784 3081 1073 3149 perpetua,
1104 3070 1283 3147 petita
1310 3090 1346 3127 a
1372 3068 1674 3146 majestate
1695 3068 1975 3126 Mmense
1995 3075 2054 3127 et
2089 3066 2368 3126 invisibili
2391 3068 2520 3144 Dei,
2552 3070 2724 3127 Deut.
2743 3069 2824 3127 iv.
2858 3071 2950 3145 16,

537 3155 653 3212 Isa.
683 3152 766 3209 xl.
801 3154 893 3224 18,
919 3149 1053 3208 Act.
1084 3149 1228 3208 xvii.
1258 3152 1355 3223 29,
1400 3150 1495 3207 cui
1521 3149 1656 3207 talis
1684 3148 1876 3206 cultus
1901 3166 2266 3224 nequaquam
2315 3148 2604 3223 convenit,
2653 3148 2698 3208 J
2701 3168 2829 3208 oan.
2871 3149 2951 3207 iv.

537 3235 634 3305 24,
668 3232 837 3287 Rom.
868 3230 906 3286 i.
929 3232 1026 3286 23.
1070 3228 1149 3285 Et
1177 3229 1363 3304 ipsum
1384 3228 1600 3286 morale
1623 3226 1796 3285 debet
1823 3247 1950 3285 esse
1978 3235 2038 3286 et
2061 3235 2420 3304 perpetuum,
2444 3228 2602 3303 quod
2627 3248 2746 3286 non
2765 3229 2957 3289 minus

540 3309 897 3369 Christianos
925 3325 1098 3382 quam
1126 3306 1369 3364 Judaeos
1390 3314 1628 3383 spectat.
1713 3308 1842 3365 Imo
1870 3314 2032 3365 tanto
2058 3308 2294 3383 propius
2321 3306 2470 3381 illos,
2517 3326 2634 3382 quo
2673 3309 2870 3384 purior
2897 3315 2956 3368 et

536 3388 725 3465 magis
746 3386 1069 3444 abstractus
1088 3406 1123 3442 a
1150 3385 1321 3443 rebus
1348 3387 1638 3462 corporeis
1665 3393 1724 3445 et
1741 3385 2110 3445 sensibilibus
2137 3386 2311 3444 debet
2337 3404 2466 3443 esse
2491 3386 2600 3444 sub
2629 3386 2955 3464 Evangelio

538 3469 729 3529 cultus
756 3474 969 3539 noster,
1000 3473 1058 3523 et
1078 3464 1349 3523 remotior
1374 3465 1447 3523 ab
1478 3465 1856 3523 Ethnicorum
1883 3466 2106 3540 ritibus,
2136 3485 2210 3523 ne
2235 3464 2618 3522 idololatriam
2648 3485 2954 3543 paganam,

535 3568 641 3627 per
682 3545 1067 3622 Evangelium
1108 3543 1489 3621 profligatam,
1532 3565 1638 3622 per
1675 3546 1959 3622 posticum
2002 3564 2276 3604 revocare
2301 3542 2620 3603 videamur.
2704 3546 2760 3603 N
2761 3567 2836 3605 on
2865 3557 2956 3607 est

536 3628 793 3701 dubium,
838 3624 1027 3701 inquit
1054 3624 1215 3682 Lact.
1264 3624 1367 3683 lib.
1408 3624 1467 3683 ii.
1506 3644 1632 3703 cap.
1680 3627 1772 3701 18,
1817 3628 1852 3659 ‘⁴
1874 3624 2014 3703 quin
2059 3624 2264 3702 religio
2305 3624 2467 3683 nulla
2494 3623 2587 3700 sit,
2625 3625 2956 3704 ubicunque

540 3709 910 3768 simulacrum
938 3706 1085 3763 est.''

621 3786 882 3845 XXIII.
926 3783 1121 3845 Tertia
1131 3785 1397 3862 exceptio
1410 3784 1768 3844 communior
1789 3792 1878 3843 est
1901 3784 2118 3862 Legem
2137 3782 2498 3861 prohibuisse
2521 3784 2692 3860 idola,
2717 3785 2820 3844 sed
2841 3805 2960 3845 non

539 3868 823 3945 imaqines.
909 3864 1081 3924 Idola
1106 3884 1233 3923 esse
1252 3884 1443 3923 rerum
1469 3885 1589 3924 non
1630 3864 2022 3939 existentium,
2059 3864 2256 3940 qualia
2301 3872 2467 3921 erant
2510 3865 2636 3922 sola
2679 3866 2956 3925 Gentium

536 3948 809 4022 numina;
854 3946 1136 4022 imagines
1163 3964 1303 4002 vero
1328 3964 1519 4003 rerum
1540 3943 1931 4004 existentium.
1985 3943 2082 4003 Sic
2109 3942 2493 4001 Bellarminm
2521 3953 2575 4000 et
2609 3946 2876 4021 Vasquez.
2898 3965 2956 4005 n.

542 4028 659 4089 Sed
686 4026 1018 4086 futilissima
1043 4032 1237 4084 tamen
1266 4032 1370 4098 est,
1398 4022 1537 4083 licet
1566 4044 1601 4082 a
1618 4024 1910 4101 plerisque
1930 4024 2112 4099 vulgo
2139 4022 2426 4096 afferatur,
2445 4026 2762 4099 responsio.
2806 4026 2956 4083 Nam

538 4107 694 4185 quod
722 4105 1049 4166 obtruditur
1074 4104 1385 4162 discrimen
1412 4104 1562 4162 iuter
1586 4104 1796 4161 idolum
1825 4113 1884 4163 et
1909 4103 2208 4179 imayinem
2235 4122 2451 4161 vanum
2478 4111 2568 4161 est
2595 4112 2654 4162 et
2673 4104 2956 4179 fictitium,

540 4189 665 4247 sive
692 4185 1057 4246 nomenclatio
1084 4183 1185 4257 rei,
1218 4183 1341 4241 sive
1360 4192 1573 4241 natura
1599 4191 1656 4240 et
1671 4202 1802 4240 usus
1817 4182 2164 4242 attendatur.
2249 4183 2328 4241 Et
2349 4182 2426 4240 ad
2440 4184 2960 4245 nomenclationem

538 4266 771 4343 quidem
794 4264 953 4341 quod
978 4264 1202 4339 attinet,
1225 4282 1333 4321 nec
1360 4262 1517 4338 apud
1538 4261 1839 4338 Hebraeos,
1869 4282 1980 4321 nec
2007 4262 2162 4339 apud
2184 4263 2439 4335 Graecos,
2471 4281 2578 4321 nec
2615 4263 2770 4341 apud
2798 4264 2959 4323 Lati·

538 4365 662 4418 nos,
694 4344 1001 4403 discrimen
1020 4344 1137 4402 tale
1166 4342 1415 4402 occurrit
1432 4344 1462 4401 Ρ
1578 4341 1728 4399 Nam
1757 4360 1932 4401 voces
1955 4342 2050 4401 ben
2070 4360 2241 4418 mann,
2271 4360 2401 4417 quae
2429 4351 2738 4403 occurrunt
2763 4344 2824 4401 in
2851 4344 2962 4405 hoc

542 4422 828 4497 mandato,
851 4422 1174 4500 promiscue
1195 4421 1268 4481 de
1290 4421 1497 4499 quavis
1525 4420 1716 4497 effigie
1745 4422 1986 4501 sculpta,
2016 4424 2113 4482 vel
2138 4422 2392 4499 imagine
2433 4440 2536 4480 seu
2565 4424 2958 4501 similitudine,

540 4511 905 4577 usurpantur,
938 4502 1191 4560 Chaldae.
1232 4502 1423 4561 reddit
1462 4520 1567 4579 per
1590 4507 1722 4563 ιε’»
1750 4510 1810 4561 et
1835 4528 1975 4579 τωο-ι,
2021 4504 2176 4581 quod
2213 4521 2331 4561 non
2374 4510 2566 4577 potest
2606 4504 2774 4562 aliter
2813 4505 2964 4565 verti

543 4601 715 4659 quam
743 4600 847 4657 per
873 4581 1166 4655 inm-finem
1194 4589 1252 4639 et
1278 4582 1708 4641 similitudinem.
1743 4582 1899 4659 Sept.
1943 4584 2114 4643 modo
2143 4592 2378 4642 vertunt
2415 4592 2510 4649 ¹:0¹.-
2550 4604 2654 4660 per
2679 4582 2871 4643 υὶυλοι
2899 4592 2964 4643 ut

542 4663 655 4737 hle,
687 4661 857 4719 modo
884 4680 987 4738 per
1012 4675 1241 4730 γλυπτου
1260 4668 1325 4719 ut
1350 4660 1490 4719 [ον.
1520 4662 1686 4721 xxvi.
1707 4671 1765 4722 et
1787 4664 1960 4723 Dent.
1986 4683 2042 4721 v.
2061 4666 2116 4736 8,
2141 4684 2244 4739 per
2269 4678 2502 4733 γλυπτοι
2523 4666 2765 4739 «ipsuum,
2791 4666 2963 4724 Deut-
