3234 5192
513 267 631 327 530
1077 283 1154 322 ns
1196 279 1679 323 sArisrAcrroms
1709 280 1945 322 cumsrr
1976 280 2301 320 vsarrxrs.
2514 255 2774 342 [msrur.
2806 281 2935 322 xvi.

509 425 726 507 proprii
751 425 968 484 doloris
996 424 1200 483 animae
1246 423 1460 483 Christi
1503 432 1911 500 argumentum
1952 421 2075 500 fuit,
2106 422 2263 501 quod
2290 423 2473 481 multa
2488 422 2614 499 jam
2642 442 2813 500 passa
2842 421 2919 482 sit

511 507 718 581 anima,
741 525 870 564 cum
892 525 1079 582 neque
1101 503 1322 563 doleret
1339 524 1527 581 neque
1549 503 1857 581 quicquam
1880 505 2068 564 adhuc
2090 511 2381 581 pateretur
2397 522 2623 579 corpus,
2646 503 2689 562 J
2693 503 2787 560 oh.
2812 501 2916 561 xii.

511 591 607 661 27,
640 595 698 645 et
727 586 938 645 Matth.
969 584 1132 644 xxvi.
1162 587 1259 643 38.
1306 585 1442 643 Huc
1469 584 1641 643 etiam
1663 585 1911 662 pertinet
1930 582 2087 662 quod
2116 584 2397 661 scriptura
2420 582 2665 660 loquens
2693 581 2765 641 de
2786 602 2919 660 pas-

511 667 672 726 sione
703 665 917 724 Christi
937 684 1054 723 non
1075 672 1298 724 tantum
1316 673 1547 722 mortem
1565 663 1625 721 in
1644 663 1925 741 singulari
1944 672 2239 740 memoret,
2260 663 2361 722 sed
2384 672 2586 722 mortes
2607 662 2667 720 in
2687 662 2915 740 plurali,

513 746 628 805 Isa.
657 745 763 804 liii.
793 748 848 821 9,
879 754 947 803 ut
972 754 1213 822 utraque
1239 745 1362 802 haec
1391 764 1562 822 poena
1587 752 1647 803 et
1675 745 1879 804 animae
1908 753 1967 804 et
1994 744 2249 821 corporis
2276 751 2633 804 connotetur.
2718 743 2921 819 Neque

511 827 606 886 hic
635 823 1022 903 objiciendum
1055 825 1408 901 Scripturam
1453 843 1678 900 semper
1723 824 1974 883 tribuere
2016 823 2187 883 morti
2216 823 2431 883 Christi
2458 822 2739 901 corporali
2766 824 2919 901 ejus-

513 926 626 983 que
654 905 924 983 sanguini
951 905 1010 962 in
1040 924 1207 963 cruce
1236 903 1416 962 effuso
1446 903 1896 981 redemptionem
1937 912 2209 980 nostram,
2241 923 2375 962 nam
2403 903 2575 962 morti
2600 903 2832 979 quidem
2861 911 2922 962 et

513 986 782 1064 sanguini
809 1005 877 1043 ac
905 985 1062 1044 cruci
1090 983 1351 1043 attribuit
1379 983 1663 1062 scriptura
1684 984 2151 1062 redemptionem,
2178 984 2280 1044 sed
2300 984 2473 1042 morti
2499 983 2609 1041 soli
2637 983 2919 1060 corporali

513 1074 572 1126 et
599 1065 896 1125 exclusive
924 1084 1286 1141 nequaquam
1311 1086 1325 1123 :
1370 1064 1497 1123 Imo
1525 1084 1658 1123 cum
1684 1063 1758 1122 de
1788 1064 2003 1124 Christi
2023 1063 2311 1123 oblatione
2340 1071 2399 1122 et
2426 1063 2703 1122 sacrificio
2729 1063 2917 1140 loqui·

514 1157 623 1222 tur,
655 1146 865 1224 saepius
893 1144 1098 1202 animae
1125 1144 1473 1204 mentionem
1497 1143 1650 1220 facit,
1682 1143 1799 1202 Isa.
1828 1144 1932 1204 liii.
1968 1147 2058 1220 10,
2090 1145 2134 1204 J
2137 1145 2229 1203 oh.
2260 1164 2319 1202 x.
2354 1146 2446 1217 15,
2480 1146 2573 1218 17,
2608 1145 2700 1218 18,
2730 1163 2918 1219 neque

517 1246 647 1286 cum
676 1246 829 1284 mors
858 1224 1045 1284 crucis
1071 1233 1438 1300 memoratur,
1470 1225 1593 1284 sola
1619 1244 1775 1283 mors
1804 1245 2077 1302 corporea
2103 1222 2481 1302 intelligenda
2508 1232 2613 1300 est,
2635 1222 2736 1282 sed
2764 1242 2919 1282 mors

514 1306 837 1382 maledicta,
868 1304 1288 1364 maledictionis
1317 1312 1508 1364 autem
1535 1304 1768 1363 nomine
1810 1305 2050 1364 veniunt
2076 1305 2439 1384 potissimum
2468 1304 2677 1364 summi
2704 1303 2791 1361 ini
2818 1323 2918 1362 an-

515 1406 685 1464 gores
713 1405 858 1464 quos
885 1386 948 1444 in
974 1386 1166 1444 anima
1194 1384 1456 1445 Christus
1483 1385 1738 1464 pertulit.

599 1466 814 1527 XVII.
859 1465 1138 1541 Quamvis
1165 1473 1358 1525 autem
1384 1485 1503 1524 non
1535 1463 1767 1523 aliunde
1808 1472 2071 1524 constare
2098 1472 2294 1543 posset
2324 1465 2615 1524 Christum
2644 1465 2704 1524 in
2732 1463 2923 1522 anima

515 1547 742 1624 proprie
771 1545 990 1622 aliquid
1012 1563 1346 1622 perpessum
1363 1543 1557 1620 fuisse,
1577 1544 1772 1602 velex
1791 1544 1903 1602 hoc
1924 1565 2039 1603 uno
2057 1544 2436 1604 demonstrari
2462 1554 2660 1622 posset
2688 1544 2921 1603 eviden-

515 1627 735 1686 tissime
761 1645 879 1683 non
908 1624 1063 1683 solos
1091 1624 1344 1701 corporis
1373 1625 1659 1683 cruciatus
1676 1624 1773 1682 vel
1792 1623 1993 1682 mortis
2019 1624 2313 1684 horrorem
2340 1624 2489 1682 hanc
2516 1624 2604 1681 illi
2631 1623 2923 1682 tristitiam

515 1708 900 1782 ingenerasse,
933 1703 1069 1780 quia
1095 1703 1238 1762 alias
1264 1704 1439 1780 longe
1483 1703 1714 1762 mollior
1755 1711 1813 1760 et
1856 1703 2111 1761 timidior
2138 1703 2433 1762 videretur
2460 1702 2724 1762 Christus
2752 1702 2920 1762 innu—

513 1785 687 1844 meris
712 1783 1044 1842 hominibus
1071 1783 1172 1859 qui
1198 1803 1316 1842 non
1354 1790 1576 1841 tantum
1620 1781 1905 1860 patienter
1947 1781 2050 1840 sed
2078 1791 2137 1842 et
2162 1783 2297 1844 laeto
2325 1791 2703 1861 promptoque
2731 1783 2926 1842 animo

515 1871 756 1924 mortem
783 1863 1184 1940 cruciatusque
1225 1862 1544 1922 dirissimos
1589 1863 2022 1922 sustinuerunt:
2066 1861 2215 1922 Nam
2249 1873 2314 1924 ut
2341 1863 2706 1941 profanorum
2736 1863 2924 1940 genti-

516 1945 656 2003 lium
685 1945 992 2008 imwom'aer
1019 1943 1116 2002 vel
1136 1943 1417 2002 insaniam
1438 1963 1555 2002 non
1577 1962 2017 2002 commemorem
2039 1943 2139 2020 qui
2160 1943 2542 2021 imperterrita
2561 1951 2753 2003 mente
2776 1963 2924 2002 mor-

515 2034 634 2085 tem
675 2024 1084 2084 adventantem
1128 2033 1495 2102 exceperunt,
1543 2024 1659 2082 imo
1704 2031 1762 2083 et
1804 2023 1919 2101 ipsi
1962 2032 2166 2102 sponte
2211 2023 2533 2100 adiverunt,
2563 2024 2695 2101 quis
2742 2023 2929 2082 nescit

515 2107 698 2166 multa
726 2115 1043 2184 martyrum
1071 2103 1268 2180 millia,
1297 2104 1763 2164 fidelissimorum
1790 2104 2003 2163 nubem
2030 2105 2283 2182 testium,
2316 2105 2649 2165 saevissimis
2678 2113 2925 2163 tormen·

516 2188 592 2246 tis
614 2195 672 2246 et
700 2185 1110 2246 crudelissimae
1133 2185 1304 2246 morti
1325 2187 1604 2264 exposita,
1630 2185 1943 2250 fortissimo
1964 2193 2157 2245 tamen
2177 2195 2234 2245 et
2261 2185 2557 2246 laetissimo
2580 2205 2703 2244 eam
2734 2185 2927 2242 animo

515 2267 821 2344 pertulisse
837 2269 866 2324 Ρ
893 2267 974 2325 ita
1001 2274 1066 2324 ut
1094 2284 1210 2323 non
1231 2273 1454 2324 tantum
1476 2266 1699 2324 nullum
1718 2273 1907 2323 metus
1928 2264 2257 2343 dolorisque
2294 2265 2683 2325 testimonium
2704 2265 2923 2338 darent,

518 2346 622 2405 sed
648 2346 908 2403 laetitiam
936 2345 1129 2420 potius
1158 2364 1440 2403 summam
1469 2353 1643 2420 atque
1686 2344 2100 2404 exultationem
2143 2346 2315 2402 etiam
2357 2345 2416 2402 in
2446 2344 2651 2403 mediis
2678 2343 2923 2402 flammis

516 2423 839 2502 proderent,
871 2441 988 2479 non
1013 2421 1147 2479 illos
1173 2422 1340 2498 ignes
1368 2423 1596 2480 accensi
1637 2422 1945 2494 terrebant,
1976 2441 2092 2479 non
2121 2442 2287 2480 enses
2316 2423 2579 2494 districti,
2609 2442 2723 2478 non
2754 2421 2919 2479 crati·

516 2503 662 2563 culae
683 2502 970 2576 ardentes,
993 2499 1245 2576 ungulae,
1278 2519 1494 2576 cruces»,
1518 2500 1737 2574 bestiae,
1768 2501 1970 2573 aculei,
1996 2508 2313 2576 caeteraque
2336 2502 2538 2579 priscae
2568 2499 2923 2558 crudelitatis

515 2583 896 2640 instrumenta
923 2597 1052 2656 quae
1081 2579 1156 2637 ad
1177 2598 1277 2638 eos
1305 2579 1657 2655 torquendos
1675 2578 2112 2655 adhibebantur,
2132 2599 2302 2638 nemo
2330 2600 2403 2638 ex
2432 2581 2504 2638 iis
2529 2581 2730 2656 lugere
2758 2579 2923 2638 visus

515 2670 619 2737 est,
652 2680 820 2720 nemo
847 2659 1117 2736 poculum
1146 2678 1182 2717 a
1209 2678 1270 2718 se
1299 2659 1583 2718 removeri
1608 2658 1943 2736 postulavit,
1966 2658 2083 2717 imo
2112 2679 2336 2719 summa
2362 2660 2655 2718 alacritate
2684 2659 2759 2718 ad
2788 2679 2923 2738 sup—

513 2741 753 2820 plicium
779 2749 845 2800 ut
871 2738 947 2798 ad
973 2739 1324 2817 triumphum
1367 2749 1676 2817 properant
1717 2747 1775 2797 et
1815 2738 2127 2798 tortoribus
2155 2739 2328 2798 etiam
2355 2741 2541 2817 ignoti
2568 2740 2720 2799 ultro
2750 2761 2811 2799 se
2841 2741 2929 2799 of·

514 2821 722 2898 ferimt,
757 2821 884 2880 Deo
912 2819 1130 2898 gratias
1174 2829 1414 2897 agentes
1458 2840 1590 2879 cum
1636 2818 1939 2897 Apostolis
1983 2819 2141 2896 quod
2186 2819 2352 2898 digni
2389 2821 2637 2898 judicati
2682 2821 2798 2880 sint
2824 2819 2927 2898 qui

515 2909 849 2981 paterentur
874 2922 977 2980 pro
1005 2901 1236 2960 nomine
1254 2901 1298 2960 J
1300 2919 1422 2960 esu.
1442 2901 1719 2976 Quaenam
1743 2899 1889 2959 tanti
1907 2899 2253 2959 discriminis
2270 2901 2415 2959 ratio
2434 2901 2671 2960 subesse
2693 2903 2930 2979 potest?

517 2983 740 3042 Infirmi
769 2992 828 3043 et
854 2980 1050 3041 miseri
1077 2981 1490 3041 homunciones
1519 3001 1803 3040 summam
1832 2980 2214 3040 constantiam
2243 2988 2302 3040 et
2328 2981 2605 3058 gaudium
2634 2981 2695 3040 in
2720 2981 2927 3041 mediis

518 3064 818 3124 tormentis
843 3083 962 3142 prae
991 3081 1052 3121 se
1095 3061 1304 3136 ferunt,
1337 3062 1544 3121 Petrus
1586 3061 1957 3137 crucifigitur,
1992 3061 2207 3120 Paulus
2235 3061 2570 3136 decollatur,
2602 3061 2928 3121 excoriatur

519 3143 998 3213 Bartholomaeus,
1016 3149 1266 3200 torretur
1287 3141 1651 3218 Laurentius,
1674 3141 1923 3199 laniatur
1944 3139 2227 3216 Ignatius,
2246 3142 2348 3200 alii
2364 3141 2493 3200 aliis
2514 3141 2928 3200 dirissimorum

518 3229 932 3281 tormentorum
962 3220 1272 3296 generibus
1302 3220 1424 3280 sine
1466 3221 1586 3278 ullo
1630 3219 1846 3279 doloris
1874 3227 1933 3278 et
1960 3219 2207 3278 tristitiae
2238 3221 2406 3298 signo
2434 3221 2799 3281 cruciantur:
2842 3219 2929 3280 At

521 3301 784 3360 Christus
813 3307 1061 3358 aeternus
1093 3299 1204 3356 Dei
1231 3299 1385 3358 filius
1412 3299 1509 3357 vel
1537 3299 1612 3357 ad
1634 3300 1876 3376 primam
1904 3298 2105 3358 mortis
2134 3301 2542 3377 cogitationem
2572 3302 2925 3378 expavescit,

518 3386 932 3452 consternatur,
962 3377 1292 3455 lachrymas
1319 3377 1524 3453 fundit,
1571 3378 1850 3437 clamores
1892 3377 2028 3453 edit,
2060 3379 2121 3436 in
2148 3377 2353 3439 faciem
2380 3381 2722 3461 procumbit,
2752 3380 2925 3439 sudo·

517 3480 638 3520 rem
689 3457 1069 3536 sanguineum
1113 3457 1341 3516 emittit.
1429 3457 1587 3525 Quid
1616 3457 1687 3515 E.
1704 3460 1733 3515 Ρ
1780 3458 2117 3518 alterutrum
2163 3479 2237 3518 ex
2280 3461 2439 3520 hisce
2488 3459 2713 3519 duobus
2756 3459 2929 3519 fuerit

517 3559 754 3598 necesse
783 3545 887 3610 est,
918 3536 1014 3595 vel
1043 3545 1108 3596 ut
1133 3537 1196 3594 in
1218 3536 1446 3596 Christo
1475 3536 1697 3616 aliquid
1723 3537 1957 3598 mollius
1971 3546 2029 3598 et
2056 3539 2314 3599 timidius
2336 3540 2506 3599 fuerit
2528 3559 2698 3616 quam
2728 3541 2788 3598 in
2818 3561 2924 3600 cae·

516 3620 655 3680 teris
674 3617 1023 3692 hominibus,
1047 3617 1145 3676 vel
1161 3637 1300 3676 sane
1323 3617 1384 3675 in
1403 3617 1564 3676 hisce
1591 3617 1893 3677 tormentis
1915 3639 2043 3697 quae
2066 3620 2492 3698 perpetiebatur
2512 3620 2734 3697 aliquid
2754 3619 2929 3680 fuerit

520 3701 689 3779 plane
711 3697 1228 3759 extraordinarium
1251 3705 1310 3757 et
1327 3697 1565 3775 gravius
1592 3698 1719 3776 ipsa
1739 3707 1923 3758 morte
1944 3701 2199 3778 corporis
2219 3721 2349 3779 quae
2365 3701 2425 3758 in
2444 3721 2648 3759 sensus
2676 3700 2926 3762 incurre-

519 3781 653 3857 bat;
701 3779 785 3839 At
832 3778 990 3857 prius
1019 3776 1166 3836 illud
1210 3779 1582 3838 vehementer
1626 3778 1836 3838 falsum
1884 3787 1943 3838 et
1974 3780 2373 3860 blasphemum
2402 3780 2560 3858 quod
2588 3780 2929 3840 Christianae

520 3881 687 3922 aures
715 3859 862 3919 ferre
891 3865 1184 3936 nequeunt
1208 3879 1223 3916 ε
1253 3857 1412 3936 Ergo
1440 3860 1727 3936 posterius
1754 3879 1957 3919 verum
1986 3879 2111 3920 esse
2138 3880 2373 3920 necesse
2400 3870 2507 3921 est.

601 3939 852 4000 XVIII.
898 3939 1104 4015 Itaque
1132 3957 1202 3996 eo
1223 3937 1455 3997 tandem
1478 3939 1901 3999 deveniendum
1923 3949 2012 3999 est
2039 3949 2103 3999 ut
2130 3940 2390 4000 dicamus
2418 3961 2615 4001 veram
2644 3951 2703 4001 et
2728 3943 2929 4021 genui-

519 4042 653 4080 nam
682 4019 898 4080 doloris
927 4027 985 4078 et
1013 4017 1324 4077 anxietatis
1352 4017 1519 4078 istius
1549 4041 1777 4079 causam
1809 4018 1986 4080 fuisse
2027 4040 2143 4078 non
2172 4030 2413 4081 mortem
2444 4022 2796 4098 simpliciter,
2828 4021 2931 4082 sed

519 4110 752 4161 mortem
781 4100 1136 4159 maledictam
1163 4118 1292 4175 quae
1321 4099 1409 4157 illi
1437 4099 1853 4159 obversabatur
1899 4109 2031 4160 ante
2076 4101 2291 4174 oculos,
2321 4101 2673 4160 horrendum
2700 4102 2846 4161 illud
2874 4109 2931 4160 et

519 4181 830 4242 terrificum
859 4179 990 4238 irati
1015 4178 1126 4238 Dei
1139 4178 1426 4256 judicium
1451 4203 1466 4256 ;
1514 4180 1762 4239 Peccata
1782 4199 1896 4239 non
1917 4179 2090 4239 unius
2110 4180 2360 4240 hominis
2388 4182 2598 4258 aliqua,
2623 4180 2727 4240 sed
2747 4181 2929 4240 omni-

521 4282 618 4320 um
648 4263 960 4320 electorum
989 4259 1183 4318 omnia
1209 4279 1338 4336 quae
1365 4260 1540 4318 homo
1558 4280 1708 4319 unus
1728 4260 1848 4337 ipse
1866 4261 2089 4337 fragilis
2118 4269 2175 4319 et
2201 4261 2510 4320 imbecillis
2536 4281 2611 4320 ex
2640 4260 2931 4338 sponsoris

521 4341 707 4400 officio
735 4349 961 4419 portare
990 4337 1227 4399 debuit:
1271 4339 1530 4399 Videbat
1557 4340 1681 4399 scil.
1710 4339 2069 4399 formidabile
2100 4340 2211 4399 Dei
2240 4340 2493 4400 tribunal
2522 4341 2614 4398 cui
2642 4339 2933 4398 sistendus

521 4430 645 4480 erat
662 4428 728 4478 ut
745 4441 874 4496 quse
893 4439 1008 4477 non
1020 4428 1287 4495 rapuerat
1309 4419 1577 4492 solveret,
1595 4419 1746 4478 Psal.
1760 4419 1906 4480 lxix.
1920 4425 1974 4495 4,
2006 4420 2049 4479 J
2054 4420 2277 4480 udioem
2300 4421 2487 4498 ipsum
2500 4420 2931 4496 incomprehen-

521 4499 680 4557 sibili
694 4499 952 4558 vindicta
961 4505 1258 4574 armatum,
1274 4498 1493 4577 Legem
1513 4499 1754 4558 fulmina
1770 4501 2197 4560 execrationum
2216 4509 2273 4562 et
2290 4501 2679 4559 anthematum
2701 4499 2931 4559 vibran-

530 4587 667 4653 tem,
685 4577 998 4636 Diabolum
1011 4585 1068 4636 et
1077 4585 1421 4654 potestatem
1433 4579 1796 4639 tenebrarum
1808 4600 1938 4640 cum
1950 4581 2216 4642 omnibus
2232 4579 2542 4639 inferorum
2554 4579 2735 4659 portis
2746 4579 2932 4642 immi·
