3234 5192
535 270 653 329 644
1120 284 1199 325 nn
1228 282 1704 328 sansnc‘rroms
1731 282 1966 327 cunm-1⁸1
1993 282 2312 327 vamum.
2515 264 2778 349 [meror.
2807 287 2937 331 xxr.

536 426 863 505 acquisivit,
896 424 1033 487 Act.
1062 446 1165 487 xx.
1196 428 1273 485 28
1298 449 1313 502 3
1358 426 1615 505 adeoque
1645 426 1802 504 quod
1817 425 1982 485 deest
2007 424 2171 485 finito
2201 426 2457 505 tempori,
2487 430 2806 506 completur
2833 450 2936 508 per

534 527 791 584 personae
820 506 1058 565 infinitae
1086 506 1489 581 conditionem,
1520 527 1651 584 quae
1679 506 1979 583 temporali
2008 505 2264 583 passioni
2290 506 2514 584 pondus
2554 508 2717 569 addit
2743 510 2932 569 infini-

538 598 678 647 tum.
766 588 928 647 Sicut
956 588 1107 645 enim
1136 597 1435 664 peccatum
1467 587 1617 645 Adae
1647 585 1708 644 in
1737 606 1798 645 se
1826 585 2059 663 quidem
2091 594 2366 645 aeternum
2393 607 2509 646 non
2525 588 2634 647 fuit
2659 600 2719 651 et
2745 590 2934 648 infini-

536 676 677 743 tum,
727 668 956 727 interim
1004 676 1196 726 tamen
1224 668 1380 727 vires
1427 666 1634 725 habuit
1679 666 1862 743 culpoe
1905 665 2164 740 infinitae,
2193 674 2382 726 totum
2411 688 2593 744 genus
2619 669 2936 729 humanum

538 747 893 807 damnationi
922 746 1298 823 subjicientiS,
1330 746 1465 824 quia
1494 756 1768 805 aeternum
1797 754 1858 804 et
1883 745 2174 803 infinitum
2207 746 2395 805 Deum
2411 748 2580 824 laesit,
2604 748 2686 809 sic
2703 758 2763 809 et
2781 769 2940 809 mors

540 828 753 887 Christi
802 827 1022 885 ratione
1068 826 1344 903 temporis
1400 826 1579 900 finita,
1637 826 1858 884 ratione
1905 824 2122 883 valoris
2190 826 2410 905 infinita
2456 834 2564 902 est,
2614 830 2751 905 quia
2827 829 2939 889 Dei

538 906 751 967 infiniti
777 926 929 964 mors
958 914 1065 964 est.
1133 906 1229 964 Sic
1256 905 1481 964 infinito
1528 904 1751 983 peccati
1781 904 1999 979 merito,
2031 913 2092 963 et
2117 904 2358 965 infinitis
2384 908 2572 984 poenis
2597 907 2810 968 debitis
2837 929 2937 987 op-

538 988 770 1064 ponitur
796 986 1083 1045 infinitum
1111 985 1375 1045 meritum
1406 985 1623 1044 Christi
1651 992 1708 1043 et
1755 983 2086 1060 satisfactiO,
2116 985 2263 1044 ratio
2291 986 2592 1046 infinitatis
2633 988 2942 1067 utrobique

542 1068 788 1127 sumitur
816 1088 850 1126 a
880 1067 1022 1141 Dec,
1056 1065 1149 1122 vel
1180 1084 1281 1141 per
1306 1072 1605 1143 peccatum
1653 1065 1810 1139 laeso,
1839 1064 1936 1123 vel
1963 1084 2066 1141 pro
2095 1073 2332 1141 peccato
2361 1067 2762 1127 satisfaciente.
2847 1068 2943 1128 Ita

540 1166 693 1205 mors
721 1148 834 1206 ista
862 1146 914 1206 si
940 1166 1056 1204 non
1086 1153 1297 1204 aeterna
1324 1145 1551 1223 proprie
1580 1144 1696 1203 dici
1743 1152 1949 1222 potest,
1979 1145 2442 1223 quandoquidem
2473 1148 2762 1208 aeternitas
2789 1148 2850 1206 in
2877 1168 2941 1207 se

541 1235 706 1286 notat
733 1226 1093 1286 duratIOnem
1136 1226 1579 1301 interminatam,
1612 1244 1740 1301 quse
1782 1226 1844 1282 in
1871 1234 2056 1283 morte
2085 1224 2352 1299 triduana
2376 1224 2753 1297 desideratur,
2784 1236 2942 1287 recte

539 1316 733 1366 tamen
784 1316 1011 1366 aeternae
1057 1304 1409 1383 aequivalens
1436 1305 1779 1364 habebitur:
1827 1308 1878 1361 1.
1911 1304 2153 1382 Propter
2179 1306 2505 1382 diqnitatem
2522 1328 2785 1383 persona
2809 1327 2940 1384 quae

539 1407 655 1445 non
684 1396 907 1447 tantum
933 1386 1044 1445 fuit
1070 1393 1303 1443 sanctus
1332 1394 1391 1443 et
1421 1386 1619 1463 justus
1645 1384 1836 1459 homo,
1867 1382 1970 1441 sed
1997 1385 2169 1442 etiam
2197 1405 2372 1444 verus
2403 1386 2579 1446 Deus.
2637 1392 2693 1447 2.
2723 1390 2776 1446 A
2800 1408 2939 1464 yra-

538 1468 705 1525 vitatc
722 1486 922 1542 poenae,
954 1486 1083 1541 quae
1109 1465 1246 1523 licet
1274 1464 1607 1541 temporalis
1635 1463 1826 1535 fuerit,
1851 1470 2043 1521 tamen
2070 1464 2454 1523 immensitate
2483 1476 2542 1525 et
2581 1466 2811 1527 diritate
2839 1488 2940 1525 an-

539 1566 740 1622 gorum
772 1555 830 1605 et
859 1544 1213 1602 cruciatuum
1240 1543 1421 1601 nihilo
1450 1544 1638 1600 minor
1665 1550 1767 1600 aut
1811 1542 1996 1600 lenior
2039 1542 2146 1600 fuit
2173 1562 2342 1619 poena
2370 1552 2600 1604 aeterna.
2645 1550 2702 1605 3.
2743 1548 2832 1605 Ab
2859 1550 2940 1621 ff-

518 1628 695 1699 fectu,
728 1625 864 1701 quia
884 1623 1147 1681 Christus
1174 1630 1355 1680 morte
1386 1642 1491 1681 sua
1516 1620 1790 1679 liberavit
1811 1640 1918 1678 nos
1945 1640 1982 1677 a
2007 1640 2177 1698 poena
2204 1631 2432 1695 aeterna,
2455 1623 2631 1699 juxta
2649 1625 2942 1702 justitiam

536 1712 595 1763 et
622 1704 924 1762 veritatem
971 1700 1082 1760 Dei
1124 1702 1293 1760 nobis
1341 1700 1555 1775 debita,
1604 1697 1855 1777 ideoque
1901 1718 2058 1758 mors
2101 1701 2229 1778 ejus
2257 1700 2526 1760 debuisse
2553 1722 2681 1763 esse
2710 1712 2942 1763 aeternae

536 1804 585 1842 ω
627 1783 907 1841 nivalens.

590 1804 724 1924 qIV.
766 1868 823 1923 2.
866 1861 1063 1921 Minor
1108 1859 1443 1939 simpliciter
1480 1858 1684 1938 neg-ari
1727 1868 1892 1939 potes
1907 1870 1957 1948 t,
1989 1858 2279 1921 Christum
2309 1861 2528 1921 scilicet
2552 1881 2669 1920 non
2699 1862 2946 1923 solvisse

531 1945 689 2023 quod
732 1963 768 2002 a
812 1944 983 2003 nobis
1028 1941 1361 2002 debebatur.
1428 1940 1720 1999 Infinitam
1763 1941 1917 2001 enim
1976 1960 2206 2019 poenam
2254 1950 2582 2020 peccatores
2625 1944 2945 2004 commeriti

536 2034 716 2103 erant,
746 2034 805 2084 et
834 2024 1097 2083 Christus
1124 2042 1252 2082 eam
1280 2022 1430 2082 tulit.
1490 2022 1592 2098 At,
1625 2020 1870 2100 inquies,
1913 2022 2224 2083 duratione
2246 2022 2564 2082 debebatur
2589 2022 2830 2099 infinita,
2853 2024 2939 2082 ni-

536 2106 743 2165 mirum
773 2114 1002 2179 aeterna,
1022 2123 1195 2181 quam
1214 2102 1478 2162 Christus
1505 2120 1611 2160 nec
1641 2101 1820 2161 subiit
1843 2122 1952 2163 nec
1983 2102 2177 2163 subire
2197 2103 2404 2181 potuit.
2447 2103 2643 2181 Resp.,
2675 2103 2942 2163 Infinitas

534 2206 721 2263 poenae
749 2183 941 2262 quoad
967 2184 1319 2242 durationem
1346 2181 1616 2257 primario
1645 2200 1760 2239 non
1801 2182 2123 2242 debebatur
2161 2203 2198 2241 a
2225 2192 2500 2257 creatura,
2533 2184 2636 2241 sed
2663 2182 2940 2243 secunda-

537 2266 623 2323 rio
650 2274 871 2323 tantum
902 2270 960 2321 et
1002 2282 1105 2337 per
1150 2260 1419 2319 accidens
1456 2259 1812 2318 infirmitatis
1864 2261 2127 2337 subjecti.
2187 2262 2336 2319 Nam
2383 2263 2432 2319 si
2457 2262 2714 2321 infinitas
2739 2282 2942 2340 poenas

536 2343 727 2419 quoad
754 2340 1111 2399 atrocitatem
1138 2338 1285 2397 ferre
1312 2338 1594 2412 potuisset
1623 2348 1884 2397 creatura
1898 2340 2218 2416 peccatrix,
2247 2340 2393 2397 nihil
2415 2360 2560 2415 opus
2587 2341 2791 2401 fuisset
2817 2362 2939 2419 poe·

535 2440 669 2493 nam
711 2428 979 2478 (eternam
1024 2418 1191 2475 ferre.
1276 2414 1425 2489 Quia
1451 2434 1590 2473 vero
1618 2423 1880 2474 creatura
1907 2417 2069 2475 finita
2095 2436 2395 2491 poenarum
2424 2427 2557 2475 actu
2585 2419 2936 2478 infinitarum

534 2519 718 2577 capax
764 2518 881 2556 non
924 2495 1050 2573 fuit,
1096 2495 1223 2554 fieri
1267 2493 1470 2553 debuit
1511 2495 1620 2553 hac
1669 2494 1730 2551 in
1759 2504 1920 2571 parte
1949 2516 2246 2573 poenarum
2275 2497 2667 2570 commutatio,
2697 2508 2762 2556 ut
2787 2518 2934 2575 quas

535 2579 835 2639 atrocitate
862 2586 921 2637 et
962 2576 1279 2636 intentione
1306 2573 1560 2634 infinitas
1586 2594 1664 2633 ex
1687 2574 1880 2652 rigore
1913 2576 2146 2654 justitia
2181 2576 2528 2653 postulabat,
2560 2574 2776 2636 easdem
2805 2578 2934 2636 infi-

534 2660 671 2720 nitae
699 2667 893 2719 essent
916 2665 1141 2718 tantum
1168 2657 1230 2714 in
1257 2653 1577 2715 duratione.
1659 2654 1800 2713 Jam
1845 2675 1986 2715 vero
2033 2656 2095 2714 in
2124 2656 2353 2716 Christo
2381 2675 2474 2715 res
2513 2656 2590 2715 ad
2615 2658 2938 2719 naturalem

527 2740 773 2821 justitiae
801 2739 1059 2799 ordinem
1088 2736 1277 2797 rediit.
1360 2734 1544 2794 Facta
1570 2734 1725 2793 enim
1773 2743 1862 2795 est
1895 2737 2266 2795 commutatio
2292 2756 2591 2813 poenarum
2612 2757 2743 2814 quae
2769 2738 2941 2798 nobis

536 2820 785 2883 ferendae
814 2828 976 2880 erant
1002 2818 1241 2877 infinitae
1268 2815 1462 2893 quoad
1488 2814 1867 2892 durationem,
1905 2816 1968 2875 in
2010 2836 2211 2895 poenas
2237 2816 2638 2895 magnitudine
2665 2826 2724 2877 et
2750 2818 2938 2878 inten-

538 2902 699 2961 sione
726 2900 981 2960 infinitas
1004 2921 1019 2976 3
1064 2918 1179 2957 non
1208 2896 1441 2974 quidem
1485 2904 1553 2955 ut
1598 2895 1856 2955 infinitas
1899 2897 2002 2956 illa
2031 2897 2368 2957 aestimanda
2395 2897 2472 2955 sit
2499 2898 2837 2975 simpliciter
2863 2920 2939 2959 ex

538 2983 837 3041 atrocitate
866 2989 924 3039 et
946 2978 1231 3057 gravitate
1260 2977 1361 3053 rei,
1392 2996 1522 3054 quse
1544 2974 1706 3035 nulla
1731 2976 1955 3037 infinita
1983 2978 2044 3035 in
2071 2985 2390 3037 creaturam
2417 2977 2708 3037 humanan
2735 2979 2939 3039 cadere

536 3069 745 3137 potest,
796 3059 898 3118 sed
938 3079 1015 3117 ex
1044 3058 1326 3135 dignitate
1372 3075 1633 3133 personae
1663 3056 1876 3115 divinae
1904 3077 2036 3134 quse
2062 3078 2234 3135 passa
2259 3066 2364 3117 est.
2449 3057 2614 3117 Mors
2643 3078 2782 3136 ergo
2809 3059 2936 3117 infi-

536 3136 669 3198 nita·
686 3140 794 3196 erit
821 3157 937 3195 non
966 3147 1212 3213 tempore
1238 3135 1342 3194 sed
1376 3137 1652 3212 pondere,
1682 3155 1798 3194 non
1827 3137 2147 3215 extensive,
2193 3136 2298 3196 sed
2323 3137 2625 3213 intensive,
2657 3158 2773 3197 non
2799 3139 2939 3199 rati·

538 3237 647 3275 one
676 3218 783 3289 sui,
816 3216 919 3275 sed
946 3217 1167 3274 ratione
1194 3215 1459 3292 subjecti.

618 3296 693 3355 V.
738 3300 794 3355 3.
840 3296 1022 3354 Poena
1066 3294 1269 3353 mortis
1315 3302 1553 3370 peccato
1602 3293 1800 3353 debita
1843 3295 2191 3356 considerari
2237 3304 2427 3374 potest
2473 3296 2735 3357 bifariam
2763 3320 2777 3357 ι
2839 3298 2937 3359 vel

536 3376 728 3455 quoad
756 3375 1061 3450 essentiam,
1095 3373 1192 3432 vel
1218 3373 1412 3451 quoad
1438 3374 1695 3432 accidens
1723 3381 1781 3432 et
1808 3375 2146 3451 adjunctum
2175 3378 2320 3453 ejus·
2379 3376 2563 3436 Priori
2595 3396 2768 3436 sensu
2795 3378 2940 3439 dicit

535 3476 736 3535 poenas
762 3456 1017 3514 infinitas
1044 3461 1328 3531 quotquot
1374 3471 1410 3510 a
1450 3460 1710 3511 creatura
1741 3452 1874 3511 ferri
1899 3464 2159 3532 possunt,
2189 3464 2312 3515 tum
2341 3458 2552 3532 damni,
2581 3463 2703 3515 tum
2729 3478 2938 3534 sensus,

536 3556 681 3616 quas
714 3536 943 3616 justitia
994 3534 1106 3592 Dei
1148 3532 1520 3611 peccantibus
1564 3532 1893 3609 denunciat,
1926 3544 2050 3593 tum
2089 3536 2151 3593 in
2194 3536 2515 3612 privatione
2542 3536 2682 3594 boni
2709 3536 2938 3613 infiniti,

538 3618 861 3677 desertione
891 3615 1113 3675 scilicet
1143 3613 1255 3672 Dei
1296 3620 1357 3671 et
1389 3613 1750 3689 separatione
1796 3613 1872 3671 ab
1899 3615 2026 3691 ejus
2056 3617 2242 3693 gratia
2269 3624 2328 3674 et
2355 3615 2557 3692 gloria,
2589 3624 2710 3675 tum
2761 3617 2821 3675 in
2847 3618 2938 3675 in-

534 3696 789 3757 flictione
816 3694 954 3754 mali
978 3696 1154 3771 longe
1184 3691 1438 3764 maximi,
1469 3692 1872 3753 maledictione
1915 3694 2185 3752 nimirum
2223 3702 2282 3752 et
2323 3694 2410 3752 ira
2436 3695 2619 3771 ipsius
2647 3715 2774 3753 cum
2806 3716 2938 3773 gra-

537 3777 791 3836 vissimis
820 3773 1075 3853 corporis
1100 3782 1161 3832 et
1188 3772 1393 3831 animae
1422 3772 1790 3831 cruciatibus,
1850 3773 2164 3832 Posteriori
2193 3793 2330 3831 vero
2359 3793 2544 3851 poenae
2573 3782 2802 3833 aeterna
2830 3776 2938 3835 du·

536 3858 819 3916 rationem
844 3855 1053 3929 habet;
1084 3852 1307 3911 accedit
1335 3852 1487 3909 enim
1504 3871 1690 3929 poenae
1711 3858 1778 3911 ut
1805 3852 1882 3912 sit
1901 3861 2116 3912 aeterna
2135 3861 2366 3931 propter
2385 3853 2772 3913 conditionem
2801 3856 2940 3914 sub-

530 3937 692 4015 jecti.
796 3937 841 3995 J
842 3954 935 3993 am
982 3934 1243 3993 Christus
1269 3950 1497 4009 poenam
1548 3930 1830 3991 infinitam
1891 3932 2069 3991 sensit
2116 3933 2309 4010 quoad
2349 3934 2710 3993 substantiam
2754 3935 2940 4011 ipsam

536 4036 739 4095 poenae,
768 4014 907 4092 quia
939 4013 1168 4092 justitia
1198 4012 1310 4070 Dei
1336 4010 1484 4069 nibil
1510 4012 1745 4087 exigere
1770 4013 1960 4089 potuit
1999 4013 2098 4071 vel
2123 4012 2317 4089 quoad
2343 4032 2572 4091 poenam
2601 4013 2813 4088 damni,
2843 4014 2942 4073 vel

536 4095 728 4175 quoad
756 4114 983 4173 poenam
1014 4112 1232 4166 sensus,
1263 4091 1421 4168 quod
1448 4090 1728 4167 Christus,
1759 4092 1928 4169 plene
1955 4112 2072 4151 non
2107 4093 2460 4167 sustinuerit,
2493 4092 2782 4152 Damnum
2809 4091 2942 4187 qui·

538 4178 668 4235 dem
698 4176 761 4234 in
789 4174 1139 4234 derelictione
1171 4172 1299 4245 Dei,
1332 4172 1487 4230 Psal.
1518 4170 1665 4230 xxii.
1705 4174 1758 4245 1,
1789 4190 2020 4230 sensum
2049 4190 2190 4231 vero
2239 4172 2300 4229 in
2325 4173 2726 4231 maledictionis
2753 4181 2812 4232 et
2837 4190 2942 4232 11·ae

535 4256 920 4333 perpessione,
952 4253 1086 4313 Gal.
1114 4252 1195 4311 iii.
1232 4255 1321 4325 13,
1352 4271 1480 4327 quae
1509 4270 1613 4327 per
1633 4250 1871 4311 calicem
1911 4252 2332 4311 amarissimum
2360 4251 2680 4323 denotatur,
2724 4252 2826 4329 qui
2851 4252 2941 4311 bi-

536 4334 761 4392 bendus
790 4334 1021 4392 Christo
1042 4334 1271 4392 oblatus
1298 4339 1404 4405 est,
1436 4331 1647 4390 Matth.
1677 4331 1842 4391 xxvi.
1891 4331 2006 4391 Sed
2033 4352 2150 4390 non
2179 4332 2314 4391 tulit
2333 4331 2524 4409 quoad
2551 4332 2806 4391 accidens
2833 4332 2942 4391 du-

536 4413 776 4469 rationis
794 4420 1038 4488 aeternae,
1060 4413 1197 4490 quia
1222 4430 1329 4471 nec
1346 4411 1732 4469 necessarium
1760 4411 1885 4487 fuit,
1917 4432 2023 4470 nec
2050 4411 2359 4489 possibile3
2388 4431 2506 4469 non
2531 4410 2940 4489 necessarium,

538 4491 675 4569 quia
707 4491 829 4567 jam
858 4492 1027 4568 plene
1055 4493 1169 4555 alio
1197 4490 1369 4550 modo
1398 4490 1756 4566 satisfecerit,
1787 4512 1902 4550 non
1929 4491 2222 4569 possibile,
2253 4491 2390 4568 quia
2418 4492 2501 4551 sic
2527 4510 2601 4550 ne
2629 4490 2940 4551 satisfecis-

538 4578 627 4629 set
654 4569 903 4647 quidem,
936 4591 1068 4633 nam
1096 4571 1197 4648 qui
1224 4590 1450 4647 semper
1476 4571 1670 4647 solvit,
1699 4588 1994 4649 nunquam
2040 4579 2232 4650 potest
2260 4569 2374 4631 dici
2403 4570 2769 4649 persolvisse.
2815 4571 2946 4631 Has
