3234 5192
310 366 548 410 Disrur.
576 350 710 433 xv.]
938 367 1019 411 m:
1050 370 1527 412 suisne-rioms
1555 369 1792 411 cumsri
1821 370 2139 413 vamum.
2601 361 2718 417 497

309 526 528 583 guores
554 516 787 569 nostros
814 512 939 585 ipse
967 509 1167 581 tulit,''
1199 513 1321 579 δια,
1352 528 1493 567 nam
1520 510 1816 583 particula
1845 530 1926 581 1:³⁸
1960 530 2095 587 quae
2125 510 2221 567 hic
2249 512 2568 569 adhibetur
2593 530 2716 571 non

311 590 511 645 solum
556 596 647 645 est
693 588 1056 659 affirmantia,
1105 590 1207 645 sed
1256 606 1446 647 causae
1488 588 1886 645 redditionem
1933 590 2114 647 simul
2142 592 2424 661 continet,
2455 591 2716 649 maxime

309 683 446 722 cum
475 666 705 740 aliquid
750 667 1049 742 praecessit
1094 668 1257 741 quod
1288 684 1513 725 novum
1554 672 1616 723 et
1641 665 1904 723 insolens
1931 667 2118 725 videri
2145 669 2346 742 possit.
2431 668 2582 726 Erat
2607 686 2714 727 au-

310 748 429 799 tem
451 744 566 802 hoc
586 761 723 802 vere
744 746 933 803 instar
952 744 1213 819 portenti
1236 762 1374 801 eum
1402 743 1489 799 ita
1502 744 1794 817 prosterni
1817 764 1886 803 ac
1904 745 2079 819 dejici
2101 746 2198 802 cui
2221 746 2387 805 Deus
2406 765 2711 804 summum

308 820 369 876 in
399 822 599 879 omnia
624 822 945 897 imperium
970 824 1223 881 daturus
1250 830 1397 891 erat,
1426 840 1726 896 quemque
1765 830 1834 880 ut
1861 840 2098 880 servum
2126 824 2380 882 electum
2409 831 2470 881 et
2495 824 2558 881 in
2586 842 2708 899 quo

306 898 507 957 anima
532 901 586 973 ej
597 920 664 957 us
690 902 1100 976 acquiescebat
1126 918 1356 959 summo
1398 916 1601 957 amore
1629 902 2150 976 complectebatur,
2185 902 2302 960 Isa.
2331 902 2458 961 xlii.
2493 902 2543 960 1.
2629 901 2708 959 Id

306 994 447 1034 vero
475 978 589 1034 nisi
632 996 811 1036 causa
856 980 1205 1037 redderetur
1248 979 1573 1037 absurdum
1620 996 1828 1035 omnes
1864 979 2140 1054 judicare
2165 988 2460 1055 poterant,
2493 980 2708 1055 Itaque

304 1072 486 1112 causa
502 1055 631 1129 jam
664 1057 979 1132 subjicitur
1008 1058 1173 1133 quod
1216 1057 1596 1131 “languores
1624 1062 1684 1114 et
1709 1057 1946 1115 dolores
1971 1064 2207 1115 nostros
2235 1058 2500 1130 tulerit,”
2527 1058 2586 1114 id
2617 1065 2706 1116 est
2733 1068 2748 1085 ’

303 1150 507 1206 poenas
534 1152 740 1191 omnes
768 1142 829 1192 et
855 1154 1153 1193 aerumnas
1180 1135 1349 1192 nobis
1378 1141 1617 1209 propter
1645 1141 1952 1208 peccatum
1979 1136 2238 1195 debitas:
2271 1136 2388 1193 Ille
2417 1155 2536 1193 non
2557 1136 2706 1193 talia

302 1210 568 1282 meritus,
590 1212 753 1269 mala
778 1214 919 1270 tulit
945 1232 1081 1288 quae
1111 1232 1221 1270 nos
1247 1230 1485 1270 eramus
1500 1212 1714 1283 meriti,
1734 1213 1898 1285 quod
1919 1212 2312 1287 Symmachus
2335 1216 2490 1273 clare
2509 1214 2706 1271 reddit

306 1285 447 1353 ’ὄντας
474 1316 567 1354 τις
595 1290 847 1371 &pag-duc
874 1294 1003 1356 sinz»
1030 1295 1175 1357 αὖτὶς
1214 1292 1428 1359 ἐπίλαβε
1467 1296 1557 1348 καὶ
1597 1289 1708 1355 voi&
1745 1292 1911 1356 πὸνους
1941 1294 2198 1366 forifactum,
2229 1299 2300 1350 ut-
2324 1292 2542 1349 innuat
2581 1296 2707 1351 lan-

296 1388 505 1443 quores
530 1387 601 1427 ae
629 1373 849 1429 dolores
880 1369 1115 1429 Christo
1156 1371 1462 1445 impositos
1501 1370 1655 1427 nihil
1682 1370 1846 1427 aliud
1875 1370 2060 1427 fuisse
2088 1389 2269 1445 quam
2303 1380 2543 1445 peccata
2569 1389 2704 1429 nos-

302 1453 397 1503 tra
423 1452 485 1502 et
522 1464 733 1521 pamas
778 1450 851 1506 iis
879 1448 1122 1506 debitas.
1209 1449 1302 1507 Ea
1328 1446 1690 1521 caeteroquin
1716 1447 1922 1505 sutura
1947 1455 2077 1506 erat
2101 1449 2144 1508 J
2147 1450 2460 1506 udaeorum
2487 1448 2704 1506 totius-

300 1542 419 1598 que
444 1525 653 1599 populi
680 1526 1063 1584 incredulitas
1089 1536 1161 1585 ut
1188 1546 1309 1585 non
1338 1526 1603 1601 agnituri
1652 1532 1854 1583 essent
1879 1527 2174 1585 rationem
2213 1544 2415 1584 veram
2441 1544 2550 1583 cur
2577 1532 2701 1585 tam

300 1603 531 1659 duriter
574 1604 937 1679 affligeretur
986 1603 1276 1676 Christus,
1306 1607 1408 1662 sed
1458 1605 1535 1663 ob
1576 1621 1688 1662 sua
1714 1604 1960 1679 propria
1985 1606 2207 1663 scelera
2233 1622 2452 1662 caesum
2479 1612 2540 1660 et
2566 1622 2704 1679 per-

297 1698 537 1739 cussum
564 1700 601 1739 a
626 1682 757 1741 Deo
780 1691 973 1742 essent
997 1684 1349 1759 reputaturi,
1380 1700 1559 1758 quem
1584 1690 1786 1741 tamen
1815 1683 2362 1741 innocentissimum
2391 1689 2701 1755 noverant,

296 1760 513 1835 cuique
538 1760 745 1818 ,Iudex
770 1762 895 1837 ipse
920 1761 1275 1819 innocentiae
1315 1762 1724 1819 testimonium
1750 1767 1878 1818 erat
1903 1761 2340 1837 perhibiturus;
2386 1760 2567 1819 Unde
2595 1762 2702 1818 ad-

296 1837 388 1894 dit
410 1844 446 1871 “
471 1840 549 1896 Et
576 1841 722 1896 nos’'
746 1841 826 1899 id.
853 1840 1043 1897 “sed”
1074 1840 1117 1918 (π
1158 1840 1317 1897 enim
1334 1839 1527 1896 hicest
1544 1838 2012 1917 adversativum)
2023 1832 2540 1898 'existimavimus
2561 1856 2700 1897 eum

292 1932 636 1989 percussum
664 1936 701 1975 a
720 1918 869 1990 Deo,
886 1918 1271 1975 vulneratum
1298 1924 1359 1974 et
1383 1918 1768 1974 humiliatum
1782 1917 1836 1987 ;'’
1869 1916 2100 1974 Verum
2127 1934 2470 1993 perversum
2497 1925 2558 1974 et
2583 1918 2700 1975 fal-

294 2012 427 2050 sum
454 1997 570 2053 hoc
598 2014 667 2052 ac
714 1997 1095 2053 temerarium
1129 1994 1427 2069 judicium
1472 1994 1797 2067 redarguit,
1827 2012 2068 2052 causam
2096 1996 2428 2069 proximam
2459 1996 2699 2053 merito-

296 2071 449 2129 riam
474 2074 725 2132 istorum
754 2075 1035 2131 dolorum
1060 2072 1321 2146 pressius
1347 2071 1633 2141 notando,
1663 2088 1783 2127 ver.
1814 2072 1870 2141 6,
1914 2077 1950 2105 ‘⁴
1970 2071 2164 2145 Atqui
2192 2071 2318 2145 ipse
2344 2072 2698 2130 vulneratus

291 2157 384 2206 est
410 2158 653 2225 propter
678 2150 1026 2225 iniquitates
1052 2148 1345 2218 nostras,”
1375 2150 1497 2217 δια,
1526 2147 1606 2204 id.
1639 2147 1926 2221 quicquid
1955 2154 2312 2222 praepostere
2339 2155 2399 2203 et
2425 2166 2696 2221 perverse

283 2227 520 2300 judicet
544 2229 826 2297 mundus,
850 2226 1020 2301 quasi
1048 2234 1288 2303 propter
1306 2224 1548 2301 propria
1566 2230 1808 2299 peccata
1835 2242 1870 2280 a
1899 2225 2028 2281 Deo
2055 2226 2436 2299 affligeretur,
2467 2234 2694 2284 certum

293 2310 497 2361 tamen
524 2311 613 2362 est
638 2322 777 2361 eum
804 2323 924 2362 non
948 2322 1057 2363 suo
1085 2305 1187 2361 sed
1216 2310 1421 2361 nostro
1450 2303 1662 2359 merito
1689 2301 1973 2378 punitum
1997 2302 2197 2373 fuisse,
2221 2309 2426 2360 nostra
2451 2304 2542 2361 illi
2561 2323 2696 2381 pec—

291 2389 425 2440 cata
452 2402 707 2459 quorum
732 2390 967 2441 reatum
994 2383 1057 2442 in
1085 2401 1147 2441 se
1174 2387 1515 2457 susceperat
1540 2381 1695 2439 tanti
1723 2381 1947 2463 doloris
1963 2387 2024 2439 et
2041 2381 2340 2440 cruciatus
2367 2400 2605 2441 causam
2635 2392 2695 2442 et

289 2462 601 2519 materiam
630 2463 913 2521 attulisse.

373 2540 451 2599 V.
484 2540 671 2599 Porro
699 2542 843 2616 quia
887 2540 1160 2601 Christus
1185 2548 1256 2599 ut
1281 2539 1577 2617 perfectus
1602 2548 1755 2600 esset
1800 2541 2079 2600 Servator
2113 2558 2235 2598 non
2266 2546 2503 2599 tantum
2531 2543 2696 2601 mala

286 2619 583 2693 depellere
610 2627 671 2678 et
697 2621 931 2679 auferre
951 2622 1177 2692 debuit,
1208 2622 1310 2679 sed
1338 2627 1399 2678 et
1424 2622 1585 2679 bona
1624 2620 1908 2691 conferre,
1932 2638 2054 2678 non
2083 2626 2321 2677 tantum
2349 2638 2388 2677 a
2413 2626 2603 2677 morte
2631 2627 2692 2677 et

287 2697 471 2755 exitio
513 2700 783 2771 liberare,
834 2702 937 2757 sed
984 2708 1045 2757 et
1088 2701 1342 2757 salutem
1389 2699 1696 2774 vitamque
1738 2698 2063 2773 acquirere,
2092 2698 2229 2754 ideo
2257 2698 2464 2754 subdit
2491 2698 2692 2755 statim

287 2777 593 2853 propheta,
625 2784 661 2847 ,“
688 2776 1151 2851 Castigationem
1178 2776 1341 2851 pacis
1386 2782 1603 2833 nostrae
1634 2793 1812 2849 super
1837 2792 1978 2831 eum
2004 2774 2260 2850 positam
2287 2772 2468 2831 fuisse
2495 2782 2558 2831 et
2583 2793 2693 2832 nos

287 2853 419 2926 ejus
443 2854 633 2911 livore
662 2862 901 2912 sanatos
926 2854 1171 2911 fuisse.''
1258 2853 1401 2909 Vox
1429 2871 1546 2908 -0222
1576 2870 1700 2925 qua
1725 2853 1824 2908 hic
1839 2851 2035 2907 utitur
2059 2851 2296 2925 proprie
2323 2850 2691 2926 disciplinam

286 2938 347 2987 et
374 2931 790 2988 institutionem
816 2938 1007 3001 notat,
1037 2930 1181 3005 quia
1227 2947 1371 2985 vero
1398 2928 1569 3002 pueri
1616 2936 1678 2985 et
1719 2928 1899 2985 rudes
1925 2945 1996 2984 ac
2031 2926 2235 2999 ignavi
2264 2926 2540 3001 discipuli
2566 2946 2689 2983 non

286 3007 482 3063 verbis
502 3014 740 3064 tantum
756 3010 859 3064 sed
882 3017 943 3066 et
964 3007 1311 3065 verberibus
1338 3022 1775 3079 nonnunquam
1803 3023 1950 3078 opus
1977 3004 2201 3060 habent
2228 3008 2298 3058 ut
2323 3005 2401 3059 ad
2430 3005 2691 3062 officium

287 3083 693 3158 impellantur,
720 3084 860 3143 hinc
898 3087 967 3141 fit
993 3092 1063 3141 ut
1090 3082 1440 3142 secundario
1468 3086 1530 3137 et
1554 3082 1954 3156 metaphorice
1975 3100 2084 3155 pro
2107 3081 2484 3155 caetiyatione
2501 3100 2690 3157 pona-

284 3168 403 3233 tur,
434 3162 557 3218 imo
585 3169 645 3219 et
671 3162 1057 3219 materialiter
1098 3180 1207 3237 pro
1254 3161 1385 3236 ipsa
1424 3178 1606 3235 poena
1646 3178 1752 3217 seu
1779 3160 2071 3235 supplicio
2105 3165 2347 3235 propter
2377 3169 2688 3235 peccatum

286 3241 528 3311 inflicto,
576 3240 727 3299 Hos.
752 3258 807 3298 v.
852 3241 908 3311 2,
927 3247 963 3275 ‘⁴
988 3239 1071 3297 Et
1096 3258 1209 3315 ego
1250 3257 1369 3295 *cm
1400 3238 1684 3295 correctio
1713 3256 1820 3297 seu
1846 3238 2157 3315 castigatio
2185 3237 2463 3298 omnibus
2511 3240 2688 3312 illis,'’

284 3320 366 3377 id.
398 3320 696 3394 castigabo
726 3337 828 3377 eos
853 3325 1095 3394 propter
1122 3336 1261 3377 suas
1286 3314 1818 3391 praevaricationes.
1886 3318 1986 3375 Ita
2011 3322 2256 3374 notatur
2283 3318 2522 3377 afflictio
2550 3338 2686 3395 quae

284 3399 467 3457 habet
492 3399 783 3457 rationem
812 3416 1021 3473 poenae,
1050 3396 1173 3455 sive
1200 3399 1309 3455 illa
1336 3395 1412 3454 sit
1440 3400 1668 3459 sevon-renis
1709 3399 1833 3455 sive
1862 3394 2333 3478 πιςαδιιιγματικὺς
2375 3416 2570 3474 neque
2598 3417 2688 3457 re-

283 3476 477 3551 perire
522 3477 663 3535 licet
702 3477 762 3533 iu
796 3477 1104 3551 Scriptura
1127 3476 1290 3534 vocis
1317 3475 1489 3533 istius
1532 3495 1709 3534 usum
1738 3495 1928 3553 quum
1957 3476 2376 3534 afflictionibus
2403 3476 2688 3534 tribuitur

283 3555 608 3629 sepositum
636 3556 714 3613 ab
742 3556 906 3612 omni
946 3555 1137 3629 culpae
1167 3560 1451 3629 respectu.
1501 3554 1644 3613 Non
1677 3555 2020 3631 simpliciter
2047 3561 2248 3613 autem
2297 3554 2518 3611 dicitur
2563 3574 2687 3612 cas-

286 3630 508 3709 tiyatt‘O,
539 3634 641 3690 sed
684 3633 985 3709 casti9atio
1004 3636 1171 3709 pacis
1216 3643 1433 3690 nostroe
1458 3652 1481 3696 ‚⁰
1526 3634 1748 3692 scilicet
1810 3641 1881 3691 ut
1925 3634 2061 3690 finis
2109 3633 2379 3707 ejusdem
2422 3639 2682 3703 notetur,

281 3711 363 3767 id.
395 3729 529 3784 quae
558 3729 764 3785 pacem
807 3713 981 3770 nobis
1010 3712 1300 3781 conciliet,
1344 3711 1547 3785 phrasi
1575 3711 1893 3782 Hebraica,
1924 3730 2062 3785 quse
2088 3710 2290 3767 innuit
2315 3710 2685 3767 calamitates

284 3794 345 3845 et
370 3804 577 3861 poenas
602 3789 695 3845 illi
740 3789 1048 3865 impositas
1076 3809 1198 3849 non
1226 3789 1415 3847 alium
1462 3790 1640 3846 finem
1669 3790 1946 3847 habuisse
1975 3807 2156 3864 quam
2183 3806 2388 3862 pacem
2417 3794 2684 3845 nostram

281 3871 344 3923 et
368 3865 623 3921 salutem
648 3888 661 3936 ;
705 3868 827 3925 sive
878 3888 985 3945 per
1026 3888 1235 3944 pacem
1263 3868 1742 3942 qualemcunque
1778 3868 2124 3925 felicitatem
2162 3863 2589 3938 intelligamus,
2617 3872 2686 3923 ut

273 3944 441 4020 pacis
467 3944 708 4002 nomine
735 3946 980 4005 Hebraei
1008 3947 1387 4022 omnigenam
1418 3945 1890 4003 benedictionem
1919 3952 1980 4002 et
2025 3942 2474 4019 prosperitatem
2501 3942 2684 4001 inter-

280 4026 609 4096 pretantur,
639 4024 762 4082 sive
810 4026 1112 4100 speciatim
1153 4025 1351 4083 foedus
1376 4024 1536 4098 pacis
1584 4030 1647 4080 et
1682 4022 2220 4081 reconciliationem
2249 4027 2516 4078 nostram
2543 4038 2684 4078 cum

280 4100 413 4157 Deo
441 4116 578 4155 cum
607 4120 729 4175 quo
754 4104 1119 4177 gravissimae
1148 4100 1319 4159 nobis
1346 4108 1587 4175 propter
1626 4108 1936 4176 peccatum
1962 4100 2409 4157 intercedebant
2432 4097 2684 4157 inimici-

278 4178 397 4249 tiae,
427 4178 529 4252 qui
556 4180 875 4252 primarius
902 4180 1021 4238 fuit
1045 4178 1421 4237 mediationis
1448 4196 1678 4254 scopus.
1737 4178 1837 4236 Ita
1856 4178 2000 4252 quia
2024 4177 2338 4235 dissidium
2367 4176 2521 4232 illud
2549 4177 2684 4235 tolli

276 4274 399 4313 non
424 4255 625 4331 potuit
651 4259 769 4316 nisi
798 4260 1021 4335 praevia
1048 4256 1465 4327 satisfactione,
1515 4276 1638 4333 qua
1663 4257 1752 4313 ira
1791 4254 2076 4314 Numinis
2103 4255 2441 4328 placaretur
2466 4261 2527 4311 et
2550 4274 2685 4329 pec-

276 4340 409 4392 cata
434 4334 837 4409 expiarentur,
867 4336 1317 4410 castigationem
1364 4334 1727 4394 intercedere
1773 4350 2008 4392 necesse
2034 4331 2154 4389 fuit
2199 4350 2318 4389 non
2349 4338 2586 4389 tantum
2613 4342 2684 4391 ut

276 4412 678 4486 afflictionem,
708 4418 811 4474 sed
834 4423 905 4473 ut
925 4433 1161 4490 poenam
1186 4432 1256 4471 ac
1276 4411 1449 4493 λῖη-ςοι
1470 4413 1710 4490 proprie
1731 4412 1974 4471 dictum.
2021 4410 2228 4485 Atque
2256 4410 2318 4467 id
2346 4410 2540 4485 ipsum
2563 4413 2684 4470 alia

276 4492 667 4551 similitudine
694 4495 1088 4570 persequitur,
1112 4492 1433 4568 playarum
1452 4501 1513 4550 et
1537 4490 1880 4560 sanationis,
1909 4489 2416 4565 quemadmodum
2442 4498 2684 4563 peccata

278 4570 528 4645 spectari
573 4580 825 4647 possunt
849 4574 950 4630 vel
978 4579 1047 4629 ut
1074 4570 1320 4629 crimina
1346 4590 1482 4645 quae
1532 4571 1732 4630 Deum
1761 4570 2094 4639 offendunt,
2116 4567 2215 4623 vel
2242 4574 2312 4625 ut
2336 4566 2580 4625 walacra
2607 4572 2682 4627 ab

276 4650 527 4725 antiquo
577 4659 849 4729 serpente
894 4652 1121 4710 inflicta
1163 4668 1300 4725 quae.
1326 4650 1678 4723 gravissime
1725 4648 2030 4707 hominem
2053 4645 2324 4705 sauciant
2339 4652 2410 4785 2et
2433 4648 2682 4719 laedunt,

2419 4744 2440 4784 1
