3234 5192
502 358 623 415 460
1054 371 1133 411 nn
1162 370 1638 411 sarismc‘rroms
1667 369 1902 410 cnmsrr
1931 368 2249 410 vesu-Aru.
2487 350 2750 433 [msrtrr.
2781 372 2908 413 xm.

502 515 634 575 Gal.
657 514 739 573 iii.
768 516 859 589 10,
894 513 1112 591 Utique
1130 512 1505 572 reconciliatio
1522 511 1792 588 utrinque
1824 510 2082 588 praestari
2103 510 2319 585 debuit,
2343 517 2402 569 et
2423 530 2459 569 a
2487 513 2525 545 ‘⁴
2542 520 2704 589 parte
2725 515 2906 573 nostri

496 614 603 673 per
630 595 1085 668 conversionem,
1107 602 1167 652 et
1192 600 1228 651 a
1254 600 1415 669 parte
1448 592 1559 649 Dei
1585 612 1690 669 per
1715 593 1815 649 irae
1844 591 2264 666 aversionem,”
2293 591 2403 650 hoc
2423 592 2576 649 enim
2595 593 2906 653 relatorum

498 683 707 735 natura
742 674 1015 752 postulat,
1067 674 1211 732 alias
1253 671 1622 731 statuendum
1667 678 1820 730 esset
1862 670 2050 729 Deum
2079 692 2197 729 non
2225 671 2476 729 aversari
2505 692 2612 731 nec
2642 673 2775 732 odio
2803 674 2904 733 ha-

496 754 633 813 bere
661 763 914 833 peccata,
945 754 1103 831 quod
1124 753 1219 813 vel
1246 753 1501 829 cogitare
1528 751 1790 829 impium.
1874 755 1930 809 2.
1979 751 2043 809 Si
2069 750 2458 810 reconciliatio
2500 752 2616 810 ista
2661 772 2902 812 conver-

499 834 719 894 sionem
749 835 1045 893 hominum
1072 841 1297 892 tantum
1324 840 1567 903 notaret,
1599 850 1717 889 uon
1745 830 1926 908 ipsius
1955 831 2053 889 irae
2083 831 2460 906 aversionem,
2481 831 2663 891 multo
2691 832 2904 893 rectius

496 915 635 974 vitae
667 914 880 973 Christi
908 914 1175 990 gloriosae
1203 932 1373 990 quam
1405 912 1573 970 morti
1602 910 1848 969 ferretur
1881 920 2133 988 accepta,
2165 920 2225 970 at
2247 918 2578 971 constanter
2602 914 2772 971 morti
2801 915 2902 973 tri-

495 994 709 1055 buitur.
794 996 849 1053 3.
898 993 1193 1070 Scriptura
1240 991 1605 1051 commendat
1633 991 1692 1049 in
1719 990 1903 1049 nostri
1947 992 2412 1051 reconciliatione
2460 1011 2746 1051 summum
2791 994 2903 1053 Dei

496 1092 637 1151 erga
663 1094 771 1133 nos
798 1094 1069 1147 amorem,
1116 1074 1284 1131 Rom.
1314 1092 1393 1147 v.,
1440 1078 1500 1129 at
1542 1072 1675 1148 quis
1723 1070 2032 1129 crediderit
2079 1092 2155 1129 ex
2183 1091 2251 1130 eo
2299 1072 2746 1131 intentissimam
2789 1074 2904 1133 Dei

498 1154 835 1213 charitatem
882 1153 1082 1231 colligi
1126 1152 1283 1230 quod
1328 1171 1437 1211 nos
1484 1152 1557 1211 ab
1606 1151 1742 1211 odio
1787 1150 1901 1209 Dei
1929 1150 2407 1211 discesserimus?
2487 1155 2545 1210 4.
2591 1152 2894 1230 Apost010,

498 1234 669 1293 Rom.
698 1254 774 1309 νη,
805 1234 1195 1293 reconciliatio
1223 1233 1369 1291 nihil
1409 1231 1568 1290 aliud
1596 1239 1687 1289 est
1726 1250 1901 1307 quam
1919 1231 2277 1308 justificatiO,
2309 1241 2374 1291 ut
2401 1240 2628 1291 constat
2655 1253 2732 1291 ex
2765 1234 2899 1294 coll.

496 1333 557 1373 v.
586 1316 623 1373 9
654 1321 714 1373 et
744 1317 835 1389 10,
866 1314 969 1372 ubi
996 1322 1269 1391 tanquam
1300 1312 1730 1389 aequipollentia
1756 1311 1921 1387 ponit
1946 1312 2267 1391 Justg‘ficari
2305 1312 2362 1371 in
2409 1314 2696 1389 sanquine,
2725 1323 2780 1372 et
2805 1334 2894 1373 re-

495 1396 791 1453 conciliari
804 1415 917 1471 per
943 1404 1192 1469 mortem,
1223 1413 1411 1471 neque
1439 1393 1558 1450 ulla
1575 1392 1721 1450 ratio
1751 1391 1876 1449 dari
1902 1400 2094 1467 potest
2122 1411 2224 1450 cur
2250 1392 2345 1450 hic
2377 1392 2592 1451 Paulus
2614 1392 2687 1452 de
2721 1393 2896 1453 Sanc-

492 1474 807 1534 tificatione
835 1475 1181 1551 loqueretur,
1214 1474 1286 1532 de
1315 1492 1431 1550 qua
1456 1472 1700 1531 verbum
1739 1472 2019 1529 hactenus
2045 1470 2268 1531 nullum
2299 1492 2570 1549 expresse
2597 1472 2747 1547 fecit,
2793 1474 2896 1532 sed

492 1562 583 1613 est
602 1562 825 1613 tantum
852 1554 1165 1629 locuturus,
1190 1573 1317 1630 cap.
1337 1551 1437 1627 vi„
1459 1552 1562 1611 ubi
1583 1551 1899 1610 secundum
1916 1550 2028 1609 hoc
2048 1552 2388 1611 beneficium
2411 1572 2446 1611 a
2465 1552 2692 1612 Christo
2713 1552 2899 1612 fluens

492 1642 583 1692 est
636 1634 1069 1709 explanaturus,
1114 1636 1169 1691 5.
1200 1638 1236 1690 2
1268 1633 1397 1691 Cor.
1428 1651 1504 1705 v.,
1554 1640 1750 1708 aperte
1792 1629 2169 1707 distinguitur
2215 1632 2432 1709 duplex
2486 1632 2892 1709 reconciliatio,

491 1712 608 1770 alia
634 1732 807 1789 quam
838 1713 998 1771 Deus
1019 1732 1123 1790 per
1150 1712 1441 1770 Christum
1462 1711 1614 1779 feeit,
1645 1729 1766 1768 ver.
1803 1712 1892 1784 18,
1928 1712 2020 1785 19,
2069 1711 2183 1769 alia
2209 1711 2285 1770 ad
2313 1732 2486 1790 quam
2513 1714 2760 1790 apostoli
2786 1732 2894 1772 nos

490 1792 809 1866 hortantur,
840 1811 963 1849 ver.
992 1794 1089 1850 20.
1174 1791 1301 1849 Ista
1341 1790 1774 1849 conversionem
1811 1809 2016 1847 revera
2041 1790 2214 1849 infert
2242 1811 2372 1868 quse
2399 1812 2505 1869 per
2529 1792 2704 1851 fidem
2743 1793 2810 1852 fit
2837 1803 2896 1853 et

487 1871 903 1949 poenitentiam,
934 1880 996 1930 at
1022 1871 1123 1929 illa
1140 1890 1255 1929 non
1282 1872 1644 1946 imputatione
1662 1878 2028 1946 peccatorum
2055 1870 2406 1931 describitur
2427 1894 2442 1949 ς
2467 1892 2597 1949 quae
2615 1882 2893 1950 quantum

490 1952 641 2009 inter
668 1970 729 2009 sc
761 1950 1087 2029 discrepent
1116 1970 1283 2010 nemo
1312 1970 1429 2009 non
1449 1950 1631 2009 videt.
1675 1952 1731 2008 6.
1759 1949 1822 2009 Si
1849 1950 2240 2010 reconciliatio
2260 1952 2404 2009 nihil
2435 1953 2595 2011 aliud
2613 1962 2701 2013 est
2718 1974 2892 2031 quam

489 2030 809 2107 conversiO,
841 2032 987 2090 ratio
1022 2032 1185 2091 nulla
1224 2030 1350 2089 dari
1377 2038 1568 2109 potest
1610 2030 1822 2089 idonea
1848 2050 1950 2089 cur
1994 2030 2372 2091 sanctificatio
2413 2033 2796 2093 constituatur
2823 2034 2897 2092 ab

489 2111 700 2188 Apost.
730 2111 863 2170 finis
890 2112 1067 2189 hujus
1092 2111 1593 2187 reconciliationis,
1646 2110 1792 2169 nihil
1818 2111 1970 2169 enim
2001 2112 2090 2171 sui
2127 2112 2308 2189 ipsius
2347 2120 2542 2190 potest
2567 2132 2694 2172 esse
2723 2114 2897 2173 simul

487 2191 743 2251 medium
772 2200 830 2253 et
857 2192 1005 2268 finis,
1037 2192 1194 2270 quod
1221 2192 1289 2252 fit
1314 2200 1507 2251 tamen
1536 2192 1609 2250 ab
1639 2212 1724 2267 e0,
1757 2191 1880 2249 Col.
1909 2191 1949 2250 i.
1980 2196 2076 2250 22.

571 2271 814 2330 XLIX.
860 2272 1061 2349 Neque
1111 2273 1303 2331 obstat
1329 2272 1487 2349 quod
1531 2272 1828 2348 Scriptura
1854 2272 2047 2349 potius
2074 2292 2175 2330 nos
2200 2274 2328 2331 Deo
2355 2272 2708 2331 reconciliari
2740 2273 2896 2333 dicat

488 2371 662 2428 quam
711 2354 900 2409 Deum
946 2352 1115 2425 nobis,
1166 2352 1275 2409 hoc
1326 2352 1475 2409 enim
1505 2350 1571 2409 fit
1614 2371 1692 2407 ex
1739 2350 1954 2408 usitato
1993 2351 2266 2426 loquendi
2315 2350 2488 2409 modo
2532 2372 2648 2428 quo
2697 2353 2748 2409 is
2792 2354 2890 2428 qui

487 2429 727 2489 offendit
756 2429 885 2488 ideo
914 2430 1269 2487 reconciliari
1299 2429 1524 2503 dicitur,
1550 2429 1689 2503 quia
1717 2428 1866 2485 sicut
1893 2448 2124 2486 causam
2154 2428 2286 2485 odio
2316 2428 2494 2501 dedit,
2541 2430 2624 2487 ita
2663 2431 2774 2506 ipsi
2803 2450 2891 2489 re·

488 2509 889 2568 conciliatione
919 2528 1062 2585 opus
1104 2518 1191 2567 est
1220 2516 1279 2567 ct
1306 2508 1463 2565 illius
1506 2526 1678 2583 quem
1723 2506 1963 2565 offendit
1999 2507 2352 2583 placatione;
2397 2510 2530 2565 cu'm
2575 2526 2681 2565 sua
2718 2508 2889 2583 culpa

488 2589 675 2648 foedus
720 2589 957 2665 fregerit
1010 2595 1070 2647 et
1104 2589 1322 2665 primus
1367 2586 1726 2660 abscesserit,
1772 2584 1971 2644 redeat
2015 2604 2316 2645 necessum
2361 2593 2450 2644 est
2497 2594 2556 2645 et
2609 2595 2890 2663 agnoscat

488 2671 734 2747 culpam,
785 2668 931 2727 alter
956 2688 1095 2727 vero
1134 2667 1595 2727 reconciliatione
1625 2667 1740 2725 alia
1767 2685 1912 2742 opus
1955 2686 2072 2724 non
2119 2665 2310 2740 habet,
2356 2665 2470 2723 nisi
2519 2674 2583 2725 ut
2623 2666 2892 2743 ignoscat

486 2758 659 2827 atque
702 2750 922 2827 justam
950 2749 1201 2826 deponat
1242 2748 1387 2807 iram
1434 2756 1493 2806 et
1534 2746 1769 2821 odium;
1814 2765 1946 2804 cum
1991 2746 2061 2804 E.
2089 2764 2198 2803 nos
2245 2745 2432 2803 Deum
2462 2744 2889 2823 offenderimus,

487 2850 605 2890 non
632 2830 731 2889 ille
759 2850 883 2905 nos,
914 2850 1030 2889 non
1060 2829 1183 2887 sine
1210 2848 1385 2887 causa
1418 2826 1712 2903 Scriptura
1751 2846 1859 2884 nos
1907 2826 2036 2884 Deo
2079 2824 2440 2884 reconciliari
2485 2826 2679 2903 potius
2715 2846 2888 2903 quam

492 2912 679 2970 Deum
708 2910 879 2971 nobis
907 2909 1080 2985 dicit;
1112 2909 1196 2968 sic
1224 2909 1324 2986 qui
1353 2907 1684 2967 recordatur
1711 2907 1943 2965 fratrem
1970 2906 2184 2965 habere
2223 2904 2444 2982 aliquid
2471 2905 2779 2965 adversum
2829 2926 2890 2965 se

487 2990 661 3051 debet
672 3012 747 3051 ex
757 2991 1091 3069 praescripto
1105 2988 1343 3049 Domini
1358 2988 1445 3047 illi
1455 2986 1830 3061 reconciliari,
1855 2986 2066 3045 Matth.
2077 3006 2135 3044 v,
2148 2988 2243 3059 24,
2263 2985 2402 3061 quia
2416 2985 2648 3045 fratrem
2671 2986 2892 3046 scilicet

486 3069 743 3145 offendit,
776 3073 859 3129 sic
886 3092 1037 3130 uxor
1082 3090 1213 3147 quae
1240 3069 1509 3128 maritum
1558 3067 1812 3126 deseruit
1853 3065 2212 3125 reconciliari
2240 3065 2366 3124 viro
2403 3066 2658 3143 jubetur,
2694 3070 2725 3125 1
2760 3067 2888 3125 Cor.

486 3150 587 3205 vii.
612 3151 703 3207 11.
748 3150 967 3209 Verum
996 3150 1263 3226 quamvis
1280 3148 1670 3208 reconciliatio
1696 3156 1763 3206 ut
1783 3147 2090 3225 plurimum
2109 3144 2424 3205 offendenti
2443 3146 2743 3222 tribuatur,
2773 3166 2890 3205 non

487 3227 818 3285 excluditur
843 3236 1037 3285 tamen
1064 3228 1180 3285 imo
1208 3228 1523 3287 includitur
1544 3227 1814 3303 offensus,
1847 3227 2000 3285 unde
2029 3226 2184 3303 apud
2209 3225 2477 3302 Sophocl.
2501 3226 2560 3283 iu
2584 3226 2766 3304 Ajace
2793 3250 2888 3283 xa-

485 3304 853 3364 vaaaae'oowoaeae
868 3308 997 3369 θιοῒς
1018 3306 1148 3363 Diis
1176 3308 1471 3365 conciliari
1499 3306 1653 3364 idem
1671 3315 1761 3364 est
1777 3306 1935 3382 quod
1955 3306 2097 3363 iram
2129 3307 2384 3365 Deorum
2402 3304 2654 3383 effugere
2677 3326 2890 3384 eosque

486 3382 766 3463 propitios
786 3382 1051 3457 reddere;
1083 3384 1393 3442 Tecmessa
1411 3385 1704 3443 inducitur
1718 3404 1956 3443 narrans
1976 3385 2218 3463 Ajacem
2235 3385 2552 3462 profectum
2571 3406 2696 3445 esse
2717 3387 2778 3451 ὃς
2792 3412 2892 3444 ιιι-

486 3465 769 3539 ταλλάκθιι
795 3464 921 3526 θτοῖς
948 3468 1111 3536 χιλοῦ
1138 3471 1201 3519 ut
1224 3464 1609 3522 reconcilietur
1628 3464 1759 3520 Diis
1787 3465 1851 3522 ob
1879 3466 2047 3523 iram.
2091 3464 2298 3541 Itaque
2328 3466 2377 3523 si
2405 3486 2512 3524 nos
2536 3466 2662 3526 Deo
2689 3486 2886 3525 recon-

488 3543 722 3603 ciliandi
740 3542 969 3616 fuimus,
990 3541 1187 3619 etipse
1204 3541 1373 3600 nobis
1390 3561 1637 3619 quoque,
1652 3542 1773 3601 Nos
1782 3562 1886 3620 per
1907 3542 2354 3603 satisfactionem
2365 3554 2465 3604 aut
2484 3546 2770 3624 propriam
2788 3553 2890 3605 aut

486 3624 779 3699 vicariam,
814 3622 923 3681 Ille
952 3640 1091 3679 vero
1118 3641 1221 3698 per
1247 3621 1667 3681 benevolentiae
1697 3630 1756 3681 et
1783 3622 1983 3699 gratiae
2011 3624 2430 3683 restitutionem
2455 3634 2514 3684 et
2533 3634 2886 3685 contessera-

486 3706 700 3767 tionem
726 3726 739 3781 3
764 3703 917 3763 unde
951 3702 1133 3779 Syrus
1162 3701 1457 3779 interpres,
1492 3702 1661 3761 Rom.
1690 3722 1749 3760 v.
1783 3705 1874 3777 10,
1918 3702 2149 3780 passive
2177 3703 2324 3762 illud
2351 3704 2423 3763 de
2455 3705 2580 3764 Deo
2610 3706 2886 3783 interpre-

490 3796 644 3847 tatur
690 3808 819 3845 ,Ἧι-ι
849 3804 1008 3847 anan:
1040 3787 1176 3846 subs
1205 3804 1293 3859 ³²²⁹
1326 3804 1481 3845 wana
1524 3782 1938 3842 Reconciliatus
1964 3791 2045 3842 est
2069 3784 2230 3841 Deus
2255 3784 2532 3842 nobismcm
2567 3804 2670 3844 seu
2714 3786 2888 3844 bene-

486 3867 655 3927 volus
682 3866 868 3927 factus
884 3886 999 3943 per
1025 3872 1259 3923 mortem
1285 3865 1427 3923 Filii
1448 3864 1551 3923 sui.

572 3948 638 4006 L.
700 3948 927 4005 Instant
974 3955 1168 4005 tamen
1196 3944 1467 4019 secunde,
1499 3953 1557 4003 et
1584 3941 2106 4003 reconciliationem
2150 3962 2266 4001 non
2309 3964 2479 4021 posse
2527 3945 2627 4003 irae
2673 3946 2886 4004 divinae

487 4028 845 4087 aversionem
872 4034 1070 4085 notare
1099 4024 1462 4103 pertendunt,
1508 4044 1577 4083 eo
1618 4022 1774 4101 quod
1821 4022 1945 4098 ipse
1987 4021 2149 4081 Deus
2198 4022 2423 4082 dicatur
2468 4024 2888 4084 reconciliatio-

486 4126 616 4165 nem
646 4108 805 4167 illam
835 4126 937 4185 per
966 4106 1256 4165 Christum
1284 4123 1619 4183 procurasse
1669 4112 1726 4162 et
1763 4100 1995 4179 quidem
2025 4122 2100 4160 ex
2142 4102 2450 4162 dilectione
2480 4124 2721 4164 summa.
2769 4106 2888 4165 Sed

484 4206 557 4246 ne
586 4189 669 4247 sic
696 4187 930 4265 quidem
959 4186 1217 4245 obtinere
1244 4193 1515 4263 poterunt
1554 4202 1808 4261 unquam
1853 4182 2040 4241 Deum
2077 4182 2202 4260 jam
2229 4190 2363 4241 ante
2399 4192 2642 4243 mortem
2673 4186 2889 4243 Christi

482 4268 771 4346 placatum
814 4268 993 4327 fuisse
1020 4267 1117 4325 vel
1162 4266 1611 4339 reconciliatum,
1663 4264 1766 4323 sed
1809 4270 2032 4321 tantum
2075 4262 2502 4322 misericordem
2549 4273 2610 4324 et
2653 4266 2882 4341 placan-

484 4346 623 4405 dum
646 4370 661 4413 ς
704 4367 939 4407 necesse
968 4347 1202 4425 quidem
1230 4346 1339 4405 fuit
1368 4346 1559 4405 Deum
1585 4343 1978 4403 misericordia
1999 4362 2138 4419 erga
2163 4362 2272 4402 nos
2310 4352 2655 4403 commotum
2687 4344 2883 4419 fuisse,

484 4434 543 4485 et
569 4428 761 4484 animo
789 4428 1075 4486 benevolo
1122 4426 1391 4486 affectum
1436 4435 1505 4486 ut
1552 4425 1794 4485 salutem
1837 4422 2096 4483 conferre
2123 4422 2318 4498 vellet,
2363 4432 2425 4482 at
2465 4423 2728 4501 placatus
2770 4424 2886 4483 dici

483 4505 689 4581 neqnit
716 4505 829 4563 nisi
858 4507 1086 4566 sublata
1111 4507 1426 4565 inimicitiae
1456 4514 1515 4565 et
1542 4504 1905 4564 alienationis
1933 4523 2124 4573 causa,
2169 4502 2412 4580 ideoque
2443 4504 2492 4560 si
2535 4504 2676 4562 iram
2709 4504 2888 4581 depo-

481 4602 618 4641 nere
648 4581 835 4642 voluit
860 4592 919 4643 et
958 4605 1075 4645 non
1114 4586 1336 4663 punire,
1385 4585 1497 4645 hoc
1536 4584 1769 4644 nonnisi
1813 4583 1922 4643 sub
1961 4581 2290 4641 conditione
2329 4583 2668 4659 placaminis
2709 4583 2890 4643 futuri

480 4682 586 4739 per
627 4662 919 4720 Christum
960 4664 1115 4739 quod
1148 4664 1379 4739 justitia
1418 4663 1710 4738 exigebat,
1753 4662 2018 4721 intendit.
2106 4661 2192 4721 At
2233 4682 2348 4739 quo
2390 4672 2559 4739 pacto
2607 4664 2886 4723 dilexisse
