3234 5192
262 377 494 420 nrsru‘r-
526 355 645 436 xm]
829 373 909 414 nn
940 373 1419 415 sartsmcrxoms
1448 374 1686 416 cuman
1715 375 2129 418 nscessirsrs.
2547 365 2664 423 405

254 515 481 577 sarium
528 513 742 585 fuerit3
789 512 1061 572 Dicimus
1100 531 1243 589 ergo
1290 515 1680 574 necessariam
1723 515 1908 574 fuisse
1955 517 2110 575 hanc
2139 515 2358 577 Christi
2389 519 2656 579 satisfac-

257 595 503 666 tionem,
530 610 655 650 non
695 593 877 650 modo
906 609 982 649 ex
1006 593 1325 668 hypothesi
1352 593 1573 652 decreti
1612 599 1676 652 et
1699 593 1931 653 consilii
1974 593 2089 653 Dei
2127 596 2232 670 qui
2263 593 2565 656 christum
2593 599 2658 658 in

254 685 601 749 sponsorem
628 670 801 728 nobis
831 669 1233 729 destinaverat
1259 676 1331 728 ut
1368 678 1678 746 peccatum
1707 689 1815 748 pro
1843 671 2016 730 nobis
2040 672 2235 732 factus
2261 690 2372 732 nos
2398 693 2660 735 essemus

245 750 487 828 justitia
514 748 629 806 Dei
654 748 718 806 in
744 749 914 824 ips03
955 750 1057 806 sed
1099 749 1279 807 etiam
1320 766 1397 806 ex
1435 748 1626 824 ipsius
1670 757 1892 808 natura
1915 751 2019 822 rei,
2050 751 2194 826 quia
2219 752 2458 810 nullum
2485 753 2656 812 aliud

252 830 469 887 melius
496 827 595 884 vel
614 825 1063 886 convenientius
1090 827 1220 885 dari
1246 833 1480 902 poterat
1504 827 1772 886 medium
1789 829 1870 886 ad
1897 845 2050 903 opus
2077 829 2500 904 redemptionis
2524 849 2657 907 per-

253 907 593 983 agendum;
663 904 727 963 N
731 923 831 962 am
870 922 1011 962 cum
1064 903 1525 964 satisfactionem
1571 905 1842 982 aliquam
1873 905 2116 982 justitia
2145 907 2492 982 postularet,
2521 927 2654 968 eam

252 993 455 1044 autem
482 1001 678 1059 neque
704 983 887 1040 homo
902 999 1009 1058 per
1028 983 1289 1059 seipsum
1314 1001 1510 1057 neque
1536 1001 1643 1058 per
1668 985 1850 1043 aliam
1867 984 2142 1060 quamvis
2158 1003 2192 1042 e
2215 984 2514 1046 Creaturis
2532 987 2657 1046 suf-

252 1066 424 1122 ficere
448 1067 667 1138 posset,
694 1078 815 1118 non
846 1060 1087 1119 aliunde
1112 1060 1311 1138 potuit
1335 1059 1459 1136 peti
1483 1078 1670 1135 quam
1695 1081 1734 1120 a
1763 1061 1998 1121 Christo
2019 1061 2126 1138 qui
2147 1063 2352 1120 omnia
2375 1065 2454 1122 ad
2483 1066 2652 1124 satis-

249 1141 593 1201 faciendum
612 1138 899 1214 requisita
924 1131 1153 1200 babuit.
1198 1137 1280 1196 Et
1294 1144 1673 1213 agnoverunt
1689 1139 1802 1216 ipsi
1830 1139 2168 1199 scholastici
2193 1141 2344 1198 dum
2369 1141 2652 1215 fatentur,

249 1219 447 1296 posito
473 1219 638 1293 quod
666 1215 833 1274 Deus
859 1217 1119 1276 voluerit
1143 1215 1435 1274 redimere
1480 1216 1753 1275 homines
1781 1235 1900 1276 non
1920 1238 2034 1293 per
2052 1219 2202 1278 viam
2219 1221 2505 1295 potentiae,
2548 1223 2654 1280 sed

238 1319 357 1376 per
380 1298 533 1356 viam
540 1297 805 1371 persedoe
822 1295 1066 1372 justitioe,
1086 1293 1427 1369 simpliciter
1453 1296 1842 1353 necessariam
1862 1295 2046 1354 fuisse
2065 1297 2350 1356 unionem
2369 1300 2654 1374 hyposta-

247 1377 429 1435 ticam
457 1380 519 1433 et
540 1373 847 1454 θιιυοςόπον
874 1373 1353 1447 satisfactionem,
1380 1371 1501 1430 vid.
1530 1371 1739 1432 Suare.
1778 1373 1843 1431 in
1871 1373 1928 1432 3.
1957 1373 2168 1432 Thom.
2197 1393 2256 1451 q.
2291 1376 2343 1434 1.
2372 1375 2542 1453 Disp.
2569 1377 2650 1436 iv.

248 1455 307 1528 5,
351 1455 407 1512 2.

329 1532 399 1590 L.
442 1531 731 1592 Rationes
754 1530 933 1590 variae
958 1530 1023 1592 in
1050 1548 1183 1589 eam
1209 1549 1339 1589 rem
1365 1529 1564 1588 afferri
1588 1539 1845 1606 possent,
1875 1533 1977 1590 sed
2005 1533 2132 1590 hoec
2158 1550 2284 1592 una
2306 1540 2504 1609 potest
2527 1552 2652 1592 esse

243 1613 435 1670 instar
462 1611 772 1686 omnium3
813 1608 979 1667 Nam
1014 1627 1151 1666 cum
1176 1615 1416 1684 peccato
1461 1609 1630 1683 quod
1675 1609 1970 1668 infinitam
2012 1609 2392 1685 Maiestatem
2419 1613 2654 1671 laeserat

246 1689 483 1747 infinita
532 1707 709 1764 poena
760 1687 1075 1746 deberetur
1107 1708 1123 1763 ς
1186 1686 1239 1744 si
1290 1686 1545 1762 perfecte
1599 1688 2086 1746 satisfaciendum
2137 1688 2273 1760 fuit,
2329 1708 2480 1766 opus
2532 1689 2654 1748 fuit

244 1766 647 1826 satisfactione
700 1765 955 1836 infinita,
1001 1766 1133 1842 jam
1184 1771 1390 1823 autem
1442 1764 1672 1824 infinite
1725 1765 2058 1825 satisfacere
2111 1785 2236 1825 non
2287 1775 2484 1844 potest
2535 1768 2650 1826 nisi

244 1845 352 1920 qui
378 1845 647 1903 infinitus
698 1851 822 1916 est3
863 1861 1049 1921 quare
1090 1861 1229 1901 cum
1270 1859 1449 1900 nemo
1490 1844 1588 1900 vel
1625 1861 1702 1902 ex
1751 1843 2004 1918 Angelis
2047 1845 2146 1902 vel
2185 1863 2262 1904 ex
2307 1845 2652 1906 hominibus

244 1924 349 1980 sed
377 1941 537 1982 unus
577 1922 743 1981 Deus
788 1924 945 1980 hanc
980 1939 1277 1980 summam
1306 1923 1543 2001 ὕπιςοχὺι
1570 1921 1870 1994 obtineat,‘
1894 1927 2106 1998 utpote
2134 1923 2240 1997 qui
2286 1941 2491 1982 omnes
2527 1941 2652 1981 me-

244 2018 327 2058 rae
364 2009 506 2060 sunt
528 2008 837 2070 creaturae,
874 2017 1051 2058 nemo
1086 1999 1267 2056 etiam
1307 2007 1523 2074 praeter
1564 1998 1764 2057 Deum
1809 1999 2103 2058 sufficiens
2149 2001 2318 2081 abu-gon
2357 2008 2420 2059 et
2459 2003 2651 2060 ὀκέλ-

246 2096 437 2156 amm
465 2096 574 2155 pro
602 2085 807 2135 nostra
831 2077 1239 2152 redemptione
1274 2079 1417 2134 dare
1443 2077 1678 2152 potuit:
1723 2077 1911 2136 Porro
1959 2077 2102 2154 quia
2127 2098 2248 2137 non
2279 2082 2526 2138 decebat
2551 2083 2650 2140 vel

246 2157 489 2216 Patrem
515 2157 613 2214 vel
643 2155 931 2230 Spiritum
961 2154 1021 2213 S.
1050 2153 1361 2225 incarnari,
1390 2161 1451 2210 et
1486 2153 1884 2213 Mediatorem
1909 2157 2056 2226 fieri,
2085 2155 2378 2232 siquidem
2399 2176 2509 2216 nec
2537 2157 2651 2216 Pa-

243 2243 337 2294 ter
363 2235 563 2312 potuit
586 2232 749 2291 mitti
775 2250 913 2290 cum
942 2231 1017 2288 sit
1042 2249 1081 2289 a
1108 2233 1319 2306 seipso,
1346 2249 1455 2290 nec
1500 2231 1662 2290 infra
1689 2233 1911 2292 Filium
1939 2241 2000 2293 et
2030 2233 2320 2309 Spiritum
2347 2234 2409 2295 S.
2436 2236 2545 2312 qui
2571 2237 2648 2294 ab

242 2314 373 2390 ipso
400 2318 543 2371 sunt
565 2309 921 2370 oeconomice
966 2309 1274 2368 humiliari
1320 2315 1383 2368 et
1426 2309 1828 2370 Mediatorem
1870 2331 2080 2387 agere3
2122 2312 2186 2371 N
2189 2331 2256 2371 ec
2303 2312 2559 2388 Spiritus
2585 2314 2650 2373 id

244 2392 511 2450 muneris
529 2395 765 2465 poterat
792 2388 957 2448 obire
982 2387 1127 2464 quia
1152 2387 1361 2446 debuit
1386 2407 1425 2446 a
1450 2387 1792 2448 Mediatore
1822 2392 1983 2451 mitti
2007 2397 2069 2449 et
2092 2390 2316 2450 versari
2363 2392 2520 2452 circa
2545 2411 2650 2469 ap-

242 2469 625 2546 plicationem
653 2467 860 2529 salutis
886 2466 1208 2542 acquisitae,
1259 2467 1423 2524 solus
1449 2466 1641 2525 Filius
1674 2469 1874 2543 potuit
1917 2470 2228 2528 commode
2273 2469 2387 2529 hoc
2427 2490 2651 2530 munus

240 2547 537 2606 sustinere
562 2547 667 2626 qui
692 2552 765 2604 ut
788 2545 1021 2604 medius
1046 2544 1201 2602 inter
1239 2543 1479 2602 Patrem
1521 2551 1583 2604 et
1610 2545 1917 2621 Spiritum,
1966 2547 2271 2606 Mediator
2295 2549 2499 2623 potuit
2523 2567 2652 2608 esse

241 2625 398 2692 inter
425 2626 625 2684 Deum
651 2630 713 2683 et
736 2624 1043 2695 homines;
1086 2630 1148 2682 et
1174 2629 1245 2680 ut
1270 2628 1489 2680 natura
1534 2631 1662 2682 erat
1704 2625 1896 2683 Filius
1941 2644 2048 2699 per
2071 2626 2330 2698 gratiam
2355 2627 2510 2684 filios
2539 2647 2650 2686 nos

242 2703 453 2776 facere,
482 2704 829 2762 redimendo
866 2720 971 2778 per
1009 2701 1309 2775 justitiam
1327 2743 1335 2752 .
1352 2718 1503 2775 quos
1540 2719 1646 2775 per
1692 2704 2021 2776 potentiam
2070 2710 2410 2773 creaverat;
2453 2705 2552 2762 Sic
2581 2713 2650 2762 ut

242 2799 477 2841 necesse
538 2783 659 2840 fuit
703 2781 851 2852 λέγει
900 2779 1195 2838 incarnari
1242 2785 1303 2836 et
1345 2779 1495 2836 θιιίυθ
1522 2803 1650 2837 ωπον
1695 2779 1842 2849 fieri,
1888 2797 2126 2837 necesse
2179 2778 2362 2836 etiam
2406 2779 2524 2838 fuit
2570 2783 2650 2838 ad

241 2860 709 2935 redemptionem
750 2865 1017 2916 nostram
1066 2855 1369 2914 Christum
1516 2867 1720 2937 »agnam
1765 2875 1874 2931 pro
1901 2855 2074 2913 nobis
2099 2854 2476 2915 satisfacere:
2531 2858 2648 2939 iffa-ug

234 2935 329 2997 ἷὶιι
345 2936 519 3010 δεῖξαι.
604 2937 811 3010 Atque
854 2935 941 2993 ita
980 2933 1331 2991 conclusum
1358 2941 1487 2991 esto
1512 2934 1860 2992 -secundum
1887 2939 2066 3006 caput
2113 2933 2276 3007 quod
2304 2934 2478 2992 nobis
2513 2955 2652 3011 pro-

242 3018 503 3093 positum
548 3013 763 3071 fuerat.
846 3011 1117 3070 Tertium
1154 3010 1289 3083 jam
1334 3013 1756 3084 exequendum
1803 3016 1956 3067 esset
1997 3008 2152 3067 circa
2175 3015 2441 3074 ἇυηηιυὲυ
2467 3013 2649 3071 ratio-

242 3112 391 3150 num
438 3091 933 3162 adversariorum,
979 3089 1079 3144 sed
1111 3086 1255 3162 quia
1296 3088 1499 3161 plures
1540 3094 1684 3145 sunt
1725 3105 1911 3174 quam
1937 3094 2008 3144 ut
2033 3088 2238 3162 paucis
2265 3090 2517 3164 pagellis
2557 3092 2649 3148 in-

238 3171 405 3230 cludi
430 3168 679 3245 possint,
706 3185 807 3225 eas
831 3165 1109 3224 brevitati
1150 3165 1526 3224 consulentes
1560 3165 1626 3223 in
1651 3172 1943 3224 secuturoe
1971 3170 2058 3224 συὶ
2083 3169 2187 3244 ,9ιᾷ
2207 3167 2650 3244 Disputationis

236 3253 662 3326 argumentum
688 3261 1073 3304 reservamus.

1148 3398 1736 3462 OOROLLARIA.

322 3566 375 3624 Ι.
422 3565 552 3623 Etsi
579 3559 903 3623 satisfactio
928 3557 1111 3616 fuerit
1152 3561 1483 3620 necessaria
1524 3563 1603 3619 ad
1651 3561 2055 3622 remissionem
2102 3571 2480 3640 peccatorum
2507 3585 2647 3624 con-

239 3645 629 3733 seque-udam,
656 3655 779 3697 non
806 3645 1004 3697 tamen
1030 3635 1249 3694 desinit
1269 3637 1399 3712 ipsa
1422 3639 1694 3698 remissio
1721 3657 1846 3697 esse
1874 3649 2144 3717 respectu
2170 3643 2442 3700 fidelium
2469 3645 2646 3716 plane

234 3727 617 3858 graltfftgum
643 3799 755 3856 soli
775 3796 913 3854 fidei
939 3798 1236 3870 competat
1254 3795 1718 3854 satisfactionem
1741 3795 1964 3856 Christi
1985 3799 2157 3855 nobis
2177 3798 2495 3874 applicare,
2514 3801 2647 3858 sola

240 3875 422 3968 etiam
474 3895 585 3934 nos
628 3876 955 3951 justificare
1006 3879 1221 3950 potest,
1276 3891 1400 3932 non
1454 3893 1636 3950 opera
1688 3876 1972 3952 quselibet
2025 3877 2122 3933 vel
2177 3883 2315 3934 ante
2367 3877 2465 3934 vel
2511 3884 2648 3951 post

238 3961 624 4102 &gallin-Qui
651 4033 1065 4109 praevisionem
1086 4028 1225 4086 fidei
1245 4031 1341 4087 vel
1370 4048 1622 4107 operum
1647 4030 1922 4089 electioni
1961 4035 2346 4106 praestruunt,
2373 4031 2464 4088 illi
2491 4051 2646 4089 nun-

238 4129 423 4186 quam
450 4113 548 4169 vel
576 4111 691 4170 Dei
720 4111 994 4186 eligentis
1020 4107 1233 4168 ιῦδοκῖαυ
1259 4108 1646 4180 liberrimam,
1676 4110 1771 4165 vel
1807 4108 2070 4166 hominis
2095 4109 2269 4167 electi
2315 4115 2644 4168 extremam

238 4189 538 4248 miseriam
566 4191 711 4248 satis
736 4195 1126 4264 agnoverunt.

320 4266 439 4326 IV.
485 4269 610 4338 Qui
638 4268 819 4326 semel
846 4285 983 4324 vere
1010 4271 1152 4324 sunt
1177 4265 1445 4323 conversi
1483 4283 1798 4340 nunquam
1823 4263 2084 4321 finaliter
2108 4271 2218 4323 aut
2253 4264 2520 4322 totaliter
2545 4285 2647 4324 ex-

233 4346 429 4404 cidere
456 4352 709 4422 possunt
734 4364 773 4404 a
790 4344 1004 4420 gratia,
1026 4343 1311 4419 quicquid
1334 4341 1826 4400 Remonstrantes
1851 4359 1960 4416 pro
1981 4343 2276 4417 apostasia
2301 4349 2646 4404 sanctorum

234 4425 297 4480 in
327 4426 693 4484 contrarium
720 4425 933 4485 afferre
960 4422 1207 4498 possint.
