3234 5192
299 371 528 412 msrur.
575 347 644 430 1.]
1031 373 1258 414 xosrna
1283 377 1362 416 Aa
1391 378 1671 418 aceresia
1702 379 1967 422 nomm.
2636 372 2703 426 11

299 550 518 654 ⁸33⁵:
527 563 750 651 ..mx
825 511 1244 670 9ὲᾶἒὲιρἶῖ
1266 519 1522 660 ssa?
1515 520 1785 656 22:2⁰3?
1798 519 2091 674 ms
2092 521 2324 677 ‘3¹13‘ss
2350 533 2631 664 3213.
2645 536 2709 665 ⁶2

359 671 416 710 ¹¹¹²
445 669 586 736 votus
608 667 660 710 ⁰¹²
681 665 749 708 A·
824 689 938 746 quo
981 669 1132 730 facta
1172 683 1261 732 est
1303 676 1568 735 secessim
1656 679 1925 736 Ecclesia
1945 688 2137 738 autem
2156 683 2435 740 Romanoe
2474 685 2705 744 nomine

351 727 632 827 {2222ss}
665 721 758 824 {ff
824 751 1010 827 primo
1051 752 1396 830 intelligitur
1422 775 1507 830 ea,
1538 776 1669 833 quae
1698 765 1955 833 tempore
1984 758 2256 837 Apostoli
2284 761 2491 838 viguit,
2514 766 2706 840 cujus-

355 839 497 898 pdin.
828 849 938 922 gne
969 829 1113 890 fides
1139 832 1214 890 ab
1242 853 1312 891 eo
1339 835 1663 895 celebratur
1682 836 1851 895 Rom.
1886 837 1943 912 i.,
1968 847 2028 896 et
2054 857 2185 915 quse
2212 839 2547 916 aliquandiu
2576 862 2707 920 pos·

297 923 396 974 tea
433 913 496 972 in
524 913 802 972 doctrinae
829 911 1158 987 integritate
1199 913 1465 988 perstitit,
1495 927 1815 990 quo‘sensu
1843 915 1917 974 de
1944 936 2013 976 ea
2039 937 2154 976 non
2192 918 2571 997 disputamus,
2654 926 2711 982 2.

302 993 660 1071 Designatur
703 1011 788 1068 ea,
844 1009 976 1068 quae
1023 991 1384 1066 sequioribus
1427 994 1637 1053 seculis
1678 995 1887 1070 extitit,
1932 1004 1992 1055 et
2045 998 2358 1058 etiamnum
2407 1008 2586 1075 extat,
2637 1002 2711 1061 ab

301 1073 406 1132 illa
469 1072 720 1150 puritate
789 1079 848 1130 et
915 1069 1246 1146 integritate
1305 1071 1476 1148 plane
1531 1071 1907 1150 degenerans,
1978 1083 2038 1134 et
2096 1077 2209 1136 hoc
2251 1077 2425 1139 modo
2466 1079 2713 1140 sumitur

299 1151 684 1230 peculiariter,
735 1151 833 1210 vel
895 1169 999 1226 pro
1043 1159 1198 1208 coetu
1241 1151 1342 1227 qui
1385 1153 1751 1212 concluditur
1795 1155 2083 1214 moenibus
2134 1157 2427 1234 Romanis,
2462 1159 2558 1219 vel
2604 1179 2709 1236 pro

305 1231 570 1290 Ecclesia
607 1228 1096 1308 repraesentativa,
1129 1229 1289 1307 Papa
1315 1229 1538 1290 scilicet
1581 1241 1641 1290 et
1670 1233 1959 1309 conciliis,
1991 1235 2087 1292 vel
2111 1256 2217 1313 pro
2260 1238 2386 1315 ipso
2430 1239 2707 1300 Pontifiee
2790 1269 2797 1276 ·

305 1321 374 1370 ut
423 1310 643 1388 Capite,
675 1310 775 1369 vel
824 1308 1073 1384 denique
1108 1328 1212 1385 pro
1257 1309 1330 1368 iis
1377 1309 1647 1370 omnibus
1694 1311 1959 1389 coetibus,
1988 1315 2089 1390 qui
2132 1316 2395 1374 Romano
2440 1318 2707 1379 Pontifici

299 1389 600 1448 adhaerent
625 1397 684 1448 et
709 1391 784 1448 ab
803 1409 874 1448 eo
900 1388 1154 1464 pendent
1175 1388 1502 1466 ubicunque
1528 1390 1785 1450 locorum
1815 1392 1947 1466 sint,
1977 1411 2108 1469 quae
2134 1396 2394 1454 Ecclesia
2430 1399 2711 1456 collectiva

305 1468 536 1528 dicitur.
617 1469 743 1543 Quo
783 1475 1050 1544 respectu
1092 1467 1472 1545 potissimum,
1516 1488 1635 1528 non
1672 1468 1926 1530 exclusis
1966 1479 2159 1531 tamen
2199 1474 2346 1550 aliis,
2391 1475 2713 1534 Ecclesiam

307 1548 628 1606 Romanam
655 1547 1023 1607 attendimus.

303 1665 416 1711 Non
523 1667 782 1711 seeundum
851 1707 864 1720 ·
907 1626 1061 1684 XX.
1110 1625 1226 1684 Sed
1253 1627 1313 1686 in
1332 1628 1442 1687 hac
1469 1628 1857 1722 rursus-Eccl.
1890 1630 2058 1689 Rom.
2088 1631 2562 1709 consideratione,
2594 1634 2711 1693 dis-

359 1723 783 1840 ‹ssss'offissmu‘ff
823 1705 1232 1844 sssss'ffffi.
1251 1709 1659 1864 ῗξέεὲηέἷὲῗέὲ
1660 1711 1796 1865 :222²-
1816 1711 2327 1850 3013..ngss
2340 1713 2717 1853 ..ἔῗῑὶἴὲἶὶῗ

301 1868 573 1925 For-male
592 1886 734 1926 vero
759 1867 1012 1944 positum
1039 1873 1127 1924 est
1155 1865 1215 1924 in
1253 1867 1566 1941 Vocatione,
1597 1866 1915 1926 secundum
1937 1888 2109 1945 quam
2138 1870 2199 1926 in
2226 1889 2353 1928 eam
2384 1871 2715 1932 societatem

305 1945 774 2005 Ecclesiasticam
801 1953 1212 2004 convenerunt.
1299 1945 1383 2004 Ut
1409 1965 1548 2004 vero
1576 1945 1679 2004 illa
1706 1946 1923 2023 duplex
1950 1957 2140 2025 potest
2166 1969 2309 2026 esse,
2340 1951 2439 2009 vel
2466 1971 2581 2027 qua
2628 1962 2719 2012 est

301 2045 340 2083 a
369 2025 611 2101 Christo,
642 2025 744 2102 qui
772 2043 1073 2102 supremus
1099 2033 1192 2082 est
1221 2023 1498 2084 Ecclesiae
1529 2024 1736 2084 Pastor
1776 2035 1835 2084 et
1865 2026 2167 2102 Dominus,
2198 2029 2294 2088 vel
2322 2049 2437 2107 qua
2464 2051 2500 2088 a
2526 2033 2714 2107 Papa,

301 2105 404 2181 qui
417 2105 786 2164 seVicarium
805 2105 933 2182 ejus
943 2123 1072 2162 esse
1091 2102 1235 2162 falso
1253 2103 1548 2179 gloriatur.
1593 2104 1689 2163 Ita
1702 2104 1919 2181 duplex
1936 2114 2026 2165 est
2042 2107 2208 2167 istius
2226 2110 2395 2184 ηάσις
2419 2109 2715 2186 Ecclesioe,

303 2183 400 2242 vel
440 2203 556 2261 qua
583 2183 660 2242 ad
689 2183 972 2243 Clu-thium
996 2181 1258 2258 refertur,
1278 2183 1590 2242 Christiani
1618 2183 1867 2242 nominis
1895 2193 1954 2244 et
1994 2185 2255 2246 veritatis
2282 2189 2501 2265 aliquid
2530 2189 2719 2249 adhuc

303 2262 626 2336 retinendo,
658 2262 754 2320 vel
782 2282 898 2340 qua
923 2263 1151 2338 Papam
1178 2262 1428 2339 respicit,
1460 2262 1620 2321 illius
1649 2263 1904 2322 dominio
1928 2273 1985 2323 et
2004 2266 2153 2344 jugo
2182 2286 2309 2326 sese
2338 2267 2717 2344 subjiciendo·

305 2341 480 2402 Unde
519 2341 850 2419 colligimus
891 2341 950 2398 in
980 2341 1246 2400 Ecclesia
1274 2342 1538 2400 Romana
1573 2341 1686 2400 tria
1710 2343 1835 2402 haec
1858 2343 2138 2420 imprimis
2178 2365 2307 2404 esse
2335 2345 2605 2405 distincte
2634 2357 2720 2408 at-

301 2420 626 2482 tendenda:
675 2424 728 2480 1.
755 2421 1087 2493 Subjectum.
1129 2424 1187 2480 2.
1216 2421 1488 2480 Accidens
1507 2421 1798 2497 quoddam
1820 2421 2095 2483 adnatum
2127 2425 2419 2503 Subject0.
2464 2429 2521 2485 3.
2556 2427 2717 2486 Com-

297 2502 540 2578 positum
557 2521 634 2560 ex
655 2508 918 2576 utroque.
1008 2503 1058 2558 l.
1099 2501 1413 2576 Subjectum
1443 2509 1576 2558 sunt
1603 2502 1847 2560 homines
1880 2503 2201 2581 Christiani,
2246 2505 2305 2562 in
2333 2505 2545 2582 quibus
2576 2525 2719 2565 non-—

301 2581 446 2638 nihil
488 2590 579 2639 est
623 2580 812 2638 adhuc
857 2578 1178 2639 vocationis
1221 2587 1280 2638 et
1321 2581 1524 2656 gratiae
1567 2581 1798 2654 divinae,
1856 2583 2048 2659 potius
2086 2603 2260 2661 quam
2314 2585 2375 2642 in
2416 2585 2620 2645 Turcis
2663 2595 2721 2645 et

302 2660 348 2719 J
351 2659 530 2719 udaeis
553 2683 567 2736 ;
611 2669 678 2719 ut
715 2660 901 2736 liquet
927 2679 1000 2717 ex
1029 2679 1099 2717 eo
1125 2659 1283 2736 quod
1311 2659 1575 2735 symbola
1601 2669 1661 2718 et
1702 2661 1897 2736 sigilla
1925 2662 2156 2722 foederis
2186 2683 2299 2721 non
2326 2664 2497 2741 plane
2524 2665 2719 2724 abstu-

300 2739 436 2798 lerit
484 2739 661 2814 Deus,
712 2738 871 2815 quod
909 2738 1262 2798 retineantur
1303 2738 1492 2797 adhuc
1538 2740 1821 2817 principia
1868 2741 2217 2818 Theologiae,
2280 2753 2401 2802 tum
2458 2745 2719 2821 Esscndi,

306 2819 468 2878 Deus
532 2838 684 2878 unus
731 2818 998 2892 essentia,
1049 2819 1234 2877 trinus
1277 2817 1564 2892 Personis,
1615 2828 1857 2896 utraque
1908 2821 2119 2880 Christi
2158 2830 2362 2880 natura
2401 2823 2462 2879 in
2502 2825 2723 2882 unitate

303 2917 580 2976 personae,
619 2906 744 2957 tum
789 2898 1171 2973 Cognoscendi
1209 2897 1468 2956 Verbum
1497 2897 1718 2956 scilicet
1748 2899 1875 2974 Dei,
1907 2901 2172 2976 quamvis
2200 2901 2505 2976 multiplici
2527 2903 2717 2976 adjec-

302 2977 458 3036 tione
485 2987 546 3036 et
573 2978 992 3037 substractione
1019 2985 1221 3053 postea
1247 2985 1594 3052 corruptum,
1615 2997 1746 3052 quae
1768 2988 2107 3052 argumento
2136 2987 2269 3036 sunt
2290 2977 2511 3054 aliquid
2532 2979 2721 3038 adhuc

305 3077 382 3116 ex
421 3065 582 3133 parte
625 3057 739 3116 Dei
777 3075 1072 3114 renranere
1113 3055 1174 3112 in
1202 3055 1303 3112 illo
1331 3063 1502 3128 coetu,
1529 3055 1670 3112 licet
1696 3075 1771 3112 ex
1798 3064 1961 3131 parte
2013 3057 2312 3114 hominum
2339 3057 2423 3114 nil
2450 3057 2561 3116 nisi
2593 3057 2718 3116 infi-

307 3135 514 3194 delitas
542 3155 610 3194 su
683 3135 806 3194 rsit.

391 3215 580 3274 XXI.
610 3155 917 3288 pSeecundo,
947 3213 1219 3272 Accidens
1241 3212 1364 3270 sive
1392 3211 1730 3289 adjunctum
1774 3211 2066 3287 adnatum,
2098 3223 2186 3274 est
2214 3217 2487 3292 Papatm,
2518 3217 2619 3293 qui
2660 3217 2719 3276 in

309 3294 630 3353 Ecclesiam
669 3293 1020 3371 multiplices
1059 3291 1414 3368 corruptelas
1441 3301 1558 3349 tam
1601 3292 1791 3368 quoad
1834 3293 2023 3366 fidem,
2055 3315 2227 3370 quam
2270 3297 2462 3374 quoad
2501 3297 2719 3356 cultum

308 3373 548 3449 invexit,
577 3381 638 3432 et
663 3373 868 3432 merito
909 3381 1175 3431 censetur
1201 3381 1474 3448 tanquam
1516 3371 1683 3429 ulcus
1712 3371 2257 3449 pestilentissimum,
2304 3395 2633 3453 gangr-sena,
2664 3386 2724 3437 et

311 3453 634 3511 carcinoma
659 3453 720 3510 in
738 3471 974 3530 corpore
998 3451 1292 3526 Ecclesiae,
1314 3459 1374 3509 et
1393 3457 1517 3509 tota
1537 3453 1789 3510 essentia
1818 3451 2009 3510 differt
2030 3454 2104 3511 ab
2134 3455 2415 3513 Ecclesia.
2460 3455 2724 3514 Ecclesia

307 3531 460 3590 enim
489 3539 578 3591 est
597 3539 782 3590 coetus
803 3540 1136 3590 vocatorum
1163 3530 1225 3587 in
1253 3549 1425 3589 unam
1448 3529 1619 3588 fidem
1660 3531 1768 3589 sub
1797 3551 1912 3590 uno
1944 3531 2190 3608 Christ0,
2220 3543 2282 3592 at
2332 3535 2586 3611 Papatus
2633 3554 2720 3593 re-

309 3609 582 3670 lationem
629 3611 806 3670 habet
845 3610 922 3669 ad
951 3607 1308 3683 Pontificem,
1338 3617 1398 3667 et
1424 3611 1740 3667 ἄτοπα-ὑπ
1760 3631 1796 3668 a
1814 3610 2044 3669 Christo
2074 3621 2310 3672 eatenus
2338 3613 2493 3674 facit.
2548 3613 2721 3673 Unde

309 3690 420 3748 etsi
441 3690 829 3749 Christianum
856 3709 1065 3748 nomen
1081 3687 1272 3746 adhuc
1289 3689 1516 3764 retinet,
1537 3689 1647 3747 sub
1669 3689 1929 3766 specioso
1952 3697 2143 3749 tamen
2166 3693 2267 3750 illo
2290 3693 2519 3750 nomine
2548 3693 2720 3751 Anti-

313 3769 514 3828 christi
531 3767 898 3846 tyrannidem
915 3775 1163 3840 exercet,
1188 3775 1248 3825 et
1269 3767 1430 3826 virus
1451 3787 1518 3826 ac
1547 3788 1833 3826 venenum
1852 3788 1956 3845 per
1973 3779 2157 3830 totum
2190 3791 2399 3848 corpus
2428 3769 2719 3829 diffundit.

393 3847 616 3908 XXII.
646 3848 860 3923 Terti0,
889 3847 1266 3923 Composimm
1287 3866 1361 3904 ex
1381 3856 1615 3922 utroque
1637 3849 1920 3924 ejusmodi
1940 3858 2045 3923 est,
2066 3859 2131 3908 ut
2152 3851 2413 3927 quaedam
2434 3869 2508 3906 ex
2528 3848 2719 3906 Chris-

313 3927 578 3986 tianismo
601 3927 906 4005 supersint,
938 3947 1066 4002 quse
1095 3933 1230 3985 sunt
1256 3925 1637 3985 institutionis
1655 3927 1885 4000 Christi,
1908 3928 2087 3987 multo
2108 3930 2275 4006 plura
2292 3947 2429 3986 vero
2446 3947 2521 3984 ex
2552 3925 2721 3984 Auti-

313 4005 734 4066 christianismo
761 4006 1110 4082 irrepserint,
1155 4024 1286 4081 quae
1315 4013 1450 4064 sunt
1493 4006 1945 4083 corruptelarum
1984 4006 2354 4066 Antichristi.
2438 4007 2721 4078 Quoniam

311 4085 465 4144 enim
496 4087 673 4145 Satan
694 4085 1034 4162 mysterium
1055 4084 1166 4142 hoc
1185 4083 1506 4160 iniquitatis
1533 4084 1779 4144 formare
1807 4105 1923 4145 non
1948 4084 2247 4162 potuisset,
2280 4086 2331 4144 si
2359 4084 2723 4144 Christianis·

311 4183 468 4224 mum
485 4165 700 4225 directe
723 4173 782 4223 et
807 4167 974 4244 γυμνῇ
997 4167 1063 4244 τῇ·
1086 4163 1292 4244 ἀφελεῖ
1315 4173 1709 4240 oppugnasset
1745 4173 1802 4224 et
1834 4167 2173 4242 extinguere
2201 4164 2563 4241 suscepisset,
2595 4164 2727 4223 ideo

312 4263 377 4302 os
403 4243 672 4302 draconis
700 4245 990 4302 cornubus
1019 4251 1079 4301 et
1105 4243 1336 4302 exuviis
1380 4243 1517 4320 agni
1560 4244 1782 4320 operire
1812 4244 2039 4320 sategit,
2084 4253 2149 4302 ut
2190 4243 2417 4302 facilius
2459 4243 2723 4303 incautos

313 4321 618 4400 deciperet.
706 4322 803 4382 Sic
830 4343 906 4382 ex
934 4321 1196 4381 doctrina
1223 4321 1564 4396 Christiana,
1596 4322 1817 4399 aliquid
1858 4323 2087 4398 quidem
2118 4343 2153 4378 a
2196 4321 2514 4381 Pontificiis
2540 4331 2727 4382 reten-

313 4411 433 4460 tum
477 4411 583 4478 est,
629 4401 734 4462 sed
773 4401 946 4460 simul
987 4401 1286 4462 innumera
1326 4401 1441 4459 alia
1465 4403 1602 4460 huic
1644 4401 1919 4460 doctrinm
1961 4400 2159 4460 addita
2196 4411 2347 4476 sunt,
2391 4403 2603 4478 quibus
2644 4403 2725 4460 ita

313 4479 668 4540 adulteratur
688 4488 748 4539 et
775 4481 1174 4556 corrumpitur,
1197 4490 1264 4540 ut
1296 4480 1482 4539 omnis
1509 4482 1637 4558 ejus
1664 4479 1916 4538 efficacia
1944 4489 2265 4557 enervetur,
2297 4482 2467 4560 plane
2494 4489 2561 4540 ut
2588 4481 2725 4540 olim

314 4559 632 4618 idololatris
659 4559 720 4617 in
749 4559 793 4620 J
797 4559 1006 4619 udai‘ca
1033 4559 1296 4620 Ecclesia
1327 4559 1520 4618 Baalis
1550 4559 1767 4618 cultum
1796 4579 1928 4617 cum
1956 4558 2155 4619 divino
2184 4561 2629 4637 conjungebant,
2660 4571 2727 4619 ut

307 4639 570 4716 jurarent
599 4659 700 4716 per
731 4639 920 4696 Deum
949 4647 1007 4698 et
1049 4639 1345 4714 Milchom,
1381 4637 1841 4696 Ammonitarum
1864 4636 2097 4715 idolum,
2127 4641 2377 4716 Sophon.
2415 4643 2466 4695 1.
2498 4641 2551 4713 5,
2584 4648 2641 4696 et
2664 4647 2727 4696 ut
