3234 5192
525 293 646 349 350
1570 313 1648 352 Dr.
1680 315 1908 356 MANNA.
2501 304 2771 385 [msru'r.
2807 327 2942 370 vm.

516 471 647 511 esse
666 452 1013 528 ipsissimum
1040 453 1254 514 Christi
1272 475 1497 531 corpus,
1521 456 1583 514 in
1606 457 1764 533 quod
1785 458 1952 535 panis
1975 460 2300 522 substantia
2317 481 2600 524 conversa
2621 476 2726 542 est,
2751 475 2944 550 πςὸτοι

520 541 611 592 est
632 529 833 673 ἐζαῧδος,
864 533 1021 612 quod
1048 554 1155 592 nee
1172 536 1415 612 probare
1442 544 1758 612 potuerunt
1781 539 2080 616 hactenus,
2113 561 2220 601 nec
2249 543 2310 602 in
2331 551 2610 603 aeternum
2637 549 2940 624 probaturi

520 632 629 672 sun
658 658 673 672 .

602 694 864 754 XXIII.
912 694 1155 753 Frustra
1182 693 1571 756 Bellarminus
1627 697 1847 775 excipit
1887 698 1926 756 l.
1985 721 2035 758 c.
2081 701 2241 778 quod
2287 703 2401 761 nisi
2459 705 2584 764 haec
2645 714 2936 770 statuatur

516 773 845 834 differentia
872 775 1022 834 inter
1068 793 1296 849 manna,
1328 783 1391 834 et
1418 776 1862 854 Eucharistiam,
1895 780 2054 856 quod
2080 801 2294 840 manna
2332 783 2444 843 fuit
2469 784 2660 863 figura
2685 796 2912 848 tantum

520 855 887 914 Eucharistia
928 862 1137 929 autem,
1188 873 1281 913 res
1324 854 1466 932 ipsa,
1518 875 1638 914 non
1691 857 1823 934 plus
1871 861 2132 920 veritatis
2181 862 2520 940 significatae
2568 837 2932 948 habebimus:

518 955 693 1012 quam
720 935 834 1012 ipsi
861 935 903 994 J
904 933 1074 1027 udaei,
1120 935 1237 993 imo
1277 934 1452 1011 longe
1480 936 1690 1014 minus,
1732 939 1869 1015 quia
1911 960 2124 1000 manna
2169 941 2346 1020 longe
2373 945 2587 1006 clarius
2613 966 2934 1025 repraesen-

512 1015 677 1074 tabat
705 1015 921 1074 Christi
948 1033 1173 1090 corpus,
1204 1032 1379 1091 quam
1406 1016 1603 1076 aridus
1630 1019 1814 1095 panis,
1845 1027 1906 1081 et
1932 1022 2116 1082 multo
2155 1025 2525 1100 praestantius
2554 1037 2693 1105 erat,
2725 1039 2929 1108 utpote

504 1096 669 1172 quod
698 1095 925 1174 pluerat
968 1113 1001 1154 e
1048 1095 1213 1170 eoe10,
1244 1104 1304 1155 et
1344 1095 1506 1156 fieret
1552 1099 1821 1158 manibus
1864 1099 2244 1180 Angelorum,
2295 1106 2463 1181 panis
2506 1127 2646 1167 vero
2673 1119 2870 1170 noster
2897 1133 2931 1172 e

516 1177 685 1235 furno
714 1183 900 1252 exeat,
932 1184 991 1235 et
1016 1175 1119 1234 fiat
1146 1175 1415 1236 manibus
1444 1177 1762 1238 hominum.
1795 1181 1972 1259 Resp.
2007 1182 2125 1242 Sed
2167 1185 2350 1260 gratis
2390 1186 2502 1245 hoc
2531 1187 2758 1266 dicitur,
2787 1191 2928 1268 quia

514 1263 871 1317 sacramenta
916 1275 1036 1316 non
1083 1265 1219 1315 sunt
1260 1257 1573 1334 spectanda
1616 1260 2004 1338 materialiter,
2057 1271 2117 1322 et
2163 1265 2356 1340 quoad
2382 1269 2764 1346 substantiam,
2822 1273 2928 1330 sed

492 1339 829 1414 formaliter
858 1337 1049 1415 quoad
1076 1337 1481 1412 institutionem,
1513 1357 1589 1396 ex
1617 1358 1734 1415 qua
1761 1359 1960 1400 eorum
1987 1346 2322 1420 praestantia
2362 1347 2460 1405 vel
2487 1347 2927 1425 significationis

510 1419 803 1479 evidentia
830 1417 1075 1495 pendet;
1122 1417 1267 1476 Cum
1308 1426 1501 1477 autem
1541 1420 1784 1477 verbum
1827 1420 2208 1482 institutionis
2247 1426 2309 1482 in
2339 1425 2720 1508 Eucharistia,
2749 1432 2926 1510 longe

418 1527 425 1538 ·
510 1501 589 1558 sit
616 1500 828 1559 clarius
854 1497 1215 1557 institutione
1242 1516 1485 1573 mannae,
1517 1505 1678 1575 patet
1723 1500 2164 1578 Eucharistiam,
2197 1503 2390 1580 quoad
2436 1507 2672 1568 modum
2721 1513 2923 1590 recipi-

514 1580 650 1638 endi
676 1578 854 1636 fixisse
895 1577 1370 1654 praestantiorem,
1420 1576 1558 1636 licet
1597 1579 1795 1653 quoad
1835 1600 1956 1640 rem
2000 1583 2404 1660 significatam,
2449 1587 2652 1646 eadem
2707 1592 2925 1652 veritas

510 1658 819 1734 utrobique
845 1656 1037 1731 fuerit,
1068 1655 1333 1714 Christus
1362 1656 1485 1715 scil.
1510 1674 1644 1715 cum
1671 1658 1793 1718 suis
1835 1661 2148 1721 beneficiis.
2235 1664 2580 1726 Praestantia
2629 1689 2769 1747 ergo
2819 1673 2921 1732 Sa-

507 1745 928 1797 cramentorum
960 1734 1115 1794 Novi
1142 1735 1498 1794 Testamenti
1538 1755 1714 1812 supra
1741 1739 1974 1816 Vetera,
2005 1761 2121 1800 non
2161 1742 2542 1821 intelligenda
2567 1756 2659 1808 est
2699 1753 2922 1813 ratione

507 1818 599 1877 rei
623 1816 796 1892 ἱρείας
834 1816 1168 1952 ερτὲἳῖσαέω;
1209 1815 1366 1893 quod
1413 1815 1516 1874 illa
1562 1834 1684 1874 rem
1729 1817 1914 1896 ipsam
1951 1821 2014 1880 in
2063 1841 2124 1880 se
2173 1823 2522 1902 contineant,
2552 1827 2678 1889 haec
2727 1841 2922 1892 autem

506 1905 734 1958 tantum
761 1895 914 1972 signi
957 1894 1233 1969 caverint,
1257 1903 1499 1973 utraque
1521 1895 1676 1956 enim
1699 1907 1834 1958 sunt
1861 1899 2030 1979 signa
2057 1902 2444 1980 significantia
2465 1915 2525 1966 et
2551 1909 2922 1986 obsignantia

510 1977 755 2057 gratiam
786 1974 1033 2052 Christi3
1080 1974 1183 2034 sed
1231 1975 1450 2036 ratione
1499 1978 1659 2036 modi
1694 1980 2132 2059 siqmflcationa,
2177 1984 2314 2060 quia
2341 1987 2616 2058 efficacius
2661 2009 2782 2047 rem
2831 2012 2917 2050 re-

508 2064 878 2138 praesentant,
930 2075 1049 2115 non
1074 2062 1301 2116 tantum
1342 2063 1409 2116 ut
1450 2055 1722 2135 futuram,
1767 2061 1874 2120 sed
1900 2073 1966 2124 ut
1992 2062 2204 2124 factam
2247 2075 2306 2125 et
2345 2066 2658 2144 impletam,
2691 2069 2916 2145 diutius,

508 2140 647 2220 quia
672 2157 905 2198 manere
932 2136 1147 2196 debent
1172 2155 1359 2214 usque
1385 2136 1461 2196 ad
1486 2137 1660 2198 finem
1691 2141 1887 2218 seculi,
1919 2145 2102 2220 latius,
2133 2145 2271 2222 quia
2314 2146 2388 2204 ad
2430 2165 2629 2204 omnes
2672 2149 2918 2223 populos

508 2218 1011 2280 indiscriminatim
1038 2217 1343 2294 pertinent.

590 2298 841 2358 XXIV.
888 2297 1069 2356 Hisce
1096 2297 1178 2357 ita
1205 2296 1483 2358 discussis
1512 2309 1775 2376 superest
1814 2301 2148 2377 videndum,
2180 2323 2296 2380 quo
2344 2323 2518 2362 sensu
2565 2302 2719 2361 dicat
2745 2323 2912 2381 apos·

505 2381 660 2440 tolus
690 2377 984 2436 Israelitas
1028 2396 1216 2436 omnes
1257 2381 1491 2438 eundem
1532 2379 1712 2438 cibum
1757 2381 2107 2456 spiritualem
2144 2385 2524 2458 manducasse,
2565 2381 2666 2439 An
2693 2382 2916 2443 scilicet

500 2464 773 2539 loquatur
792 2457 867 2515 de
896 2456 1175 2516 Israelitis
1202 2455 1352 2516 inter
1378 2477 1458 2534 se,
1490 2457 1592 2516 An
1618 2458 1692 2518 de
1719 2458 1925 2518 iisdem
1945 2461 2264 2524 nobiscum,
2348 2462 2635 2540 Ponttfiaeii
2678 2461 2913 2540 quidem

504 2536 1135 2602 transubstantiationis
1161 2536 1441 2614 figmento
1467 2539 1896 2615 patrocinaturi,
1943 2560 2073 2599 cum
2107 2541 2317 2600 Socino
2345 2541 2456 2600 hoc
2497 2542 2575 2600 ad
2622 2543 2918 2604 Israeliten

504 2620 777 2693 referunt,
808 2625 873 2676 ut
900 2616 1167 2676 dicantur
1208 2617 1451 2678 eandem
1479 2638 1674 2678 escam
1729 2619 2086 2696 spiritualem
2127 2620 2452 2681 comedisse
2494 2622 2642 2682 inter
2667 2644 2742 2700 se,
2775 2624 2914 2702 quia

500 2719 705 2761 omnes
730 2696 1229 2757 indiscriminatim
1258 2706 1379 2757 tam
1405 2698 1543 2758 boni
1583 2719 1758 2777 quam
1786 2699 1926 2758 mali
1973 2719 2042 2760 ea
2077 2701 2172 2760 usi
2217 2710 2369 2779 sunt,
2427 2702 2501 2761 ad
2545 2721 2693 2780 quos
2739 2703 2915 2764 etiam

494 2780 783 2842 accedunt
806 2777 1139 2854 Lutherani,
1192 2777 1816 2838 consubstantiationis
1879 2782 2222 2842 sententiam
2287 2782 2694 2844 confirmaturi.
2799 2784 2917 2845 Sed

502 2863 733 2940 utrique
760 2858 1028 2919 aberrant
1056 2878 1091 2917 a
1118 2877 1293 2936 scopo
1322 2859 1614 2937 Apostoli,
1646 2861 1748 2937 qui
1773 2879 1892 2920 non
1919 2869 2010 2920 est
2028 2870 2252 2922 tantum
2281 2862 2644 2922 identitatem
2671 2864 2912 2924 istorum

500 2947 991 3004 sacramentorum
1016 2939 1167 2998 inter
1210 2939 1507 3000 Israb'litas
1548 2959 1822 3016 asserere,
1866 2940 1970 3000 sed
1986 2943 2275 3020 praecipue
2301 2963 2428 3002 cum
2459 2943 2812 3022 Christianus,
2845 2954 2912 3004 ut

494 3021 768 3084 ostendat
808 3027 1297 3080 sacramentorum
1335 3027 1666 3080 nostrorum
1705 3021 2140 3098 usurpationem
2179 3023 2349 3082 nobis
2387 3042 2506 3082 non
2531 3023 2908 3102 profuturam,

494 3107 647 3164 citra
672 3101 809 3160 fidei
830 3110 889 3161 et
915 3100 1237 3160 sanctitatis
1264 3099 1537 3177 studium,
1568 3119 1700 3160 cum
1723 3101 1935 3160 similia
1953 3100 2260 3163 habuerint
2279 3103 2342 3161 in
2367 3102 2597 3164 deserto
2615 3105 2910 3181 Israelitae,

492 3205 633 3262 quie
661 3200 778 3239 non
804 3181 1155 3239 obstiterunt
1180 3179 1489 3256 quominus
1538 3199 1660 3240 suae
1687 3180 2022 3242 rebellionis
2049 3191 2110 3242 et
2147 3182 2493 3243 idololatriae
2536 3205 2738 3262 poenas
2785 3186 2912 3245 Deo

493 3261 855 3342 penderent3
900 3260 1051 3318 Nam
1078 3259 1175 3337 qui
1218 3260 1379 3336 paria
1405 3279 1443 3318 a
1485 3260 1615 3320 Deo
1642 3262 2310 3340 acceperunt,beneficia,
2341 3262 2392 3322 si
2417 3264 2632 3342 pariter
2651 3273 2907 3342 peccent,

500 3343 715 3422 pariter
752 3339 1097 3416 punientur3
1142 3339 1230 3398 At
1272 3340 1477 3400 Patres
1514 3340 1818 3401 nobiscum
1847 3342 2011 3419 paria
2037 3363 2072 3402 a
2101 3343 2228 3403 Deo
2277 3344 2478 3421 gratiss
2534 3345 2580 3402 si
2585 3365 2702 3422 gna
2750 3365 2910 3406 acce-

492 3428 740 3503 perunt3
786 3419 947 3496 Ergo
967 3419 1182 3497 pariter
1205 3428 1512 3497 peccantes
1531 3421 1747 3499 pariter
1767 3420 2072 3500 puniemur
2094 3444 2109 3500 3
2140 3443 2271 3502 quse
2287 3424 2378 3482 vis
2395 3425 2910 3501 argumentationis

496 3502 759 3564 Paulinae
785 3499 997 3578 periret
1022 3500 1275 3576 omnino,
1299 3500 1351 3560 si
1364 3520 1483 3560 non
1509 3501 1931 3579 intelligeretur
1949 3502 2104 3563 idem
2126 3504 2290 3563 cibus
2319 3514 2377 3563 et
2397 3511 2570 3582 potus
2585 3505 2906 3583 nobiscum,

486 3584 605 3646 sed
630 3589 856 3643 tantum
882 3580 1033 3640 inter
1053 3599 1133 3640 se.
1218 3580 1447 3640 Deinde
1468 3601 1746 3659 quorsum
1771 3583 2070 3661 apostolus
2095 3584 2449 3643 mentionem
2494 3584 2728 3646 fecisset
2764 3585 2904 3663 bap-

486 3664 656 3727 :tismi
684 3661 955 3722 Patribus
980 3660 1211 3737 indulti,
1241 3661 1291 3720 si
1320 3681 1419 3722 eos
1446 3662 1641 3739 quoad
1671 3663 2042 3723 Sacramenta
2077 3663 2246 3724 nobis
2274 3683 2503 3741 aequare
2529 3683 2646 3723 non
2674 3665 2862 3725 voluit
2877 3669 2907 3724 P

489 3745 623 3807 Sed
648 3742 807 3822 quod
834 3741 1157 3820 Apostolus
1184 3741 1348 3802 addit
1390 3742 1499 3802 sub
1544 3743 1722 3802 finem
1777 3763 1998 3820 versus,
2030 3763 2260 3802 omnem
2305 3743 2702 3804 difficultatem
2729 3745 2902 3821 tollit,

486 3845 679 3905 quum
703 3822 883 3899 addit,
918 3825 955 3856 ‘⁴
978 3821 1182 3882 Patres
1206 3821 1425 3883 bibisse
1473 3822 1547 3882 de
1591 3823 1766 3882 Petra
1793 3823 2095 3904 spirituali,
2125 3843 2254 3902 quse
2275 3843 2377 3884 eos
2397 3826 2762 3902 sequebatur,
2795 3826 2902 3886 Pe-

490 3916 645 3966 tram
672 3913 866 3964 autem
891 3904 1063 3962 istam
1089 3902 1268 3962 fuisse
1296 3902 1649 3963 Christum.”
1693 3902 1994 3978 Quomodo
2014 3904 2168 3963 enim
2195 3912 2389 3982 potest
2414 3905 2612 3964 vocari
2639 3906 2904 3966 Christus

492 3987 599 4046 illa
626 3983 817 4060 Petra,
850 3983 901 4042 si
920 4001 1039 4042 non
1066 3981 1315 4042 eundem
1341 3989 1543 4061 potum
1570 3982 1898 4043 habuerunt
1923 3983 2244 4061 nobiscum,
2275 3984 2377 4062 qui
2405 3985 2637 4044 Christo
2665 3985 2898 4064 partici-

488 4085 700 4146 pamus
718 4067 749 4124 ?
830 4063 965 4122 Hoc
1004 4061 1155 4122 vidit
1202 4061 1361 4139 Aug.
1404 4063 1535 4121 loco
1583 4062 1780 4139 citat0,
1831 4071 1998 4124 tract.
2049 4067 2145 4140 26,
2175 4065 2239 4124 in
2265 4065 2310 4124 J
2312 4065 2408 4124 oh.
2437 4085 2610 4144 quem
2641 4065 2901 4144 sequitur

496 4149 849 4219 Bertramus,
879 4142 982 4202 lib.
1012 4141 1085 4202 de
1116 4142 1367 4220 Corpore
1388 4149 1449 4201 et
1478 4141 1774 4220 Sanguine
1804 4142 2036 4220 Christi,
2091 4147 2128 4178 ‘⁶
2152 4144 2416 4204 Eandem
2443 4165 2635 4206 escam
2663 4147 2894 4224 spiritu-

484 4228 640 4287 alem
667 4225 886 4285 bibisse
914 4219 1119 4282 Patres
1149 4221 1367 4281 Paulus
1393 4230 1706 4298 asseverat,
1726 4223 1937 4300 quaeris
1964 4223 2208 4286 fortasse
2235 4245 2410 4303 quam
2437 4225 2678 4286 eandem
2699 4231 2728 4285 P
2795 4227 2852 4285 N
2853 4226 2898 4284 i-

486 4308 697 4366 mirum
724 4305 911 4383 ipsam
938 4303 1198 4378 candem,
1228 4321 1403 4380 quam
1422 4301 1597 4362 hodie
1623 4303 1872 4381 populus
1899 4303 2269 4366 Credentium
2309 4305 2622 4366 manducat
2649 4316 2707 4366 et
2735 4305 2899 4382 bibit,

486 4406 609 4445 non
626 4386 781 4445 enim
807 4384 1040 4443 diversa
1064 4383 1203 4444 licet
1228 4381 1496 4461 intelligi,
1528 4401 1662 4442 cum
1690 4403 1841 4444 unus
1869 4383 2138 4464 idemque
2167 4386 2434 4446 Christus
2461 4387 2553 4462 sit,
2585 4386 2686 4463 qui
2715 4395 2774 4445 et
2799 4406 2901 4464 po·

484 4467 691 4544 -pulum
738 4465 802 4522 in
854 4465 1101 4539 desertO,
1131 4464 1194 4521 in
1220 4465 1375 4524 nube
1424 4472 1482 4522 et
1528 4463 1589 4521 in
1634 4465 1780 4522 mari
1823 4465 2178 4544 baptisatam
2221 4486 2328 4527 sua
2357 4466 2541 4525 Carne
2570 4466 2748 4543 pavit,
2795 4486 2900 4525 suo

484 4544 769 4622 sangnine
816 4551 955 4603 tunc
994 4543 1235 4620 potavit,
1266 4551 1326 4603 et
1351 4543 1413 4602 in
1442 4543 1708 4603 Ecclesia
1753 4564 1890 4604 vere
1940 4547 2310 4607 Credentium
2335 4545 2614 4624 populum
2644 4547 2734 4606 sui
2763 4547 2900 4606 Cor-

482 4624 641 4704 poris
666 4643 832 4701 pane,
864 4621 1179 4699 Sanguinis
1220 4625 1375 4682 unda
1402 4623 1587 4702 pascit
1626 4631 1686 4683 et
1713 4632 1891 4702 potat.
