3234 5192
314 320 552 366 meru-r.
582 308 695 391 iv.]
1052 326 1281 367 xos'rus
1316 327 1392 365 An
1422 328 1704 367 eucrasis
1737 330 2005 371 nouam.
2666 314 2742 371 93

308 465 420 539 lus,
454 469 628 543 quasi
654 470 781 547 ipsa
808 488 913 547 per
942 487 1002 527 se
1050 476 1206 528 esset
1241 469 1611 528 veneratione
1661 468 1857 546 digna,
1891 470 1994 529 sed
2023 490 2214 529 coram
2245 472 2372 529 Deo
2399 491 2570 548 quem
2599 492 2743 549 prse-

310 555 545 605 sentem
574 549 779 609 adesse
808 568 943 607 arca
970 549 1072 607 illa
1098 548 1437 607 testabatur.
1500 548 1622 607 Nec
1675 550 1830 608 Psal.
1873 550 2032 609 xcix.
2063 553 2118 625 5,
2149 550 2362 609 dicitur
2387 550 2744 609 adorandum

306 626 637 687 scabellum
664 629 879 705 pedum
930 628 1059 703 Dei,
1090 627 1193 686 sed
1240 630 1325 687 ad
1358 628 1674 703 scabellum,
1705 635 1770 687 ut
1797 638 2030 688 notetur
2057 634 2206 687 locus
2233 632 2426 705 cultus,
2459 650 2574 688 non
2603 650 2744 690 vero

306 706 603 779 oh‘ectum.
668 708 723 767 Ν
726 728 803 767 on
848 708 1081 767 vulsiones
1116 708 1236 766 Dei
1275 708 1451 765 variae
1496 707 1605 766 sub
1651 709 1842 786 specie
1871 728 2160 787 corporea,
2191 716 2251 769 et
2295 709 2591 767 locutiones
2637 730 2742 769 an-

304 785 776 863 thropopathicoe,
808 807 937 865 quae
966 788 1027 845 in
1075 787 1370 864 Scriptura
1396 796 1720 847 occurrunt.
1765 787 1914 863 Quia
1940 788 2097 847 aliud
2140 798 2229 848 est
2255 788 2640 865 metaphorice
2669 787 2742 847 de

310 864 449 923 Deo
482 866 645 943 loqui
687 868 763 927 ad
790 875 992 944 captus
1020 866 1203 925 nostri
1232 864 1543 941 modulum,
1590 867 1750 925 aliud
1792 888 1932 927 vero
1981 868 2230 946 speciem
2273 870 2401 946 ejus
2448 868 2740 927 visibilem

302 945 485 1020 quasi
515 966 711 1005 veram
740 955 799 1005 et
826 947 1115 1023 propriam
1143 945 1382 1023 pingere
1405 955 1464 1004 et
1492 947 1746 1005 omnium
1775 948 1958 1005 oculis
1987 948 2289 1025 subjicere.
2334 948 2519 1007 Aliud
2547 966 2740 1005 essen-

302 1024 455 1083 tiam
487 1026 673 1103 ipsam
706 1026 817 1085 Dei
846 1035 945 1085 aut
991 1044 1267 1103 personas
1294 1026 1521 1101 proprie
1568 1034 1999 1103 repraesentare,
2039 1028 2198 1087 aliud
2227 1048 2402 1105 opera
2443 1036 2502 1087 et
2547 1038 2738 1085 exter-

299 1122 448 1161 nam
480 1106 745 1183 gloriam,
776 1124 879 1164 seu
926 1105 1287 1183 praesentiam
1336 1105 1530 1181 aliquo
1554 1106 1820 1183 symbolo
1848 1106 1923 1164 ad
1961 1116 2313 1166 momentum
2341 1107 2741 1185 quadantenus

300 1184 681 1245 adumbrare.
725 1185 899 1244 Adde
926 1184 1083 1262 quod
1114 1185 1273 1243 Deus
1300 1183 1489 1261 potuit
1516 1185 1577 1241 in
1604 1186 1801 1260 verbo,
1833 1186 2272 1263 quibuscunque
2295 1188 2476 1263 signis
2503 1186 2738 1264 placuit,

300 1265 401 1321 sui
430 1265 801 1342 praesentiam
829 1264 1151 1341 designare,
1184 1262 1285 1321 sed
1312 1262 1473 1321 nefas
1502 1272 1606 1339 est,
1640 1272 1840 1324 contra
1886 1266 2013 1323 e‘us
2041 1266 2374 1325 mandatum
2403 1286 2740 1343 expressum

302 1362 449 1401 eum
478 1344 541 1401 in
570 1343 876 1403 simulacro
924 1352 1349 1421 repraesentare,
1398 1342 1581 1401 multo
1618 1343 1812 1403 minus
1839 1286 2042 1402 cellere.
2091 1344 2221 1401 Non
2263 1365 2492 1419 serpens
2534 1365 2735 1421 oeneus,

300 1422 411 1497 qui
444 1423 557 1483 fuit
584 1432 760 1501 typus
790 1422 1019 1498 Christi,
1051 1423 1154 1481 sed
1180 1442 1297 1480 non
1324 1423 1535 1499 image,
1566 1430 1626 1481 et
1652 1424 1754 1498 qui
1780 1430 2003 1481 tantum
2031 1423 2213 1498 abest,
2241 1432 2308 1481 ut
2335 1423 2604 1501 religiose
2625 1424 2739 1483 coli

303 1500 601 1578 debuerit,
651 1511 717 1561 ut
761 1511 962 1561 contra
1003 1502 1192 1580 ipsum
1251 1502 1492 1579 jusserit
1536 1502 1849 1561 comminui
1897 1502 2196 1576 Ezechias,
2246 1501 2383 1561 licet
2431 1503 2544 1561 Dei
2565 1504 2738 1580 jussu

303 1580 598 1641 formatus
626 1582 847 1657 fuisset,
879 1592 937 1641 et
962 1582 1147 1640 multa
1172 1581 1449 1639 miracula
1474 1601 1577 1658 per
1602 1582 1794 1659 ipsum
1822 1590 2016 1639 essent
2036 1582 2308 1657 praestita,
2341 1582 2534 1641 statim
2563 1591 2736 1659 atque

300 1662 567 1739 populus
594 1662 771 1739 coepit
798 1662 850 1720 ei
878 1662 1125 1737 adolere,
1152 1664 1187 1719 2
1214 1661 1361 1737 Reg.
1392 1660 1557 1718 xviii.
1629 1664 1686 1720 4.
1711 1661 1832 1719 Nec
1856 1660 2102 1719 elevatio
2131 1661 2258 1738 ejus
2287 1661 2632 1720 erectionem
2661 1662 2737 1722 ad

302 1740 535 1800 cultum
554 1743 810 1814 notabat,
832 1742 935 1800 sed
960 1741 1215 1819 typicam
1237 1741 1522 1818 passionis
1553 1740 1768 1799 Christi
1796 1741 2375 1817 repraesentationem,
2405 1742 2450 1803 J
2454 1763 2505 1801 0.
2525 1742 2605 1801 iii.
2641 1747 2735 1802 14.

305 1818 365 1877 N
366 1840 450 1877 on
480 1820 729 1899 denique
758 1822 877 1879 Dea·
912 1822 1248 1895 recordatio,
1280 1821 1445 1895 quasi
1468 1820 1750 1897 imagines
1790 1820 1907 1879 sint
1934 1821 2066 1878 libri
2089 1822 2410 1897 idiotarum,
2451 1822 2550 1898 qui
2593 1822 2736 1899 ipsis

302 1898 371 1957 in
400 1901 739 1959 memoriam
770 1901 959 1959 Deum
1000 1909 1289 1973 revocent,
1322 1918 1532 1975 eosque
1562 1899 1735 1957 officii
1777 1898 1866 1957 sui
1893 1908 2180 1958 moneant.
2242 1900 2391 1958 Nam
2419 1900 2593 1979 longe
2622 1902 2738 1960 alia

304 1998 481 2037 mens
522 1988 611 2039 est
644 1980 893 2058 Spiritus
938 1978 1152 2054 Sancti,
1198 1978 1297 2055 qui
1328 1980 1547 2054 siquam
1586 1978 1851 2037 vanitatis
1893 1982 2174 2037 doctorem
2201 1980 2541 2055 pronunciat
2580 1981 2735 2057 apud

304 2058 353 2117 J
355 2060 651 2133 eremiam,
684 2080 808 2137 cap.
838 2080 897 2117 x.
941 2060 997 2133 8,
1042 2066 1099 2116 et
1126 2058 1399 2134 conflatile
1442 2060 1723 2116 doctorem
1764 2059 2058 2133 mendacii,
2093 2058 2247 2135 apud
2287 2059 2510 2117 Habac.
2539 2060 2599 2119 ii.
2639 2062 2732 2119 18.

306 2137 443 2197 Alii
474 2147 608 2197 sunt
634 2138 786 2212 libri,
823 2138 951 2197 aliae
978 2137 1261 2212 imagines
1287 2156 1432 2213 quas
1482 2137 1603 2195 sine
1651 2137 1908 2215 periculo
1951 2138 2162 2195 intueri
2203 2156 2544 2214 possumus:
2597 2140 2736 2198 liber

304 2219 578 2292 Naturoe,
610 2219 669 2275 in
698 2238 814 2294 quo
842 2236 1115 2295 expressa
1160 2224 1294 2275 sunt
1341 2216 1622 2275 virtutum
1665 2216 1778 2274 Dei
1817 2216 2084 2293 vestigia,
2113 2216 2216 2275 ubi
2243 2225 2385 2293 quot
2412 2226 2546 2275 sunt
2574 2237 2731 2277 crea-

304 2304 477 2371 turae,
506 2305 596 2356 tot
636 2296 917 2371 doctores,
949 2296 1047 2372 qui
1092 2315 1199 2353 nos
1242 2304 1476 2354 monent
1518 2294 1690 2354 officii
1731 2296 1948 2371 nostri;
1993 2296 2131 2354 liber
2171 2296 2497 2372 δον-φωνῶ,
2527 2296 2588 2354 in
2616 2318 2732 2375 quo

306 2377 691 2453 contemplari
719 2376 857 2435 licet
886 2376 1179 2435 Christum
1205 2374 1401 2433 vivam
1434 2375 1624 2433 Patris
1651 2375 1980 2451 imaginem,
2011 2384 2070 2434 et
2103 2376 2442 2435 Sanctorum
2465 2378 2734 2454 exempla

304 2456 485 2513 nobis
512 2456 587 2514 ad
614 2456 993 2519 imitationem
1022 2454 1333 2531 proposita.
1378 2454 1532 2529 Quid
1553 2474 1700 2532 opus
1721 2456 1850 2513 aliis
1866 2455 2033 2513 libris
2061 2456 2252 2531 mutiS,
2284 2456 2384 2532 qui
2411 2475 2528 2514 non
2557 2456 2730 2517 modo

304 2534 565 2609 inutiles,
590 2534 694 2593 sed
721 2543 779 2593 et
805 2535 967 2594 noxii
996 2544 1054 2593 et
1079 2533 1431 2611 periculosi?
1469 2554 1573 2611 per
1612 2554 1776 2610 quos,
1821 2542 1888 2594 ut
1928 2535 2198 2594 observat
2237 2533 2564 2612 Polydorus
2601 2538 2729 2595 Vir-

300 2615 479 2690 gilius
504 2614 577 2673 de
609 2614 838 2673 Invent.
868 2633 1075 2687 rerum,
1100 2613 1201 2671 lib.
1231 2616 1285 2672 6.
1317 2634 1441 2692 cap.
1477 2616 1568 2689 13,
1598 2616 1634 2647 “
1659 2615 1747 2671 Eo
1769 2614 2008 2673 insaniae
2035 2613 2348 2673 deventum
2376 2624 2480 2691 est,
2513 2624 2577 2675 ut
2602 2616 2730 2677 haec

306 2714 449 2771 pars
475 2694 706 2771 pietatis
733 2714 933 2770 parum
973 2692 1200 2752 differat
1236 2693 1313 2751 ab
1348 2693 1702 2770 impietate.¹’
1754 2693 1850 2751 Sic
1877 2694 2100 2753 Gerson
2147 2694 2208 2750 in
2246 2695 2462 2770 regulis
2495 2696 2727 2754 morali-

306 2774 443 2847 bus,
490 2775 527 2805 “
550 2773 677 2831 Nisi
707 2774 803 2849 pia
850 2771 1150 2848 intentiO,'’
1174 2772 1379 2849 inquit,
1427 2776 1462 2805 ‘⁴
1480 2780 1785 2831 excusaret
1825 2771 2042 2831 multos
2068 2772 2374 2848 simplices,
2405 2774 2726 2833 idololatrae

304 2854 740 2911 censerentur.''
805 2852 1195 2910 Bellarminus
1222 2852 1345 2928 ipse
1368 2852 1685 2927 periculum
1715 2870 1840 2909 esse
1860 2872 1976 2909 non
1999 2849 2288 2923 diffitetur,
2319 2852 2432 2908 nisi
2460 2852 2611 2910 adsit
2639 2853 2724 2911 in-

304 2932 552 3006 stitutio,
583 2932 685 2990 lib.
724 2932 783 2991 ii.
834 2952 939 3009 cap
968 2932 1023 2989 8.
1069 2930 1248 2988 Absit
1274 2950 1413 2988 vero
1441 2950 1476 2986 a
1502 2930 1672 2987 nobis
1699 2938 1764 2986 ut
1790 2938 1980 2987 mutos
2007 2929 2151 2986 istos
2179 2928 2442 2987 doctores
2469 2948 2724 3005 unquam

306 3029 634 3087 sequamur,
694 3011 793 3088 qui
845 3031 963 3069 non
1016 3010 1131 3067 alia
1182 3008 1257 3066 de
1312 3028 1485 3066 causa
1510 3006 1732 3085 populo·
1754 3007 2152 3081 obtruduntur,
2184 3026 2356 3081 quam
2385 3006 2460 3064 ad
2509 3026 2638 3065 eum
2689 3030 2726 3069 a

310 3090 611 3167 Scriptura
638 3090 1055 3165 abducendum,
1087 3107 1257 3165 quam
1303 3086 1508 3145 merito
1553 3085 1818 3143 Ecclesia
1846 3086 2108 3143 Romana
2134 3085 2300 3161 fugit,
2333 3095 2391 3144 et
2419 3086 2720 3147 exhorres-

307 3170 393 3229 cit
417 3178 483 3227 ut
510 3170 665 3229 fures
692 3169 897 3245 lucem,
954 3178 1014 3227 et
1043 3176 1236 3225 sontes
1263 3166 1471 3243 legem.
1543 3164 1722 3224 Absit
1766 3173 1833 3224 ut
1881 3184 2104 3223 summa
2149 3165 2210 3223 in
2255 3165 2442 3225 Deum
2490 3167 2719 3245 injuria,

310 3267 537 3307 summo
584 3248 882 3325 religionis
927 3246 1267 3307 Christianae
1316 3245 1613 3319 dedecore,
1645 3252 1704 3303 et
1751 3244 1794 3303 J
1797 3243 2090 3303 udaeorum
2119 3264 2186 3304 ac
2214 3246 2564 3321 reliquorum
2593 3248 2719 3305 infi-

307 3328 526 3386 delium
545 3326 832 3402 scands10,
851 3348 954 3404 per
971 3350 1313 3403 μοιχουσιισην
1339 3323 1565 3399 &turcana
1586 3334 1820 3383 mentem
1838 3333 2189 3401 scortantem,
2207 3333 2274 3383 ut
2293 3325 2549 3401 loquitur
2573 3328 2720 3403 Epi·

294 3408 443 3485 pha.
468 3408 621 3465 idola
641 3410 759 3466 ulla
777 3407 1081 3483 tzelotypiae
1100 3407 1161 3464 in
1176 3405 1453 3483 templum
1472 3406 1599 3481 ejus
1619 3403 1978 3461 inducamus.
2009 3404 2162 3478 Quin
2178 3404 2370 3482 potius
2391 3406 2561 3463 unico
2583 3406 2719 3465 doc·

306 3495 435 3546 tore
464 3486 693 3545 Christo
721 3488 994 3561 contenti,
1024 3506 1156 3545 eum
1182 3486 1243 3543 in
1270 3485 1450 3543 verbo
1472 3483 1788 3557 audiamus,
1819 3490 2030 3541 etcum
2057 3502 2174 3541 non
2196 3483 2360 3542 aliter
2375 3482 2632 3560 legitime
2655 3504 2719 3545 se

304 3566 419 3625 coli
446 3584 617 3643 posse
644 3564 865 3641 doceat,
896 3584 1067 3642 quam
1095 3566 1157 3622 in
1184 3564 1389 3641 spiritu
1417 3572 1475 3622 et
1502 3562 1762 3637 veritate,
1792 3562 1946 3621 hunc
1974 3561 2058 3619 illi
2088 3561 2304 3620 cultum
2333 3582 2450 3638 prae
2495 3566 2718 3623 caeteris

304 3644 575 3705 omnibus
620 3655 919 3723 acceptum
965 3663 1191 3720 semper
1243 3643 1636 3716 exhibeamus,
1666 3662 1773 3700 nec
1813 3660 2068 3716 unquam
2111 3640 2396 3717 patiamur
2421 3640 2593 3699 fidem
2620 3643 2718 3701 vel

302 3725 534 3804 praxim
558 3724 681 3793 ulla
707 3724 915 3782 erroris
941 3724 1037 3782 vel
1066 3722 1405 3782 idololatriae
1432 3722 1563 3779 labe
1600 3720 1775 3779 infici.
1834 3732 2032 3777 rum-o.

677 3808 705 3861 1
752 3804 793 3863 J
800 3822 897 3863 011.
930 3824 986 3862 v.
1017 3808 1112 3861 21.
1160 3816 1352 3879 Tum,
1378 3804 1642 3875 φυλιξκπ
1671 3803 1868 3865 {amove
1893 3826 1999 3857 axo
2027 3823 2118 3855 rm
2145 3794 2363 3855 νὸυλυν.
