3234 5192
318 312 547 353 msrur.
579 290 756 373 xxv.]
918 310 997 349 ns
1037 309 1375 351 conconnm
1416 309 1595 351 mum
1638 310 1714 349 m·
1753 310 1984 369 neom,
2015 310 2143 351 s‘rc.
2611 292 2730 351 ⁷45

320 454 573 513 tificatus
624 472 765 530 ergo
814 451 1026 511 dicitur
1065 471 1169 531 per
1216 452 1567 511 oblationem
1612 451 1720 511 filii
1763 453 1891 527 sui3
1935 459 1998 512 at
2033 469 2226 511 coram
2272 450 2400 508 Deo
2430 448 2732 511 Abraham

320 534 505 592 multo
553 541 687 592 ante
735 533 922 598 fuerat
956 532 1081 610 jam
1117 532 1487 611 justificatus,
1518 532 1766 592 testibus
1816 534 1984 592 Mose
2005 541 2064 591 et
2095 530 2296 606 Paulo,
2327 550 2462 589 nam
2489 532 2732 609 triginta

320 614 621 673 minimum
648 612 815 671 annis
843 620 1148 690 antequam
1179 612 1409 673 offerret
1435 612 1617 673 filium
1648 614 1861 673 dicitur
1887 612 2203 673 credidisse
2238 610 2366 669 Deo
2393 618 2454 669 et
2481 611 2626 671 fides
2643 613 2732 673 illi

321 695 603 771 imputata
630 694 705 751 ad
732 694 776 754 J
780 693 1052 768 ustitiam,
1086 692 1235 753 Gen.
1264 714 1367 752 xv.
1392 715 1406 769 ;
1437 713 1577 771 ergo
1607 712 1710 771 per
1737 712 1883 771 opus
1912 690 2322 751 immolationis
2350 711 2467 750 non
2495 701 2585 751 est
2602 693 2732 769 jus-

317 775 571 834 tificatus
588 773 879 833 causative
906 781 965 832 et
994 774 1291 850 meriwrie,
1314 782 1383 833 ut
1409 774 1768 834 contendunt
1795 773 2130 848 adversarii,
2162 771 2330 850 quasi
2347 772 2446 830 illa
2465 771 2730 832 immola-

321 855 477 914 tione
505 854 609 911 filii
639 863 763 913 tum
792 854 1021 912 demum
1053 873 1191 913 vere
1218 863 1277 913 et
1302 854 1553 931 perfecte
1588 854 1796 915 fuisset
1833 853 2204 932 justificatus,
2235 872 2370 911 nam
2412 854 2538 930 jam
2566 872 2727 912 acce-

318 942 483 1011 perat
508 935 751 1011 siqillum
788 934 1035 993 Justitiae
1064 934 1229 1011 fidei,
1278 935 1447 993 Rom.
1476 934 1556 992 iv.
1612 934 1704 1009 11,
1735 943 1794 994 et
1819 934 2148 1012 propositus
2175 941 2299 992 erat
2345 932 2405 990 in
2435 933 2731 1011 exemplar

312 1014 745 1091 justificationis
774 1013 1043 1072 omnibus
1084 1022 1218 1091 post
1242 1013 1452 1073 futuris
1480 1014 1751 1074 fidelibus
1793 1022 1914 1073 tam
1943 1014 1986 1072 J
1989 1013 2172 1073 udaeis
2198 1032 2373 1089 quam
2403 1013 2691 1073 Gentibus
2715 1036 2730 1091 ;

322 1094 424 1153 sed
457 1095 811 1172 justificatus
841 1104 929 1153 est
958 1095 1219 1153 ostensive
1266 1101 1326 1153 et
1352 1096 1713 1171 declar-alive,
1743 1094 1882 1173 quia
1921 1094 2058 1153 fidei
2105 1093 2380 1153 salvificae
2407 1101 2467 1152 et
2514 1093 2731 1172 justifi-

321 1175 507 1233 cantis
534 1184 594 1233 et
620 1194 741 1235 suae
790 1195 893 1252 per
932 1173 1093 1233 illam
1132 1174 1583 1251 justificationis,
1613 1175 1726 1234 hoc
1769 1174 2023 1235 reddidit
2065 1173 2476 1233 testimonium.
2561 1173 2732 1248 Quod

320 1256 709 1329 confirmatur,
729 1256 919 1330 tertio,
944 1274 1020 1313 ex
1042 1255 1223 1331 ipsius
1246 1254 1467 1331 Angeli
1492 1254 1692 1313 verbis
1719 1255 1794 1313 ad
1823 1254 2240 1329 Abrahamum,
2273 1253 2422 1312 Gen.
2453 1254 2598 1313 xxii.
2633 1255 2732 1313 12.

324 1336 467 1393 Cum
496 1335 651 1393 enim
684 1336 953 1393 Isaacum
982 1334 1305 1409 obtulisset,
1334 1336 1433 1393 vel
1473 1334 1533 1392 in
1562 1354 1632 1393 eo
1662 1343 1817 1394 esset
1863 1342 1929 1393 ut
1949 1334 2194 1412 jamjam
2221 1332 2470 1409 offerret,
2501 1334 2732 1395 sublata

320 1414 397 1473 ad
425 1414 763 1473 eaedendum
792 1414 975 1473 filium
1005 1434 1195 1489 manu,
1229 1414 1449 1491 impetu
1486 1416 1613 1492 ejus
1641 1414 1907 1489 inhibito,
1936 1414 2012 1473 ad
2059 1434 2192 1473 eum
2225 1413 2268 1473 J
2271 1414 2473 1473 ehovoe
2500 1415 2734 1475 nomine

320 1495 502 1554 verba
529 1494 684 1571 facit,
717 1498 754 1528 “
778 1496 867 1553 Ne
914 1495 1197 1553 extendas
1244 1514 1480 1554 manum
1528 1504 1688 1553 tuam
1736 1496 1798 1553 in
1841 1514 2102 1573 puerum,
2132 1493 2270 1572 quia
2295 1514 2451 1559 nunc
2480 1494 2732 1571 cognovi

320 1574 479 1651 quod
506 1575 678 1633 times
707 1576 897 1634 Deum
940 1594 1049 1633 nec
1096 1574 1442 1653 prohibuisti
1484 1574 1668 1633 filium
1713 1584 1874 1635 tuum
1904 1574 2140 1634 unicum
2168 1595 2204 1633 a
2229 1594 2322 1633 me
2344 1574 2403 1651 ;”
2429 1574 2542 1633 hoc
2590 1593 2732 1652 ergo

320 1674 467 1731 opus
495 1674 565 1714 eo
592 1664 817 1714 tantum
848 1654 1138 1733 pertinuit,
1168 1675 1287 1714 non
1313 1665 1379 1715 ut
1420 1654 1644 1731 justum
1689 1675 1820 1714 eum
1863 1654 2146 1731 redderet,
2175 1655 2286 1713 hoc
2329 1652 2482 1713 enim
2505 1652 2630 1732 jam
2659 1653 2734 1713 de

320 1736 425 1793 illo
452 1735 827 1813 praedicatum
854 1734 1058 1810 fuerat,
1090 1735 1194 1793 sed
1222 1742 1288 1795 ut
1334 1735 1550 1811 insigni
1578 1733 1776 1813 aliquo
1804 1735 2198 1811 experimento
2245 1734 2517 1811 probaret
2544 1734 2729 1793 omni-

322 1815 433 1874 bus
461 1835 636 1893 quam
664 1814 815 1874 serio
844 1815 1037 1875 Deum
1062 1815 1291 1875 timeret
1318 1824 1377 1875 et
1420 1834 1593 1893 quam
1619 1835 1756 1874 vere
1785 1814 1930 1873 fides
1958 1814 2044 1873 illi
2091 1814 2152 1873 in
2179 1814 2224 1873 J
2229 1814 2482 1873 ustitiam
2527 1814 2733 1875 fuisset

320 1896 623 1973 imputata.
694 1896 929 1970 Quart0,
962 1896 1073 1953 hoc
1120 1896 1415 1973 colligitur
1456 1914 1534 1954 ex
1559 1896 1756 1954 verbis
1804 1895 1848 1955 J
1851 1894 2034 1971 acobi,
2064 1914 2198 1954 nam
2240 1894 2354 1953 nisi
2381 1894 2736 1973 intelligeret

312 1975 789 2052 justificationem
835 1976 998 2033 illam
1026 1973 1349 2035 Abrahami
1390 1996 1465 2036 ex
1496 1976 1768 2053 operibus
1799 1976 2157 2048 declarative,
2188 1994 2463 2051 quorsum
2493 1975 2730 2052 diceret,

320 2074 441 2111 ver.
490 2058 585 2129 23,
622 2057 658 2087 “
684 2054 1039 2132 Scripturam
1068 2054 1363 2132 impletam
1398 2055 1638 2131 suisse,''
1667 2075 1846 2132 quum
1875 2055 2087 2114 obtulit
2131 2054 2333 2129 filium,
2378 2058 2562 2131 “quse
2589 2054 2734 2115 dicit

324 2132 725 2191 Abrahamum
754 2134 1069 2193 credidisse
1099 2135 1227 2193 Deo
1255 2144 1314 2194 et
1361 2134 1449 2193 illi
1474 2136 1821 2211 imputatum
1849 2134 2028 2193 fuisse
2056 2133 2133 2193 ad
2173 2133 2474 2193 Justitiam
2496 2134 2564 2193 ?’'
2595 2154 2734 2194 sane

321 2213 434 2272 hoc
462 2212 874 2272 absurdissime
902 2213 1189 2273 diceretur
1216 2214 1267 2273 si
1294 2214 1367 2273 de
1394 2214 1624 2292 proprie
1673 2214 1828 2273 dicta
1850 2213 2262 2292 justificatione
2289 2213 2732 2289 intelligendum

320 2300 490 2367 esset,
523 2292 813 2370 quomodo
842 2293 995 2351 enim
1024 2294 1261 2371 impleta
1287 2294 1501 2353 dicitur
1551 2294 1850 2371 Scriptura
1895 2314 2026 2371 quse
2053 2294 2309 2371 loquitur
2335 2293 2408 2352 de
2446 2293 2732 2370 justifica-

320 2373 478 2431 tione
506 2372 662 2443 fidei,
682 2392 813 2431 cum
836 2372 1190 2450 justificatus
1218 2382 1309 2433 est
1334 2394 1411 2433 ex
1439 2375 1756 2452 operibus?
1786 2373 1890 2433 sed
1931 2373 2394 2433 commodissime
2421 2374 2734 2451 exponitur

320 2452 395 2511 de
422 2452 831 2525 declaratione,
859 2453 997 2530 quia
1022 2453 1169 2513 fides
1198 2453 1447 2531 seipsam
1492 2454 1765 2533 probavit
1801 2474 1904 2531 per
1951 2473 2144 2532 opera,
2194 2462 2255 2513 et
2281 2461 2419 2512 tunc
2467 2454 2734 2531 apparuit

318 2552 457 2592 vere
486 2542 545 2593 et
572 2554 690 2592 non
717 2533 1073 2611 hypocritice
1118 2534 1519 2594 Abrahamum
1550 2536 1678 2595 Deo
1705 2534 2038 2609 credidisse,
2067 2553 2310 2611 eamque
2357 2532 2530 2593 fidem
2551 2542 2618 2593 ut
2643 2534 2732 2593 vi-

319 2632 455 2672 vam
484 2622 545 2673 et
570 2614 861 2673 efficacem
888 2614 977 2673 illi
1003 2634 1121 2673 non
1149 2615 1255 2674 abs
1282 2634 1344 2674 re
1391 2615 1734 2693 imputatam
1761 2616 1942 2674 fuisse
1989 2614 2064 2675 ad
2106 2614 2414 2692 justitiam,
2446 2620 2732 2691 quatenus

324 2694 548 2754 scilicet
594 2694 1033 2773 promissionem
1062 2694 1264 2771 gratiss
1292 2695 1761 2771 amplectebatur.
1808 2694 1902 2753 Its
1943 2695 2187 2769 impletio
2223 2693 2350 2753 haec
2377 2696 2734 2771 metonymic-e

319 2773 702 2851 intelligenda
728 2774 854 2848 erit,
884 2793 991 2850 pro
1016 2775 1349 2850 impletionis
1376 2776 1756 2833 declaratione
1773 2782 1834 2831 et
1858 2773 2221 2848 certitudine,
2251 2793 2382 2850 quae
2401 2794 2476 2833 ex
2505 2774 2614 2833 hoc
2643 2774 2726 2833 ef-

322 2854 475 2913 fecto
504 2852 839 2946 clarissime·
856 2853 1147 2931 innotuit;
1190 2854 1480 2932 quomodo
1528 2854 1710 2913 verba
1749 2852 2082 2913 istiusmodi
2123 2853 2186 2912 in
2227 2854 2526 2931 Scriptura
2553 2855 2731 2913 semel

320 2932 762 3071 mlgplgrlls.allgilt
780 2931 1037 3090 (1ςίξέἳὲ
1040 2976 1356 3090 ’colligitur
1389 3010 1863 3091 justificationem
1909 3012 2061 3071 hanc
2102 3011 2442 3089 Abrahami,
2495 3012 2568 3071 de
2612 3033 2729 3090 qua

323 3091 368 3152 J
370 3094 587 3153 acobus
609 3093 747 3169 agit,
776 3094 1000 3171 proprie
1020 3092 1096 3150 ad
1117 3094 1555 3151 declarationem
1575 3113 1614 3150 a
1633 3093 1944 3168 posteriori
1960 3091 2318 3151 referendam
2339 3112 2486 3153 esse.
2527 3093 2726 3161 Perre.

323 3174 651 3251 cujusmodi
700 3174 777 3232 sit
822 3172 926 3232 illa
972 3174 1299 3248 declaratio,
1357 3181 1417 3232 et
1459 3174 1656 3249 quibus
1691 3175 1868 3247 facta
1916 3173 1966 3231 si
2013 3172 2308 3249 quaeritur,
2369 3172 2730 3251 Responderi

322 3254 557 3331 quidem
588 3254 752 3328 solet,
798 3272 905 3312 nec
945 3253 1114 3329 male,
1164 3252 1375 3311 factam
1416 3272 1543 3312 esse
1582 3252 1906 3327 hominibus,
1951 3272 2086 3311 nam
2115 3253 2226 3312 etsi
2255 3252 2471 3312 oblatio
2498 3253 2600 3311 illa
2627 3254 2734 3313 filii

322 3334 477 3393 facta
522 3333 695 3393 fuerit
742 3333 979 3392 remotis
1039 3333 1288 3409 arbitris,
1336 3333 1459 3393 solo
1502 3341 1652 3392 teste
1696 3332 1918 3408 Isaac0,
1964 3334 2066 3410 qui
2105 3341 2357 3392 mentem
2394 3333 2576 3410 patris
2613 3354 2732 3395 non

322 3414 513 3490 potuit
540 3432 715 3473 nosse
742 3414 855 3472 nisi
883 3433 960 3473 ex
987 3420 1217 3489 eventu,
1261 3422 1433 3490 atque
1472 3413 1553 3473 ita
1581 3432 1652 3472 eo
1679 3422 1970 3473 momento
1997 3413 2214 3473 nemini
2242 3414 2470 3491 proprie
2499 3416 2734 3492 cognita

324 3494 497 3553 fuerit
524 3494 649 3553 haec
676 3494 923 3571 insignis
944 3493 1265 3553 Abrahami
1294 3493 1654 3569 obedientia3
1699 3500 2009 3571 potuerunt
2035 3502 2228 3553 tamen
2249 3493 2512 3553 homines
2540 3495 2736 3555 caeteri

325 3574 401 3633 ad
444 3594 589 3651 quos
630 3575 797 3633 istius
838 3573 977 3633 facti
1017 3594 1211 3633 rumor
1250 3573 1505 3651 perlatus
1534 3582 1625 3633 est
1650 3582 1854 3652 postea
1879 3574 2027 3634 illud
2054 3573 2412 3651 dignoscere,
2443 3574 2558 3632 imo
2586 3594 2730 3651 quo-

326 3654 467 3714 tidie
511 3654 657 3714 fides
693 3654 1015 3713 Abrahami
1062 3674 1216 3713 nunc
1264 3654 1437 3712 etiam
1487 3654 1657 3713 nobis
1700 3653 2010 3713 innotescit
2051 3673 2154 3730 per
2197 3653 2524 3713 istiusmodi
2568 3654 2731 3713 obla-

326 3736 560 3811 tionem,
611 3756 687 3795 ex
730 3754 801 3794 ea
842 3735 1057 3813 quippe
1098 3742 1165 3793 ut
1208 3754 1283 3793 ex
1326 3743 1670 3811 argumento
1718 3744 1876 3794 certo
1921 3742 1982 3793 et
2025 3732 2352 3793 indubitato
2401 3733 2732 3811 colligimus

328 3835 446 3874 non
492 3835 703 3873 vanam
752 3824 811 3874 et
878 3822 1179 3889 mortuam,
1238 3814 1343 3873 sed
1390 3816 1586 3874 vivam
1637 3825 1696 3874 et
1739 3815 2030 3873 efficacem
2079 3812 2255 3873 fuisse
2305 3813 2488 3891 ipsius
2539 3814 2733 3874 fidem.

328 3897 549 3955 Verum
590 3895 833 3954 ulterius
874 3898 959 3953 ad
994 3896 1181 3953 Deum
1222 3894 1413 3972 ipsum
1454 3893 1880 3953 extendendam
1923 3913 2050 3953 esse
2091 3893 2250 3953 illam
2285 3893 2423 3953 fidei
2451 3895 2732 3954 ostensio-

326 3996 459 4034 nem
490 3976 669 4034 verba
698 3974 917 4052 Angeli
944 3974 1021 4033 ad
1042 3974 1441 4035 Abrahamum
1463 3994 1570 4033 nos
1598 3974 1824 4049 docent,
1851 3974 1934 4033 sic
1963 3974 2114 4033 enim
2145 3993 2418 4051 expresse
2449 3975 2734 4051 Angelus,

327 4058 501 4115 Nune
542 4056 673 4115 novi
712 4057 867 4132 quod
906 4056 1061 4113 times
1089 4057 1294 4129 Deum,
1326 4054 1435 4114 Sec.
1496 4055 1567 4113 E.
1601 4054 1729 4114 Deo
1768 4055 1943 4115 etiam
1985 4055 2238 4113 innotuit
2275 4062 2336 4113 et
2369 4056 2611 4131 probata
2647 4068 2738 4114 est

328 4137 439 4196 hoc
468 4138 619 4195 facto
658 4135 981 4195 Abrahami
1016 4134 1181 4195 fides.
1250 4135 1367 4195 Sed
1402 4134 1547 4212 quid
1588 4155 1736 4213 opus
1776 4136 1903 4195 Deo
1957 4135 2354 4213 experimento
2397 4135 2498 4211 qui
2540 4132 2736 4214 καιςδιο·

327 4218 559 4293 φύσης,
618 4216 715 4275 vel
742 4214 1033 4293 quomodo
1076 4216 1299 4293 aliquid
1346 4216 1409 4274 in
1450 4222 1710 4293 tempore
1759 4216 2116 4275 innotescere
2145 4214 2234 4273 illi
2279 4221 2472 4291 potest
2515 4215 2610 4275 cui
2663 4216 2738 4275 ab

329 4307 543 4357 aeterno
586 4296 781 4355 omnia
824 4294 1057 4355 fuerunt
1098 4305 1237 4355 nota
1280 4305 1340 4356 et
1382 4297 1708 4373 praesentia,
1752 4296 1888 4356 Act.
1919 4316 2018 4353 xv.
2055 4297 2174 4353 18?
2255 4294 2373 4353 Hic
2405 4294 2594 4355 nodus
2621 4316 2740 4355 non

328 4378 477 4436 levis
505 4375 753 4452 videtur,
784 4385 959 4453 atque
1008 4396 1078 4435 eo
1106 4377 1295 4453 magis
1334 4375 1569 4435 vindice
1597 4376 1827 4454 dignus,
1852 4374 2010 4452 quod
2037 4374 2322 4434 infaustus
2349 4374 2449 4434 ille
2475 4376 2738 4454 Socinus,

327 4457 727 4517 haereticorum
756 4457 1011 4515 omnium
1041 4456 1479 4531 audacissimus,
1520 4456 1652 4515 loco
1693 4457 1804 4515 hoc
1845 4456 2018 4513 etiam
2061 4453 2277 4514 abusus
2305 4463 2394 4515 est
2421 4455 2496 4515 ad
2523 4476 2741 4536 neg-an-

327 4537 462 4597 dam
491 4538 747 4597 divinam
774 4538 1231 4613 praescientiam
1278 4538 1427 4595 Nam
1470 4536 1521 4593 si
1562 4536 1853 4594 infallibili
1895 4535 2138 4594 scientia
2165 4536 2358 4595 omnia
2385 4536 2552 4597 novit
2579 4547 2740 4598 ante·

325 4638 501 4697 quam
528 4617 689 4693 fiant,
735 4637 849 4677 non
894 4638 1064 4695 posse
1106 4618 1404 4696 explicari,
1450 4616 1660 4695 inquit,
1703 4616 1996 4693 quomodo
2028 4616 2188 4676 Deus
2215 4616 2372 4677 dicat
2401 4638 2462 4677 se
2486 4626 2614 4678 tum
2643 4618 2740 4676 de·
