3234 5192
814 1080 1517 1159 DISPUTATIO
1626 1080 2086 1174 OCTAVA,

280 1350 398 1441 ET
464 1349 843 1470 ULTIMA,
914 1351 1015 1443 IN
1082 1352 1279 1463 QUA
1346 1350 1964 1447 OBJECTIONES
2033 1350 2598 1476 SOLVUNTUR,

567 1848 958 1923 Respondent-3
1001 1846 1341 1907 Eamus-,ms
1392 1848 1990 1907 Wunsrsussaoeno
2033 1848 2327 1906 Ber-nemi.

330 2006 381 2064 Ι.
424 2004 657 2064 Versati
708 2004 923 2064 fuimus
980 2005 1261 2065 hactenus
1304 2006 1364 2064 in
1392 2007 1660 2066 examine
1701 2006 2118 2083 praecipuorum
2161 2013 2650 2083 argumentorum,

246 2085 459 2163 quibus
508 2096 720 2143 nostroe
776 2085 851 2143 ab
904 2084 1168 2143 Ecclesia
1221 2086 1483 2145 Romana
1536 2086 1879 2145 secessionis
1931 2086 2262 2159 necessitas,
2308 2096 2365 2143 et
2421 2103 2654 2160 synere-

250 2164 409 2223 tismi
458 2184 587 2223 eum
632 2184 701 2223 ea
748 2160 1010 2239 κῖυυαμια
1054 2165 1387 2241 adstruitur,
1438 2175 1497 2225 et
1516 2166 1871 2244 justissimas
1919 2186 1987 2225 ae
2030 2163 2404 2243 gravissimas
2452 2182 2656 2222 causas

247 2246 497 2321 majores
538 2256 767 2303 nostros
811 2245 1081 2304 habuisse
1124 2246 1199 2303 ab
1240 2246 1342 2304 illa
1386 2246 1656 2320 exeundi,
1701 2264 1809 2303 nos
1849 2266 1992 2305 vero
2035 2246 2227 2303 nullas
2273 2244 2348 2303 ad
2390 2262 2516 2301 eam
2563 2263 2652 2301 re-

249 2322 465 2381 deundi
492 2322 703 2382 habere
731 2344 919 2401 posse,
952 2324 1256 2401 probatum
1278 2326 1562 2386 dedimus,
1647 2324 1804 2385 Ordo
1833 2326 1956 2403 jam
1997 2324 2268 2403 postulat,
2299 2332 2364 2383 ut
2391 2348 2657 2387 «κισ-κων

250 2403 425 2463 etiam
487 2403 857 2463 instituamus
912 2404 1197 2463 rationum
1252 2407 1689 2483 praecipuarum,
1735 2406 1947 2481 quibus
2003 2406 2046 2463 oi
2101 2409 2148 2477 εξ
2195 2428 2406 2469 ananau
2455 2414 2656 2462 contra

250 2483 629 2541 secessionem
674 2492 733 2541 et
774 2503 877 2561 pro
920 2486 1298 2561 syncretismo
1340 2496 1619 2563 pugnant.
1727 2485 1849 2543 Nec
1893 2486 2045 2543 enim
2088 2485 2395 2543 defuerunt
2436 2483 2653 2561 superi-

250 2562 335 2619 ori
379 2562 590 2637 seculo,
640 2564 735 2621 vel
780 2564 991 2623 desunt
1038 2564 1149 2623 hoe
1203 2576 1402 2624 nostro
1451 2577 1569 2624 tam
1610 2564 1868 2641 theologi
1912 2586 2086 2642 quam
2129 2564 2367 2641 politici,
2413 2564 2514 2639 qui
2564 2582 2651 2621 se-

250 2642 495 2699 cessioni
546 2654 755 2701 nostrae
799 2645 1137 2702 temeritatis
1178 2654 1239 2703 et
1278 2645 1578 2722 injustitias
1620 2644 1836 2702 crimen
1879 2645 2226 2722 impingunt,
2273 2644 2488 2720 quique
2546 2642 2654 2701 sub

251 2722 511 2798 specioso
551 2722 711 2798 pacis
755 2734 1057 2800 praetextu,
1104 2724 1206 2783 sed
1248 2744 1449 2784 revera
1493 2736 1559 2785 ut
1598 2724 1773 2782 rebus
1815 2724 1934 2781 suis
1990 2736 2049 2782 et
2090 2722 2406 2781 commodis
2447 2740 2653 2779 consu-

248 2800 389 2875 lant,
432 2814 689 2860 nostrum
720 2804 795 2859 ad
840 2803 1084 2860 Romam
1114 2803 1361 2863 reditum
1404 2824 1609 2881 urgere
1652 2822 1766 2861 non
1810 2803 2098 2873 desinunt,
2143 2810 2202 2861 et
2243 2802 2548 2859 honestum
2593 2800 2654 2857 in

251 2882 519 2957 speciem,
550 2882 654 2941 sed
680 2882 867 2960 reipsa
894 2883 1288 2960 turpissimum
1317 2894 1377 2944 et
1404 2884 1640 2943 exitiale
1683 2882 2046 2959 syncretismi
2075 2880 2380 2940 eonsilium
2409 2878 2652 2938 suadere

246 2970 547 3019 conantur.

334 3040 421 3098 11.
466 3039 617 3115 Quia
664 3060 801 3101 vero
850 3042 1159 3123 multiplici
1210 3052 1680 3120 argumentorum
1734 3062 1943 3118 genere
1985 3050 2244 3116 utuntur,
2289 3059 2358 3098 ea
2401 3038 2462 3097 in
2505 3037 2652 3097 duos

249 3119 485 3179 ordines
526 3118 933 3196 dispeseemus.
1020 3124 1233 3199 Primo,
1279 3123 1673 3202 expendemus
1720 3122 1838 3197 illa,
1869 3122 2080 3199 quibus
2109 3120 2490 3181 secessionem
2517 3138 2650 3179 nos-

247 3210 397 3259 tram
426 3200 717 3277 injustam,
749 3214 807 3263 et
848 3205 1226 3278 temerariam,
1271 3212 1443 3280 atque
1484 3202 1632 3261 adeo
1673 3222 1808 3262 vere
1851 3202 2274 3261 schismaticam
2303 3201 2479 3260 fuisse
2521 3218 2652 3277 pro-

248 3280 389 3338 bare
432 3280 803 3341 contendunt.
892 3283 1176 3356 Secunde,
1208 3285 1569 3343 excutiemus
1609 3282 1741 3357 alia,
1786 3303 1915 3361 quae
1946 3282 2406 3360 syncretismum,
2438 3288 2504 3339 ut
2523 3280 2651 3358 jus·

249 3368 375 3419 tum
418 3372 476 3419 et
516 3361 867 3438 possibilem,
913 3362 1336 3424 commendant.
1422 3364 1499 3422 Et
1526 3372 1591 3423 ut
1620 3364 1692 3421 de
1734 3363 2022 3441 prioribus
2063 3362 2322 3421 dicamus
2363 3360 2650 3439 primum;

250 3460 327 3498 ex
375 3460 445 3498 eo
485 3440 849 3517 potissimum
898 3442 1321 3502 schismaticam
1364 3463 1488 3502 esse
1532 3443 1913 3502 secessionem
1964 3451 2218 3501 nostram
2257 3442 2522 3500 evincere
2563 3458 2651 3497 sa-

250 3528 477 3596 tagunt.
564 3521 777 3595 Primo,
808 3522 963 3598 quod
992 3522 1067 3581 ab
1097 3522 1360 3581 Ecclesia
1396 3544 1536 3581 vera
1562 3522 1959 3583 defecerimus.
2048 3522 2111 3580 Si
2139 3544 2173 3581 a
2199 3542 2340 3581 vera
2369 3520 2649 3593 Ecclesia,

250 3598 539 3675 inquiunt,
583 3620 753 3659 nemo
794 3610 986 3678 potest
1034 3602 1299 3661 secedere
1349 3602 1473 3661 sine
1513 3603 1839 3662 schismatis
1881 3614 2036 3677 nota,
2080 3622 2196 3660 non
2244 3600 2536 3678 potuimus
2579 3597 2653 3656 ab

256 3678 521 3737 Ecclesia
564 3680 828 3739 Romana
856 3681 1140 3757 secedere,
1171 3682 1309 3759 quin
1355 3683 1413 3739 in
1457 3682 1784 3741 schismatis
1824 3682 2042 3741 crimen
2083 3680 2484 3750 incideremuS,
2515 3677 2654 3753 quia

254 3778 396 3816 vera
438 3758 545 3818 fuit
587 3759 802 3819 Christi
832 3761 1113 3819 Ecclesia.
1177 3762 1389 3819 Veram
1421 3770 1612 3821 autem
1657 3761 1832 3821 fuisse
1872 3761 2134 3840 probant,
2171 3764 2222 3818 1.
2268 3756 2416 3833 Quia
2444 3758 2654 3814 retinet

254 3837 546 3915 praeeipua
586 3858 741 3897 verse
788 3841 1087 3917 religionis
1126 3841 1515 3916 fundamenta,
1548 3842 1760 3917 quibus
1797 3842 1943 3900 fides
1983 3850 2181 3899 nostra
2223 3835 2650 3914 superstruitur,

255 3927 317 3975 et
368 3918 527 3976 salus
580 3929 825 3993 constat,
868 3930 1009 3997 puta
1070 3921 1313 3979 verbum
1358 3922 1468 3980 Dei
1524 3930 1584 3980 et
1637 3921 1928 3997 publicam
1985 3922 2111 3997 ejus
2165 3916 2649 3997 praedicationem,

256 3996 587 4075 symbolum
629 4000 1027 4075 apostolieum,
1074 4002 1435 4078 decalogum,
1486 4000 1800 4059 orationem
1852 4000 2214 4073 dominicam,
2257 3995 2469 4073 quibus
2518 4013 2652 4052 con·

256 4077 475 4134 tinetur
504 4096 728 4135 summa
754 4079 1167 4139 credendorum
1208 4091 1267 4139 et
1295 4080 1723 4153 faciendorum3
1769 4084 1825 4137 2.
1872 4080 2108 4138 Retinet
2149 4082 2652 4149 sacramentorum,

254 4167 317 4215 et
344 4156 617 4233 baptismi
644 4158 907 4235 inprimis
948 4179 1133 4233 usum,
1164 4162 1263 4236 qui
1302 4160 1491 4238 quoad
1537 4160 1918 4218 substantiam
1963 4158 2164 4215 saltem
2197 4156 2421 4231 integer
2461 4174 2654 4212 serva-

254 4244 366 4311 tur,
413 4256 489 4295 ex
538 4248 734 4297 nostra
775 4238 947 4296 etiam
991 4240 1337 4318 hypothesi;
1383 4246 1439 4299 3.
1484 4240 1635 4314 Quia
1680 4239 1789 4296 fuit
1833 4238 1969 4295 olim
2021 4255 2162 4295 vera
2203 4234 2488 4307 Ecclesia,
2515 4252 2658 4312 ergo

251 4326 315 4375 et
354 4336 509 4375 nunc
538 4336 665 4375 esse
706 4316 895 4391 debet,
940 4318 1083 4378 alias
1112 4321 1442 4379 evanuisset
1481 4320 1784 4396 promissio
1827 4316 2058 4389 Christi,
2097 4315 2422 4373 firmitatem
2455 4314 2656 4374 Eccle-

252 4396 357 4453 siae
384 4394 665 4455 adversus
694 4397 1001 4457 inferorum
1046 4409 1241 4477 portas
1291 4399 1665 4477 spondentis3
1710 4400 1764 4455 4.
1827 4396 1888 4454 Si
1921 4396 2184 4455 Ecclesia
2213 4394 2476 4453 Romana
2503 4396 2658 4454 defe-

251 4475 449 4534 cisset·
475 4497 510 4535 a
550 4478 793 4554 pristina
834 4480 1113 4557 majorum
1156 4479 1288 4554 fide,
1333 4478 1557 4538 ostendi
1600 4486 1836 4555 possent
1864 4486 2144 4547 auctores,
2189 4485 2248 4533 ct
2287 4485 2546 4553 tempora
2593 4496 2662 4534 ac

251 4558 565 4630 momenta,
622 4558 835 4634 quibus
891 4559 1233 4619 introductas
1282 4568 1417 4617 sunt
1472 4557 1616 4616 tales
1673 4556 2011 4633 corruptelas
2067 4567 2126 4615 et
2173 4554 2338 4615 factae
2391 4556 2658 4614 mutatio-

250 4656 399 4711 nes3
450 4636 607 4713 quod
662 4658 793 4699 cum
822 4638 948 4699 fieri
974 4648 1242 4717 nequeat,
1286 4658 1405 4699 non
1459 4656 1631 4715 posse
1687 4637 1804 4697 dici
1843 4636 2022 4697 ullam
2063 4638 2239 4697 talem
2293 4636 2504 4695 factam
2535 4654 2662 4693 esse

246 4716 647 4777 mutationem.
