3234 5192
281 358 516 403 mspur.
546 342 660 425 un]
933 365 1010 405 nr.
1041 364 1324 405 uoxomm
1355 363 1599 405 ornum
1656 362 2072 405 Necessrnm.
2589 352 2703 408 277

277 504 519 563 eandem
546 504 738 581 fidem,
771 526 900 585 quse
927 514 1018 567 est
1045 508 1468 567 instrumentum
1495 507 1540 567 J
1541 505 1961 581 ustificationis,
1995 526 2121 566 esse
2150 505 2323 567 etiam
2344 508 2697 585 principium

276 593 335 643 et
362 585 614 645 radicem
647 586 1148 663 Sanctificationis,
1181 608 1297 665 qua
1324 587 1498 647 eorda
1525 588 1763 665 purgari
1790 587 2021 661 debent,
2055 586 2191 645 Aet.
2214 608 2314 645 xv.
2348 591 2403 647 9.

333 704 684 752 Deibonofleia
880 668 1071 727 XIII.
1117 669 1384 745 Denique
1433 688 1502 727 eo
1551 667 1799 725 tendunt
1846 668 2035 726 omnia
2082 668 2203 726 Dea·
2240 670 2516 747 beneficia,
2571 670 2695 727 sive

685 738 696 749 ’
799 750 1108 825 praeterita,
1139 769 1270 826 quae
1298 747 1466 807 nobis
1501 747 1627 823 jam
1666 747 1879 806 collata
1926 756 2078 821 sunt,
2133 748 2257 806 sive
2302 748 2513 823 futura,
2564 768 2695 826 quae

275 830 411 883 sunt
437 824 626 884 adhue
655 826 1017 904 conferenda,
1051 830 1176 887 sive
1205 828 1392 905 gratia
1409 847 1526 904 qua
1541 826 1801 901 fruimur,
1824 826 1947 885 sive
1977 826 2165 903 gloria
2181 846 2353 903 quam
2378 848 2694 906 speramus.

275 902 562 978 Quorsum
591 908 744 965 enim
771 909 940 967 nobis
970 910 1066 967 vel
1093 908 1482 983 conferuntur,
1523 907 1620 965 vel
1660 906 2091 983 promittuntur,
2122 907 2235 965 nisi
2262 916 2327 967 ut
2360 908 2692 967 Sanctifica-

273 984 450 1043 tionis
475 1004 621 1063 opus
651 988 711 1045 in
739 989 906 1048 nobis
935 997 1328 1066 promoveant,
1361 996 1420 1046 et
1449 988 1563 1047 sint
1590 986 1833 1046 totidem
1862 988 2081 1045 motiva
2119 986 2515 1047 efficacissima
2556 990 2693 1047 obe-

274 1063 506 1124 dientiae
561 1077 772 1127 nostrae
828 1088 968 1147 erga
1024 1070 1258 1128 Deum?
1328 1068 1406 1127 Et
1463 1086 1600 1126 sane
1656 1076 1721 1125 ut
1777 1068 2067 1143 geminam
2114 1068 2279 1143 σχέο-ιι
2328 1067 2517 1145 Opera
2559 1087 2691 1127 nos-

274 1151 366 1203 tra
409 1158 652 1223 possunt
695 1148 950 1223 induere,
999 1158 1124 1208 tum
1170 1157 1436 1227 respectu
1467 1148 1766 1225 proeteriti,
1811 1156 1935 1205 tum
1964 1162 2229 1225 respectu
2240 1149 2440 1223 futuri
2452 1174 2475 1221 ;
2516 1149 2693 1227 priori

277 1233 414 1283 sunt
452 1228 641 1301 sigilla
683 1238 742 1288 et
793 1231 1044 1305 pr‘qnora
1087 1230 1286 1306 gratiae
1329 1227 1741 1293 antecedentia,
1790 1227 1939 1304 Eph.
1970 1227 2051 1287 iv.
2084 1231 2180 1293 30,
2214 1232 2249 1285 2
2298 1228 2447 1287 Tim.
2480 1230 2541 1287 ii.
2576 1233 2691 1305 19;

355 1305 582 1364 steriori
632 1316 766 1367 sunt
809 1310 1158 1368 arrhabones
1205 1318 1264 1368 et
1299 1308 1570 1384 primitias
1604 1308 1805 1384 gloriae
1834 1308 2257 1384 consequentiS,
2304 1309 2455 1385 Eph.
2505 1310 2543 1366 i.
2594 1314 2686 1382 14,

276 1324 450 1443 heom.
482 1386 602 1444 viii.
627 1390 722 1446 23.
813 1389 960 1449 Sunt
991 1393 1222 1463 fructus
1250 1390 1571 1461 Electiom‘s,
1597 1408 1727 1465 quae
1766 1388 2063 1465 praecessit
2091 1388 2165 1445 ab
2209 1398 2440 1462 aeterno,
2468 1389 2619 1465 Eph.
2651 1390 2689 1447 i.

277 1466 336 1540 4,
367 1465 578 1542 quibus
606 1487 642 1524 a
667 1470 970 1545 posteriori
1005 1470 1314 1529 innotescit
1341 1478 1400 1527 et
1421 1468 1793 1527 confirmatur
1834 1467 1897 1526 in
1944 1468 2129 1542 nobis,
2174 1472 2210 1527 2
2243 1467 2368 1528 Pet.
2402 1468 2439 1527 i.
2476 1473 2585 1545 103
2632 1478 2691 1529 et

273 1546 488 1603 semina
509 1548 954 1624 ylortflcationis‚
987 1570 1116 1628 quse
1145 1558 1418 1627 sequetur
1443 1549 1503 1606 in
1533 1558 1829 1621 aeternum,
1862 1548 1993 1607 Gal.
2025 1547 2103 1607 vi.
2138 1550 2192 1623 7,
2218 1550 2273 1606 8.
2360 1548 2439 1607 Ει
2459 1558 2523 1607 ιιι
2540 1550 2687 1608 bene

277 1624 516 1683 Bernar.
549 1627 620 1686 de
649 1638 798 1706 grat.
829 1640 888 1689 et
915 1632 1016 1689 lib.
1047 1630 1209 1704 arbi.,
1258 1633 1448 1689 “sunt
1494 1628 1631 1705 Spei
1674 1627 1998 1703 seminaria,
2038 1628 2349 1687 Charitatis
2378 1628 2687 1704 incentiva,

274 1706 500 1765 occulta
529 1708 1060 1770 Praedestinationis
1087 1710 1316 1785 indicia,
1348 1710 1556 1768 futurae
1585 1708 1877 1767 felicitatis
1904 1708 2203 1785 praesagia,
2232 1708 2331 1766 via
2357 1710 2539 1785 regni,
2586 1708 2689 1769 sed

275 1804 390 1843 non
418 1806 592 1847 causa
617 1792 958 1867 regnandi.''
1000 1792 1124 1851 Nec
1151 1791 1460 1850 obscurum
1488 1790 1598 1847 hoc
1628 1788 1737 1847 erit
1764 1788 1995 1865 singula
2018 1788 2130 1847 Dei
2150 1788 2429 1847 beneficia
2446 1810 2687 1867 perpen-

275 1864 468 1927 denti:
515 1867 614 1927 Ad
641 1872 784 1946 quid
811 1872 966 1931 enim
1001 1872 1240 1949 respicit
1261 1880 1476 1929 aeterna
1490 1871 1612 1928 Dei
1634 1870 1867 1940 Electio,
1888 1889 2003 1946 qua
2025 1889 2060 1926 a
2080 1870 2371 1929 communi
2391 1869 2689 1929 hominum

272 1956 634 2022 peecatorum
686 1971 878 2011 massa
923 1954 1146 2025 secreti,
1193 1952 1268 2009 ad
1313 1951 1558 2010 salutem
1600 1950 1873 2007 destinati
1916 1968 2115 2007 sumus
2156 1950 2229 2009 ab
2270 1950 2414 2027 ips0,
2458 1951 2572 2009 nisi
2612 1950 2689 2010 ad

276 2027 790 2089 sanctificationem
812 2035 841 2091 ?
925 2036 960 2065 “
981 2032 1180 2108 Elegit
1225 2051 1332 2089 nos
1389 2032 1447 2087 in
1501 2030 1790 2104 Christ0,''
1850 2029 2038 2105 inquit
2089 2030 2324 2104 PauluS,
2380 2031 2529 2107 Eph.
2560 2032 2597 2089 i.
2628 2034 2685 2107 4,

279 2108 392 2164 “ut
414 2107 594 2167 simus
623 2113 878 2182 saneti;’'
910 2116 946 2170 2
970 2112 1174 2170 Thess,
1194 2110 1254 2169 ii.
1272 2114 1366 2185 13,
1393 2113 1428 2143 “
1449 2110 1647 2186 Elegit
1674 2129 1781 2167 nos
1805 2109 1967 2167 Deus
1996 2109 2067 2167 ab
2089 2109 2255 2168 initio
2277 2110 2337 2167 in
2368 2111 2687 2171 sanctifica·

272 2184 490 2245 tionem
519 2188 755 2265 spiritus
783 2200 842 2248 et
867 2190 1042 2250 fidem
1069 2190 1390 2249 veritatis.¹'
1476 2189 1576 2248 Ad
1604 2189 1746 2267 quid
1766 2190 2097 2265 Redemptio
2127 2190 2385 2248 Christi?
2466 2190 2593 2249 Nisi
2612 2190 2689 2249 ad

275 2264 386 2323 hoc
413 2265 621 2341 ipsum,
653 2276 720 2328 ut
750 2270 1035 2330 “liberati
1063 2271 1138 2329 ab
1165 2270 1416 2329 inimicis
1441 2271 1673 2346 nostris,
1707 2270 1965 2329 colamus
1994 2270 2180 2347 ipsum
2212 2270 2415 2341 ἀφόβως
2434 2270 2493 2327 in
2523 2290 2687 2331 sane-

272 2344 438 2403 titate
483 2356 542 2405 et
581 2348 814 2425 justitia
841 2351 1107 2410 omnibus
1135 2351 1340 2410 diebus
1361 2351 1498 2409 vitae
1519 2350 1793 2425 nostroe,''
1826 2350 1967 2409 Luc.
1991 2351 2030 2409 i.
2065 2354 2159 2425 74,
2208 2350 2286 2410 Et
2316 2361 2379 2411 ut
2404 2350 2689 2430 redempti

271 2425 460 2502 pretio
496 2427 686 2505 ipsum
729 2430 1118 2507 glorificemus
1160 2440 1218 2491 et
1259 2450 1494 2509 corpore
1537 2438 1596 2489 et
1636 2431 1845 2505 enimc,
1902 2434 1931 2489 1
1966 2431 2095 2489 Cor.
2126 2432 2205 2489 vi.
2236 2434 2333 2490 20.
2418 2430 2520 2489 Ad
2546 2432 2689 2509 quid

283 2506 512 2567 Vocatio
532 2511 562 2566 ,²
605 2507 742 2569 Nisi
777 2521 844 2572 ut
881 2514 1061 2571 simus
1103 2512 1304 2587 sancti,
1336 2518 1402 2571 ut
1429 2511 1530 2589 qui
1559 2519 1731 2569 vocat
1758 2530 1864 2569 nos
1894 2520 2126 2571 sanctus
2156 2520 2261 2587 est,
2296 2516 2325 2570 1
2362 2512 2486 2571 Pet.
2520 2513 2556 2571 i.
2592 2516 2683 2587 18,

269 2593 330 2646 et
351 2588 596 2649 virtutes
641 2590 798 2651 illius
839 2594 1234 2670 praedicemus,
1279 2592 1381 2669 qui
1423 2612 1458 2649 a
1498 2590 1753 2651 tenebris
1788 2612 1896 2650 nos
1937 2592 2171 2651 vocavit
2199 2592 2259 2649 in
2288 2592 2685 2653 admirabilem

270 2666 460 2727 lucem
489 2689 668 2745 suam,
706 2676 734 2730 l
771 2673 894 2733 Pet.
927 2675 985 2733 ii.
1017 2676 1072 2733 9.
1159 2672 1259 2730 Ad
1302 2672 1442 2751 quid
1484 2672 1869 2749 Justg‘ficatio?
1950 2672 2079 2730 Nisi
2106 2680 2171 2730 ut
2200 2692 2235 2730 a
2260 2682 2425 2732 reatu
2463 2674 2687 2750 peccati

269 2746 516 2824 liberati,
548 2752 635 2809 illi
661 2753 724 2809 in
751 2762 1042 2831 posterum
1063 2753 1331 2813 nuntium
1352 2751 1582 2830 penitus
1603 2752 1981 2811 remittamus.
2068 2754 2104 2785 “
2126 2751 2305 2827 Apud
2320 2760 2377 2811 te
2400 2762 2489 2811 est
2517 2754 2689 2812 venia

273 2837 339 2887 ut
367 2828 634 2907 colaris,''
688 2831 844 2892 Psal.
876 2854 1054 2893 cxxx.
1085 2837 1162 2909 33
1212 2833 1564 2909 “Loquetur
1605 2851 1805 2909 pacem
1848 2832 2063 2909 populo
2106 2852 2227 2906 suc,
2274 2852 2345 2889 ne
2386 2832 2585 2891 redeat
2612 2834 2687 2891 ad

273 2908 578 2967 stultitiam
608 2914 830 2988 suam,’'
865 2914 1018 2972 Psal.
1048 2915 1259 2972 lxxxv.
1290 2914 1346 2972 9.
1433 2912 1591 2971 Hinc
1633 2912 1749 2970 duo
1791 2912 1905 2969 ista
1944 2911 2225 2969 beneficia
2266 2912 2347 2970 ita
2386 2922 2521 2969 sunt
2548 2932 2685 2971 con-

272 3004 442 3061 nexa,
472 2998 538 3048 ut
563 3000 828 3049 neutrum
858 2993 1085 3067 habeat,
1115 2994 1218 3070 qui
1244 3002 1552 3069 utrumque
1581 3012 1698 3050 non
1740 2999 1949 3065 servat,
1996 2992 2293 3069 Nemoque
2317 2991 2683 3068 justificetur,

271 3067 374 3143 qui
403 3086 518 3125 non
548 3072 820 3130 continuo
841 3073 1246 3147 sanctificetur,
1276 3082 1342 3133 ιιι
1375 3074 1631 3133 Christus
1672 3072 1771 3149 qui
1784 3072 2011 3147 justitia
2038 3071 2205 3129 nobis
2234 3071 2419 3130 factus
2448 3084 2553 3145 est,
2600 3083 2689 3133 est

273 3148 444 3205 etiam
471 3152 852 3226 &auctificatia
877 3156 906 3210 1
942 3153 1071 3211 Cor.
1103 3153 1138 3211 i.
1171 3156 1268 3212 30.
1356 3156 1390 3186 “
1415 3153 1592 3213 Venit
1615 3172 1746 3212 cum
1770 3154 2049 3229 sanguine
2068 3161 2127 3211 et
2154 3154 2362 3230 aqua,”
2398 3155 2427 3210 1
2454 3153 2497 3212 J
2500 3154 2593 3212 oh.
2625 3174 2684 3214 v.

273 3228 346 3301 53
395 3228 540 3288 Cum
569 3232 852 3308 sanguine
879 3232 954 3291 ad
983 3232 1352 3311 expiandum,
1397 3255 1528 3293 cum
1557 3253 1709 3310 aqua
1736 3233 1811 3291 ad
1859 3232 2241 3311 purgandum,
2274 3252 2403 3311 quae
2433 3233 2549 3293 duo
2578 3236 2685 3295 sub

273 3308 478 3368 Veteri
503 3311 877 3372 Testamento
905 3323 1067 3372 erant
1093 3314 1517 3391 propitiationis
1539 3323 1599 3374 et
1618 3313 1979 3391 purgationis
2006 3314 2233 3389 media;
2280 3318 2409 3389 Quo
2436 3314 2687 3375 allusum

271 3386 379 3448 fuit
407 3390 468 3449 in
498 3391 698 3466 Cruee,
731 3392 870 3451 dum
921 3395 1157 3468 sanguis
1206 3404 1264 3453 et
1305 3414 1456 3472 aqua
1497 3416 1572 3454 ex
1613 3394 1797 3471 ipsius
1824 3394 2003 3453 latere
2048 3394 2357 3469 fluxerunt,
2387 3394 2529 3455 Joh.
2560 3396 2683 3457 xix.

275 3471 365 3544 14,
397 3470 474 3528 ad
501 3472 863 3550 designanda
891 3473 1006 3533 duo
1034 3476 1324 3553 praeeipua
1345 3476 1472 3552 ejus
1491 3475 1787 3551 beneficia,
1812 3475 2281 3552 justificationem
2302 3475 2363 3533 in
2382 3477 2681 3553 sanguine,

269 3558 329 3608 et
357 3552 868 3611 sanctificationem
897 3554 956 3611 in
985 3575 1152 3631 aqua.
1239 3554 1339 3614 Ad
1368 3554 1508 3631 quid
1535 3553 1784 3631 denique
1828 3555 2012 3613 tendit
2049 3556 2424 3632 Reyeneratio
2444 3558 2471 3613 ,ἲ
2555 3558 2685 3615 Nisi

268 3636 336 3687 ut
365 3630 654 3691 Creaturae
699 3654 866 3693 novoe
912 3633 1064 3709 facti,
1115 3635 1178 3693 iu
1227 3636 1457 3695 Christo
1505 3654 1659 3692 novo
1709 3635 1957 3709 homine,
1988 3638 2023 3691 2
2057 3635 2186 3694 Cor.
2218 3656 2274 3692 v.
2310 3638 2402 3693 17.
2490 3636 2683 3694 “Non

269 3709 518 3786 amplius
546 3712 606 3769 in
634 3722 924 3774 vetustate
950 3715 1132 3775 literae
1163 3716 1266 3774 sed
1293 3716 1352 3772 in
1377 3714 1634 3774 novitate
1678 3714 1913 3791 spiritus
1934 3714 2352 3787 ambulemu8,''
2386 3715 2553 3773 Rom.
2582 3716 2683 3775 vii.

271 3790 324 3863 6,
359 3798 418 3848 et
447 3790 614 3851 Rom.
646 3792 722 3851 vi.
761 3798 852 3853 14.
939 3795 1074 3855 Uno
1103 3796 1302 3855 Verbo
1335 3794 1564 3867 Gratia,
1597 3815 1727 3871 quse
1756 3794 1924 3853 nobis
1954 3795 2235 3872 apparuit,
2280 3814 2397 3853 non
2440 3794 2499 3851 in
2549 3814 2681 3853 eum

269 3868 441 3928 finem
471 3870 656 3948 datur,
687 3884 752 3933 ut
780 3896 850 3933 ea
875 3876 1180 3935 abutamur
1209 3876 1267 3933 in
1295 3875 1572 3953 peccandi
1611 3873 1923 3949 licentiam,
1976 3885 2035 3933 et
2082 3874 2375 3933 abundare
2402 3873 2682 3933 faciamus

268 3960 584 4026 peccatum,
617 3964 682 4013 ut
707 3956 834 4032 ipsa
861 3956 1305 4033 superabundet,
1339 3955 1442 4014 sed
1484 3964 1550 4013 ut
1590 3957 1627 3988 “
1650 3955 1937 4031 abnegata
1964 3954 2259 4031 impietate
2288 3962 2345 4013 et
2372 3953 2681 4013 mundanis

267 4030 698 4108 cupiditatibuS,
729 4036 998 4097 vivamus
1026 4037 1086 4095 in
1112 4037 1224 4095 hoc
1253 4036 1448 4095 seculo
1471 4036 1677 4110 sobrie,
1702 4036 1878 4113 juste,
1910 4042 1967 4091 et
1994 4034 2148 4111 pie,'¹
2178 4034 2291 4092 Tit.
2316 4033 2374 4091 ii.
2410 4038 2501 4091 14.

350 4110 530 4171 XIV.
577 4114 650 4173 Id
689 4116 878 4193 ipsum
923 4114 996 4175 de
1039 4117 1244 4177 Gloria
1300 4124 1358 4175 et
1400 4115 1601 4191 salute,
1654 4134 1785 4193 quae
1832 4114 2003 4172 nobis
2050 4113 2111 4171 in
2156 4114 2317 4172 coelis
2362 4113 2549 4171 adhue
2592 4122 2683 4173 est

265 4192 532 4269 reposita,
581 4214 698 4253 non
741 4198 934 4255 minus
981 4206 1140 4257 certo
1167 4196 1396 4256 dieitur.
1484 4194 1632 4255 Cum
1680 4195 1833 4253 enim
1860 4194 2015 4251 bona
2045 4193 2233 4269 Opera
2255 4193 2473 4251 ratione
2504 4194 2676 4268 illius,

265 4290 392 4331 sese
419 4273 674 4335 habeant
699 4276 882 4335 instar
929 4279 1254 4337 Mediorum
1281 4278 1356 4336 ad
1394 4276 1617 4348 Finem,
1649 4275 1789 4335 Joh.
1818 4273 1901 4332 iii.
1932 4276 1986 4347 5,
2042 4272 2182 4330 Luc.
2214 4271 2337 4329 xiii.
2367 4276 2420 4346 3,
2464 4272 2676 4333 Matth.

267 4371 322 4411 v.
355 4354 430 4429 83
501 4356 619 4415 Vz’ce
666 4357 741 4415 ad
792 4358 1031 4433 Metam,
1085 4358 1236 4434 Eph.
1265 4356 1326 4415 ii.
1364 4358 1454 4429 10,
1489 4356 1641 4413 Phil.
1672 4354 1753 4412 iii.
1790 4357 1907 4424 143
1954 4354 2173 4425 Puqnae
2218 4350 2292 4408 ad
2334 4352 2671 4431 Victoriam,

273 4438 302 4491 1
334 4434 482 4494 Tim.
527 4436 626 4511 vi.,
661 4442 696 4495 2
741 4438 890 4497 Tim.
941 4438 1000 4496 ii.
1050 4441 1104 4511 3,
1147 4442 1224 4513 53
1287 4436 1531 4495 Laboris
1571 4434 1649 4492 ad
1696 4431 2035 4505 mercedem,
2092 4432 2303 4491 Matth.
2354 4452 2455 4491 xx.
2512 4438 2562 4507 1,
2596 4440 2672 4513 23

265 4515 536 4575 Sementis
579 4517 656 4575 ad
685 4518 958 4591 Messem,
1008 4518 1141 4576 Gal.
1193 4518 1270 4575 vi.
1325 4522 1378 4591 7,
1414 4518 1466 4589 8,
1527 4524 1585 4573 ct
1636 4512 2029 4571 Primitiarum
2076 4511 2151 4569 ad
2194 4512 2467 4590 Massam,
2503 4516 2675 4577 Rom.

267 4596 388 4654 viii.
419 4600 532 4672 223
579 4598 882 4673 Quomodo
911 4598 1006 4656 vel
1040 4598 1202 4657 Finis
1231 4595 1478 4657 obtineri
1501 4602 1697 4671 posset
1720 4593 1841 4651 sine
1874 4591 2102 4668 Mediis,
2125 4592 2220 4651 vel
2264 4593 2425 4653 Meta
2446 4598 2673 4674 attingi,

265 4677 314 4735 si
336 4677 488 4735 viam
519 4698 588 4735 eo
618 4678 920 4737 ducentem
955 4698 1068 4735 non
1099 4679 1424 4754 sequimur3
1457 4676 1570 4735 Vel
1589 4673 1855 4733 Victoria
1882 4682 1937 4731 et
1959 4674 2211 4733 (ortona
2239 4678 2533 4751 reportari,
2564 4680 2671 4739 nisi
