3234 5192
896 1072 1538 1151 DISPUTATIO
1622 1077 2029 1171 TERTIA,

1167 1347 1304 1394 QUAE
1344 1349 1450 1388 1:81·
1489 1349 1765 1389 sl-:ctmDA

568 1589 717 1680 DE
819 1585 1681 1682 IDOLOLATRIA
1782 1589 2339 1686 ROMANA.

828 2079 1220 2158 Respondente
1247 2077 1292 2140 J
1295 2097 1485 2140 acono
1517 2079 1614 2140 Du
1646 2060 1784 2142 Gm':
1812 2081 2101 2142 Parisino.

319 2275 370 2337 I.
416 2274 705 2337 Diximus
734 2271 1014 2350 superiori
1051 2269 1457 2350 disputatione,
1490 2273 1813 2334 Ecclesiam
1844 2273 2169 2336 Romanam
2199 2274 2419 2356 duplici
2446 2276 2680 2340 nomine

247 2377 280 2415 a
317 2359 498 2418 nobis
539 2353 880 2415 idololatriae
907 2373 1066 2412 ream
1093 2354 1309 2430 peragi,
1341 2363 1464 2412 tum
1491 2365 1761 2432 respectu
1802 2357 2010 2432 objecti,
2056 2359 2193 2435 quia
2234 2359 2569 2436 religiosum
2606 2360 2681 2419 iis

249 2440 494 2498 exhibet
521 2437 760 2510 cultum,
791 2434 889 2512 qui
918 2441 1126 2492 natura
1151 2453 1270 2492 non
1305 2443 1440 2494 sunt
1483 2435 1599 2511 Dii,
1646 2444 1769 2495 tum
1806 2445 2071 2514 respectu
2118 2439 2287 2514 modi,
2331 2439 2467 2516 quia
2508 2440 2683 2500 etiam

249 2537 450 2578 verum
489 2517 681 2576 Deum
725 2513 1122 2591 superstitiose
1151 2524 1210 2573 et
1237 2513 1598 2575 idololatrice
1627 2517 1687 2574 in
1716 2517 2069 2594 imaginibus
2117 2519 2274 2578 colit.
2360 2521 2439 2579 Et
2466 2520 2541 2578 ad
2568 2522 2683 2598 pri·

253 2619 398 2658 mam
429 2598 600 2658 illam
630 2594 971 2654 idololatriae
1001 2595 1250 2672 speciem
1273 2595 1431 2672 quod
1459 2597 1683 2670 attinet,
1706 2598 2051 2674 multiplicia
2077 2619 2203 2658 esse
2234 2599 2463 2677 objecta
2490 2611 2679 2660 osten·

251 2679 460 2754 dimus,
525 2677 739 2755 quibus
787 2674 978 2734 cultus
1024 2675 1135 2734 iste
1204 2675 1511 2752 religiosus
1581 2677 1852 2752 defertur,
1914 2681 1967 2737 1.
2024 2680 2269 2756 Anqelos
2323 2690 2377 2738 et
2426 2682 2680 2758 Sanctoe,

253 2765 304 2818 2.
333 2761 682 2838 Pontificem,
717 2759 772 2815 3.
801 2756 1246 2830 Sacramentum,
1279 2759 1336 2814 4.
1371 2756 1608 2816 Crucem
1630 2767 1685 2816 et
1710 2759 2021 2834 Reliquias.
2108 2759 2197 2818 De
2227 2759 2453 2818 duobus
2481 2761 2682 2837 primis

247 2841 366 2916 jam
395 2848 614 2912 actum,
647 2845 908 2914 superest
922 2845 988 2894 ut
1011 2835 1084 2894 de
1101 2835 1328 2894 duobus
1348 2837 1656 2914 postremis
1680 2837 2055 2915 disputemuS,
2086 2840 2445 2897 Sacramenti
2462 2840 2684 2900 scilicet

258 2929 312 2978 et
342 2921 548 2981 Crucis
595 2939 664 2978 ac
704 2916 1100 2993 Reliquiarum
1141 2916 1513 2978 adoratione:
1556 2917 1769 2995 quibus
1811 2916 2077 2976 addenda
2105 2918 2213 2976 erit
2250 2937 2383 2994 pars
2412 2920 2582 2976 tertia
2610 2920 2683 2978 de

255 3001 580 3079 Imaqinum
601 3001 768 3072 cultu,
797 3007 880 3072 ut,
911 2995 1070 3074 quod
1098 3017 1203 3055 nos
1232 3005 1402 3054 antea
1429 2996 1683 3056 facturos
1710 2996 2051 3072 recepimuS,
2087 2997 2545 3055 demonstremus
2568 2999 2681 3056 Ec·

256 3081 494 3142 clesiam
533 3081 856 3139 Romanam
895 3077 1170 3155 Papalem
1218 3095 1354 3134 vere
1403 3096 1530 3134 esse
1573 3074 2012 3150 idololatricam,
2060 3075 2319 3152 adeoque
2359 3075 2679 3152 legitimam

255 3159 432 3221 fuisse
461 3170 718 3221 nostram
747 3159 820 3217 ab
849 3177 918 3216 ea
946 3157 1346 3232 secessionem,
1393 3164 1452 3215 et
1492 3155 1757 3214 illicitum
1786 3155 1862 3214 ad
1890 3175 2035 3230 eam,
2059 3156 2231 3216 rebus
2260 3157 2343 3216 sic
2372 3158 2679 3238 stantibus,

257 3241 524 3302 reditum.

261 3361 501 3407 adoratio
573 3361 740 3406 Sauras
865 3318 949 3376 ΙΙ.
996 3319 1080 3378 Ut
1109 3338 1248 3395 ergo
1277 3317 1348 3377 de
1369 3317 1730 3378 Sacramenti
1752 3318 2090 3378 adoratione
2111 3318 2371 3380 dicamus
2397 3319 2677 3398 primum:

315 3421 466 3466 menti
507 3435 538 3466 a
573 3419 740 3465 Ponti·
781 3399 1196 3458 crassissimam
1241 3399 1336 3456 hic
1399 3398 1795 3476 pertendimus
1844 3419 1879 3458 a
1924 3399 2245 3460 Pontificiis
2293 3401 2679 3463 idololatriam

317 3479 437 3524 ficiis
459 3479 700 3524 instituta.
781 3479 1080 3553 committi,
1112 3477 1250 3536 dum
1281 3480 1524 3554 Hostiae,
1569 3488 1637 3539 ut
1663 3487 1893 3554 vocant,
1938 3490 2303 3557 consecratae,
2336 3482 2459 3540 sive
2490 3503 2679 3544 sacra·

257 3567 450 3618 mento
481 3558 864 3618 Eucharistiae
885 3558 1104 3618 cultum
1135 3577 1250 3616 non
1278 3562 1560 3636 quemvis,
1587 3560 1691 3618 sed
1719 3579 2023 3636 summum,
2054 3562 2239 3620 latriae
2269 3563 2410 3639 ipsis
2438 3563 2675 3639 dictum,

260 3639 357 3715 qui
387 3639 500 3698 soli
522 3640 649 3698 Deo
677 3639 936 3714 debetur,
959 3638 1240 3712 deferunt,
1266 3648 1324 3698 et
1345 3640 1420 3698 ab
1449 3640 1715 3698 omnibus
1744 3641 1853 3700 sub
1874 3642 2257 3701 anathematis
2279 3663 2451 3719 poena
2468 3643 2679 3702 deferri

253 3719 480 3794 jubent.
567 3719 712 3778 Cum
733 3720 886 3778 enim
915 3728 1136 3778 certum
1163 3719 1330 3776 nobis
1369 3719 1446 3777 sit
1476 3727 1534 3778 et
1561 3718 1967 3796 indubitatum,
1998 3731 2417 3780 sacramentum
2448 3722 2605 3780 istud
2642 3742 2679 3780 a

261 3799 490 3859 Christo
517 3799 864 3875 institutum,
909 3819 1026 3857 non
1065 3796 1226 3858 aliud
1270 3799 1580 3872 continere,
1624 3819 1797 3875 quam
1843 3801 2223 3862 substantiam
2251 3802 2419 3879 panis
2447 3809 2506 3859 et
2532 3801 2673 3877 vini,

260 3898 388 3955 quae
415 3879 684 3958 symbola
711 3880 900 3939 carnis
921 3889 980 3939 et
1007 3877 1306 3955 sanguinis
1335 3879 1425 3938 sui
1453 3899 1578 3938 esse
1607 3879 1797 3938 voluit
1826 3879 2127 3954 Dominus,
2171 3900 2341 3939 nemo
2370 3899 2487 3938 non
2513 3879 2677 3939 videt

259 3960 431 4019 talem
459 3961 680 4020 cultum
708 3980 824 4018 non
851 3980 1020 4037 posse
1049 3959 1138 4017 illi
1165 3959 1444 4035 exhiberi,
1475 3959 1616 4036 quin
1638 3959 1701 4017 in
1722 3969 2042 4020 creaturam
2070 3960 2346 4032 adoratiO‚
2378 3960 2489 4019 soli
2516 3977 2673 4017 crea-

259 4041 368 4098 tori
395 4040 608 4116 debita,
639 4040 1030 4113 transferatur,
1063 4039 1220 4116 quod
1248 4039 1370 4099 sine
1399 4040 1635 4098 immani
1664 4041 1968 4118 sacrilegio
1995 4041 2121 4099 fieri
2148 4061 2265 4098 non
2291 4057 2461 4116 posse
2490 4038 2675 4097 credi-

257 4139 398 4194 mus,
429 4141 540 4180 nec
565 4122 736 4196 ullus,
762 4121 980 4198 opinor,
1011 4119 1234 4178 inficias
1255 4119 1443 4179 iverit.

335 4201 456 4260 ΙΙΙ.
502 4202 776 4262 Fatemur
823 4200 1058 4279 quidem
1108 4199 1549 4276 Eucharistiam,
1579 4207 1647 4260 ut
1687 4221 1721 4258 a
1767 4200 2017 4258 Domino
2060 4199 2137 4258 ad
2176 4198 2508 4257 memoriam
2554 4218 2673 4259 suae

256 4281 454 4340 mortis
481 4282 822 4358 institutam,
851 4281 1136 4358 nobisque
1163 4281 1224 4338 in
1253 4281 1466 4340 amoris
1493 4281 1584 4340 sui
1631 4289 1957 4357 nostrasque
1986 4278 2191 4338 salutis
2218 4278 2431 4356 pignus
2458 4278 2671 4357 datam,

258 4372 586 4422 reverenter
611 4363 672 4420 in
700 4362 1000 4440 religionis
1029 4369 1242 4420 nostrae
1269 4362 1448 4420 sacris
1475 4360 1819 4436 habendam,
1862 4379 2051 4437 neque
2078 4377 2351 4435 unquam,
2382 4359 2497 4419 nisi
2524 4361 2675 4422 serio

260 4443 497 4517 probata
523 4443 684 4521 prius
707 4441 1074 4518 conscientia,
1107 4441 1416 4520 animoque
1445 4441 1520 4500 ad
1547 4441 1829 4500 sinceram
1858 4447 2225 4516 peccatorum
2254 4439 2673 4502 confessionem

259 4531 316 4580 et
340 4523 756 4601 poenitentiam,
779 4521 854 4580 ad
873 4523 1148 4601 pietatem
1168 4521 1230 4580 in
1254 4523 1460 4598 Deum,
1482 4521 1558 4580 ad
1587 4521 1924 4580 charitatem
1946 4519 2007 4577 in
2026 4519 2291 4580 homines
2318 4532 2667 4601 comparate,

255 4620 378 4664 esse
403 4603 779 4679 sumendam;
823 4602 994 4681 plane
1022 4600 1226 4664 eodem
1252 4601 1445 4678 mod0,
1473 4621 1589 4678 quo
1619 4601 2003 4677 Baptismum,
2032 4600 2293 4677 ejusdem
2322 4623 2552 4681 quoque
2580 4625 2673 4662 or-

255 4679 422 4762 dinis,
453 4692 512 4744 et
539 4684 614 4743 ab
641 4683 846 4744 eodem
883 4693 1116 4743 auctore
1160 4683 1452 4758 traditum,
1483 4681 1825 4760 mysterium
1869 4699 1971 4742 eos
2012 4679 2181 4743 decet
2222 4684 2533 4764 suscipere,
2572 4685 2676 4762 qui
