3234 5192
206 392 429 434 meror.
462 372 587 454 1v.]
946 391 1175 433 πωπω
1216 392 1295 431 ΑΒ
1337 390 1617 431 eceman
1661 390 1927 431 nouum.
2565 374 2638 431 87

206 532 335 591 dato
362 538 563 593 cultus
610 535 879 609 objectum
908 532 1247 606 sanciverat,
1278 541 1343 591 ut
1370 532 1564 591 nullus
1591 540 1800 609 praeter
1829 530 2020 590 Deum
2069 530 2256 589 solum
2283 530 2636 607 adoraretur,

206 612 259 669 in
286 616 401 672 hoc
434 616 675 672 modum
723 616 901 671 cultus
950 614 1121 689 ipsius
1146 612 1533 690 praescribere,
1566 631 1640 668 ne
1669 611 1889 669 scilicet
1916 610 2138 669 colatur
2180 610 2238 667 in
2259 610 2512 687 imagine
2543 612 2641 669 vel

204 694 599 752 similitudine
646 694 783 769 nlla,
842 692 1087 771 ideoque
1115 693 1231 751 duo
1260 702 1435 766 vetat,
1466 691 1748 769 imagines
1793 690 1997 763 facere,
2029 698 2088 747 et
2115 690 2296 747 factas
2325 692 2510 748 colere
2540 691 2639 749 vel

202 772 465 832 adorare.
536 774 687 847 Quia
715 792 855 831 vero
904 772 1011 830 sub
1048 774 1227 831 variis
1272 772 1622 847 imaginibus
1671 769 1933 828 solebant
1981 771 2246 829 Gentiles
2293 790 2506 828 numen
2551 790 2636 829 re-

198 864 582 927 praesentare,
614 852 786 911 modo
816 872 1004 909 rerum
1032 862 1399 925 terrenarum,
1432 851 1602 909 modo
1645 851 1819 908 etiam
1847 850 2201 926 aquatilium,
2234 869 2448 923 omneS,
2481 870 2636 925 qute-

202 951 433 1008 cunque
458 932 705 991 tandem
724 932 839 990 illae
868 933 999 1007 sint,
1031 932 1314 1009 prohibet,
1344 951 1417 989 ne
1446 932 1575 1007 quis
1603 938 1768 1007 putet
1787 950 1960 989 unam
1988 930 2176 1007 magis
2197 950 2370 1005 quarn
2398 930 2638 987 alteram

204 1010 327 1069 Deo
358 1014 707 1071 convenire.
794 1013 979 1086 Quam
1026 1012 1177 1069 male
1222 1012 1431 1068 habeat
1478 1010 1812 1068 l’ontificios
1860 1010 2016 1068 istud
2055 1010 2405 1083 mandatum,
2438 1009 2531 1067 vel
2562 1030 2638 1067 ex

200 1090 307 1149 hoc
336 1112 467 1150 uno
504 1093 707 1169 colligi
734 1100 941 1167 potest,
966 1091 1121 1169 quod
1144 1090 1587 1149 commodiorem
1608 1110 1726 1147 non
1753 1090 2009 1166 putarint
2035 1090 2190 1147 viam
2219 1089 2485 1148 elabendi
2513 1088 2640 1147 dari

202 1188 391 1245 posse,
427 1192 613 1249 quam
645 1172 693 1229 si
716 1180 901 1229 totum
931 1170 1211 1247 sacrilega
1254 1170 1496 1227 audacia
1542 1178 1958 1245 expungerent,
1990 1170 2219 1229 tertium
2250 1170 2378 1227 loco
2401 1170 2640 1227 secundi

204 1261 583 1326 reponentes,
616 1262 675 1309 et
702 1250 989 1309 decimum
1017 1251 1089 1308 de
1140 1250 1603 1327 concupiscentia
1647 1249 1708 1305 in
1756 1248 1872 1307 duo
1899 1268 2196 1326 perperam
2225 1248 2634 1325 dispescenteS,

200 1340 261 1387 ut
282 1330 521 1389 factum
550 1331 610 1389 in
639 1330 971 1405 Breviariis,
1019 1330 1250 1405 Officiis,
1282 1330 1553 1405 horisque
1596 1327 1946 1404 precatoriis,
1979 1348 2106 1403 quae
2149 1329 2348 1405 populi
2375 1328 2640 1386 manibus

204 1416 499 1485 teruntur,
554 1410 613 1467 in
662 1409 873 1488 quibus
925 1410 1099 1488 Legis
1151 1411 1277 1468 haec
1320 1408 1501 1467 verba
1554 1427 1672 1465 non
1725 1408 2012 1484 leguntur,
2065 1407 2222 1483 quod
2265 1407 2464 1483 utique
2492 1426 2637 1463 nun-

208 1506 379 1579 quam
413 1490 557 1549 ausi
582 1490 843 1565 fuissent,
870 1490 985 1548 nisi
1028 1498 1378 1567 praeceptum
1405 1488 1517 1546 hoc
1562 1486 1676 1546 sibi
1702 1487 2076 1545 vehementer
2101 1485 2396 1543 adversari
2423 1506 2638 1563 cogno·

208 1582 455 1629 assent.

286 1648 493 1708 XXI.
541 1649 691 1723 Quia
732 1668 873 1709 vero
920 1669 1035 1708 non
1062 1654 1305 1726 possunt
1350 1646 1531 1705 verba
1578 1646 1704 1723 ipsa
1731 1666 1762 1704 e
1793 1646 1950 1722 Lege
1979 1645 2187 1719 delere,
2219 1643 2380 1703 varia
2409 1654 2638 1723 captare

210 1726 401 1787 solent
430 1728 669 1805 effugia,
702 1730 911 1805 quibus
940 1729 1041 1787 teli
1068 1729 1236 1787 istius
1264 1728 1383 1784 vim
1412 1746 1755 1803 quacunque
1773 1727 1993 1783 ratione
2022 1725 2309 1783 declinare
2340 1736 2638 1786 conantur.

214 1804 431 1883 Primo,
466 1828 585 1867 non
614 1810 783 1885 pauci
812 1810 977 1867 facile
1008 1829 1069 1867 se
1108 1807 1379 1884 expedire
1407 1826 1575 1883 posse
1620 1814 1841 1882 putant,
1871 1806 2140 1881 negando
2161 1806 2344 1863 ullum
2366 1826 2400 1863 a
2428 1827 2490 1863 se
2519 1808 2640 1865 cul-

210 1894 331 1943 tum
376 1888 739 1964 imaginibus
788 1888 1011 1962 deferri,
1062 1906 1247 1963 neque
1296 1887 1357 1943 in
1404 1886 1652 1962 templiS,
1700 1886 1794 1943 vel
1835 1887 2059 1961 uspiam
2100 1884 2239 1943 alibi
2278 1887 2520 1963 proponi
2565 1886 2642 1945 ad

214 1966 437 2025 cultum
496 1968 601 2027 sed
654 1968 731 2026 ad
772 1968 1071 2027 historiam
1106 1975 1333 2025 tantum
1381 1974 1440 2023 et
1486 1974 1918 2023 monumentum
1967 1985 2156 2023 rerum
2203 1966 2636 2042 praeteritarum,

214 2044 481 2124 adeoque
522 2068 640 2105 non
681 2048 907 2107 adorari
961 2049 1145 2125 ipsam
1186 2046 1513 2123 imaginem,
1558 2045 1664 2103 sed
1703 2054 1928 2103 tantum
1985 2064 2177 2103 coram
2232 2044 2483 2121 imagine
2542 2066 2638 2103 co-

216 2121 456 2257 ffndum
516 2147 643 2187 esse
704 2128 895 2205 ipsum
954 2126 1265 2204 exemplar,
1324 2144 1439 2201 quo
1494 2124 1740 2203 pertinet
1797 2124 2106 2183 distichum
2146 2123 2390 2183 relatum
2438 2124 2639 2184 Sabel-

262 2224 329 2261 eo
354 2228 372 2265 ε

624 2368 785 2425 Nam
812 2368 971 2425 Deus
998 2376 1080 2425 est
1104 2368 1259 2443 quod
1274 2367 1460 2442 ivnaqo
1488 2368 1660 2441 docet,
1684 2368 1786 2423 sed
1809 2386 1920 2424 non
1948 2367 2106 2423 Deus
2133 2364 2274 2441 ipsa,

624 2448 799 2505 Hanc
826 2449 1031 2523 videas,
1061 2450 1165 2505 sed
1189 2456 1365 2505 mente
1394 2450 1545 2505 colas
1573 2448 1728 2523 quod
1745 2447 1926 2504 cernis
1953 2447 2012 2504 in
2039 2446 2183 2523 ipsa.

228 2598 394 2663 Hanc
441 2606 623 2665 fuisse
670 2606 1011 2665 sententiam
1066 2606 1336 2683 G‘reqon'i
1358 2606 1567 2682 Ma9m'
1610 2614 1771 2682 patet
1814 2625 1891 2664 ex
1939 2604 2182 2683 epistola
2228 2602 2303 2661 ad
2344 2602 2638 2681 Serenum,

228 2677 649 2745 Massiliensem
700 2686 1066 2763 Episcopum,
1118 2687 1219 2762 qui
1266 2686 1549 2762 imagines
1575 2686 1638 2742 in
1682 2685 1944 2743 Ecclesia
1988 2683 2362 2760 confregerat,
2389 2704 2457 2743 eo
2486 2684 2644 2761 quod

228 2765 504 2833 quosdam
533 2784 633 2825 eas
661 2765 897 2823 adorare
926 2766 1337 2842 conspexisset,
1368 2765 1471 2823 ubi
1498 2766 1697 2823 laudat
1725 2785 1856 2822 eum
1900 2765 2056 2842 quod
2085 2763 2300 2821 cultum
2331 2764 2640 2821 damnave-

226 2842 312 2915 rit,
338 2845 441 2902 sed
468 2845 837 2922 reprehendit
875 2845 1030 2921 quod
1059 2845 1339 2921 imagines
1368 2844 1619 2921 fregerit,
1664 2845 1704 2901 l.
1737 2847 1791 2918 9,
1823 2864 1912 2920 ep.
1945 2846 2000 2917 9,
2049 2846 2084 2875 “
2104 2841 2272 2917 Quod
2300 2862 2368 2899 ea
2415 2842 2642 2899 adorari

230 2924 523 2997 vetuisses,
556 2924 789 2983 omnino
814 2925 1195 2999 laudavimus,
1216 2924 1457 2999 fregisse
1486 2942 1626 2980 vero
1655 2923 2143 2999 reprehendimus.
2190 2918 2375 2978 Aliud
2405 2929 2493 2978 est
2521 2920 2638 2997 pic-

229 3004 409 3062 turam
454 3005 711 3077 adorare,
763 3004 919 3062 aliud
966 3024 1073 3082 per
1115 3005 1352 3081 picturae
1396 3001 1712 3074 historiam,
1761 3002 1901 3072 quid
1943 3002 2018 3057 sit
2062 2999 2416 3057 adorandum
2447 3000 2640 3057 addis-

230 3085 411 3141 cere.’'
455 3084 677 3142 Eadem
700 3083 809 3142 fuit
834 3104 999 3142 mens
1026 3084 1305 3141 Dur-andi
1328 3083 1385 3139 in
1414 3084 1451 3139 3
1496 3089 1639 3153 sent,
1672 3080 1866 3137 distin.
1898 3082 1951 3153 9,
1984 3100 2040 3156 q.
2071 3084 2127 3152 2,
2178 3078 2464 3151 Ger-sonis,
2497 3082 2641 3137 Hol-

232 3159 373 3219 chon·
394 3173 452 3223 et
478 3165 741 3221 aliorum.
810 3164 905 3222 Sic
944 3164 1355 3223 moderatiores
1396 3180 1471 3218 ex
1516 3159 1836 3217 Pontificiis
1864 3169 2080 3235 negant
2109 3179 2142 3216 a
2172 3178 2232 3217 se
2263 3158 2390 3232 coli,
2423 3168 2482 3217 et
2504 3160 2640 3218 ado-

230 3240 337 3296 rari
364 3243 661 3321 imagines,
696 3243 799 3301 sed
826 3252 1049 3301 tantum
1092 3241 1387 3318 exemplar
1441 3238 1597 3317 quod
1646 3248 2074 3315 repraesentant.
2127 3238 2480 3298 Crediderim
2531 3260 2641 3317 ego

230 3320 555 3405 erubescere
602 3342 799 3382 eorum
845 3324 1110 3382 doctores
1158 3321 1311 3399 apud
1360 3319 1692 3397 discipuIOS,
1723 3338 1830 3377 nec
1875 3318 2086 3377 audere
2113 3320 2369 3396 profiteri
2397 3320 2457 3378 id
2484 3320 2643 3398 quod

230 3413 287 3453 m
318 3400 555 3479 Scriptis
602 3422 721 3461 non
768 3411 1042 3461 verentur
1089 3421 1359 3476 asserere,
1391 3410 1450 3459 et
1495 3401 1607 3458 hoc
1648 3401 1925 3457 Bellarm.
1955 3418 2072 3457 non
2100 3400 2340 3459 obscure
2369 3400 2638 3475 insinuat,

233 3492 403 3550 quum
430 3483 693 3557 agnoscit
722 3502 890 3558 posse
936 3482 1217 3557 imagines
1262 3481 1488 3539 adorari
1518 3480 1676 3538 cultu
1702 3479 1903 3553 latriae,
1935 3478 2107 3537 modo
2137 3480 2213 3538 sit
2241 3481 2431 3539 cultus
2458 3481 2640 3540 latriae

230 3572 327 3645 per
368 3562 650 3637 accidens,
692 3572 749 3621 et
787 3563 1148 3638 improprius,
1195 3561 1298 3619 sed
1345 3561 1497 3618 idem
1527 3560 1588 3616 in
1614 3558 1788 3617 modo
1835 3557 2110 3633 loquendi
2152 3577 2268 3616 non
2300 3560 2426 3617 vult
2453 3560 2643 3618 efferri

232 3652 288 3692 m
314 3642 524 3717 vulgus
547 3642 687 3703 etin
715 3644 989 3700 concione
1010 3642 1087 3700 ad
1126 3640 1420 3717 populum,
1455 3639 1557 3697 lib.
1588 3644 1644 3713 2,
1678 3660 1725 3697 e.
1758 3642 1854 3697 22.
1900 3638 2119 3714 Nempe
2149 3638 2230 3695 sic
2260 3638 2418 3714 loqui
2447 3648 2644 3698 amant

233 3732 370 3789 quos
422 3722 601 3798 pudet
646 3740 763 3779 suae
809 3722 1125 3779 sententiae.
1191 3721 1277 3779 At
1320 3720 1410 3777 vir
1454 3720 1642 3777 bonus
1689 3738 1983 3795 nunquam
2027 3717 2343 3775 abscondet
2389 3726 2640 3776 mentem

233 3812 403 3871 suam,
432 3802 530 3859 vel
578 3802 876 3859 erubescet
902 3820 1041 3858 vera
1082 3801 1259 3876 loqui,
1290 3799 1540 3858 maxime
1570 3819 1745 3876 quum
1777 3800 1968 3876 agitur
1994 3798 2066 3855 de
2095 3795 2470 3854 informandis
2499 3797 2639 3855 fide-

230 3871 377 3938 libus
422 3881 485 3937 in
530 3880 620 3955 iis,
654 3901 782 3956 quae
826 3880 901 3938 ad
946 3882 1165 3939 cultum
1214 3880 1323 3937 Dei
1350 3880 1656 3956 pertinent,
1709 3879 1853 3937 alias
1896 3877 2058 3936 nefas
2086 3884 2237 3935 esset
2266 3876 2454 3933 dicere
2483 3876 2642 3953 quod

232 3952 407 4017 faeere
434 3970 628 4017 tamen
655 3961 870 4019 licebit.
930 3961 1147 4019 Verum
1176 3969 1243 4018 ut
1268 3960 1563 4017 mittamus
1592 3979 1744 4016 nunc
1766 3958 1922 4035 quod
1950 3957 2060 4016 ista
2089 3955 2371 4015 sententia
2399 3954 2469 4013 de
2500 3958 2639 4014 ima-

233 4036 455 4108 ginibus
482 4040 799 4098 retinendis
845 4041 1023 4099 habet
1068 4040 1271 4097 saltem
1320 4040 1395 4095 ad
1422 4060 1591 4097 usum
1636 4038 1990 4111 historicum,
2023 4057 2136 4095 non
2170 4036 2343 4095 modo
2374 4036 2496 4093 sine
2527 4036 2640 4095 Dei

232 4119 419 4193 verbo,
450 4119 552 4177 sed
595 4128 653 4177 et
701 4129 901 4178 contra
930 4120 1117 4197 ipsum
1150 4118 1323 4195 Legis
1372 4128 1754 4196 praeceptum;
1787 4127 1985 4177 contra
2031 4118 2254 4194 praxim
2285 4115 2498 4173 veteris
2527 4116 2638 4174 Ec-

231 4194 426 4271 clesiae,
478 4208 543 4256 ut
590 4198 715 4257 fuse
754 4199 923 4259 docet
954 4200 1278 4259 Cassander
1316 4200 1549 4256 Consul.
1600 4207 1706 4255 art.
1737 4201 1832 4271 213
1877 4206 2076 4256 contra
2111 4196 2474 4271 antiquorum
2505 4216 2638 4255 con-

234 4276 483 4335 ciliorum
540 4278 787 4353 decreta,
844 4280 1148 4337 Elibertini
1196 4278 1536 4336 nominatim
1593 4279 1733 4335 Can.
1779 4280 1874 4349 36,
1943 4274 2229 4333 “Placuit
2275 4274 2529 4350 picturas
2577 4278 2638 4336 in

234 4352 489 4417 Ecclesia
530 4378 657 4417 esse
704 4378 822 4416 non
870 4360 1095 4433 debere,
1126 4377 1200 4416 ne
1244 4357 1401 4435 quod
1429 4357 1637 4416 colitur
1663 4365 1762 4413 aut
1790 4355 2060 4412 adoratur
2107 4354 2166 4411 in
2195 4355 2510 4431 parietibus
2537 4357 2635 4417 de-

230 4436 565 4514 pingatur;”
610 4448 828 4497 certum
877 4448 981 4512 est,
1012 4446 1142 4497 utut
1188 4438 1413 4514 placeat
1452 4435 1746 4495 nonnullis
1787 4433 1942 4510 apud
1985 4434 2332 4511 Pontificios,
2366 4456 2479 4495 non
2511 4458 2638 4499 esse

230 4522 415 4577 tamen
443 4538 803 4576 communem
833 4527 892 4577 et
928 4526 1215 4595 receptam
1246 4518 1305 4574 in
1336 4516 1495 4575 Eccl.
1542 4516 1820 4587 Romana,
1853 4514 2008 4590 quod
2037 4534 2154 4573 non
2175 4511 2347 4574 modo
2374 4526 2534 4594 patet
2561 4540 2636 4578 ex

231 4591 575 4655 Belial-mino
602 4608 661 4656 et
688 4599 817 4657 aliis
850 4596 1237 4669 Scholasticis,
1269 4596 1367 4673 qni
1398 4614 1521 4653 eam
1565 4602 1894 4652 constanter
1934 4595 2216 4671 rejiciunt,
2248 4604 2520 4673 tanquam
2551 4608 2634 4658 te-

234 4677 523 4735 merariam
551 4690 609 4736 et
637 4679 981 4752 haereticam,
1014 4678 1157 4734 adeo
1188 4688 1251 4735 ut
1284 4676 1567 4733 Baronius
1616 4674 1918 4733 insaniisse
1947 4695 2046 4733 eos
2089 4675 2244 4733 dicat
2271 4677 2372 4753 qui
2393 4680 2472 4735 sic
2505 4700 2634 4738 cen-
