3234 5192
500 346 614 411 172
1214 362 1291 403 nr:
1318 358 1690 401 mensuum
1719 360 2076 401 srcsssmm
2495 348 2755 420 [meror.
2786 363 2894 405 vu.

500 504 809 561 debrando
836 503 993 560 male
1020 510 1356 577 precantur,
1385 502 1583 577 ipsum
1625 500 2065 559 Antichristum
2099 518 2226 559 esse
2273 500 2620 577 praedicant‚
2661 504 2896 579 pietatis

500 584 615 640 sub
656 582 865 658 specie,
893 579 1261 657 inquiebant,
1291 581 1708 650 debacchatur,
1739 579 2000 638 honestis
2046 579 2392 639 nominibus
2431 580 2660 639 bonum
2699 582 2897 658 publi·

504 680 640 718 cum
682 661 944 730 simulat,
975 658 1154 716 titulo
1186 658 1409 717 Christi
1462 658 1774 732 negotium
1801 658 2162 715 Antichristi
2207 658 2415 733 agitat,
2446 658 2510 715 in
2557 658 2897 735 Babylonia

499 740 563 795 in
592 741 815 814 templo
834 738 948 797 Dei
958 738 1140 807 sedet,
1158 756 1334 811 super
1344 756 1521 795 omne
1530 738 1593 794 id
1604 738 1770 811 quod
1780 736 1998 794 colitur
2006 737 2335 807 extollitur,
2348 738 2520 811 quasi
2537 738 2701 797 Deus
2717 739 2814 811 sit,
2833 758 2894 797 se

498 836 694 877 errare
704 836 827 875 non
845 835 1015 891 posse
1030 815 1381 891 gloriatui-,⁹⁹
1402 818 1505 872 &a
1536 814 1887 873 Fredericus
1906 814 2000 873 ΙΙ.
2026 814 2363 889 Imperator
2378 818 2456 873 de
2468 816 2752 875 Pontifice
2767 836 2890 877 non

498 897 673 954 aliter
718 896 990 971 loquitur
1037 895 1238 951 seculo
1284 893 1516 951 decimo
1558 893 1734 951 tertio
1762 894 1927 968 apud
1955 892 2206 950 Petrum
2233 894 2310 951 de
2339 893 2551 953 Vineis
2590 896 2694 954 lib.
2742 895 2782 954 i.
2816 897 2892 955 de

502 975 749 1050 Episto.,
780 973 885 1031 ubi
912 973 1119 1031 asserit
1146 978 1180 1006 “
1207 970 1433 1047 Papam
1450 990 1579 1029 esse
1606 971 1874 1029 Bestiam
1891 990 1924 1028 e
1951 970 2102 1029 mari
2141 973 2562 1047 egredientem,
2604 992 2894 1049 magnum

497 1054 830 1111 Draconem
861 1052 1155 1108 mundum
1183 1052 1579 1122 seducentem,
1608 1056 1670 1107 et
1696 1049 2198 1121 Antichristum,”
2229 1054 2352 1121 δια,
2381 1053 2544 1127 quod
2581 1055 2894 1111 confirmat

495 1132 561 1189 in
588 1131 838 1207 epistola
864 1131 941 1187 ad
973 1129 1309 1188 Germanias
1338 1127 1662 1203 Principes,
1690 1129 1853 1203 apud
1872 1128 2250 1186 Aventinum
2276 1129 2379 1186 lib.
2409 1130 2508 1188 vii.
2589 1130 2892 1190 Memora-

496 1211 619 1268 bile
646 1208 916 1285 inprimis
958 1214 1048 1265 est
1074 1207 1483 1265 testimonium
1513 1206 1824 1279 Eberardi,
1855 1206 2324 1283 salisburgensis
2353 1207 2649 1284 Episcopi,
2680 1210 2786 1285 qui
2825 1210 2888 1267 in

496 1290 815 1348 Conventu
863 1286 1285 1345 Ratisbonensi
1326 1286 1533 1343 multis
1553 1286 1771 1361 probat
1806 1304 2010 1343 omnes
2037 1286 2402 1345 characteres
2429 1287 2786 1347 Antichristi
2824 1288 2888 1346 in

496 1367 665 1443 Papa
692 1365 963 1437 inveniri,
992 1366 1153 1440 apud
1182 1366 1442 1422 eundem
1462 1364 1563 1421 lib.
1593 1364 1695 1421 vii.
1741 1362 2036 1422 Praefatus
2068 1363 2372 1423 Christum
2401 1372 2678 1425 tesseram
2697 1368 2887 1439 nobis,

493 1466 617 1522 qua
642 1464 681 1503 a
706 1445 933 1503 caeteris
958 1444 1462 1519 dignosceremur,
1493 1442 1764 1501 studium
1789 1442 1949 1517 pacis
1968 1442 2300 1517 reliquisse,
2320 1449 2355 1477 “
2377 1443 2626 1503 Summo
2649 1448 2886 1519 opere,''

493 1525 710 1601 inquit,
736 1523 1097 1581 “admonuit
1112 1540 1371 1597 quoque,
1390 1522 1482 1579 uti
1497 1520 1682 1579 falsos
1695 1519 1976 1591 Christos,
1998 1520 2180 1577 falsos
2202 1523 2520 1595 prophetas
2541 1521 2883 1593 vitaremus,

494 1604 599 1679 qui
616 1602 754 1660 tecti
774 1602 928 1676 pelle
951 1600 1172 1670 ovium,
1195 1599 1479 1657 nimirum
1500 1598 1836 1657 Christiano
1857 1598 2117 1668 nomine,
2145 1604 2327 1672 atque
2350 1598 2661 1655 Pontificio
2683 1600 2883 1670 titulo,

491 1680 664 1739 nobis
683 1678 978 1736 dominari
994 1685 1175 1751 atque
1194 1676 1448 1734 illudere
1468 1683 1769 1751 cuperent.
1802 1676 1972 1743 Quos
1987 1694 2062 1733 ex
2083 1675 2266 1749 spinis
2285 1682 2466 1750 atque
2493 1676 2772 1751 operibus
2793 1677 2883 1734 ni-

491 1759 714 1815 mirum
732 1756 1000 1826 avaritia,
1014 1756 1184 1825 luxu,
1196 1756 1589 1823 contentione,
1609 1753 1767 1824 odio,
1786 1752 2031 1824 invidia,
2042 1752 2232 1825 bellis,
2244 1754 2595 1811 dominandi
2615 1754 2881 1827 libidine,

490 1835 817 1895 ambitione
835 1832 1112 1907 cognosci
1123 1838 1413 1908 oportere.
1461 1831 1770 1899 Quidnam
1787 1830 2048 1906 apertius
2071 1831 2232 1889 hisce
2252 1832 2466 1905 verbis,
2485 1851 2666 1908 quam
2683 1832 2885 1909 Baby-

492 1914 650 1972 lonis
680 1912 1011 1970 Pharisaeos
1038 1917 1219 1985 atque
1249 1910 1481 1969 Scribas
1508 1908 1759 1968 coelestis
1790 1909 2125 1985 Imperator
2153 1910 2483 1969 indicavit?
2523 1912 2632 1969 sub
2676 1910 2883 1969 Ponti·

488 1993 613 2051 ficis
640 1990 884 2049 maximi
908 1989 1107 2059 titulo,
1138 1988 1401 2047 Pastoris
1437 1988 1596 2063 pelle
1636 1988 1852 2063 lupum
1895 1988 2301 2059 saevissimum,
2330 1989 2445 2047 nisi
2487 1990 2626 2047 coeci
2654 2008 2879 2061 sumuS,

493 2070 799 2139 sentimus,
830 2071 931 2126 &a
1015 2067 1469 2125 Hildebrandus
1494 2073 1636 2124 ante
1663 2084 1851 2123 annos
1878 2073 2119 2123 centum
2145 2072 2206 2123 et
2231 2068 2627 2143 septuaginta,
2655 2068 2884 2143 primus

491 2149 683 2225 specie
708 2146 1016 2222 religionis
1046 2145 1399 2203 Antichristi
1454 2144 1690 2221 imperii
1740 2144 2137 2203 fundamenta
2166 2146 2332 2219 jecit,
2363 2148 2476 2204 hoc
2495 2146 2725 2203 bellum
2778 2166 2880 2204 ne-

486 2228 743 2287 fandum
769 2226 997 2301 primus
1023 2224 1377 2299 auspicatus,
1407 2226 1570 2299 quod
1596 2242 1702 2300 per
1730 2240 2092 2283 successores
2107 2242 2296 2299 usque
2312 2224 2754 2296 continuatur,”
2779 2228 2881 2285 &a

496 2306 621 2375 Qui
663 2323 866 2363 servus
901 2321 1206 2361 servorum
1240 2311 1347 2374 est,
1377 2303 1678 2361 Dominus
1720 2302 2137 2374 Dominorum,
2186 2321 2256 2361 ac
2287 2304 2338 2361 si
2365 2303 2531 2361 Deus
2555 2302 2728 2375 foret,
2757 2322 2882 2363 esse

490 2383 674 2460 cupit,
716 2400 912 2441 sacros
938 2388 1140 2453 coetus,
1186 2389 1368 2455 atque
1415 2380 1670 2440 concilia
1710 2381 1984 2451 fratrum,
2013 2380 2136 2437 imo
2186 2380 2586 2439 Dominorum
2632 2400 2879 2441 suorum

487 2468 857 2537 aspernatur,
890 2462 990 2517 διο.
1050 2459 1334 2534 Ingentia
1378 2460 1667 2535 loquitur,
1712 2459 1886 2536 quasi
1913 2458 2078 2517 Deus
2125 2466 2293 2533 esset,
2321 2478 2482 2518 nova
2500 2460 2748 2519 consilia
2767 2461 2878 2519 sub

488 2547 723 2618 pectore
749 2540 1001 2596 volutat.
1048 2537 1137 2595 Ut
1162 2537 1474 2613 proprium
1502 2538 1617 2596 sibi
1643 2538 1971 2596 constituat
1996 2538 2331 2612 imperium,
2349 2540 2512 2613 leges
2529 2547 2875 2610 commutat,

488 2638 629 2678 suas
677 2616 879 2687 sancit,
924 2617 1309 2687 contaminat,
1357 2616 1579 2691 diripit,
1627 2616 1886 2687 fraudat,
1932 2616 2164 2687 occidit,
2213 2618 2480 2692 perditus
2525 2619 2708 2674 homo
2755 2618 2877 2690 ille,

486 2716 668 2775 quem
711 2698 811 2753 An
820 2695 1153 2753 tichristum
1195 2712 1409 2753 vocare
1448 2695 1662 2767 solent,
1690 2694 1753 2751 in
1796 2694 1969 2768 cujus
2010 2695 2208 2753 fronte
2235 2695 2612 2753 contumeliae
2659 2714 2878 2753 nomen

484 2777 790 2851 scriptum,
820 2772 989 2833 Deus
1036 2793 1183 2843 sum,
1214 2793 1421 2831 errare
1446 2794 1563 2831 ‘non
1606 2793 1862 2849 possum,
1917 2773 1981 2829 in
2036 2774 2261 2849 templo
2312 2774 2426 2832 Dei
2473 2775 2657 2845 sedet,
2697 2775 2876 2850 longe

484 2857 724 2931 lateque
752 2852 1156 2922 dominatur,”
1186 2860 1247 2909 et
1272 2852 1395 2910 alia
1420 2854 1599 2927 plura
1624 2852 1687 2909 id
1715 2869 1905 2926 genus
1932 2853 2131 2923 habet,
2161 2871 2298 2928 quae
2325 2853 2546 2911 ibidem
2582 2852 2705 2927 legi
2747 2872 2878 2927 pos-

482 2940 641 2992 sunt.
688 2932 968 3007 Longum
995 2931 1150 2989 foret
1175 2930 1393 2990 referre
1414 2931 1615 2989 omnia
1631 2930 1985 3002 testimonia,
1997 2950 2132 3007 quae
2151 2932 2534 3006 sequentibus
2565 2931 2778 2989 seculis
2799 2932 2875 2989 de

482 3015 597 3071 hac
622 3012 871 3069 veritate
900 3009 1267 3085 prodierunt,
1298 3009 1421 3067 sive
1448 3011 1611 3085 apud
1633 3010 2034 3081 Petrarcham,
2055 3009 2396 3067 Marsilium
2424 3008 2785 3068 Patavinum
2811 3010 2875 3067 in

480 3090 795 3149 defensore
834 3088 1019 3158 PaciS,
1058 3094 1193 3163 part
1234 3089 1289 3159 2,
1338 3086 1662 3147 Nicolaum
1691 3091 1768 3145 de
1798 3086 2137 3162 Clemangis
2183 3090 2258 3145 de
2285 3093 2565 3164 corrupto
2595 3086 2875 3147 Ecclesiae

480 3176 665 3237 statu,
686 3168 979 3224 Alvarem
998 3164 1333 3239 Pelagium,
1351 3166 1792 3225 The-odoricum
1809 3184 1847 3223 a
1863 3166 1922 3223 N
1931 3166 2064 3236 iem,
2087 3166 2516 3237 Mantuanum,
2539 3166 2872 3240 Vesselum,

486 3245 959 3316 Groningensen,
1009 3249 1070 3300 et
1123 3244 1274 3301 alios
1324 3262 1444 3301 non
1500 3263 1742 3319 paucos,
1790 3262 1926 3318 quae
1996 3251 2067 3301 ut
2135 3246 2211 3301 ab
2259 3245 2394 3303 aliis
2447 3244 2696 3302 collecta
2739 3246 2873 3319 jam

485 3321 833 3379 omittimus.
878 3319 1015 3377 Hoc
1062 3339 1253 3377 unum
1292 3322 1465 3379 nobis
1512 3322 1766 3379 sufficiat
1811 3320 1952 3378 hinc
1999 3322 2355 3395 observasse,
2401 3341 2520 3381 non
2563 3322 2872 3395 novitiam,

486 3408 549 3457 et
590 3397 926 3456 inauditam
982 3415 1106 3454 esse
1154 3405 1493 3455 nostrorum
1551 3400 1628 3457 de
1663 3398 2033 3457 Antichristo
2079 3403 2450 3473 sententiam,
2501 3402 2603 3459 sed
2645 3419 2683 3458 a
2717 3403 2872 3459 mul-

480 3479 557 3536 tis
594 3475 805 3534 seculis
847 3476 908 3531 in
950 3474 1136 3549 ipsius
1180 3472 1456 3533 Ecclesiae
1507 3476 1797 3535 Romanae
1847 3476 1988 3535 sinu
2029 3478 2331 3552 cognitam
2373 3488 2434 3539 et
2475 3479 2691 3556 saepius
2735 3498 2874 3555 pro-

478 3556 752 3633 positam.

566 3634 777 3693 XLII.
822 3630 885 3689 N
890 3650 969 3689 on
1011 3632 1297 3690 desinunt
1327 3638 1528 3691 tamen
1568 3634 1892 3693 adversarii
1941 3635 2002 3693 in
2047 3637 2411 3695 contrarium
2455 3637 2585 3707 niti,
2615 3644 2676 3695 et
2719 3639 2872 3696 nihil

482 3734 603 3773 non
634 3711 834 3771 moliri
861 3712 939 3769 ad
968 3710 1276 3768 veritatem
1304 3711 1476 3769 istam
1494 3712 1880 3771 clarissimam
1901 3716 2355 3785 obscurandam,
2378 3716 2472 3774 his
2498 3716 2873 3791 potissimum

478 3793 814 3852 rationibus
838 3790 996 3847 fulti.
1082 3790 1307 3861 Prim0,
1337 3790 1779 3849 Antichristum
1814 3792 2117 3851 hominem
2145 3793 2509 3868 singularem
2537 3802 2598 3855 et
2629 3795 2874 3853 unicum

480 3873 775 3941 futurum,
806 3870 911 3945 qui
939 3870 1051 3927 sub
1078 3870 1259 3925 finem
1286 3870 1499 3927 mundi
1525 3871 1770 3928 demum
1817 3874 2173 3929 revelandus
2201 3874 2294 3943 sit,
2324 3880 2460 3947 post
2501 3872 2875 3947 praedicatio-

483 3970 621 4008 nem
642 3948 937 4025 evangelii
964 3966 1071 4024 per
1088 3954 1285 4005 totum
1308 3948 1529 4019 orbem,
1552 3948 1769 4007 Matth.
1791 3950 1954 4007 xxiv.
1978 3952 2069 4021 14,
2093 3957 2153 4008 et
2170 3951 2402 4025 imperii
2423 3951 2680 4011 Romani
2703 3952 2872 4010 deso-

480 4030 787 4099 lationem,
812 4036 871 4085 et
887 4046 994 4102 per
1012 4034 1131 4085 tres
1150 4044 1339 4084 annos
1366 4045 1503 4083 cum
1525 4027 1775 4085 dimidio
1799 4029 1874 4085 sit
1901 4030 2242 4087 duraturus.
2285 4028 2580 4102 SecundO,
2597 4030 2872 4089 futurum

484 4108 713 4183 origine
741 4106 1049 4177 Judaeum,
1064 4106 1169 4181 qui
1194 4105 1638 4163 instauraturus
1666 4105 1742 4163 sit
1770 4108 2079 4182 templum,
2119 4115 2178 4165 et
2204 4108 2589 4167 restituturus
2623 4108 2872 4166 circum-

482 4187 783 4259 cisionem,
815 4185 1205 4255 Sabbathum,
1236 4190 1297 4241 et
1322 4183 1472 4243 alias
1498 4185 1879 4243 caeremonias
1931 4186 2172 4260 legales.
2232 4186 2452 4257 Tertio,
2508 4185 2872 4245 Henochum

480 4272 541 4322 et
570 4265 769 4323 Eliam
789 4272 1089 4335 venturos,
1120 4263 1226 4338 qui
1253 4282 1315 4321 se
1342 4264 1456 4338 ipsi
1477 4272 1800 4339 opponant,
1823 4264 1930 4341 qui
1956 4282 2060 4339 per
2085 4264 2235 4323 duos
2271 4264 2461 4325 Testes
2488 4266 2874 4341 designentur

478 4345 555 4400 de
592 4343 811 4417 quibus
839 4345 1029 4418 Apoc.
1072 4343 1152 4400 xi.
1200 4342 1449 4414 Quarto,
1488 4343 1926 4417 abnegaturum
1958 4342 2262 4403 Christum
2290 4345 2540 4421 ejusque
2591 4344 2872 4402 Incarna-

481 4421 726 4493 tionem,
760 4422 790 4478 1
841 4421 883 4479 J
888 4424 985 4479 oh.
1030 4422 1090 4479 ii.
1123 4422 1218 4493 22,
1256 4429 1317 4479 et
1344 4428 1836 4496 oppugnaturum
1866 4422 2068 4481 omnia
2113 4422 2439 4482 Salvatoris
2483 4422 2672 4481 nostri
2707 4422 2872 4481 insti-

480 4505 631 4556 tuta.
716 4498 869 4566 Quae
898 4518 1036 4557 cum
1063 4501 1139 4557 de
1168 4499 1337 4575 Papa
1362 4500 1481 4557 dici
1506 4508 1823 4575 nequeant,
1853 4520 1971 4559 non
2003 4502 2218 4560 debere
2245 4502 2427 4561 etiam
2462 4502 2664 4577 ipsum
2691 4500 2874 4559 Anti-

478 4576 765 4637 christum
814 4577 1050 4634 censeri.
1137 4578 1385 4647 Quinto,
1418 4578 1626 4637 Patres
1672 4580 1770 4637 hic
1814 4580 2027 4655 procul
2093 4600 2130 4638 a
2171 4580 2344 4639 nobis
2387 4580 2590 4651 abire;
2633 4587 2694 4637 et
2743 4598 2864 4637 non

476 4672 701 4731 paucos
727 4670 871 4723 esse,
900 4656 1008 4728 qui
1045 4655 1249 4712 locum
1292 4654 1469 4714 Pauli
1496 4657 1572 4714 de
1623 4656 1903 4731 ‚Caligula
1949 4664 2010 4715 et
2038 4657 2280 4715 Simone
2329 4658 2537 4734 Mago,
2587 4665 2648 4716 et
2695 4664 2865 4733 Apo-
