3234 5192
313 334 547 377 msru‘r.
576 314 668 395 πη]
1034 334 1265 375 uosrnA
1308 334 1387 375 aa
1430 334 1714 377 eccm-:su
1753 334 2022 377 sonans.
2614 322 2726 379 121

317 478 579 553 tiumque
596 472 757 551 quod
777 474 995 534 evasim
1002 495 1085 550 ua,
1110 476 1219 535 sub
1236 483 1523 553 praetextu
1544 475 2026 535 reconciliationis
2047 476 2358 552 trahamur,
2383 474 2600 537 bellum
2623 478 2730 539 tali

318 577 460 635 pace
500 556 726 629 meliuS,
768 562 829 614 et
870 556 1175 615 dissidium
1222 556 1327 615 tali
1368 556 1577 615 unitati
1616 556 1792 633 longe
1834 556 2317 633 anteponendum.
2402 556 2534 615 Non
2575 580 2728 636 nego

318 637 492 697 etiam
520 634 743 713 aliquid
788 636 929 695 boni
971 638 1265 713 expectari
1312 656 1501 715 posse,
1553 636 1605 695 si
1655 637 1843 695 Roma
1891 638 2040 695 serio
2069 636 2142 695 de
2180 636 2270 695 sui
2323 634 2728 698 reformatione

320 719 621 795 cogitaret,
667 724 727 775 et
772 716 1259 793 quemadmodum
1299 718 1522 795 justam
1570 716 1741 777 nobis
1778 738 1814 775 a
1861 736 1924 775 se
1951 716 2258 775 recedendi
2286 736 2519 775 causam
2547 718 2726 795 dedit,

322 798 487 857 daret
512 798 689 857 etiam
732 816 965 856 causam
1018 796 1093 855 ad
1134 817 1197 856 se
1244 796 1541 873 redeundi,
1573 804 1633 855 et
1676 796 1908 874 quidem
1957 798 2136 875 priori
2163 795 2524 857 contrariam.
2613 798 2732 859 Sed

321 878 580 955 quandiu
600 877 743 954 ipsa,
774 876 1183 953 insalla'bilitatzb
1211 878 1479 955 opinione
1516 877 1693 953 ebria,
1741 878 2041 955 antiquum
2086 897 2313 956 semper
2340 877 2642 955 obtinebit,
2674 888 2734 939 et

324 958 559 1019 eosdem
587 976 809 1017 errores
850 957 1217 1035 foedissimos,
1248 957 1668 1017 crassissimam
1690 958 2076 1017 idololatriam
2105 967 2162 1017 et
2205 958 2575 1035 tyrannidem
2621 958 2729 1019 du—

322 1039 613 1097 rissimam
640 1038 1065 1116 propugnabit;
1130 1039 1391 1117 quandiu
1430 1038 1757 1098 necessario
1785 1039 1946 1097 volet
1993 1038 2154 1099 credi
2195 1039 2304 1097 sub
2347 1040 2734 1100 anathematis

322 1138 495 1197 poena
522 1117 799 1196 quicquid
846 1118 1145 1178 definitum
1192 1127 1283 1178 est
1325 1119 1387 1176 in
1432 1118 1692 1177 Concilio
1740 1119 2094 1195 TridentinO,
2127 1128 2186 1179 et
2229 1118 2508 1196 quicquid
2557 1121 2732 1199 Papae

324 1199 560 1259 libuerit
606 1199 679 1258 de
724 1199 993 1258 omnibus
1033 1198 1452 1277 quaestionibus
1492 1199 1839 1276 theologicis
1885 1200 2300 1277 pronunciare;
2371 1220 2489 1259 uno
2531 1202 2730 1276 verb0,

324 1280 583 1357 quandiu
604 1279 783 1339 stabit
810 1280 985 1358 Papa,
1018 1281 1207 1357 qualis
1228 1300 1263 1338 a
1290 1280 1411 1339 suis
1440 1279 1701 1355 habetur,
1747 1288 1805 1339 et
1833 1280 2062 1356 qualem
2092 1300 2152 1338 se
2182 1280 2382 1337 haberi
2410 1281 2554 1355 vult,
2587 1281 2733 1339 frus·

325 1368 419 1419 tra
459 1368 625 1419 erunt
666 1360 767 1437 qui
812 1360 885 1419 de
927 1360 1393 1419 reconciliatione
1435 1359 1764 1436 loquentur.
1845 1360 1923 1419 Et
1969 1360 2174 1419 merito
2203 1360 2494 1437 conjicias,
2527 1362 2576 1419 si
2619 1362 2736 1421 sint

330 1440 523 1499 adhuc
549 1460 583 1499 e
620 1440 851 1515 nostris,
882 1460 983 1499 eos
1022 1441 1169 1499 nihil
1197 1439 1357 1500 aliud
1384 1439 1447 1497 in
1474 1440 1667 1499 animo
1695 1439 1908 1499 habere
1937 1439 2224 1517 ejusmodi
2254 1439 2527 1517 consiliis,
2561 1460 2734 1518 quam

329 1519 407 1579 ad
434 1528 657 1597 turpem
698 1522 1047 1598 apostasiam
1088 1521 1243 1580 viam
1294 1520 1407 1580 sibi
1450 1530 1811 1598 praestruere,
1863 1520 2244 1580 desectionem
2272 1540 2438 1579 suam
2464 1521 2574 1579 hoc
2615 1541 2737 1579 rec-

326 1601 475 1659 torio
516 1600 907 1676 incrustandO,
952 1610 1017 1662 ut
1056 1603 1273 1679 majore
1300 1621 1432 1659 cum
1452 1609 1740 1678 praetextu
1787 1608 1848 1659 et
1892 1602 2100 1679 plausu
2147 1602 2210 1659 in
2257 1608 2445 1660 castra
2487 1601 2741 1661 hostium

330 1688 641 1755 transeant,
686 1680 843 1757 quod
890 1682 952 1739 in
993 1684 1258 1759 Niyrino,
1292 1682 1571 1758 GodurcO,
1610 1682 1934 1751 Μίίῑειενίο,
1966 1690 2026 1741 et
2053 1682 2182 1740 aliis
2210 1681 2420 1740 visum.
2509 1682 2572 1741 Si
2599 1702 2740 1741 vero

332 1761 452 1820 sint
478 1782 553 1820 ex
582 1761 949 1838 adversariis,
980 1782 1081 1822 eos
1120 1782 1309 1822 meras
1336 1761 1507 1821 nobis
1554 1771 1778 1821 struere
1805 1762 2062 1838 insidiae,
2097 1770 2156 1821 et
2181 1782 2396 1839 equum
2424 1762 2738 1840 Trojanum

333 1841 641 1918 Papisticis
668 1842 957 1901 erroribus
983 1842 1257 1903 refertum
1301 1840 1583 1901 Ecclesiis
1627 1842 1977 1902 Reformatis
2006 1842 2330 1919 obtrudere,
2361 1850 2427 1901 ut
2447 1844 2580 1921 jure
2608 1845 2738 1901 Da·

330 1942 473 1981 naos
501 1923 693 1981 timere
722 1922 1034 1982 debeamus
1062 1924 1231 1982 etiam
1258 1926 1410 1981 dona
1422 1926 1690 1997 ferentes.

414 2001 744 2061 XXXIX.
790 2003 1033 2063 Frustra
1057 2024 1197 2063 vero
1226 2003 1634 2062 obtenderetur
1675 2010 1994 2063 conventus
2021 2002 2232 2080 aliquis
2258 2002 2559 2080 utriusque
2587 2022 2742 2062 com-

332 2082 623 2141 munionis
679 2082 1098 2161 theologorum,
1156 2084 1218 2143 in
1271 2103 1388 2161 quo
1444 2084 1640 2143 omnia
1699 2092 1964 2143 accurate
2021 2082 2300 2141 deberent
2353 2082 2624 2159 expendi,
2677 2090 2738 2141 et

334 2164 563 2222 sanciri.
650 2163 801 2221 Nam
842 2165 893 2221 si
920 2164 1035 2222 tale
1064 2164 1206 2241 quid
1244 2164 1488 2241 proponi
1529 2163 1782 2239 deberet,
1813 2164 1875 2221 in
1902 2164 2146 2222 concilio
2192 2163 2448 2241 generali
2475 2162 2658 2221 libero
2687 2171 2746 2222 et

333 2242 597 2319 legitimo
664 2243 1074 2303 excutiendum
1123 2252 1292 2317 esset,
1344 2244 1421 2302 ad
1484 2242 1644 2319 quod
1685 2244 1834 2302 liber
1881 2263 2148 2302 accessus
2196 2242 2430 2301 daretur
2477 2242 2746 2301 omnibus

335 2342 581 2400 quorum
608 2323 864 2397 interest,
896 2332 955 2383 et
982 2324 1149 2402 cujus
1175 2324 1349 2383 unica
1387 2344 1589 2382 norma
1631 2332 1692 2383 et
1730 2323 1934 2401 regula
1961 2332 2114 2383 esset
2143 2323 2440 2401 Scriptura
2471 2322 2648 2381 Sacra
2689 2330 2748 2381 et

334 2422 457 2461 vox
488 2403 736 2481 Spiritus
762 2404 977 2480 Sancti,
1008 2405 1259 2481 supremi
1287 2404 1331 2463 J
1334 2403 1519 2463 udicis
1546 2404 1607 2461 in
1641 2404 1936 2481 Scriptura
1960 2403 2267 2480 loquentis,
2313 2402 2471 2479 quod
2497 2404 2558 2461 in
2585 2410 2744 2463 vete-

336 2483 497 2541 ribus
539 2483 798 2543 conciliis
840 2483 949 2543 suit
990 2484 1328 2559 factitatum,
1374 2483 1477 2541 ubi
1516 2483 1579 2541 in
1623 2483 1814 2542 medio
1861 2504 2167 2543 consessus
2195 2484 2438 2543 thronus
2481 2483 2590 2542 fuit
2637 2504 2754 2543 una

336 2584 470 2622 cum
497 2563 647 2623 libro
692 2564 1018 2641 Evangelii,
1050 2564 1179 2623 vice
1224 2563 1454 2639 Christi,
1486 2570 1552 2622 ut
1594 2564 1866 2623 observat
1908 2564 2198 2623 Baronius
2239 2564 2314 2622 ad
2343 2584 2394 2622 a.
2426 2566 2562 2623 325.
2647 2565 2750 2622 An

336 2664 478 2703 vero
506 2644 621 2703 tale
650 2643 957 2703 concilium
998 2644 1294 2722 expectari
1320 2643 1506 2721 possit
1532 2644 1722 2720 hodie,
1759 2644 1984 2721 Synodi
2010 2644 2366 2703 Tridentinae
2393 2644 2752 2721 experientia

337 2722 509 2783 nimis
559 2724 771 2799 docuit,
802 2744 931 2800 quse
960 2743 1091 2783 cum
1120 2744 1195 2782 ex
1243 2732 1383 2783 voto
1409 2724 1637 2801 piorum
1685 2723 1940 2783 omnium
1988 2724 2172 2782 libera
2212 2732 2629 2801 expectaretur,
2674 2725 2751 2783 ad

339 2804 533 2863 omnia
576 2803 957 2881 expendenda
998 2824 1074 2862 ex
1132 2804 1255 2862 solo
1320 2804 1433 2862 Dei
1488 2804 1686 2879 verbo,
1745 2811 1805 2863 et
1853 2804 2176 2862 Ecclesiam
2218 2802 2641 2861 reformandam
2686 2804 2748 2862 in

338 2886 527 2962 capite
582 2893 641 2943 et
680 2883 971 2959 membris,
1018 2884 1181 2943 nulla
1208 2892 1401 2943 tamen
1429 2884 1559 2942 visa
1584 2892 1675 2942 est
1713 2883 1981 2961 iniquior,
2015 2891 2074 2942 et
2100 2883 2176 2941 ad
2205 2882 2553 2941 Pontificum
2595 2883 2746 2941 arbi·

338 2964 515 3025 trium
556 2966 745 3042 magis
786 2964 1127 3041 mancipata,
1151 2963 1325 3040 quod,
1356 2972 1567 3041 praeter
1607 2963 1772 3039 alios,
1804 2962 2214 3021 celeberrimus
2253 2963 2660 3039 Heideyyencs,
2691 2962 2754 3021 in

338 3065 533 3120 auree,
564 3044 721 3122 quod
749 3044 1064 3104 novissime
1087 3044 1286 3119 edidit,
1310 3045 1616 3102 Analomes
1649 3044 1888 3103 Concilii
1929 3043 2248 3101 Tridentini
2271 3061 2459 3119 opere,
2489 3042 2754 3120 pluribus

337 3125 693 3202 argumentis
734 3125 1079 3184 solidissime
1122 3123 1556 3183 demonstravit.
1663 3123 1743 3182 Et
1805 3124 1931 3199 hoc,
1981 3123 2082 3181 vel
2129 3142 2206 3181 ex
2253 3122 2378 3181 sola
2426 3123 2601 3201 Papae
2647 3144 2752 3202 per

338 3205 567 3283 legatos
596 3225 733 3265 suos
788 3204 1173 3282 praesidentia,
1220 3213 1419 3281 patere
1465 3210 1677 3282 potest.
1760 3202 1932 3264 Unde
1982 3202 2304 3262 Cardinalis
2361 3202 2754 3282 Lotharingus

341 3286 599 3362 graviter
625 3286 989 3362 querebatur,
1017 3288 1052 3319 “
1077 3285 1397 3343 Concilium
1428 3284 1664 3343 minime
1693 3284 1941 3344 liberum
1969 3304 2114 3361 esse,
2137 3304 2267 3344 cum
2287 3304 2476 3361 neque
2497 3284 2750 3361 tractari,

338 3384 527 3444 neque
556 3365 788 3425 decerni
816 3366 985 3442 quicq
996 3385 1125 3424 uam
1154 3366 1353 3443 possit,
1386 3366 1499 3425 nisi
1540 3364 1698 3443 quod
1738 3365 1950 3443 legatis
1989 3366 2232 3443 placeat,
2278 3374 2337 3424 et
2376 3365 2558 3443 legati
2603 3366 2751 3424 nihil

340 3446 455 3505 nisi
510 3444 581 3505 de
622 3446 917 3507 voluntate
962 3444 1139 3523 Papae
1182 3446 1458 3521 faciunt,’'
1502 3445 1660 3524 apud
1691 3446 1942 3506 Suavem
1988 3446 2290 3521 Polanum,
2335 3446 2436 3505 lib.
2479 3446 2582 3505 vii.
2610 3466 2746 3523 pag.

340 3526 479 3585 596.
564 3526 644 3585 Et
670 3535 871 3585 notum
899 3526 1008 3586 suit
1035 3526 1404 3603 proverbium
1432 3527 1535 3585 illo
1562 3534 1820 3605 tempore
1861 3527 2164 3604 jactatum,
2214 3529 2250 3559 “
2277 3526 2554 3604 Spiritum
2582 3526 2750 3585 illum

341 3614 621 3682 sanctum,
652 3608 756 3683 qui
796 3606 1135 3666 Tridentina
1176 3606 1419 3665 consilia
1459 3606 1760 3685 gubernat,
1803 3606 1864 3665 in
1905 3608 2158 3667 mantica
2197 3607 2456 3666 clausum
2501 3605 2747 3665 subinde

340 3686 531 3747 Roma
555 3686 767 3746 mitti.''
852 3688 992 3765 Ipsa
1032 3687 1347 3764 quinetiam
1400 3687 1688 3765 Synodus,
1745 3688 1898 3747 Sess.
1942 3708 2087 3746 xxv.
2117 3707 2242 3764 cap.
2266 3690 2362 3761 21,
2407 3686 2747 3745 servitutem

341 3786 503 3827 suam
522 3767 665 3827 satis
685 3776 946 3845 testatur,
991 3788 1167 3845 quum
1197 3768 1469 3844 declarat,
1503 3770 1538 3801 ‘⁶
1562 3767 1770 3827 Omnia
1796 3775 1856 3827 et
1895 3768 2141 3845 singula,
2173 3766 2281 3825 sub
2309 3765 2748 3843 quibuscunque

338 3847 615 3907 clausulis
642 3856 701 3907 et
727 3848 939 3925 verbis,
970 3868 1101 3927 quae
1122 3848 1195 3906 de
1223 3868 1448 3907 morum
1488 3848 1894 3908 reformatione
1922 3856 1982 3908 et
2009 3846 2402 3907 ecclesiastica
2441 3844 2748 3922 disciplina

338 3928 449 3987 sub
480 3928 663 3987 Paulo
693 3928 813 3989 III.
857 3937 917 3988 et
943 3927 1051 3987 Pio
1082 3926 1197 3985 IV.
1228 3927 1291 3985 in
1318 3948 1482 3987 sacro
1510 3929 1768 3989 Concilio
1811 3936 2028 3988 statuta
2055 3935 2206 4001 sunt,
2238 3926 2320 3985 ita
2346 3924 2578 3984 decreta
2598 3944 2744 3999 esse,

339 4016 407 4068 ut
453 4008 515 4067 in
541 4008 635 4067 his
684 4009 848 4068 salva
874 4028 1101 4087 semper
1141 4008 1453 4067 auctoritas
1485 4008 1654 4068 Sedis
1703 4008 2060 4088 Apostolicae
2089 4014 2150 4065 et
2175 4006 2253 4065 sit
2293 4014 2352 4065 et
2377 4024 2506 4065 esse
2533 4003 2746 4063 intelli-

339 4090 569 4167 gatur.¹'
655 4088 827 4165 Quod
872 4090 924 4148 si
964 4090 1077 4149 tale
1121 4088 1427 4148 concilium
1454 4091 1808 4169 proponitur,
1839 4098 1905 4148 ut
1951 4088 2176 4147 nullum
2216 4084 2376 4145 aliud
2415 4086 2526 4143 hoc
2553 4103 2745 4143 rerum

339 4178 495 4229 statu
524 4170 815 4249 expectari
842 4178 1051 4247 potest,
1082 4169 1143 4227 in
1171 4189 1287 4246 quo
1329 4169 1477 4228 nihil
1504 4170 1796 4229 sanciatur
1840 4168 1954 4227 nisi
1982 4168 2148 4228 salva
2175 4164 2532 4243 Apostolicae
2577 4163 2748 4224 Sedis

336 4251 695 4326 auctoritate,
756 4249 899 4326 quid
938 4248 1098 4309 aliud
1139 4270 1313 4327 quam
1353 4250 1668 4311 ludibrium
1710 4250 1940 4325 debent,
1985 4248 2086 4324 qui
2127 4247 2268 4306 talia
2308 4246 2406 4305 vel
2445 4245 2508 4303 in
2549 4246 2742 4305 animo

336 4329 569 4405 habent,
601 4331 697 4389 vel
724 4331 855 4389 aliis
884 4330 1125 4389 suadere
1153 4338 1434 4390 conantur
1452 4334 1481 4390 Ρ

418 4408 557 4467 XL.
605 4410 775 4469 Unde
804 4410 967 4469 nulla
992 4410 1171 4470 tutior
1198 4419 1257 4469 et
1285 4409 1746 4488 compendiosior
1773 4428 1900 4469 sese
1927 4406 2001 4466 ab
2029 4406 2122 4466 his
2148 4406 2374 4484 laqueis
2401 4406 2742 4484 extricandi,

336 4507 483 4565 quos
524 4489 919 4566 pacificatores
966 4490 1065 4550 isti
1111 4490 1343 4551 subdoli
1391 4510 1523 4549 cum
1566 4488 1871 4548 Henoticis
1914 4486 2035 4547 suis
2063 4487 2321 4548 consiliis
2361 4496 2616 4565 nectunt,
2647 4488 2748 4549 via

338 4568 524 4645 datur,
556 4590 729 4647 quam
758 4570 808 4628 si
836 4590 1115 4647 generose
1144 4590 1213 4630 ea
1239 4588 1579 4649 respuamus
1606 4576 1668 4628 et
1707 4587 2042 4627 maneamus
2083 4568 2145 4626 in
2185 4570 2430 4629 veritate
2473 4579 2534 4630 et
2572 4570 2747 4629 liber·-

334 4654 471 4724 tate,
502 4669 675 4725 quam
706 4649 971 4710 Christus
991 4652 1160 4710 nobis
1186 4651 1425 4729 peperit,
1468 4670 1576 4709 nec
1618 4650 1906 4728 patiamur
1945 4668 2054 4709 nos
2081 4648 2289 4709 iterum
2333 4650 2441 4711 sub
2488 4651 2746 4728 pristinae
