3234 5192
278 318 509 360 mspu'r.
542 299 703 382 vnn]
1314 321 1390 361 m:
1422 321 1653 363 usum.
2573 308 2688 370 351

362 461 579 521 XXV.
624 461 746 520 Nec
779 463 953 539 juvat
978 462 1075 520 hic
1102 463 1407 540 exciper03
1452 464 1567 522 Vel
1599 464 1844 523 Paulum
1873 464 2144 524 debuisse
2173 465 2424 544 adjicere
2445 469 2696 545 particu-

279 541 396 599 lam
445 543 739 618 nobiscum,
773 542 823 600 si
851 561 921 602 ea
966 543 1173 603 fuisset
1220 544 1348 620 ejus
1374 563 1555 620 mens,
1588 543 1738 620 Quia
1781 545 1921 604 satis
1948 565 2025 604 ex
2053 551 2385 624 ἀλληλουχλι
2413 549 2699 609 sermonis-

281 622 590 699 colligitur,
603 633 669 682 ut
682 623 925 700 jamjam
936 622 1183 699 dictum;
1205 623 1321 682 Vel
1338 644 1444 683 nos
1456 645 1567 682 non
1599 644 1770 702 posse
1793 625 1908 684 dici
1937 627 2256 686 comedisse
2278 648 2517 706 manna3
2549 629 2704 704 Quia

279 701 417 760 licet
427 723 543 761 non
556 703 974 762 comederimus
994 702 1143 762 illud
1152 704 1382 780 physice
1400 714 1459 764 et
1476 706 1862 780 materialiter,
1876 725 2184 783 possumus
2197 715 2389 766 tamen
2407 708 2524 768 dici
2533 729 2694 768 man·

280 780 491 841 ducare
518 785 811 842 moraliter
838 792 898 843 et
942 785 1445 859 sacramentaliter,
1464 785 1692 860 quoties
1714 785 1773 844 S.
1805 785 1998 844 Coenae
2025 787 2532 864 communicamus,
2563 790 2703 866 quia

281 861 649 923 Eucharistia
666 872 725 923 et
747 864 965 922 Manna
986 865 1047 922 in
1068 883 1137 923 eo
1159 865 1526 940 conveniunt,
1552 865 1710 941 quod
1731 873 1868 924 sunt
1885 866 2150 926 Christus
2167 869 2659 928 sacramentaliter
2681 891 2698 928 z

281 941 396 1002 Vel
424 944 580 1021 quod
608 944 893 1003 increduli
938 965 1057 1003 non
1098 944 1326 1022 possint
1368 944 1483 1003 dici
1510 945 1890 1016 manducasse
1909 965 2100 1005 escam
2119 947 2475 1025 spiritualem
2503 949 2698 1008 nobis-

280 1042 429 1098 cum,
461 1025 598 1102 quia
626 1025 840 1084 Christi
860 1045 978 1084 non
998 1033 1311 1103 potuerunt
1330 1024 1455 1084 fieri
1480 1025 1790 1103 participes
1812 1047 1826 1102 3
1859 1026 2010 1101 Quia
2027 1035 2095 1086 ut
2121 1047 2296 1105 supra
2309 1029 2430 1106 jam
2462 1029 2704 1106 dictum,

280 1123 493 1162 manna
520 1105 893 1180 comedendo,
923 1105 1133 1181 cibum,
1165 1105 1265 1182 qui
1293 1105 1607 1182 spiritualis
1637 1113 1760 1165 erat
1799 1127 1876 1166 ex
1903 1107 2104 1166 ordine
2127 1108 2258 1183 Dei,
2288 1117 2347 1168 et
2374 1109 2474 1186 qui
2505 1109 2700 1168 Chris-

284 1192 407 1242 tum
476 1183 874 1260 adumbrabat,
942 1186 1089 1244 bene
1158 1185 1499 1247 dicebantur
1566 1185 1914 1245 manducare
1945 1209 1960 1246 ε
2030 1187 2146 1246 Vel
2215 1189 2374 1265 quod
2433 1189 2701 1249 dicantur

283 1265 405 1340 typi
441 1267 623 1323 nostri
642 1267 824 1339 juisse
844 1291 868 1339 ,·
912 1266 1061 1324 Nam
1090 1285 1157 1324 eo
1187 1265 1329 1343 ipsc,
1360 1266 1520 1343 quod
1546 1265 1674 1343 typi
1713 1266 1898 1326 nostri
1924 1266 2171 1343 fuerunt,
2215 1268 2518 1330 nobiscum
2547 1289 2704 1328 com-

285 1344 477 1421 parari
509 1345 849 1422 debuerunt,
872 1345 1001 1423 typi
1017 1345 1170 1405 enim
1198 1354 1257 1406 et
1274 1345 1523 1424 antitypi
1550 1354 1880 1424 comparate
1921 1365 1984 1405 se
2012 1347 2244 1424 habent,
2277 1357 2336 1407 et
2363 1357 2500 1408 sunt
2533 1349 2584 1407 in
2610 1376 2708 1409 ταν

294 1450 339 1484 ff
366 1451 415 1490 Ος
440 1451 508 1483 ‘rc-

338 1451 619 1564 eXXVI.
664 1505 823 1564 Hinc
866 1525 1005 1564 vero
1055 1513 1257 1583 sponte
1306 1505 1495 1566 fluunt
1542 1507 1656 1566 tria
1671 1506 2004 1584 gravissimi
2045 1508 2324 1569 momenti
2353 1509 2696 1570 Porismata.

290 1587 566 1661 Primum,
628 1586 742 1645 Pro
783 1588 1227 1646 Manducatione
1279 1587 1567 1663 spirituali
1623 1587 1849 1662 Christi,
1907 1587 2188 1648 adversus
2217 1589 2392 1648 oralis
2418 1599 2478 1649 et
2504 1611 2706 1650 carna-

286 1667 361 1725 lis
379 1667 840 1726 manducationis
855 1667 1065 1726 Christi
1086 1677 1471 1728 commentum
1485 1689 1499 1744 3
1525 1667 1581 1726 N
1582 1687 1676 1726 am
1689 1667 1984 1727 cumidem
1999 1668 2262 1728 Christus
2274 1669 2542 1730 omnibus
2563 1671 2678 1730 fide

287 1747 458 1824 libus,
474 1755 593 1806 tam
614 1747 753 1808 Vet.
783 1767 955 1825 quam
981 1748 1054 1808 N.
1078 1748 1145 1808 T.
1170 1755 1523 1826 proponatur
1542 1747 1996 1825 manducandus,
2027 1747 2231 1808 eadem
2259 1749 2432 1810 debet
2459 1771 2586 1811 esse
2602 1777 2708 1810 zu-

292 1853 451 1894 mnaes
480 1837 538 1888 et
586 1828 1047 1888 manducationis
1090 1828 1244 1905 apud
1288 1837 1563 1906 utrosque
1606 1830 1794 1888 ratio:
1839 1828 1926 1888 At
1951 1837 2179 1888 constat
2203 1829 2706 1891 manducationem

288 1909 501 1967 oralem
530 1910 723 1968 locum
740 1929 859 1968 non
878 1908 1135 1986 potuisse
1156 1909 1369 1968 habere
1392 1909 1501 1968 sub
1518 1908 1654 1968 Vct.
1685 1909 2074 1986 TestamentO,
2105 1929 2282 1986 quum
2303 1909 2558 1971 nondum
2598 1911 2710 1972 fuit

288 1988 619 2049 incarnatus
648 1989 932 2063 Christus,
957 1987 1061 2048 sed
1098 1997 1322 2047 tantum
1352 1988 1708 2066 spiritualem
1735 2009 1840 2066 per
1867 1989 2059 2066 fidem,
2089 2009 2206 2067 quo
2234 2009 2410 2050 sensu
2436 1991 2708 2053 dicuntur

290 2068 479 2127 edisse
508 2089 698 2128 escam
744 2069 1101 2146 spiritualem
1130 2075 1189 2127 et
1236 2067 1453 2128 bibisse
1488 2067 1560 2126 de
1591 2069 1764 2128 Petra
1809 2069 2111 2147 spirituali,
2141 2089 2272 2146 quae
2299 2089 2400 2130 eos
2427 2073 2684 2149 sequeba

289 2155 402 2208 tur.
488 2149 649 2226 Ergo
676 2168 795 2206 non
815 2149 931 2206 alia
958 2167 1111 2208 nunc
1152 2147 1321 2208 nobis
1360 2157 1449 2208 est
1476 2149 1754 2226 urgenda,
1784 2150 1922 2227 quia
1949 2149 2074 2208 sola
2101 2150 2368 2210 salutaris
2395 2159 2485 2211 est
2511 2161 2570 2211 et
2609 2171 2710 2210 ne·

292 2227 573 2303 cessaria3
624 2228 685 2286 Si
730 2228 883 2286 enim
930 2228 1133 2287 Patres
1174 2228 1577 2288 manducando
1615 2230 1910 2290 Christum
1954 2229 2329 2307 spiritualiter
2370 2251 2474 2308 per
2515 2231 2710 2310 fidem,

290 2308 495 2368 salutis
522 2307 659 2368 facti
702 2315 837 2368 sunt
880 2317 1191 2386 compotes,
1222 2308 1427 2387 quidni
1474 2328 1543 2368 ea
1585 2311 1844 2369 contenti
1871 2329 2146 2387 essemus,
2197 2311 2312 2370 alia
2337 2311 2518 2371 missa
2536 2322 2596 2373 et
2622 2332 2710 2372 re·

280 2389 459 2465 jecta,
490 2408 621 2466 quae
650 2397 709 2448 et
733 2389 1061 2467 Scriptura,
1091 2397 1151 2450 et
1176 2389 1405 2465 rationi,
1428 2398 1485 2450 et
1513 2389 1796 2468 analogiae
1841 2389 1993 2466 fidei,
2025 2399 2084 2451 et
2115 2391 2330 2452 Christi
2371 2392 2553 2470 ipsius
2581 2393 2712 2471 dig-

290 2468 461 2529 nitati
486 2477 789 2546 repugnat,
810 2478 869 2529 et
896 2469 1211 2530 innumeris
1238 2469 1695 2530 absurditatibus
1723 2478 1962 2548 urgetur
1977 2474 2006 2530 Ρ

372 2549 659 2610 XXVII.
706 2549 975 2610 Alterum
1002 2550 1076 2611 de
1122 2553 1426 2612 Identitate
1452 2552 1710 2610 Foederis
1743 2551 1956 2628 qratioe
1994 2559 2112 2610 tam
2169 2552 2230 2610 in
2278 2553 2482 2613 Veteri
2537 2573 2708 2630 quam

289 2629 349 2688 in
372 2630 541 2690 Novo
570 2631 975 2708 Testament03
1022 2632 1167 2692 Cum
1184 2633 1339 2690 enim
1368 2638 1728 2691 sacramenta
1747 2631 1865 2690 sint
1892 2631 2086 2708 sigilla
2113 2631 2364 2706 foederis,
2394 2653 2471 2692 ex
2497 2633 2708 2692 identi-

288 2718 409 2770 tate
458 2731 673 2786 eorum,
705 2710 1066 2772 identitatem
1114 2711 1351 2771 foederis
1383 2711 1531 2769 bene
1580 2711 1782 2788 colligi
1824 2729 1994 2768 nemo
2035 2731 2248 2788 negare
2275 2720 2484 2788 potest.
2569 2713 2614 2772 J
2615 2733 2708 2770 am

289 2792 491 2851 eadem
519 2791 697 2850 fuisse
746 2799 1103 2850 sacramenta
1132 2790 1403 2849 Patribus
1446 2789 1751 2849 nobiscum
1780 2789 2000 2848 Paulus
2027 2789 2344 2848 clarissime
2365 2799 2627 2865 testatur,
2659 2793 2708 2851 si

288 2891 407 2930 non
436 2871 637 2948 signis,
688 2871 893 2930 saltem
938 2870 1131 2946 quoad
1174 2868 1615 2945 significationis
1657 2868 2015 2944 mysterium,
2065 2872 2100 2902 “
2117 2869 2178 2926 in
2217 2869 2402 2944 signis
2443 2869 2709 2946 diversis,

289 2951 493 3010 eadem
520 2949 667 3009 fides
695 2951 841 3024 est,”
872 2949 1062 3026 inquit
1090 2949 1346 3025 August.
1374 2955 1447 3006 tr.
1476 2951 1573 3022 46,
1602 2947 1668 3005 in
1693 2949 1737 3006 J
1742 2966 1935 3020 canu„
1971 2947 2086 3005 “in
2114 2947 2297 3023 signis
2325 2947 2573 3022 diversa,
2604 2951 2710 3007 sed

286 3031 347 3088 in
376 3049 437 3088 re
459 3048 589 3105 quse
619 3028 979 3105 significatur
1002 3027 1179 3104 paria,
1210 3027 1444 3086 diversa
1470 3026 1664 3103 specie
1689 3024 1926 3101 visibili,
1949 3027 2111 3103 paria
2131 3027 2346 3086 virtute
2365 3027 2716 3104 spirituali,’'

288 3119 361 3170 tr.
392 3112 489 3168 26.
575 3108 979 3184 Discrepantia
1019 3107 1129 3165 fuit
1156 3107 1217 3165 in
1246 3106 1431 3183 signis
1458 3125 1588 3184 quse
1623 3106 1712 3164 illi
1736 3105 2080 3181 habuerunt,
2110 3115 2170 3165 et
2195 3106 2257 3164 in
2283 3106 2457 3166 modo
2487 3106 2706 3184 signifi-

288 3188 475 3263 candi,
507 3195 791 3266 quatenus
818 3187 921 3246 illa
942 3186 1237 3247 Christum
1277 3193 1603 3261 venturum,
1641 3193 1842 3246 nostra
1883 3206 2023 3245 vero
2061 3186 2354 3246 Christum
2381 3187 2710 3248 exhibitum·

290 3269 653 3347 significant3
698 3267 800 3326 illa
842 3266 1163 3343 obscurius,
1202 3267 1317 3326 ista
1360 3265 1571 3326 clarius
1618 3275 1680 3328 et
1706 3266 1994 3327 efficacius
2013 3266 2189 3326 fidem
2215 3275 2474 3327 nostram
2502 3269 2707 3327 confir-

288 3357 466 3426 mant,
498 3357 557 3408 et
578 3347 823 3408 salutem
851 3347 1179 3424 obsignant.
1265 3345 1509 3406 Interim
1546 3355 1605 3406 et
1629 3346 1734 3406 illa
1761 3354 1820 3407 et
1861 3347 1976 3406 ista
1995 3347 2239 3408 eandem
2264 3367 2387 3408 rem
2415 3349 2706 3427 significa-

288 3439 411 3490 tam
464 3435 859 3506 respexerunt,
910 3427 1182 3488 nimirum
1238 3426 1530 3487 Christum
1584 3427 1687 3504 qui
1741 3428 1895 3487 idem
1950 3427 2060 3488 fuit
2113 3429 2254 3504 heri,
2312 3429 2502 3505 hodie,
2534 3439 2592 3490 et
2645 3431 2708 3490 in

290 3509 518 3584 saecula,
545 3507 698 3568 Heb.
729 3507 852 3568 xiii.
876 3511 933 3570 8.
1018 3508 1098 3567 Et
1143 3527 1251 3568 nos
1286 3507 1459 3566 hodie
1488 3507 1549 3566 in
1576 3528 1742 3568 coena
1769 3529 1872 3586 per
1889 3508 2064 3568 fidem
2087 3509 2380 3569 Christum
2409 3511 2519 3570 sub
2547 3531 2704 3588 sym·

287 3588 424 3648 bolo
452 3589 619 3666 panis
646 3597 707 3650 et
730 3589 854 3647 vini
880 3587 1205 3666 recipimus,
1238 3596 1297 3648 et
1322 3587 1630 3666 participes
1657 3588 1828 3649 fimus
1857 3589 2112 3668 corporis
2140 3599 2199 3648 et
2227 3591 2528 3668 sanguinis
2556 3592 2706 3669 ejuS,

291 3673 323 3729 1
357 3670 487 3728 Cor.
518 3689 577 3729 x.
612 3671 705 3729 16.
790 3669 885 3728 Ita
916 3669 1117 3728 fideles
1144 3669 1283 3728 olim
1310 3669 1372 3727 in
1425 3689 1639 3728 manna
1667 3670 1898 3730 Christo
1925 3671 2310 3730 vescebantur
2337 3671 2413 3728 ad
2440 3671 2706 3748 salutem,

288 3757 349 3810 et
376 3769 506 3808 cum
534 3748 663 3826 ipso
684 3757 1041 3809 sacramento
1076 3749 1315 3828 visibili,
1364 3769 1488 3809 rem
1516 3758 1576 3808 et
1623 3750 1898 3810 virtutem
1927 3751 2271 3810 sacramenti
2291 3749 2706 3828 percipiebant,

287 3830 505 3890 Christi
530 3830 752 3890 scilicet
784 3831 1013 3907 justitia
1041 3839 1101 3890 et
1125 3831 1331 3890 merito
1358 3829 1716 3890 cibabantur.

369 3910 692 3970 XXVIII.
762 3911 1023 3972 Tertium
1094 3912 1183 3972 De
1256 3911 1583 3988 Cognitione
1649 3911 1865 3970 Christi
1945 3913 2046 3970 sub
2124 3913 2242 3969 Vct.
2317 3911 2664 3968 Testamento
2680 3935 2709 3984 ,-

288 3992 439 4050 Nam
467 3991 518 4051 si
548 3990 751 4051 Patres
794 3991 873 4052 ad
918 3992 1379 4052 communionem
1410 3991 1626 4050 Christi
1661 3991 1854 4050 vocati
1891 4000 2042 4067 sunt,
2083 4009 2320 4050 necesse
2348 3997 2454 4064 est,
2485 3997 2551 4048 ut
2578 3993 2711 4066 ejus

284 4071 493 4132 notitia
539 4079 599 4130 et
639 4071 755 4131 fide
799 4072 959 4150 prius
1006 4071 1221 4132 fuerint
1266 4071 1493 4145 imbuti,
1524 4091 1657 4130 cum
1703 4071 1892 4148 ignoti
1916 4071 2080 4131 nulla
2100 4071 2176 4130 sit
2203 4068 2431 4148 cupid0,
2455 4089 2563 4128 nec
2591 4069 2706 4130 frui

285 4151 577 4230 possimus
618 4172 688 4211 eo
736 4173 907 4228 quem
950 4171 1069 4210 non
1114 4151 1418 4213 novimus:
1464 4151 1546 4210 Et
1590 4152 1704 4210 hoc
1731 4171 1808 4210 ex
1835 4171 1906 4210 eo
1933 4151 2148 4211 certius
2175 4150 2364 4208 adhue
2391 4148 2707 4227 colligitur,

285 4232 445 4308 quod
470 4233 599 4310 ipsa
627 4231 845 4290 Christi
888 4231 1257 4292 manducatio
1284 4251 1417 4307 quse
1460 4230 1557 4290 hic
1583 4229 1938 4308 proponitur,
1969 4237 2094 4290 tota
2119 4249 2224 4307 per
2247 4229 2424 4288 fidem
2449 4229 2578 4288 fieri
2603 4231 2701 4290 de·

284 4311 437 4387 beat,
467 4331 599 4390 quse
626 4313 941 4390 practicam
970 4311 1185 4370 Christi
1211 4309 1491 4386 notitiam,
1523 4318 1584 4369 et
1629 4311 1889 4370 intimam
1911 4311 2038 4388 ejus
2065 4309 2576 4388 apprehensionem
2603 4331 2704 4371 ne-

288 4393 537 4451 cessario
564 4391 839 4469 postulat.
924 4391 1096 4452 Unde
1124 4397 1285 4468 patet
1310 4398 1589 4467 quantum
1619 4389 1922 4450 discedant
1949 4411 1984 4448 a
2001 4390 2265 4465 veritate,
2297 4397 2356 4450 et
2381 4411 2552 4468 quam
2576 4411 2704 4470 per-

288 4471 505 4532 niciose
528 4479 735 4549 errent,
768 4471 869 4550 qui
898 4470 1006 4530 sub
1034 4471 1238 4530 Veteri
1264 4471 1637 4528 Testamento
1668 4489 1929 4548 personae
1958 4471 2174 4530 Christi
2201 4470 2414 4530 divinoe
2441 4472 2705 4533 notitiam

288 4571 407 4611 non
454 4553 721 4612 extitisse
772 4550 1139 4630 pertendunt,
1195 4569 1303 4610 nec
1344 4575 1686 4632 φαςιηιιιτω,
1738 4570 1868 4628 quse
1913 4551 2302 4629 cognitionem
2347 4551 2562 4612 Christi
2601 4575 2714 4632 pro

288 4633 543 4710 peccatis
588 4631 853 4693 morituri
896 4632 1317 4710 ingenerarent,
1368 4639 1433 4691 ut
1476 4632 1612 4691 licet
1643 4631 1886 4692 Veteres
1915 4633 2038 4692 sine
2069 4633 2298 4693 Christo
2327 4634 2539 4692 servati
2589 4656 2709 4695 non
