3234 5192
498 274 618 335 500
1100 287 1179 331 m:
1208 286 1680 331 sirisrAc'rioms
1709 288 1943 331 canisii
1973 290 2288 332 venissi-s.
2511 270 2770 353 [meror.
2801 294 2906 337 xv.

505 436 772 493 luctatur
797 438 907 489 aut
930 449 1129 489 moras
1154 431 1379 489 nectit?
1418 432 1541 487 imo
1571 438 1780 489 contra
1825 439 2034 506 sponte
2062 451 2126 490 se
2153 432 2384 506 judicio
2413 432 2529 490 Dei
2556 434 2811 509 subjicit,
2841 443 2908 493 et

506 520 541 546 “
560 531 635 569 ne
676 530 745 569 os
771 510 1014 584 quidem
1042 528 1219 567 suum
1248 509 1456 584 aperit,
1486 510 1660 583 quasi
1688 510 1818 567 ovis
1855 512 1931 567 ad
1959 511 2380 568 mactationem
2408 511 2665 570 deducta
2685 514 2734 570 :²⁵
2762 531 2908 570 nam

506 598 566 648 et
592 591 715 664 ipse
742 606 936 661 agnus
956 594 1085 645 erat
1113 587 1227 645 Dei
1252 588 1357 662 qui
1385 588 1595 645 tollere
1623 588 1832 646 debuit
1855 594 2098 663 peccata
2137 588 2389 659 mundi3
2435 588 2590 657 Quae
2617 591 2910 665 patientia

505 666 876 726 admirabilis
902 674 963 723 et
989 684 1028 722 a
1076 665 1253 723 Petro
1280 667 1752 737 commendatur,
1782 672 1842 724 et
1868 668 1944 724 ab
1985 666 2364 740 evangelistis
2410 686 2532 724 non
2571 669 2751 727 semel
2805 671 2916 726 de-

506 746 797 819 scribitur,
823 746 970 801 dum
998 744 1123 818 ipsc
1150 743 1303 800 nihil
1331 745 1408 801 ad
1423 742 1605 801 falsas
1633 742 1676 800 J
1681 746 1992 802 udaeorum
2019 744 2434 802 excusationes
2460 748 2765 819 reposuit3
2797 747 2912 804 etsi

497 825 667 900 justa
710 830 1049 897 suppeteret
1092 821 1375 893 defensi0,
1424 821 1612 879 tacuit
1639 829 1840 879 tamen
1883 840 2084 879 coram
2125 822 2412 880 tribunali
2455 822 2652 899 Pilati,
2684 826 2910 883 Matth.

507 902 690 959 xxvii,
725 902 816 971 12,
850 900 960 969 14;
1010 900 1295 957 nimirum
1323 899 1467 974 quia
1492 906 1664 957 reatu
1692 908 1894 958 nostro
1931 918 1993 958 se
2023 900 2436 973 obstrinxerat,
2465 902 2662 959 voluit
2687 904 2910 962 tacitus

500 979 734 1055 judicio
763 978 1149 1051 acquiescere,
1177 984 1247 1034 ut
1273 978 1446 1036 nobis
1491 979 1672 1052 pleno
1699 996 1800 1036 ore
1827 977 2074 1054 gloriari
2105 978 2314 1035 liceret
2339 978 2403 1035 in
2431 979 2564 1053 ejus
2590 981 2912 1039 absolutis-

508 1057 659 1116 sima
688 1056 946 1130 justitia.
1032 1056 1129 1113 Ita
1153 1062 1406 1113 mortem
1432 1056 1620 1131 ipsius
1648 1074 1855 1113 verum
1882 1056 2068 1114 fuisse
2096 1055 2446 1115 sacrificium
2476 1059 2687 1116 docere
2714 1060 2914 1117 voluit

507 1142 675 1193 vates
721 1152 883 1192 sacer
920 1134 984 1191 in
1034 1152 1157 1209 qua
1202 1132 1445 1192 victima
1490 1140 1698 1208 sponte
1726 1140 1788 1191 et
1825 1134 2102 1192 lubenter
2127 1152 2252 1191 sese
2291 1135 2552 1207 stitisset‚
2581 1156 2703 1211 quo
2729 1139 2912 1212 perti-

508 1221 611 1271 net
650 1214 824 1284 illud,
876 1213 1035 1271 Psal.
1087 1212 1169 1268 xl.
1216 1212 1271 1282 6,
1313 1211 1370 1283 7,
1418 1212 1567 1270 Ecce
1602 1212 1784 1284 υοηὶο,
1832 1232 1974 1271 nam
2021 1212 2171 1269 alias
2217 1212 2462 1271 litatum
2502 1232 2625 1272 non
2678 1216 2905 1285 fuisset,

508 1292 814 1367 quomodo
838 1292 1001 1367 apud
1031 1289 1319 1347 Ethnicos
1344 1310 1465 1348 non
1493 1291 1783 1349 litabatur
1807 1299 1867 1349 et
1893 1292 2065 1351 ἄουτον
2104 1292 2217 1371 ἱιςὶν
2237 1291 2689 1350 existimabatur
2714 1293 2763 1351 si
2793 1294 2912 1350 vic—

511 1372 661 1429 tima
706 1388 833 1427 sese
872 1370 1205 1427 retraheret
1250 1370 1326 1425 ab
1375 1370 1491 1426 aris
1535 1376 1644 1427 aut
1669 1369 1969 1445 mugitum
2018 1371 2240 1439 ederet,
2274 1371 2434 1427 unde
2478 1371 2630 1427 illud
2685 1371 2908 1442 Ovidii,

510 1454 549 1483 ‘⁶
566 1448 837 1523 mugitus
856 1446 1102 1504 victima
1116 1446 1279 1503 diros
1306 1446 1544 1505 edidit.’‘
1568 1448 1661 1505 At
1685 1454 1886 1505 noster
1915 1449 2133 1525 Agnus
2154 1466 2230 1505 ne
2251 1448 2480 1507 halavit
2499 1448 2740 1522 quidem
2769 1450 2913 1507 licet

509 1525 775 1583 humeris
802 1525 923 1581 suis
949 1524 1133 1581 ferret
1158 1532 1402 1598 peccata
1422 1525 1692 1583 omnium
1719 1532 2011 1585 nostrum.

592 1602 791 1660 VIII.
836 1601 931 1659 Ex
955 1604 1070 1659 hac
1096 1607 1301 1658 autem
1340 1604 1642 1678 analytica
1667 1603 1984 1662 verborum
2014 1607 2222 1679 ἐξηγέο-ιι
2241 1605 2376 1678 jam
2400 1603 2655 1679 proclive
2681 1610 2772 1661 est
2799 1622 2910 1677 ag-

508 1698 749 1737 noscere
787 1684 1013 1753 quanta
1038 1685 1294 1753 exurgat
1338 1688 1833 1755 argumentorum
1874 1700 2038 1757 seges
2064 1704 2174 1761 pro
2201 1682 2612 1743 satisfactionis
2634 1682 2907 1740 veritate.

518 1759 569 1815 1.
614 1756 825 1825 Quum
873 1756 1147 1815 Christus
1178 1756 1415 1829 dicitur,
1447 1759 1821 1832 “languores
1847 1767 1908 1817 et
1947 1763 2184 1821 dolores
2211 1768 2445 1819 nostros
2485 1768 2660 1835 atque
2687 1760 2913 1837 iniqui-

508 1842 665 1894 tates
691 1836 959 1906 tulisse,’'
988 1852 1110 1891 ver.
1140 1835 1197 1905 4,
1228 1835 1284 1907 6,
1314 1836 1371 1907 8,
1402 1837 1493 1907 11,
1527 1837 1619 1907 12,
1656 1854 1833 1910 poena
1857 1839 1986 1896 haec
2011 1841 2238 1899 vicaria
2261 1858 2385 1897 non
2413 1840 2658 1896 obscure
2683 1838 2914 1896 indica-

508 1920 628 1987 tur,
658 1932 801 1972 nam
828 1914 879 1970 si
905 1930 1027 1970 non
1072 1931 1212 1971 suos
1254 1916 1357 1971 sed
1384 1920 1623 1973 nostros
1650 1915 1888 1974 dolores
1907 1917 2067 1989 tulit,
2097 1919 2306 1994 utique
2327 1917 2611 1974 innocens
2635 1925 2912 1991 respectu

510 1993 624 2063 sui,
653 1994 755 2051 sed
802 1997 1006 2050 nostra
1052 1991 1230 2067 culpa
1275 1999 1511 2050 tantum
1536 2010 1675 2049 reus
1703 2012 2012 2067 percussus
2033 2004 2138 2069 est,
2167 1998 2320 2053 adeo
2347 2002 2418 2051 ut
2437 2002 2679 2069 peccata
2703 2002 2915 2053 nostra

509 2072 738 2130 fuerint
780 2088 959 2129 causa
1004 2070 1309 2129 meritoria
1354 2078 1415 2129 et
1459 2070 1784 2146 impulsiva
1823 2074 2197 2133 cruciatuum
2235 2092 2386 2148 quos
2413 2073 2590 2133 tulit:
2633 2074 2738 2148 qui
2766 2092 2913 2130 vero

511 2168 717 2225 poenas
744 2149 917 2207 alteri
944 2148 1173 2207 debitas
1198 2148 1262 2206 in
1290 2167 1351 2207 se
1378 2149 1587 2224 recipit
1612 2157 1674 2206 et
1713 2151 2012 2225 transfert,
2043 2153 2106 2210 in
2135 2152 2380 2211 alterius
2405 2152 2608 2209 locum
2637 2158 2698 2209 et
2725 2151 2914 2209 vicem

512 2230 877 2301 subrogatus
906 2227 1117 2283 merito
1145 2227 1365 2284 dicitur
1404 2234 1585 2301 atque
1634 2229 1785 2285 adeo
1813 2232 2023 2288 eadem
2049 2232 2148 2289 vel
2181 2230 2603 2305 aequivalentia
2629 2230 2912 2304 patiendo

510 2324 621 2379 pro
638 2305 767 2378 ipso
786 2303 1149 2362 satisfacere:
1173 2304 1237 2361 N
1238 2323 1336 2361 am
1353 2312 1752 2380 praeterquam
1773 2309 1936 2381 quod
1948 2310 1996 2366 is
2017 2316 2106 2367 est
2121 2307 2636 2385 frequentissimus
2656 2314 2717 2365 et
2732 2306 2912 2364 tritis-

512 2381 697 2439 simus
718 2382 1024 2455 scripturae
1042 2397 1185 2437 usus
1210 2388 1279 2439 ut
1289 2393 1531 2457 peccata
1544 2395 1793 2457 portare
1813 2384 1863 2442 is
1879 2387 2116 2444 dicatur
2132 2388 2238 2463 qui
2258 2404 2366 2461 pro
2385 2386 2640 2460 peccatis
2665 2385 2912 2459 punitur

512 2464 572 2516 et
591 2458 890 2533 plectitur,
912 2456 1050 2514 vide
1079 2458 1222 2515 hev,
1252 2476 1307 2515 v.
1342 2460 1395 2529 1,
1424 2466 1485 2517 et
1510 2460 1634 2517 xix.
1658 2462 1714 2530 8,
1743 2468 1803 2518 et
1823 2482 1923 2521 xx.
1952 2463 2043 2536 17,
2073 2466 2170 2537 20,
2197 2464 2437 2542 et‚xxiv.
2461 2464 2552 2533 13,
2573 2464 2760 2521 Num.
2789 2463 2909 2520 xiv.

516 2536 613 2606 33,
644 2535 859 2594 Ezech.
888 2534 1053 2593 xviii.
1083 2536 1179 2607 20,
1219 2542 1280 2593 et
1305 2536 1449 2595 alibi
1476 2538 1729 2613 saepius3
1776 2549 2074 2616 repugnat
2099 2544 2283 2601 etiam
2311 2543 2441 2617 ipsa
2466 2542 2620 2600 ratio
2649 2548 2719 2598 ut
2737 2542 2786 2598 is
2803 2540 2914 2598 ali-

512 2614 1019 2689 cujus-peccatum
1047 2620 1287 2689 portare
1314 2615 1565 2686 dicatur,
1608 2617 1714 2691 qui
1753 2620 1880 2677 sola
1916 2622 2140 2695 peccati
2177 2621 2484 2678 occasione
2525 2619 2767 2694 patitur,
2797 2620 2912 2676 nisi

512 2710 717 2769 poenas
744 2691 923 2749 etiam
949 2692 1175 2766 peccati
1220 2692 1479 2767 perferat
1520 2712 1590 2751 ac
1615 2694 1679 2751 in
1707 2714 1768 2753 se
1796 2698 2043 2773 recipiat
2065 2720 2078 2773 ;
2121 2699 2256 2774 quis
2291 2699 2454 2755 enim
2479 2697 2697 2754 dixerit
2721 2698 2913 2754 domi-

514 2789 663 2829 num
706 2770 812 2846 qui
838 2788 914 2827 ex
942 2771 1090 2829 furis
1132 2778 1373 2846 peccato
1400 2773 1690 2829 damnum
1709 2776 1938 2848 patitur
1963 2776 2128 2834 illius
2152 2782 2464 2852 peccatum
2489 2782 2740 2849 portare,
2769 2792 2910 2831 cum

512 2850 624 2908 etsi
665 2850 971 2907 occasione
1009 2849 1157 2907 furti
1210 2848 1513 2923 affligatur
1564 2850 1629 2907 in
1683 2852 1856 2911 bonis
1904 2854 2042 2925 suis,
2098 2854 2246 2912 furti
2300 2861 2498 2911 tamen
2541 2868 2740 2927 poenas
2785 2870 2908 2909 non

513 2928 801 2986 sustineat
847 2946 959 2985 uec
1012 2946 1120 3003 pro
1168 2927 1332 2985 furto
1374 2929 1679 3003 puniatur.
1723 2930 1902 2989 Hanc
1949 2950 2091 2992 vero
2129 2932 2416 2990 lationem
2457 2948 2581 2987 esse
2621 2931 2912 3005 poenalem

514 3012 576 3062 et
622 3005 1073 3064 satisfactoriam
1110 3006 1420 3078 evincitur,
1451 3008 1505 3065 2.
1552 3026 1628 3065 ex
1669 3026 1790 3067 ver.
1844 3010 1936 3081 10,
1982 3018 2016 3045 “
2046 3012 2150 3070 ubi
2193 3010 2414 3068 dicitur
2439 3010 2701 3066 animam
2743 3026 2912 3066 suain

513 3082 817 3156 positurus
846 3083 909 3139 in
938 3084 1292 3141 sacrificium
1319 3103 1427 3159 pro
1470 3093 1731 3161 peccato,
1776 3108 1882 3146 ivs:
1911 3096 2046 3148 ξύμ
2075 3106 2272 3158 ewam
2317 3106 2458 3145 nam
2497 3097 2634 3147 eris
2662 3088 2762 3144 hic
2785 3088 2913 3162 pia-

515 3158 706 3215 culum
741 3159 865 3215 sive
904 3160 1207 3218 victimam
1250 3162 1611 3235 piacularem
1657 3171 1865 3222 notare
1901 3164 2165 3223 dubitari
2205 3185 2326 3225 non
2364 3171 2589 3241 potest3
2633 3166 2914 3239 quemad-

513 3235 764 3290 modum
811 3252 955 3292 νει-ο
983 3237 1225 3294 victima
1264 3238 1329 3294 in
1378 3240 1491 3297 Rei
1537 3242 1738 3297 locum
1779 3242 2100 3301 substituta
2123 3263 2360 3319 poenam
2388 3244 2713 3319 peccatoris
2741 3244 2916 3301 susti-

514 3311 731 3384 nendO,
762 3319 995 3369 reatum
1022 3312 1151 3386 ejus
1178 3314 1471 3389 expiabat,
1501 3318 1666 3391 quod
1701 3336 1990 3376 manuum
2033 3320 2412 3395 impositione
2450 3322 2913 3395 significabatur,

514 3395 576 3447 et
602 3395 913 3464 peccatum
939 3398 1178 3465 portare
1204 3399 1519 3466 propterea
1546 3394 1888 3465 dicebatur3
1917 3396 2005 3454 ita
2031 3400 2252 3473 pariter
2279 3400 2549 3459 Christus
2575 3418 2769 3475 agnus
2799 3399 2912 3456 Dei

515 3467 621 3544 qui
637 3474 945 3542 peccatum
964 3486 1073 3543 pro
1094 3468 1265 3525 nobis
1290 3470 1486 3529 factus
1506 3477 1611 3541 est,
1641 3479 1883 3547 peccata
1909 3483 2115 3535 nostra
2140 3479 2283 3536 tulit
2308 3496 2464 3548 vere,
2492 3478 2637 3553 quia
2661 3484 2913 3535 mortem

514 3547 686 3605 nobis
712 3546 976 3604 debitam
1002 3547 1062 3603 in
1092 3564 1153 3603 se
1176 3548 1394 3623 recepit
1414 3556 1484 3607 ut
1504 3550 1581 3606 ab
1602 3566 1676 3607 ea
1702 3568 1810 3607 nos
1837 3552 2122 3613 eximeret
2143 3577 2158 3627 ;
2188 3574 2295 3613 cur
2314 3574 2454 3613 vero
2477 3556 2738 3630 positum
2769 3562 2804 3589 ‘⁴
2823 3574 2916 3613 sa-

514 3626 799 3684 crificium
826 3643 935 3699 pro
961 3624 1218 3683 delicto''
1248 3626 1294 3683 si
1323 3626 1609 3685 delictum
1638 3627 1838 3703 potuit
1863 3631 2106 3705 expiari,
2129 3636 2226 3691 vel
2253 3635 2566 3711 expiatum
2591 3641 2681 3693 est
2719 3634 2916 3709 reipsa

512 3704 637 3763 sine
666 3702 945 3762 sacrificio
974 3702 1263 3778 hylastico
1286 3708 1310 3764 3

598 3782 715 3841 IX.
760 3781 1012 3839 Accedit
1056 3782 1111 3839 3.
1141 3786 1305 3860 quod
1332 3802 1455 3841 non
1502 3791 1742 3843 tantum
1769 3786 2004 3846 dicatur
2029 3790 2266 3848 dolores
2293 3799 2527 3850 nostros
2554 3791 2778 3861 tulisse,
2809 3792 2914 3847 sed

514 3868 549 3896 “
572 3867 633 3918 et
660 3860 903 3918 attritus
926 3860 1107 3917 fuisse
1128 3868 1189 3918 et
1210 3880 1521 3936 percussus
1542 3883 1579 3922 a
1599 3864 1730 3922 Deo
1750 3876 1994 3943 propter
2013 3874 2252 3943 peccata
2271 3870 2534 3941 nostra,”
2567 3870 2732 3949 quod
2759 3868 2916 3943 disp.

511 3940 762 4015 praeced.
791 3956 1033 3997 causam
1058 3940 1422 3998 meritoriam
1448 3948 1659 4000 notare
1683 3945 2086 4018 probavimus.
2170 3946 2328 4004 Item
2357 3950 2541 4023 quod,
2585 3944 2622 3983 ‘⁴‘
2641 3947 2808 4004 Deus
2851 3948 2914 4003 in

510 4017 711 4093 ipsum
736 4016 1053 4091 conjecerit
1078 4024 1139 4074 et
1164 4020 1534 4079 transtulerit
1578 4020 1924 4098 iniquitates
1952 4024 2220 4081 omnium
2263 4025 2597 4102 nostrum,”
2623 4044 2746 4083 ver.
2778 4024 2832 4097 5,
2857 4025 2915 4095 6,

512 4095 700 4170 quod,
745 4100 779 4129 ‘⁸
802 4094 1061 4152 voluerit
1086 4094 1129 4152 J
1134 4097 1327 4154 ehova
1354 4114 1491 4155 euin
1522 4104 1880 4177 conterere,’'
1908 4120 2028 4159 ver.
2063 4102 2154 4173 10,
2182 4104 2290 4160 ubi
2317 4104 2454 4162 talis
2481 4103 2754 4161 innuitur
2779 4122 2918 4179 pec-

510 4174 629 4231 cati
670 4174 817 4231 latio
844 4192 980 4248 quae
1027 4174 1461 4249 perpessionem
1503 4176 1885 4251 conjunctam
1927 4181 2110 4239 habet
2137 4182 2554 4255 gravissimam
2574 4188 2635 4239 et
2654 4182 2918 4256 judicia-

510 4252 663 4308 riam
704 4258 1081 4325 peccatorum
1122 4252 1614 4328 imputationem3
1658 4267 1900 4330 peccata
1941 4264 2144 4315 autem
2185 4258 2340 4318 ferre
2385 4260 2689 4335 patiendo,
2735 4266 2920 4334 atque

509 4326 597 4384 ita
621 4334 693 4383 ut
716 4328 857 4385 inde
885 4328 989 4387 alii
1015 4328 1361 4402 liberentur,
1391 4333 1537 4407 quid
1564 4334 1734 4391 aliud
1755 4336 2019 4395 indicare
2034 4344 2248 4411 potest,
2271 4356 2455 4412 quam
2482 4356 2671 4414 poenae
2699 4337 2914 4394 alienae

510 4404 943 4476 susceptionem
968 4408 1373 4467 voluntariam
1388 4418 1450 4469 et
1469 4411 1698 4485 justam
1725 4413 2109 4473 inflictionem
2137 4417 2158 4473 ἓ
2198 4415 2364 4473 Nam
2391 4418 2556 4491 quod
2585 4414 2914 4474 adversarii

504 4480 625 4571 lioc
649 4479 727 4534 ad
756 4483 1183 4543 occasionalem
1207 4487 1427 4546 Christi
1453 4490 1850 4550 calamitatem
1876 4493 2160 4563 referunt,
2188 4494 2334 4569 quia
2361 4495 2526 4553 Deus
2546 4494 2746 4552 voluit
2771 4511 2914 4550 euni

502 4562 889 4632 iniquitatum
932 4568 1273 4622 nostrai-um
1320 4566 1626 4626 occasione
1669 4571 1841 4641 mori,
1871 4571 2126 4630 dilutius
2151 4578 2242 4630 est
2266 4590 2452 4647 quam
2478 4580 2550 4630 ut
2575 4573 2698 4631 vim
2728 4572 2910 4647 phra-
