3234 5192
665 933 1410 1028 DISPUTATIO
1511 937 2283 1033 THEOLOGICA

1131 1227 1316 1264 PRIMA
1360 1229 1437 1265 1)ss
1483 1229 1841 1270 NRCBBSAmA

383 1461 928 1558 SECESSIONE
999 1460 1355 1555 NOSTRA
1429 1462 1556 1552 AB
1634 1465 2081 1559 ECCLESIA
2152 1463 2572 1581 ROMANA,

875 1757 945 1794 ΕΤ
987 1755 1339 1794 ῘΜΡΟΒΒΙΒΠᾸ
1382 1756 1506 1794 CUM
1553 1756 1631 1793 EA
1672 1757 2091 1798 sYNanTlsMo.

1208 2001 1739 2015 “mvsa-em

679 2203 1069 2278 Res-spondente
1108 2203 1352 2262 Josmzs
1393 2205 1438 2262 J
1441 2222 1631 2264 Acoso
1675 2205 1963 2264 Gssnsno
2010 2205 2295 2282 Tiqurino.

356 2391 406 2449 1.
449 2391 628 2466 Quon
669 2390 826 2468 apud
853 2391 1022 2450 malm
1070 2390 1208 2450 fidei
1234 2413 1597 2471 possessores
1640 2415 1750 2454 usu
1779 2395 1977 2454 venire
2001 2395 2164 2470 solet,
2196 2403 2263 2454 ut
2306 2393 2507 2453 solidis
2548 2395 2699 2472 juris

270 2469 663 2530 fundamentis
729 2481 790 2530 et
827 2471 1006 2548 justis
1049 2491 1239 2531 eausae
1287 2473 1572 2551 praesidiis
1614 2473 1895 2549 destituti,
1932 2475 1993 2532 in
2042 2474 2361 2534 adversarii
2395 2493 2698 2552 personam

271 2550 714 2628 quibuscunque
742 2559 985 2627 possunt
1011 2551 1200 2610 modis
1227 2552 1592 2630 invehantur,
1613 2563 1681 2613 ut
1695 2555 1806 2613 hoc
1826 2553 2000 2612 modo
2028 2563 2353 2631 suspectam
2375 2562 2435 2613 et
2461 2573 2696 2613 exosam

271 2629 432 2688 illam
461 2627 776 2704 reddendo,
806 2628 1032 2690 facilius
1071 2651 1298 2690 omnem
1327 2632 1499 2692 dictis
1527 2635 1579 2710 ej
1587 2654 1657 2692 us
1698 2633 1873 2692 fidem
1918 2633 2219 2710 abrogent.
2304 2633 2377 2691 Id
2420 2633 2609 2710 ipsum
2638 2633 2697 2691 in

276 2709 624 2786 gravissimo
652 2708 810 2784 quod
857 2709 1008 2768 inter
1047 2730 1154 2769 nos
1195 2720 1254 2771 et
1297 2712 1636 2772 Pontificios
1683 2714 1878 2790 agitur
1906 2713 2233 2790 Religionis
2260 2711 2495 2788 negotio
2523 2732 2695 2788 expe·

273 2789 470 2846 rimur.
555 2787 702 2846 Cum
747 2789 900 2846 enim
936 2788 1106 2848 facile
1135 2790 1584 2868 deprehendant,
1613 2793 2072 2870 quotiescunque
2116 2791 2309 2852 missis
2356 2790 2699 2867 ambagibus

267 2866 542 2944 jugulum
571 2886 760 2926 csusae
787 2867 1018 2944 petitur,
1043 2877 1102 2928 et
1137 2870 1214 2928 ad
1234 2890 1478 2930 examen
1497 2871 1774 2931 doctrinm
1802 2871 2187 2946 descenditur,
2219 2891 2281 2929 se
2301 2870 2477 2945 longe
2505 2869 2698 2927 inferi—

275 2965 404 3006 ores
453 2965 628 3005 causa
655 2945 877 3023 cadere,
928 2967 1036 3008 nec
1081 2950 1424 3009 sententiam
1473 2969 1640 3010 suam
1668 2970 1745 3010 ex
1792 2951 2105 3027 Scriptura,
2136 2969 2267 3025 quse
2295 2947 2419 3006 sola
2444 2945 2585 3005 fidei
2610 2956 2701 3006 est

273 3045 476 3086 norma
501 3025 842 3102 infallibilis,
872 3035 938 3086 ut
981 3047 1088 3086 nos
1115 3037 1370 3088 nostram
1401 3030 1775 3107 comprobare
1818 3049 2027 3105 posse3
2076 3029 2192 3087 huc
2239 3045 2439 3085 omnes
2480 3025 2699 3103 ingenii

276 3124 488 3164 nervos
515 3104 838 3180 intendunt,
868 3115 934 3168 ut
960 3106 1178 3166 odiosis
1205 3107 1576 3186 praejudiciis,
1605 3117 1667 3167 et
1706 3106 2133 3184 suspicionibus
2160 3105 2409 3166 sinistris
2436 3115 2696 3165 nostrum

271 3184 488 3262 agendi
529 3183 764 3244 modum
793 3195 1056 3263 gravent,
1097 3187 1310 3264 quibus
1359 3186 1715 3247 infirmorum
1742 3195 2155 3265 praeoccupatae
2203 3195 2263 3246 et
2308 3193 2533 3245 tantum
2581 3205 2697 3244 non

271 3263 566 3324 fascinatis
595 3271 834 3340 mentes,
865 3265 960 3324 vel
999 3266 1074 3324 ad
1101 3286 1208 3325 nos
1236 3266 1509 3326 accedere
1547 3287 1691 3327 cane
1719 3267 1885 3345 pejus
1924 3275 1982 3326 et
2008 3285 2197 3344 angue
2226 3265 2617 3342 reformident,
2648 3267 2697 3325 si

271 3343 462 3404 adhuc
488 3363 524 3402 s
549 3342 718 3402 nobis
747 3353 882 3403 suut
909 3344 1100 3420 alieni,
1131 3346 1228 3405 vel
1257 3347 1306 3406 si
1353 3348 1416 3405 in
1444 3355 1634 3407 castra
1662 3356 1858 3407 nostra
1876 3347 2003 3426 jam
2048 3345 2417 3422 transierunt,
2447 3366 2483 3405 s
2527 3345 2697 3404 nobis

269 3423 556 3497 recedere,
585 3430 646 3482 et
672 3421 748 3481 ad
773 3423 930 3501 ipsos
959 3425 1144 3485 redire
1171 3445 1514 3504 quacunque
1541 3426 1777 3486 tandem
1802 3425 2023 3486 ratione
2050 3433 2346 3485 conentur.

389 3569 402 3582 .
475 3569 486 3580 ⁸
518 3567 532 3580 ‚
881 3503 968 3563 ΙΙ.
1012 3505 1174 3564 Inter
1210 3507 1372 3564 varia
1412 3515 1604 3565 autem
1632 3508 1759 3565 hoec
1796 3505 2147 3584 praejudicia,
2192 3505 2417 3564 nullum
2456 3503 2696 3582 gravius

273 3568 616 3626 PmJudncmm
639 3566 739 3659 ‘⁸³5—
797 3582 1029 3642 videtur
1055 3593 1115 3643 et
1140 3585 1538 3662 periculosius,
1569 3605 1640 3644 eo
1678 3584 1835 3663 quod
1862 3585 2043 3662 vulgo
2084 3605 2121 3644 a
2160 3585 2473 3644 secessione
2498 3593 2696 3642 nom-a

329 3639 442 3728 2⁸3
455 3623 740 3728 dxix-⁰⁸:¹1»
797 3663 869 3722 ab
915 3664 1176 3722 Ecclesia
1217 3667 1486 3724 Romana
1513 3665 1635 3741 peti
1682 3665 1845 3740 solet,
1876 3665 2042 3742 quasi
2083 3683 2153 3722 ea
2179 3664 2395 3742 injusta
2438 3661 2610 3722 fuerit
2636 3670 2696 3721 et

328 3741 548 3812 podes-iq
597 3739 737 3786 Rom.
797 3742 1198 3818 sehismatica3
1262 3763 1482 3820 nosque
1525 3743 1673 3802 adeo
1720 3763 1852 3804 cum
1902 3743 2399 3802 Reformatoribus
2460 3742 2693 3816 nostris,

329 3801 589 3858 nnjmtma.
797 3820 1036 3881 summis
1063 3821 1181 3880 illis
1227 3831 1286 3882 et
1329 3822 1562 3882 invictis
1601 3822 1914 3898 Heroibus,
1948 3823 2343 3882 Schismaticis
2384 3828 2443 3880 et
2469 3819 2691 3879 Turbo-

272 3901 448 3960 nibus
471 3901 817 3962 accensendi
843 3901 1162 3977 veniamus,
1192 3901 1294 3978 qui
1340 3902 1566 3962 viscera
1593 3902 1803 3962 Matris
1844 3901 2078 3979 optimas
2106 3899 2457 3974 dilaniando,
2499 3907 2559 3957 et
2606 3899 2692 3956 in-

275 3981 618 4040 consutilem
647 3980 862 4040 Christi
889 3981 1144 4039 tunicsm
1185 3981 1572 4056 dilacerando,
1603 3982 2029 4042 sanctissimum
2070 3979 2367 4039 charitatis
2394 3977 2691 4036 vinculum

274 4059 490 4120 nefarie
517 4060 932 4139 abruperimus,
975 4079 1084 4118 nec
1123 4059 1296 4119 modo
1337 4069 1551 4120 temere
1598 4069 1659 4120 et
1698 4062 1823 4120 sine
1864 4059 2225 4135 necessitate,
2256 4057 2357 4116 sed
2394 4075 2692 4134 perperam

274 4147 335 4199 et
359 4140 572 4218 injuste
601 4140 674 4198 ab
705 4137 968 4198 Ecclesia
994 4137 1446 4200 discesserimus.
1531 4140 1688 4200 Hinc
1704 4141 1867 4200 nulla
1891 4138 2111 4218 gratiae,
2142 4157 2275 4216 spes
2301 4135 2463 4195 nulls
2489 4135 2693 4196 salutis

275 4219 446 4278 nobis
471 4227 640 4278 extra
667 4218 990 4278 Ecclesiam
1033 4219 1236 4296 positis
1279 4218 1502 4298 reliqua
1544 4219 1759 4280 dicitur
1800 4240 1947 4295 esse,
1976 4219 2091 4278 nisi
2133 4217 2319 4276 amica
2343 4234 2485 4292 pace
2514 4215 2693 4276 Matri

273 4299 460 4390 unicae
489 4297 1016 4437 denuoecfnciliati,
1046 4319 1134 4375 eo,
1163 4299 1320 4358 unde
1363 4319 1588 4360 summo
1617 4307 1815 4360 nostro
1842 4299 1997 4358 malo
2018 4295 2237 4374 egressi
2265 4295 2445 4354 semel
2471 4314 2689 4371 sumus,

577 4398 635 4437 ιο
657 4399 688 4438 ι·
761 4396 978 4438 eamus.

359 4457 478 4518 ΙΙΙ.
525 4456 700 4518 Unde
728 4457 922 4534 quivis
948 4456 1116 4516 facile
1160 4457 1555 4536 deprehendit,
1587 4467 1865 4536 quantum
1916 4456 2143 4517 intersit
2184 4454 2557 4516 Orthodoxos
2582 4453 2691 4514 hac

271 4537 330 4596 in
373 4545 534 4614 parte
579 4537 749 4597 bonae
791 4555 980 4596 caussa
1023 4557 1138 4596 non
1185 4536 1404 4614 deesse,
1449 4557 1566 4596 non
1607 4536 1781 4596 modo
1808 4545 1875 4596 ut
1916 4555 1951 4595 a
1992 4556 2055 4596 se
2096 4535 2503 4613 gravissimum
2544 4533 2693 4592 illud

271 4617 504 4692 crimen,
533 4616 840 4677 falsissime
878 4616 990 4676 sibi
1017 4617 1346 4695 impactum,
1378 4616 1741 4692 amoliamur,
1786 4617 1887 4676 scd
1915 4617 2089 4678 etiam
2116 4624 2181 4676 ut
2200 4635 2305 4693 pro
2332 4613 2505 4686 virili,
2536 4611 2697 4690 quod
