3234 5192
312 349 543 392 msPur.
575 333 778 413 xvim]
945 353 1021 393 ns
1053 352 1531 396 sar1sracr10ms
1559 353 1799 394 cnmsrr
1841 353 2163 396 vsmrArs.
2612 341 2729 400 585

318 492 706 552 Abaddonem
749 495 977 554 liberati
1023 504 1174 571 sunt,
1220 495 1316 554 Ita
1354 514 1458 572 per
1495 495 1837 572 sanguinem
1856 493 2019 572 Agni
2040 495 2207 556 istius
2232 497 2456 556 ἀσπίλου
2475 497 2563 557 xaee'
2589 499 2728 574 ἁμά-

316 599 433 648 μου,
478 593 776 650 aspersum
805 595 920 633 non
941 575 1205 653 postibus
1233 583 1291 634 et
1320 574 1741 652 superliminari
1772 575 1994 650 domus,
2026 575 2131 634 sed
2178 576 2238 634 in
2268 577 2469 636 intimo
2498 599 2729 638 recessu

317 654 701 732 conscientiae,
737 655 768 712 1
801 656 926 714 Pet.
957 655 995 714 i.
1019 661 1074 732 2,
1105 655 1440 714 redimimur
1487 655 1560 714 ab
1589 655 1675 714 ira
1707 654 1817 712 Dei
1867 664 1924 714 et
1951 663 2135 714 morte
2185 665 2415 716 aeterna.
2482 657 2610 733 Quo
2638 678 2727 717 re·

317 732 487 810 spicit
514 734 687 793 etiam
711 735 884 812 quod,
915 735 1056 794 Joh.
1085 735 1210 794 xix.
1241 737 1336 810 36,
1367 735 1669 812 impletum
1706 734 1919 794 dicitur
1946 755 2081 794 vere
2110 735 2170 793 in
2202 737 2447 816 ChristO,
2477 738 2636 814 quod
2656 737 2729 796 de

317 833 469 890 agno
502 814 768 874 Paschali
797 815 1014 875 dictum
1044 815 1246 890 fuerat,
1280 819 1315 848 “
1339 835 1405 874 os
1453 816 1507 874 ei
1535 835 1653 873 non
1700 813 2179 892 confringendum
2227 817 2412 876 esse.''
2444 817 2729 876 Caeterum

319 893 435 952 duo
462 894 558 953 hic
586 895 857 954 notanda.
943 897 1154 970 Primo,
1181 895 1242 953 in
1271 894 1550 954 sacrificio
1579 895 1692 954 isto
1725 894 1989 954 Paschali
2018 895 2193 954 fuisse
2224 895 2445 974 aliquid
2472 906 2727 957 extraor-

320 972 528 1032 dinarii
556 975 712 1052 quod
740 996 776 1033 a
801 976 1004 1052 regula
1030 985 1232 1054 postea
1258 975 1592 1053 praescripta
1617 975 1680 1032 in
1700 975 1995 1034 sacrifieiis
2023 975 2392 1053 discedebat;
2422 977 2574 1036 unde
2602 977 2729 1055 qui·

320 1053 565 1113 busdam
593 1057 784 1115 minus
811 1057 1037 1134 proprie
1067 1055 1407 1115 sacrificium
1433 1055 1549 1114 dici
1575 1055 1824 1116 videtur.
1860 1053 2143 1130 Secunde,
2174 1076 2292 1116 non
2308 1056 2483 1116 fuisse
2506 1066 2729 1117 tantum

322 1135 682 1210 sacrificium,
715 1134 906 1195 Exod.
957 1137 1060 1194 xii.
1118 1141 1212 1211 27,
1246 1136 1348 1196 sed
1377 1135 1548 1194 etiam
1594 1145 2028 1211 sacramentum,
2050 1135 2195 1194 illud
2222 1137 2283 1195 in
2336 1137 2727 1196 immolatione

321 1215 476 1291 agni,
501 1215 724 1274 fusione
755 1216 1071 1294 sanguiniS,
1103 1217 1430 1294 aspersione
1460 1215 1721 1292 ejusdem
1759 1215 1833 1274 ad
1861 1215 2219 1296 &nonin-gum,
2268 1217 2425 1276 istud
2470 1217 2530 1275 in
2558 1217 2727 1294 epulo

323 1303 382 1352 et
409 1295 868 1370 manducatione.
935 1296 1190 1355 Notabat
1221 1297 1292 1354 E.
1337 1295 1645 1374 dupliciter
1675 1295 1985 1372 Christum,
2035 1297 2231 1356 Primo
2265 1297 2326 1354 in
2355 1297 2634 1356 sacrificio
2664 1306 2728 1356 ut

323 1375 616 1432 victimam
647 1396 776 1452 quae
811 1376 936 1435 Deo
978 1376 1274 1450 satisfacit,
1311 1374 1577 1436 Secundo
1605 1376 1666 1433 in
1711 1375 1889 1435 verbo
1919 1384 1977 1435 et
2025 1377 2397 1436 sacramentis
2444 1385 2509 1436 ut
2537 1376 2729 1436 cibum

322 1455 424 1531 qui
446 1455 665 1514 animas
687 1456 882 1529 nutrit,
901 1456 1095 1514 Primo
1115 1466 1181 1514 ut
1198 1455 1435 1515 offertur
1459 1456 1584 1514 Deo
1595 1455 1672 1513 ad
1694 1455 2098 1534 expiationem,
2127 1455 2393 1516 Secundo
2410 1465 2477 1516 ut
2497 1455 2733 1516 offertur

323 1535 491 1593 nobis
510 1535 584 1594 ad
611 1536 1082 1613 applicationem,
1107 1545 1415 1613 utrumque
1442 1534 1729 1595 indicatur
1750 1535 1823 1594 ab
1848 1535 2075 1614 Apost.,
2102 1535 2133 1593 1
2157 1536 2279 1596 Cor.
2308 1540 2733 1612 v.7,mactatus

324 1615 537 1673 dicitur
556 1615 615 1673 in
642 1617 934 1696 εασνξίίσίο,
960 1625 1018 1676 81;
1045 1615 1481 1675 manducandus
1509 1616 1569 1673 in
1597 1617 1809 1692 Epulo·

407 1695 736 1755 XXXIX.
785 1697 982 1773 Sext0,
1014 1717 1144 1756 cum
1173 1705 1292 1756 tam
1337 1705 1601 1756 accurate
1635 1696 1884 1774 Spiritus
1936 1695 1995 1755 S.
2038 1703 2219 1755 totam
2246 1695 2397 1755 hanc
2426 1695 2731 1756 sacrificio·

324 1796 448 1835 rum
479 1775 798 1835 doctrinam
825 1777 1142 1852 tradiderit,
1174 1797 1410 1836 necesse
1433 1777 1540 1835 fuit
1557 1775 1792 1835 omnino
1820 1776 2222 1854 gravissimam
2250 1775 2427 1835 fuisse
2456 1777 2735 1835 rationem

322 1865 442 1914 tam
471 1858 698 1934 operosi
725 1858 916 1917 cultus
933 1856 1289 1932 instituendi,
1314 1857 1475 1915 nulla
1495 1865 1687 1916 autem
1707 1856 2140 1915 convenientior
2159 1856 2326 1915 reddi
2344 1865 2536 1934 potest
2562 1877 2735 1934 quam

325 1935 522 2013 typica
569 1937 836 1996 sacrificii
881 1937 1094 1996 Christi
1155 1937 1587 2014 repraesentatio
1609 1959 1625 2010 ;
1686 1957 1821 1994 nam
1870 1937 2122 1995 victimis
2172 1936 2299 1995 istis
2347 1937 2736 2015 piacularibus

323 2035 510 2092 neque
555 2015 816 2075 doctrina
859 2017 1321 2090 confirmabatur,
1365 2036 1550 2090 neque
1597 2015 1787 2074 foedus
1834 2017 2277 2092 percutiebatur,
2309 2035 2495 2092 neque
2540 2037 2734 2074 exem·

323 2097 486 2172 plum
515 2105 614 2155 aut
643 2096 813 2154 officii
841 2104 941 2154 aut
969 2097 1174 2155 futurae
1219 2095 1566 2154 conditionis
1613 2095 1805 2172 legem
1836 2095 2263 2153 observantium
2292 2095 2734 2172 proponebatur,

325 2194 514 2252 neque
543 2175 630 2232 ira
659 2175 772 2233 Dei
797 2195 900 2252 per
929 2195 990 2233 se
1017 2174 1368 2251 placabatur,
1397 2173 1626 2250 Ecquid
1644 2173 1800 2246 enim⁴
1826 2173 1920 2231 vel
1948 2173 2024 2231 ad
2052 2172 2224 2231 fidem
2252 2184 2311 2232 et
2337 2175 2735 2251 poenitentiam

323 2254 546 2313 homini
574 2253 1105 2328 commendandam,
1137 2255 1232 2312 vel
1265 2253 1341 2312 ad
1387 2253 1633 2331 gratiam
1664 2253 1777 2311 Dei
1804 2253 2220 2312 conciliandam
2251 2273 2487 2312 necesse
2514 2253 2623 2312 fuit
2650 2263 2739 2314 tot

235 2335 246 2353 ⁵
324 2335 690 2394 victimarum
719 2335 1060 2412 sanguinem
1082 2333 1262 2410 fundi,
1286 2333 1512 2411 adipem
1537 2333 1773 2408 adoleri,
1805 2353 2006 2392 carnes
2033 2333 2338 2393 comburi?
2380 2333 2545 2411 quasi
2576 2333 2738 2394 Deus

325 2414 507 2474 instar
527 2415 571 2474 J
573 2415 700 2474 ovis
720 2414 1033 2490 Homerici,
1059 2414 1258 2473 nidore
1280 2414 1645 2475 victimarum
1664 2423 2009 2492 pasceretur,
2038 2413 2191 2472 Psal.
2214 2413 2253 2472 l.
2284 2417 2375 2490 13,
2401 2413 2518 2473 Sed
2545 2424 2739 2474 reatus

327 2495 556 2574 typicus
579 2506 760 2555 morte
784 2495 859 2555 ob
879 2504 1116 2573 peccata
1136 2494 1354 2555 inflicta
1375 2494 1741 2554 auferebatur
1762 2517 1777 2571 ;
1808 2495 1911 2555 ubi
1931 2494 2061 2572 quis
2083 2515 2199 2554 non
2228 2495 2425 2554 videat
2453 2495 2736 2571 expresis-

328 2577 532 2636 simam
559 2578 809 2637 victimae
840 2576 1091 2656 coelestis
1119 2576 1448 2653 imaginem,
1481 2596 1610 2653 quae
1640 2575 1922 2652 sanguine
1952 2596 2058 2635 suo
2084 2595 2298 2634 numen
2326 2575 2652 2654 propitiare,
2684 2583 2771 2636 et‘

327 2665 564 2735 peccata
591 2667 789 2717 nostra
817 2658 1008 2716 delere
1037 2656 1238 2716 debuit
1255 2661 1284 2716 P

412 2737 550 2797 XL.
599 2737 874 2816 SeptimO,
908 2737 1064 2796 Hinc
1091 2737 1308 2796 factum
1355 2744 1421 2795 ut
1449 2735 1642 2795 omnia
1672 2734 2079 2793 sacrificiorum
2124 2735 2520 2794 hilasticorum
2566 2755 2742 2810 gene-

328 2837 394 2876 ra
434 2816 508 2875 ad
565 2819 857 2876 Christum
913 2836 1064 2894 saepe
1125 2816 1446 2875 referantur
1508 2815 1570 2872 in
1632 2813 1704 2871 N.
1763 2813 1831 2872 T.
1915 2812 1968 2871 1.
2006 2815 2413 2872 Holocaustum
2480 2822 2539 2871 et
2591 2815 2743 2890 Juqe

329 2898 662 2974 sacrficium
704 2899 999 2974 Aynorum
1041 2911 1219 2972 quum
1268 2895 1479 2953 dicitur
1509 2895 1544 2926 “
1568 2893 1785 2970 Agnus
1828 2893 1940 2950 Dei
1984 2893 2195 2950 tollens
2222 2901 2461 2969 peccata
2488 2893 2741 2968 mundi,”

332 2975 474 3034 Joh.
507 2976 544 3033 i.
575 2977 670 3050 29,
702 2984 760 3034 et
805 2975 1039 3052 quidem
1085 2976 1144 3032 in
1183 2975 1460 3051 prce-senti
1498 2972 1573 3031 ad
1619 2973 1951 3031 continuam
1997 2973 2121 3050 ejus
2167 2972 2285 3030 vim
2324 2971 2653 3047 notandam,
2686 2980 2746 3031 et

333 3055 546 3132 Agnus
576 3055 800 3114 occisus
848 3055 922 3113 ab
967 3055 1190 3130 origine
1227 3052 1445 3129 mundi,
1477 3052 1666 3130 Apoc.
1712 3051 1837 3110 xiii.
1868 3052 1925 3110 8.
1996 3055 2051 3110 2.
2094 3053 2285 3110 Vitula
2311 3055 2447 3125 msa
2476 3071 2552 3109 ex
2580 3053 2745 3129 cujus

332 3135 620 3193 cineribus
648 3155 798 3212 aqua
823 3134 1185 3212 purgationis
1211 3133 1404 3208 fiebat,
1450 3132 1623 3191 Num.
1666 3130 1810 3204 xix„
1854 3151 1987 3189 nam
2048 3133 2084 3164 “
2106 3131 2156 3190 si
2184 3133 2422 3210 sanguis
2450 3139 2745 3191 taurorum

333 3223 392 3275 et
435 3215 725 3274 hircorum
771 3223 828 3274 et
867 3215 1012 3272 cinis
1056 3213 1326 3291 juvencae
1371 3231 1685 3290 aspergens
1731 3211 2063 3288 inquinatos
2112 3211 2508 3272 sanctificabat
2555 3214 2747 3290 quoad

335 3296 642 3374 puritatem
706 3295 910 3369 carniS,
972 3302 1188 3371 quanto
1251 3293 1438 3371 magis
1495 3290 1733 3370 sanguis
1784 3291 2055 3366 Christi,’'
2116 3290 2243 3367 &c.,
2296 3291 2449 3352 Heb.
2504 3292 2583 3351 ix.
2650 3297 2743 3353 14.

337 3380 392 3436 3.
429 3375 782 3436 Sacrificium
817 3395 920 3452 pro
948 3381 1204 3452 peccate,
1237 3373 1391 3432 Heb.
1422 3394 1569 3435 ηκτοι-τ
1598 3372 1835 3446 dictum,
1868 3372 2056 3431 Gracc.
2088 3376 2196 3454 πιςὶ
2223 3375 2489 3450 §pap-riae,
2524 3375 2560 3406 ‘⁴
2585 3373 2746 3433 Deus

335 3457 511 3516 misso
540 3457 659 3514 filio
680 3455 742 3513 in
771 3454 1146 3514 similitudine
1175 3455 1362 3513 carnis
1389 3453 1630 3532 peccati,
1660 3457 1752 3512 καὶ
1780 3457 1888 3534 mg>
1915 3454 2221 3532 &papa-taff
2254 3455 2331 3513 id.
2362 3466 2427 3514 ut
2454 3463 2607 3512 esset
2624 3454 2741 3512 vic·

249 3533 257 3539 ’
337 3538 478 3596 tima
525 3557 628 3614 pro
669 3544 924 3614 peccat0,
979 3535 1444 3594 “condemnavit
1471 3543 1770 3612 peccatum
1800 3533 1861 3592 in
1906 3535 2135 3609 carne,’'
2186 3534 2355 3592 Rom.
2401 3533 2522 3590 viii.
2554 3537 2629 3609 33
2661 3535 2745 3592 sic

339 3617 492 3674 Heb.
523 3637 582 3674 x.
614 3619 668 3692 5,
702 3619 756 3692 6,
789 3634 996 3692 corpus
1047 3615 1262 3674 Christi
1309 3616 1548 3692 ejusque
1594 3614 1811 3672 oblatio
1860 3614 2167 3691 opponitur
2210 3623 2269 3672 et
2296 3612 2554 3673 succedit
2579 3613 2743 3672 holo-

335 3696 550 3755 caustis
578 3705 636 3755 et
664 3695 958 3754 sacrificiis
975 3716 1078 3773 pro
1101 3703 1354 3772 peccate,
1388 3704 1447 3754 et
1464 3694 1618 3753 Heb.
1650 3693 1773 3752 xiii.
1802 3696 1893 3768 11,
1931 3698 2023 3769 12,
2049 3693 2328 3752 sacrificia
2354 3693 2457 3750 illa
2476 3712 2579 3769 pro
2608 3713 2741 3768 pec-

334 3784 462 3835 cato
491 3796 735 3852 quorum
779 3796 1019 3854 corpora
1063 3775 1464 3834 cremabantur
1507 3783 1673 3833 extra
1720 3782 1924 3847 castra,
1956 3783 2015 3832 et
2043 3773 2281 3850 sanguis
2306 3771 2656 3831 inserebatur
2681 3774 2741 3832 in

336 3857 664 3932 sacrarium,
696 3855 967 3916 dicuntur
1013 3856 1074 3914 in
1120 3855 1348 3915 Christo
1392 3855 1647 3933 impleta.
1730 3857 1788 3912 4.
1830 3855 2039 3912 Hostia
2073 3873 2188 3929 pro
2233 3855 2429 3912 delicto
2456 3872 2581 3929 quoe
2606 3867 2743 3918 :aa

335 3935 651 4011 dicebatur,
699 3937 836 4013 quia
885 3936 1148 3995 Christus
1191 3935 1414 4013 positus
1457 3944 1546 3994 est
1593 3936 1780 4010 emb,
1814 3933 1931 3994 Isa.
1980 3935 2082 3992 liii.
2119 3936 2209 4008 10,
2242 3941 2299 3992 et
2326 3941 2622 4011 peccatum
2654 3940 2743 3990 est

335 4015 537 4090 factus,
570 4020 606 4073 2
639 4017 768 4076 Cor.
799 4038 856 4076 v.
887 4019 984 4075 21.
1577 4063 1586 4072 .

418 4095 590 4154 XLI.
638 4097 717 4155 Et
745 4116 882 4156 sane
910 4096 1005 4154 vel
1036 4095 1160 4155 sola
1188 4094 1596 4154 sacrificiorum
1646 4093 1886 4154 istorum
1916 4093 2187 4152 attentior
2214 4092 2387 4171 paulo
2416 4091 2740 4150 considera-

335 4176 435 4251 tio,
468 4177 516 4234 si
539 4175 599 4234 id
621 4196 774 4236 nunc
796 4195 1116 4255 ageremuS,
1143 4175 1348 4234 docere
1369 4195 1476 4234 nos
1503 4183 1701 4252 posset
1727 4194 1843 4231 non
1870 4173 2012 4233 alibi
2038 4193 2210 4251 quam
2240 4173 2301 4230 in
2332 4171 2559 4231 Christo
2588 4191 2741 4249 quae-

331 4254 573 4314 rendum
603 4277 730 4316 esse
773 4258 1272 4334 complementum.
1334 4255 1476 4328 Quis
1520 4275 1638 4312 non
1678 4252 1876 4313 videat
1920 4254 2136 4312 eumin
2164 4255 2528 4328 Holocausto,
2558 4260 2743 4310 totum

335 4355 396 4394 se
424 4337 586 4395 nulla
615 4338 705 4395 sui
732 4346 893 4415 parte
922 4344 1231 4410 reservata,
1263 4334 1424 4393 nulla
1452 4335 1542 4392 sui
1576 4334 1775 4393 habita
1802 4333 2041 4408 ratione,
2073 4333 2403 4391 offerentem
2436 4333 2564 4391 Deo
2590 4352 2741 4391 mas·

336 4417 463 4475 cule
493 4426 552 4477 et
597 4437 892 4493 generose,
926 4415 1297 4492 inculpatum,
1331 4423 1388 4473 et
1432 4415 1827 4473 immerentem
1871 4433 1975 4491 per
2022 4413 2297 4490 Spiritum
2347 4422 2639 4488 aeternum,
2687 4421 2749 4473 et

334 4517 559 4556 summa
585 4497 646 4556 vi
677 4498 971 4556 charitatis
1001 4497 1136 4573 igne
1165 4515 1300 4554 vere
1344 4494 1566 4553 coelesti
1607 4512 1913 4553 accensum
1948 4503 2006 4552 et
2034 4494 2413 4569 combustum,
2447 4493 2743 4552 sistentem

335 4597 396 4636 se
426 4598 618 4637 coram
647 4587 862 4638 aeterno
891 4579 1064 4636 Patre
1095 4575 1168 4634 ad
1198 4575 1330 4634 coeli
1378 4575 1589 4634 ostium
1634 4581 1694 4633 et
1742 4575 2079 4651 sanguinem
2124 4594 2293 4633 suum
2321 4575 2535 4634 circum
2564 4576 2745 4635 altare

335 4656 689 4734 fundentem,
720 4679 788 4717 ac
816 4659 1084 4737 passione
1115 4676 1220 4715 sua
1247 4665 1306 4714 et
1350 4655 1556 4714 animae
1599 4653 1879 4714 effusione
1903 4664 1961 4715 et
2006 4653 2336 4732 plenissime
2358 4655 2603 4733 justitiae
2636 4653 2747 4714 Dei
