3234 5192
240 376 484 418 msrur.
518 356 725 439 nnn]
796 378 875 417 ns
904 376 1385 419 sarrsracrtoms
1414 376 1652 419 camsi-1
1679 378 2102 423 rens-seriose.
2555 370 2672 427 695

238 516 485 594 cipium,
515 518 813 596 passiones
842 517 1064 577 scilicet
1108 517 1380 595 Apostoli
1426 520 1685 596 potuisse
1731 540 1857 579 esse
1896 520 2247 599 expiatorias
2275 523 2372 582 vel
2400 525 2662 587 satisfac—-

240 598 465 672 torias;
497 598 653 675 quod
682 598 1042 676 probandum
1069 596 1194 673 fuit,
1226 618 1341 655 non
1370 599 1830 676 supponendum.

335 677 520 736 VIII.
568 678 760 752 Dices,
794 678 1011 735 Paulus
1038 686 1231 736 tamen
1281 678 1423 737 dicit
1450 698 1512 737 se
1554 680 1674 756 pati
1705 682 1825 761 ion-ig
1851 686 1940 739 τοῦ
1966 682 2122 740 αὐτοῦ
2147 681 2372 759 νάματος
2391 704 2508 761 pro
2536 706 2660 744 cor-

228 777 393 833 pore
420 758 593 833 ipsim
607 782 633 831 ,·
678 758 762 817 Ut
788 766 980 816 autem
1009 777 1130 815 vox
1159 757 1270 817 ista
1296 766 1561 835 respectu
1591 760 1805 819 Christi
1834 769 1893 819 et
1945 761 2408 821 satisfactionem
2438 776 2496 822 et
2524 766 2662 823 sub·

238 837 609 897 stitutionem
636 845 800 898 notat
827 857 1003 915 quum
1034 837 1245 897 dicitur
1268 858 1475 915 passus
1503 858 1606 916 pro
1634 840 1804 899 nobis
1832 849 1897 900 ut
1924 841 2064 899 alibi
2092 852 2182 900 est
2209 862 2244 899 a
2271 842 2438 901 nobis
2468 852 2658 903 osten-

243 936 399 993 sum,
434 916 649 992 Quidni
672 926 734 977 et
760 918 855 977 hic
882 918 1055 975 etiam
1079 918 1327 976 eundem
1348 937 1581 977 sensum
1604 918 1880 995 obtineat,
1906 941 2038 980 cum
2060 922 2244 981 sancti
2270 923 2380 981 hac
2409 924 2468 982 in
2495 934 2659 1002 parto

241 998 547 1074 patiantur
572 998 649 1057 ad
676 998 1005 1075 exemplum
1037 997 1299 1056 Christi?
1380 998 1576 1075 Resp.,
1630 999 1764 1058 Non
1807 1020 2088 1079 negamus
2116 1002 2328 1079 soepius
2354 1003 2504 1061 hanc
2532 1024 2658 1064 esse

242 1078 675 1155 praepositionis
705 1080 825 1157 ὕει-ἔς
851 1078 971 1136 vim
1001 1086 1059 1136 et
1087 1096 1336 1152 sensum,
1368 1087 1434 1138 ut
1476 1077 1687 1139 inferat
1714 1089 1773 1140 et
1814 1082 2282 1141 substitutionem
2311 1102 2572 1160 personae
2600 1096 2660 1144 et

246 1158 707 1217 satisfactionem
734 1158 933 1235 debiti,
964 1165 1031 1217 ut
1058 1157 1276 1234 aliquid
1304 1158 1429 1216 fieri
1469 1159 1588 1239 vau-ig
1616 1160 1747 1221 iaz·
1773 1159 2002 1235 dicitur,
2033 1182 2166 1220 cum
2192 1162 2259 1222 fit
2286 1162 2414 1221 loco
2443 1172 2502 1222 et
2529 1165 2658 1223 vice

244 1246 467 1313 nostra,
498 1258 613 1316 quo
642 1258 817 1297 sensu
844 1246 1065 1297 certum
1113 1246 1202 1296 cst
1248 1238 1427 1297 tribui
1475 1239 1706 1298 Christo
1736 1239 1874 1298 dum
1903 1241 2116 1300 dicitur
2141 1242 2292 1300 mori
2303 1263 2422 1319 pro
2450 1244 2652 1320 impiis,

246 1317 423 1377 Rom.
454 1338 512 1376 v.
543 1322 599 1393 6,
630 1327 689 1377 et
714 1338 819 1397 pro
846 1319 1049 1395 ovibus,
1082 1318 1222 1377 Joh.
1252 1338 1313 1376 x.
1343 1316 1453 1377 Sec.
1500 1318 1617 1377 Sed
1661 1320 1812 1378 hanc
1851 1340 2027 1379 unam
2055 1340 2173 1379 non
2201 1339 2328 1381 esse
2357 1322 2524 1383 istius
2551 1344 2654 1383 vo·

244 1398 397 1456 culae
427 1398 905 1475 significationem
934 1396 1359 1476 pertendimus;
1406 1398 1533 1456 Imo
1577 1418 1689 1457 nec
1733 1400 1856 1460 sine
1885 1401 2053 1478 gravi
2079 1400 2435 1461 absurditate
2463 1403 2656 1463 locum

242 1478 346 1537 hic
394 1478 606 1537 habere
653 1499 824 1559 posse
869 1497 1191 1553 consemus,
1222 1478 1375 1555 quia,
1404 1488 1471 1537 ut
1507 1498 1677 1538 nemo
1705 1500 1810 1557 pro
1838 1500 1900 1539 se
1931 1480 2278 1557 satisfacere,
2307 1482 2391 1541 ita
2417 1502 2524 1543 nec
2552 1504 2656 1561 pro

244 1559 381 1617 aliis
408 1566 617 1637 potest.
662 1558 817 1634 Quid
836 1579 975 1637 ergo
996 1562 1025 1618 P
1064 1554 1153 1619 Ut
1174 1558 1311 1615 alibi
1332 1560 1664 1637 praepositio
1680 1560 1806 1618 hoec
1823 1559 2112 1639 duplicem
2135 1581 2369 1621 sensum
2397 1564 2656 1624 obtinet:

242 1639 348 1697 vel
374 1640 677 1699 occasionis
705 1659 819 1716 qua
847 1638 1068 1716 aliquid
1094 1639 1177 1715 fit,
1207 1647 1274 1698 ut
1300 1658 1431 1697 cum
1460 1637 1662 1698 fideles
1703 1640 1972 1700 dicuntur
2009 1642 2131 1720 pati
2161 1644 2281 1723 foui<
2308 1649 2523 1723 Χςιστοῢ
2538 1664 2656 1720 pro

248 1720 478 1779 Christo
526 1720 624 1779 vel
673 1720 793 1801 §wig
840 1726 929 1779 τοῦ
973 1718 1203 1795 ὀνόματος
1250 1720 1404 1778 αὐτοῦ
1435 1738 1553 1795 pro
1596 1720 1816 1779 nominc
1865 1724 1998 1797 ejus,
2050 1722 2200 1783 Phil.
2231 1723 2268 1781 i.
2300 1727 2396 1799 29,
2429 1724 2566 1783 Act.
2596 1745 2653 1783 v.

243 1803 345 1875 41,
378 1799 457 1859 id.
499 1820 616 1858 non
660 1800 734 1859 ad
783 1800 1249 1859 satisfaciendum
1294 1819 1398 1877 pro
1445 1800 1590 1877 ipso,
1635 1800 1803 1875 absit,
1835 1801 1939 1859 sed
1982 1803 2284 1861 occasione
2333 1804 2495 1881 ejus;
2560 1804 2659 1863 vel

248 1880 460 1939 Causoe
486 1882 671 1951 finalis
698 1888 758 1939 et
784 1880 1111 1957 impulsivae
1140 1879 1215 1939 ob
1244 1898 1417 1957 quam
1448 1900 1539 1938 res
1586 1880 1671 1956 fit,
1711 1890 1778 1939 ut
1805 1900 1938 1940 cum
1967 1882 2184 1942 Paulus
2214 1882 2355 1943 dicit
2383 1904 2444 1943 se
2473 1886 2658 1962 premi

238 1980 357 2036 pro
380 1947 754 2019 consolatione
774 1960 1047 2035 fidelium,
1074 1964 1109 2017 2
1136 1960 1265 2019 Cor.
1289 1960 1327 2018 i.
1360 1962 1395 2018 6
1420 1982 1435 2036 ;
1482 1960 1576 2018 Ita
1596 1960 1693 2017 hic
1713 1968 1868 2021 recte
1890 1961 2102 2021 dicitur
2109 1964 2246 2039 pati
2252 1984 2370 2039 pro
2397 1965 2657 2023 Ecclesia

244 2041 481 2115 gemino
509 2040 621 2098 hoc
648 2039 977 2115 significatu
1000 2061 1015 2098 ε
1056 2048 1181 2098 tum
1198 2039 1335 2115 quia
1359 2038 1622 2098 Ecclesia
1642 2038 1752 2097 fuit
1779 2040 2015 2099 istarum
2044 2043 2376 2119 passionum
2407 2044 2651 2119 occasio,

242 2119 459 2197 quippo
488 2118 625 2177 dum
654 2118 741 2175 illi
768 2119 1092 2175 ministrare
1122 2118 1317 2176 studet
1342 2118 1399 2174 in
1430 2136 1718 2175 carcerem
1747 2120 2089 2195 conjicitur;
2133 2130 2256 2179 tum
2286 2122 2422 2198 quia
2451 2122 2652 2182 Eccle-

246 2199 350 2257 siae
379 2198 683 2256 aedificatio
728 2206 787 2256 et
814 2196 1173 2255 confirmatio
1215 2196 1345 2255 finis
1374 2196 1483 2255 fuit
1510 2195 1584 2254 ad
1613 2216 1784 2273 quem
1815 2199 2216 2275 respiciebant.
2283 2200 2454 2258 Hanc
2481 2221 2654 2278 porro

244 2287 498 2337 mentem
528 2297 653 2336 esse
685 2277 956 2355 Apostoli
984 2276 1165 2335 verba
1208 2277 1509 2353 sequentia
1551 2276 1705 2335 clare
1753 2277 1978 2353 docent,
2010 2298 2142 2337 cum
2171 2279 2253 2339 ait
2279 2300 2342 2339 se
2373 2280 2652 2340 Ecclesiae

246 2362 283 2393 ‘⁶
302 2357 517 2417 factum
545 2357 932 2433 ministrum,'’
960 2376 1077 2415 non
1117 2356 1193 2415 ad
1239 2356 1710 2434 redemptionem,
1743 2357 1846 2416 sed
1877 2360 1912 2391 “
1935 2358 2248 2419 secundum
2272 2360 2652 2439 dispensatio-

244 2458 379 2497 nem
407 2458 536 2516 quae
566 2437 652 2496 illi
696 2438 1003 2497 commissa
1046 2446 1170 2497 erat
1213 2436 1287 2496 ad
1331 2436 1764 2515 praedicandum
1794 2438 2010 2497 Christi
2039 2440 2424 2517 Evangelium
2449 2442 2507 2517 ;’'
2551 2443 2653 2501 dc-

242 2518 373 2577 buit
400 2538 538 2597 ergo
567 2538 693 2578 esse
720 2518 983 2578 minister
1010 2518 1305 2594 Ecclesiae,
1336 2537 1453 2576 non
1483 2517 1775 2578 Mediator
1811 2528 1912 2579 aut
1939 2518 2326 2599 Redemptor3
2358 2529 2422 2581 ut
2449 2522 2653 2583 innuat

246 2618 309 2657 se
337 2619 453 2659 non
480 2600 642 2677 loqui
671 2599 743 2659 de
762 2599 1119 2677 passionibus
1144 2600 1515 2675 satisfactoris
1542 2598 1647 2658 sed
1673 2600 2065 2679 ‹edificator-inb.

327 2680 448 2740 IX.
498 2680 593 2739 Sic
614 2681 867 2758 August.
898 2680 1203 2753 intellexit,
1224 2680 1415 2738 Tract.
1446 2682 1543 2753 47,
1574 2679 1636 2735 in
1664 2678 1708 2737 J
1711 2680 1804 2737 oh.
1830 2702 1845 2754 3
1915 2682 1952 2713 “
1976 2679 2180 2756 Quia,”
2205 2680 2409 2757 inquit,
2445 2684 2481 2715 “
2510 2702 2652 2743 oves

246 2760 463 2821 Christi
490 2761 647 2836 estis,
680 2760 960 2836 sanguine
990 2760 1129 2818 estis
1170 2758 1501 2836 comparati,
1536 2758 1858 2835 Agnoscite
1902 2761 2150 2835 pretium
2194 2770 2452 2819 vestrum
2493 2763 2650 2839 quod

142 2833 149 2843 ’
246 2860 283 2897 a
310 2860 403 2898 me
428 2859 546 2898 non
576 2839 763 2915 datur,
788 2839 892 2897 sed
909 2856 1011 2916 per
1037 2857 1129 2895 me
1148 2837 1494 2915 praedicatur
1510 2837 1563 2911 ;''
1598 2836 1824 2895 Deinde
1847 2838 2100 2914 subjicit,
2135 2840 2172 2871 “
2195 2838 2497 2913 Quomodo
2525 2842 2650 2919 ipse

245 2920 493 2976 animam
524 2937 685 2977 suam
714 2918 923 2996 posuit,
956 2919 1038 2975 sic
1067 2926 1125 2975 et
1151 2935 1259 2974 nos
1306 2916 1584 2974 debemus
1625 2916 1874 2974 animam
1901 2937 2006 2994 pro
2035 2916 2308 2977 fratribus
2333 2938 2546 2995 ponere
2575 2920 2650 2979 ad

246 2997 641 3056 aedificandam
670 2997 917 3075 plebem,
949 2995 1025 3054 ad
1068 2995 1242 3055 fidem
1285 2996 1714 3054 asserendam.''
1801 2996 1934 3055 Hoc
1982 2998 2170 3074 ipsum
2200 3016 2316 3055 non
2343 2999 2514 3075 pauci
2540 3019 2648 3059 nec

245 3077 532 3154 ignobiles
576 3096 654 3135 ex
698 3076 1071 3135 Adversariis
1116 3082 1518 3152 agnoverunt3
1561 3076 1817 3133 Thomas
1844 3076 1906 3133 in
1933 3076 1991 3135 h.
2021 3076 2080 3152 1.,
2115 3079 2152 3110 “
2175 3077 2322 3135 Haec
2351 3078 2530 3137 verba
2558 3099 2646 3139 se-

245 3157 495 3216 cundum
552 3156 914 3233 superficiem
966 3156 1183 3213 malum
1236 3164 1481 3233 possunt
1532 3154 1748 3213 habere
1793 3156 2169 3231 intellectum,
2216 3158 2438 3217 scilicet
2491 3159 2650 3236 quod

247 3237 459 3297 Christi
485 3238 679 3315 passio
706 3256 822 3295 non
852 3236 927 3295 sit
954 3234 1241 3295 sufficiens
1268 3234 1343 3294 ad
1372 3235 1841 3313 redemptionem,
1874 3235 1978 3295 sed
2004 3236 2217 3295 additae
2246 3238 2362 3297 sint
2388 3238 2464 3296 ad
2493 3258 2646 3298 com-

246 3317 519 3395 plendum
564 3316 863 3395 passiones
912 3324 1258 3390 sanctorum,
1306 3315 1410 3373 sed
1452 3316 1563 3374 hoc
1612 3323 1702 3374 est
1729 3316 2063 3376 haereticum
2087 3318 2146 3394 ;”
2191 3318 2268 3376 Et
2295 3318 2467 3397 paulo
2495 3328 2646 3397 post,

250 3402 285 3433 “
312 3397 407 3457 Sic
436 3397 607 3458 etiam
636 3416 837 3455 omnes
864 3396 1053 3457 sancti
1099 3397 1397 3474 patiuntur
1421 3404 1658 3475 propter
1685 3396 2025 3472 Ecclesiam,
2057 3418 2187 3474 quse
2215 3418 2290 3457 ex
2320 3418 2516 3458 corum
2546 3420 2647 3458 ex-

247 3478 435 3556 emplo
462 3478 813 3537 roboretur.”
898 3475 1128 3535 Cardin.
1173 3476 1531 3536 Contarenus
1574 3476 1636 3533 in
1676 3477 1732 3534 h.
1763 3476 1822 3552 1.,
1851 3480 1887 3509 “
1911 3476 2040 3537 Non
2071 3498 2139 3535 ea
2159 3479 2380 3538 ratione
2407 3479 2534 3539 haec
2561 3480 2649 3537 ‹li-

249 3568 455 3618 cuntur
481 3578 517 3617 a
545 3558 729 3616 Paulo
758 3556 926 3633 quasi
970 3556 1269 3634 passiones
1314 3556 1527 3616 Christi
1554 3576 1674 3614 non
1703 3556 1988 3617 sufficiant
2015 3557 2090 3615 ad
2119 3558 2364 3617 delenda
2392 3570 2644 3636 peccata,

250 3648 306 3697 ct
332 3638 489 3716 quod
516 3637 633 3696 illis
661 3636 959 3715 quidpiam
1006 3635 1158 3696 desit
1204 3634 1363 3713 quod
1410 3643 1673 3713 oporteat
1701 3636 1760 3694 in
1788 3638 1956 3695 nobis
1985 3637 2228 3715 impleri.
2315 3638 2492 3697 Absit
2518 3640 2648 3713 hoc,

249 3718 365 3793 sed,
392 3717 677 3793 Quoniam
706 3718 983 3776 debemus
1009 3736 1117 3775 nos
1139 3716 1351 3775 imitari
1374 3714 1664 3774 Christum
1689 3724 1749 3774 ct
1769 3716 1889 3793 pati
1909 3736 2014 3793 pro
2037 3717 2414 3776 aedificatione
2443 3718 2648 3777 Eccle-

249 3798 345 3857 siae
374 3799 524 3857 sicut
553 3796 817 3857 Christus
844 3816 1051 3874 passus
1078 3799 1218 3854 est.”
1304 3796 1400 3854 Sic
1449 3795 1492 3854 J
1496 3801 1686 3854 esurta
1713 3796 2084 3855 Justinianus
2111 3796 2170 3853 in
2199 3796 2256 3855 h.
2286 3797 2345 3871 l.,
2380 3800 2416 3831 ‘⁶
2441 3798 2646 3855 Adim-

246 3878 399 3955 plere
429 3897 491 3936 se
519 3877 661 3936 dicit
687 3897 757 3935 ea
784 3897 912 3953 quse
942 3876 1151 3935 desunt
1189 3876 1523 3952 passionum
1570 3874 1785 3934 Christi
1826 3896 1944 3935 non
1981 3876 2214 3954 quidem
2259 3876 2334 3935 ad
2381 3878 2650 3937 meritum

248 3966 345 4016 aut
387 3958 508 4015 vim
557 3955 965 4031 satisfaciendi,
1016 3953 1179 4034 (quid
1226 3955 1377 4013 enim
1425 3953 1576 4012 desit
1618 3954 1845 4014 infinito
1863 3956 1918 4050 ἲ)
1949 3956 2054 4014 scd
2100 3957 2220 4014 vim
2250 3966 2309 4016 et
2335 3956 2648 4016 efficaciam

248 4036 582 4097 traducendi
611 4038 884 4096 mortales
932 4034 1007 4093 ad
1050 4035 1241 4110 fidem,
1273 4035 1449 4112 idque
1496 4044 1564 4094 ut
1607 4054 1816 4113 corpus
1860 4054 1988 4113 ejus
2015 4037 2342 4113 mysticum,
2373 4038 2531 4114 quod
2559 4047 2648 4098 est

250 4118 523 4192 Ecclesia,
552 4116 899 4194 perficiatur.
944 4114 1221 4173 Docendo
1250 4114 1481 4193 quippe,
1504 4115 1809 4191 monend0,
1839 4115 2142 4191 hortando,
2174 4116 2421 4194 denique
2452 4116 2646 4175 Evan-

289 4198 459 4256 elium
488 4195 928 4275 promulgando,
966 4195 1164 4273 magni
1198 4194 1427 4253 labores
1472 4194 1758 4253 tolerandi
1803 4203 1954 4270 sunt,
2001 4195 2257 4273 pericula
2285 4196 2646 4273 subeunda,”

250 4216 353 4337 ἑο.
439 4277 666 4352 Postea,
702 4280 737 4309 “
764 4274 1068 4353 Significat
1094 4293 1233 4351 ergo
1277 4294 1338 4333 se
1420 4274 1501 4334 ati
1528 4294 1633 4353 pro
1664 4274 1927 4334 Ecclesia
1953 4276 2358 4352 amplificanda
2385 4296 2488 4336 seu
2515 4298 2646 4355 pro-

250 4355 511 4435 paganda
537 4355 613 4415 ad
656 4357 783 4434 ejus
830 4356 1005 4413 fidem
1055 4356 1367 4414 confir-man
1410 4374 1503 4413 am
1548 4374 1617 4413 ac
1663 4353 2064 4414 stabiliendam
2093 4363 2159 4414 ut
2187 4364 2425 4415 caeteros
2453 4357 2528 4416 ad
2556 4358 2647 4418 sui

250 4436 621 4497 imitationem
649 4438 979 4514 provocet.”
1063 4434 1239 4493 Mitto
1266 4434 1413 4493 alios
1442 4434 1765 4511 complures
1807 4436 1906 4512 qui
1933 4434 2236 4495 nobiscum
2263 4436 2359 4495 hic
2387 4436 2606 4498 faciunt
2629 4458 2646 4511 ς

250 4516 379 4595 quia
405 4537 479 4575 ex
507 4516 601 4575 his
629 4516 771 4575 satis
800 4534 1085 4594 superque
1105 4514 1289 4591 liquet
1306 4514 1608 4590 passiones
1633 4514 1800 4572 Pauli
1821 4514 1998 4574 fuisse
2025 4516 2258 4593 quidem
2289 4518 2652 4596 exemplares

249 4605 303 4656 et
328 4596 794 4672 confirmatorias,
827 4595 931 4655 sed
949 4614 1068 4653 non
1091 4592 1501 4653 satisfactorias
1520 4615 1535 4669 3
1580 4601 1755 4671 atque
1775 4594 1922 4655 adeo
1941 4614 2240 4677 perperam
2260 4596 2652 4663 Adversarios

247 4677 349 4737 hoc
376 4678 463 4737 uti
490 4685 831 4755 argumento
858 4675 935 4736 ad
962 4681 1350 4736 commentum
1378 4692 1547 4735 snum
1576 4674 2004 4737 stabiliendum.

1442 4822 1479 4838 ..Δ
