3234 5192
499 308 622 365 330
1246 326 1325 365 m:
1357 326 1649 365 nar-ussto
1678 326 1853 367 sums
1882 326 1958 365 ετ
1986 327 2187 367 asnis.
2520 308 2785 389 [Disrur.
2822 330 2925 371 vu.

501 464 830 523 multitudo
857 484 964 541 per
989 484 1156 523 mare
1181 467 1476 537 transiret,
1505 474 1578 524 ut
1599 467 1749 524 fides
1776 466 2046 525 Rahabae
2094 467 2511 541 cognationem
2536 468 2830 542 liberavit,
2860 478 2921 531 et

497 544 648 602 fides
675 542 913 603 Noa-chi
941 545 1234 603 familiam
1261 545 1533 605 servavit.

585 622 744 680 XII.
790 624 1088 682 Caeterum
1114 624 1254 681 fidei
1280 626 1395 681 hoc
1421 627 1645 699 optime
1662 634 1967 700 acceptum
1989 627 2198 696 fertur,
2228 625 2373 699 quia
2396 626 2529 684 sola
2542 627 2690 683 fides
2715 628 2916 703 potuit

507 699 796 759 Israelitis
822 705 1180 779 persuadere
1207 704 1322 759 hoc
1347 703 1727 773 miraculum,
1757 722 1895 760 cum
1914 703 2133 760 rationi
2160 710 2223 760 et
2246 704 2444 761 sensui
2462 706 2761 763 contraria
2787 724 2914 763 om-

501 779 607 837 nia
645 781 1010 840 viderentur.
1096 781 1250 850 Quis
1291 781 1452 838 enim
1499 780 1548 838 si
1595 788 1877 839 naturam
1923 783 2333 853 consuluisset,
2379 782 2670 858 potuisset
2693 783 2755 841 in
2784 784 2911 841 ani-

501 876 672 916 mum
715 877 894 917 suum
929 861 1229 931 inducere,
1257 860 1618 917 elementum
1664 861 1779 917 hoc
1824 860 2079 918 fluidum
2120 862 2206 918 ita
2244 862 2467 918 firmari
2512 880 2703 937 posse,
2734 869 2803 920 ut
2829 864 2909 920 ad

501 939 752 994 modum
779 940 936 995 muri
979 939 1118 996 hinc
1159 939 1300 995 inde
1342 938 1705 1009 consisteret,
1754 945 1815 996 et
1839 939 2153 996 transitum
2192 939 2431 998 facilem
2459 940 2523 996 in
2549 940 2748 998 medio
2770 942 2907 999 sinu

501 1032 612 1072 suo
641 1024 702 1073 et
719 1034 826 1091 per
851 1017 1080 1075 aridam
1111 1017 1492 1075 concederet?
1532 1018 1647 1074 hoc
1674 1035 1817 1074 sane
1844 1017 1971 1074 sola
1994 1018 2156 1088 fides,
2186 1037 2319 1093 quae
2370 1018 2763 1093 omnipotenti
2791 1020 2907 1077 Dei

507 1092 712 1151 Verbo
741 1095 953 1152 nititur
995 1104 1056 1153 et
1098 1114 1283 1170 supra
1323 1095 1616 1152 rationem
1646 1095 1922 1169 assurgit,
1952 1097 2187 1153 credere
2226 1096 2438 1171 potuit.
2524 1096 2706 1165 Quod
2734 1099 2905 1156 lucu-

500 1173 734 1231 lentum
753 1181 840 1231 est
861 1174 999 1231 fidei
1017 1174 1256 1232 virtutis
1283 1181 1723 1248 argumentum,
1742 1174 1841 1232 eui
1870 1174 2073 1231 omnia
2098 1182 2241 1233 sunt
2264 1174 2586 1250 possibilia,
2616 1175 2802 1235 Marc.
2822 1178 2907 1235 ix.

499 1250 598 1309 23.
683 1251 808 1310 Illa
833 1252 994 1310 viam
1021 1253 1084 1309 in
1112 1253 1259 1311 locis
1279 1252 1456 1309 inviis
1476 1252 1723 1323 invenit,
1744 1252 1945 1311 omnia
1966 1252 2057 1309 illi
2077 1254 2318 1322 cedunt,
2358 1254 2625 1327 abyssus,
2653 1262 2903 1327 montes,

501 1332 706 1389 valles.
795 1331 918 1389 Illa
963 1331 1006 1390 J
1010 1350 1140 1389 011ae
1185 1332 1377 1407 aperit
1419 1338 1688 1388 ventrem
1736 1331 1867 1402 ceti,
1898 1330 2093 1389 Paulo
2119 1340 2181 1389 et
2209 1331 2387 1389 Petro
2413 1338 2614 1406 portas
2640 1333 2902 1405 carceris,

503 1408 742 1467 Danieli
791 1410 1020 1468 claudit
1063 1428 1170 1469 ora
1210 1411 1473 1469 leonum.
1560 1410 1684 1468 Illa
1712 1410 1915 1469 Solem
1942 1410 2114 1481 sistit,
2142 1410 2343 1485 ignem
2372 1411 2659 1485 reprimit,
2688 1430 2904 1485 panem

499 1505 574 1545 ex
601 1490 881 1561 nubibus,
909 1507 1098 1565 aquas
1139 1508 1216 1546 ex
1268 1496 1438 1564 petra
1483 1489 1661 1546 elicit.
1748 1488 1929 1547 Unde
1968 1489 2297 1545 maximum
2340 1489 2503 1545 fideli
2532 1489 2727 1547 oritur
2752 1491 2905 1547 sola-

496 1566 650 1625 tium
674 1590 689 1639 ;
733 1569 796 1625 in
827 1586 1186 1642 quocunque
1229 1568 1389 1627 enim
1416 1567 1760 1624 discrimine
1798 1572 2083 1637 versetur,
2112 1567 2251 1624 lieet
2276 1569 2354 1624 ad
2394 1567 2603 1625 incitas
2629 1568 2905 1627 videatur

496 1647 792 1716 redactus,
823 1654 892 1702 ut
919 1646 1093 1702 nulla
1117 1647 1326 1704 salutis
1373 1650 1434 1701 et
1474 1645 1845 1703 liberationis
1882 1651 2085 1719 pateat
2108 1646 2226 1717 via,
2254 1646 2401 1703 fides
2427 1647 2735 1721 desperare
2763 1666 2901 1704 eum

497 1730 678 1793 vetat,
707 1724 830 1780 imo
857 1723 969 1779 sub
995 1742 1098 1797 spe
1119 1732 1330 1781 contra
1355 1741 1520 1797 spem
1545 1725 1784 1780 credere
1815 1723 2010 1797 jubet,
2042 1722 2217 1781 Rom.
2245 1724 2325 1781 iv.
2359 1724 2452 1795 18,
2480 1726 2592 1781 sub
2620 1742 2721 1800 spe
2749 1725 2901 1782 divi-

495 1818 578 1857 na
603 1809 811 1858 contra
831 1818 994 1876 spem
1023 1803 1370 1873 humanam,
1399 1802 1512 1858 sub
1539 1820 1643 1875 spe
1668 1802 1877 1875 gratiae
1906 1808 2114 1859 contra
2152 1821 2316 1878 spem
2342 1809 2592 1874 naturas,
2621 1822 2810 1879 quum
2838 1804 2899 1860 in

495 1880 847 1937 memoriam
873 1879 964 1935 illi
990 1888 1232 1938 revocat
1255 1897 1412 1950 eum,
1443 1881 1548 1955 qui
1575 1880 1637 1935 in
1666 1879 1819 1936 mari
1846 1880 2005 1937 viam
2032 1881 2279 1951 invenit,
2308 1890 2369 1939 et
2394 1881 2502 1957 qui
2528 1900 2635 1957 per
2659 1882 2904 1956 abyssos

495 1958 808 2014 horribiles
845 1957 1141 2033 populum
1167 1964 1301 2015 tuto
1347 1959 1618 2029 deduxit,
1668 1957 1901 2015 felicem
1941 1977 2016 2015 ex
2044 1959 2405 2033 gravissimis
2433 1960 2771 2036 quibusque
2796 1978 2903 2017 an-

495 2037 710 2110 gustiis
735 2034 964 2092 exitum
989 2036 1165 2093 facile
1193 2036 1398 2111 largiri
1427 2054 1612 2112 posse,
1644 2055 1766 2111 quo
1793 2036 2095 2111 pertinent
2122 2038 2246 2109 illa,
2279 2037 2397 2095 Isa.
2428 2038 2575 2095 xliii.
2612 2038 2703 2096 16.

577 2114 773 2172 XIII.
819 2112 1051 2172 Rursus
1113 2122 1331 2190 praeter
1381 2114 1847 2190 Omnipotentiae
1911 2116 2131 2173 divinae
2175 2116 2602 2188 testimonium,
2648 2118 2902 2175 occurrit

492 2193 676 2251 etiam
703 2195 800 2251 hic
827 2193 1053 2268 duplex
1082 2193 1468 2251 memorabile
1492 2192 1892 2250 Providentiae
1914 2195 2043 2268 eJus
2071 2194 2311 2270 optimae
2339 2201 2399 2252 et
2432 2195 2779 2270 justissimae
2806 2214 2900 2253 ar·

489 2278 864 2345 gumentum.
951 2272 1154 2329 Primo
1181 2272 1244 2327 in
1273 2290 1345 2328 eo
1373 2272 1536 2345 quod
1564 2271 1629 2327 in
1657 2272 1771 2329 isto
1812 2289 1987 2345 opere
2019 2272 2315 2346 justitiam
2346 2280 2407 2329 et
2434 2273 2899 2331 misericordiam

493 2366 730 2406 exerere
757 2350 1032 2421 voluerit,
1067 2348 1250 2406 Istam
1283 2349 1526 2424 quidem
1555 2367 1699 2423 erga
1714 2350 2009 2423 populum
2030 2368 2227 2419 suum,
2250 2350 2423 2423 eujus
2443 2351 2623 2407 saluti
2650 2351 2714 2407 in
2738 2358 2898 2409 tran-

491 2427 613 2484 situ
640 2427 754 2484 isto
783 2428 1100 2501 prospexit,
1149 2427 1334 2484 Illam
1359 2444 1500 2483 vero
1547 2426 1612 2482 in
1641 2426 1980 2501 AEgyptios,
2009 2444 2161 2501 quos
2202 2428 2313 2505 hae
2352 2428 2485 2501 ipsa
2510 2428 2742 2485 ratione
2769 2447 2901 2503 per·

491 2506 632 2563 dere
659 2506 892 2575 voluit;
935 2504 1100 2563 Nam
1127 2505 1232 2562 ubi
1262 2505 1365 2563 alii
1391 2505 1729 2577 transitum,
1760 2504 1864 2561 alii
1904 2505 2286 2579 sepulchrum
2325 2504 2657 2575 inveniunt,
2687 2508 2899 2565 eadem

491 2584 692 2641 media
718 2602 856 2659 quae
881 2584 1004 2642 illis
1031 2585 1306 2655 salutem,
1333 2584 1459 2641 istis
1485 2582 1740 2640 exitium
1786 2582 2061 2652 afferunt,
2111 2588 2423 2640 transeunt
2452 2581 2763 2654 Israelitae,
2792 2586 2898 2642 ab·

490 2662 806 2720 sorbentur
835 2662 1126 2739 AEgyptii.
1185 2662 1284 2722 Sic
1309 2680 1482 2737 aquae
1509 2661 1741 2731 diluvii,
1772 2680 1907 2735 quae
1936 2661 2231 2719 sustinent
2256 2668 2317 2719 et
2342 2661 2645 2720 extollunt
2672 2662 2896 2721 Arcam

491 2748 553 2798 et
581 2740 900 2799 Noachum
931 2748 1188 2813 servant,
1217 2742 1479 2817 perdunt
1503 2746 1565 2797 et
1588 2740 1891 2797 inundant
1916 2742 2172 2815 superba
2197 2758 2407 2814 regum
2434 2740 2676 2814 palatia,
2700 2748 2760 2799 et
2786 2741 2897 2799 im-

491 2819 620 2895 pios
660 2820 872 2879 misere
919 2820 1231 2878 suffocant.
1319 2819 1418 2877 Ita
1464 2818 1829 2889 afflictiones,
1876 2836 2013 2893 quae
2056 2820 2345 2877 salutares
2364 2826 2507 2875 sunt
2524 2818 2655 2893 piis,
2698 2820 2895 2895 impiis

489 2905 633 2955 sunt
658 2899 944 2971 exitiales,
973 2916 1134 2957 mors
1163 2916 1299 2973 quse
1340 2897 1506 2956 fideli
1551 2900 1837 2955 transitus
1864 2904 1955 2954 est
1980 2899 2057 2954 ad
2084 2897 2287 2966 vitam,
2310 2897 2537 2954 infideli
2564 2904 2655 2955 est
2678 2898 2893 2955 ultima

488 2976 664 3047 linea,
693 2985 755 3036 et
799 2997 1036 3054 gurges,
1067 2996 1188 3053 quo
1237 2977 1591 3036 absorbetur
1634 2976 1759 3033 sine
1803 2976 1934 3032 ulla
1978 2994 2081 3051 spe
2122 2976 2348 3033 salutis.
2433 2974 2708 3034 Secundo
2755 2975 2893 3034 hinc

487 3056 669 3113 etiam
699 3064 880 3131 patet,
930 3056 1250 3132 impiorum
1295 3072 1532 3131 poenam
1564 3054 1897 3128 justissimo
1940 3054 2055 3112 Dei
2086 3054 2319 3128 judicio
2361 3072 2517 3129 saepe
2538 3056 2890 3128 respondere

487 3134 758 3207 peccatis,
782 3142 844 3192 et
869 3136 1034 3209 quod
1061 3134 1147 3192 ait
1175 3133 1438 3210 Sapiens,
1459 3152 1507 3191 c.
1537 3134 1616 3189 xi.
1652 3133 1743 3204 17,
1789 3138 1825 3167 “
1846 3151 1953 3207 per
1980 3152 2115 3209 quae
2144 3132 2278 3207 quis
2304 3139 2521 3207 peceat,
2552 3151 2657 3207 per
2682 3134 2889 3191 eadem

485 3211 736 3268 cruciari
759 3214 816 3280 ;’'
847 3213 1122 3288 AEgyptii
1167 3213 1440 3270 barbarie
1482 3212 1745 3269 nefanda
1770 3213 2065 3270 masculos
2086 3211 2499 3270 Israelitarum
2526 3210 2697 3285 aquis
2721 3211 2891 3268 fluvii

484 3297 835 3359 mergentes,
863 3290 975 3347 sub
1002 3290 1176 3363 aquis
1203 3291 1383 3346 maris
1424 3298 1797 3362 merguntur.
1888 3290 1988 3347 Ita
2028 3290 2427 3359 Adonibezec‚
2472 3288 2578 3364 qui
2616 3296 2891 3363 amputa-

485 3374 656 3421 verat
681 3368 1051 3425 summitates
1082 3385 1370 3423 manuum
1397 3373 1460 3424 et
1483 3368 1707 3441 pedum
1735 3367 1813 3430 70
1852 3368 2138 3443 Regibus,
2176 3370 2326 3425 talia
2368 3373 2428 3424 et
2472 3366 2596 3441 ipse
2643 3366 2886 3440 patitur,

483 3441 529 3499 J
534 3442 688 3499 udic.
718 3443 756 3500 i.
786 3445 842 3514 7,
875 3452 912 3478 “
931 3445 1083 3502 sicut
1097 3443 1230 3514 feci,
1259 3444 1346 3501 ita
1365 3444 1515 3501 mihi
1531 3444 1793 3501 reddidit
1832 3446 2057 3517 Deus,''
2079 3446 2293 3520 inquit.
2326 3445 2417 3503 Eo
2444 3444 2699 3520 pertinet
2724 3447 2889 3518 qoud

487 3518 652 3579 Deus
669 3522 966 3581 fusionem
984 3521 1290 3596 sanguinis
1307 3522 1542 3579 fusione
1559 3523 1867 3597 sanguinis
1888 3525 2019 3581 vult
2033 3525 2231 3599 plecti,
2246 3524 2397 3583 Gen.
2420 3524 2498 3581 ix.
2524 3522 2578 3580 6.
2594 3522 2742 3597 “qui
2752 3542 2889 3581 san-

481 3598 730 3674 guinem
750 3601 990 3672 fuderit,
1011 3600 1254 3674 sanguis
1271 3600 1402 3675 ejus
1421 3600 1770 3671 fundetur,”
1794 3609 1853 3659 et
1872 3602 2163 3672 Christus,
2190 3603 2409 3661 Matth.
2432 3601 2591 3659 xxvi.
2612 3602 2707 3673 52,
2728 3608 2763 3635 “
2782 3604 2887 3677 qui

483 3678 760 3753 gladium
779 3680 1084 3755 acceperit,
1107 3680 1312 3754 gladio
1339 3678 1611 3754 peribit,’'
1644 3678 1763 3737 Isa.
1784 3681 1988 3737 xxxiii.
2024 3682 2076 3752 1,
2108 3688 2143 3715 ‘⁴
2172 3680 2282 3739 Vae
2311 3680 2417 3737 tibi
2440 3680 2545 3754 qui
2582 3682 2888 3755 praedaris,

479 3774 684 3815 annon
699 3760 962 3831 praedam
980 3758 1254 3834 patieris?
1275 3776 1412 3815 cum
1429 3759 1931 3817 consummaveris
1949 3760 2415 3817 devastationem
2430 3760 2887 3818 devastaberi8.”

563 3835 749 3895 XIV.
795 3837 1002 3906 Quaeri
1043 3854 1186 3894 vero
1228 3836 1326 3894 hic
1368 3843 1580 3912 potest,
1613 3835 1737 3894 Cur
1785 3837 1966 3908 Deus,
1996 3838 2102 3913 qui
2146 3843 2383 3912 poterat
2420 3855 2521 3893 eos
2548 3837 2729 3911 longe
2756 3839 2890 3895 bre-

484 3913 636 3971 viori
665 3914 766 3973 via
783 3916 846 3973 in
880 3916 1122 3975 Canaan
1144 3933 1250 3989 per
1277 3922 1499 3973 terram
1530 3913 1973 3973 Philistaeorum
2002 3917 2314 3986 deducere,
2342 3916 2407 3971 in
2435 3932 2557 3989 qua
2582 3934 2691 3973 nec
2716 3934 2887 3973 mon-

480 3998 570 4050 tes
597 3995 935 4069 superandi‚
965 4012 1074 4051 nec
1101 4011 1263 4050 mare
1289 3995 1725 4051 transeundum
1753 4000 1897 4063 erat,
1926 3994 2185 4051 voluerit
2211 4012 2312 4051 eos
2337 4011 2443 4067 per
2482 3995 2645 4051 viam
2672 3995 2885 4052 deserti

481 4070 942 4143 circumducere,
971 4075 1150 4146 longe
1177 4072 1534 4147 asperiorem
1562 4078 1623 4129 et
1650 4072 2117 4144 laboriosiorem,
2146 4074 2209 4129 in
2240 4090 2365 4147 qua
2389 4072 2737 4129 haerendurn
2765 4073 2885 4131 illis

477 4148 598 4207 fuit
613 4168 718 4225 per
735 4152 1136 4227 quadraginta
1151 4154 1378 4209 annos?
1401 4150 1578 4225 Resp.
1599 4148 1737 4207 Hoc
1753 4168 1874 4206 non
1890 4150 2017 4208 sine
2034 4152 2318 4224 gravibus
2334 4150 2528 4207 causis
2544 4169 2582 4207 a
2598 4150 2886 4227 sapientia

481 4226 596 4285 Dei
623 4228 706 4285 sic
733 4230 1141 4306 dispensatum
1168 4229 1387 4299 fuisse;
1435 4230 1486 4287 1.
1517 4226 1614 4285 Ne
1644 4228 1867 4285 scilicet
1916 4228 1975 4285 in
2016 4229 2142 4304 ipso
2170 4228 2666 4303 peregrinationis
2691 4229 2882 4299 initio,

478 4306 750 4365 hostibus
777 4309 1072 4367 ferocibus
1100 4315 1160 4366 et
1201 4308 1509 4377 bellicosis,
1541 4307 1749 4382 quales
1776 4314 1947 4364 erant
1990 4306 2297 4378 Philistaei,
2348 4306 2615 4381 expositi,
2644 4314 2705 4365 et
2731 4308 2884 4383 peri·

477 4384 684 4440 culoso
712 4385 982 4460 impliciti
1010 4388 1191 4455 belle,
1215 4386 1290 4442 de
1311 4386 1506 4443 reditu
1535 4386 1596 4441 in
1623 4386 1961 4459 *Egyptum
1984 4385 2329 4460 cogitarent,
2352 4385 2519 4461 quod
2549 4385 2751 4443 Moses
2776 4405 2885 4444 no-

476 4466 584 4529 tat,
619 4460 811 4519 Exod.
841 4464 963 4521 xiii.
997 4464 1089 4535 17,
1124 4464 1214 4532 18,
1261 4470 1295 4497 “
1319 4461 1464 4521 Non
1515 4481 1616 4521 eos
1658 4465 1836 4521 duxit
1877 4482 1983 4538 per
2022 4464 2179 4521 viam
2222 4472 2393 4522 terrae
2438 4462 2885 4521 Philistaeorum

475 4554 612 4611 quae
641 4538 840 4595 vicina
863 4548 968 4608 est,
997 4560 1138 4599 nam
1179 4541 1343 4598 Deus
1371 4542 1526 4600 dixit
1551 4560 1626 4597 ne
1662 4542 1817 4599 sorte
1858 4542 2143 4617 poeniteat
2190 4561 2347 4612 eum,
2378 4541 2429 4599 si
2476 4542 2696 4600 viderit
2736 4561 2885 4617 prae-

475 4613 647 4682 Hum,
677 4620 736 4669 et
763 4624 1094 4673 revertatur
1121 4618 1180 4673 in
1215 4619 1610 4692 AEgyptum.”
1676 4620 1730 4675 2.
1764 4620 1981 4675 Noluit
2008 4638 2109 4676 eos
2134 4620 2331 4677 sta-tim
2362 4620 2440 4677 ab
2466 4619 2639 4677 initio
2668 4622 2883 4677 ducere

3135 5139 3145 5157 ‚⁴
3128 5094 3132 5104 -
3108 4704 3141 5041 ...am-*K*
