3234 5192
368 358 600 401 msrur.
631 338 791 421 xva]
972 358 1051 399 ns
1080 358 1560 401 SATISFAc'rloms
1586 360 1825 401 cnnls‘n
1855 359 2175 401 vanna-rs.
2655 350 2774 417 627

364 499 477 559 teri
496 517 695 559 omnes
716 498 946 557 codices
973 508 1303 559 constanter
1328 500 1441 559 hoc
1484 499 1787 560 retineant.
1871 500 1996 561 Alii
2023 522 2140 561 non
2169 502 2364 563 delent
2406 504 2640 581 quidem
2669 510 2774 569 sed

362 579 675 639 obscurant
716 579 841 656 ejus
883 578 1203 654 veritatem,
1247 579 1413 656 quasi
1453 599 1569 639 non
1610 600 1814 639 revera
1855 581 2118 641 Christus
2161 583 2502 659 sanguinem
2531 586 2770 665 sudarit,

366 659 471 719 sed
490 660 601 719 hoc
650 666 873 718 tantum
903 661 1269 736 παροιμιακῶς
1286 660 1515 719 dictum
1560 659 1653 733 sit,
1699 660 1848 719 sicut
1888 662 1988 737 qui
2015 681 2206 721 amare
2247 662 2388 721 flent
2429 658 2772 741 sanguinem

364 738 521 815 flere,
564 747 625 797 et
650 739 751 816 qui
792 738 963 797 valde
1003 738 1269 797 laborant
1310 740 1654 817 sanguinem
1697 739 1903 799 sudare
1947 740 2231 816 dicuntur,
2277 743 2359 802 sic
2405 744 2684 821 Euthym.
2713 756 2772 807 et

366 818 648 897 Theoph.,
673 817 831 896 quod
850 819 1137 895 praecipue
1156 818 1439 896 colligunt
1466 838 1540 877 ex
1569 838 1714 879 voce
1745 820 1863 875 ὡσεὶ
1888 840 2018 897 quse
2045 822 2140 881 hic
2177 831 2502 899 usurpatur,
2533 844 2663 901 quse
2693 828 2768 885 si-

364 899 751 958 militudinem
778 907 942 957 notat
980 918 1099 957 non
1138 899 1225 957 rei
1265 899 1603 975 veritatem3
1653 918 1802 975 quos
1843 900 2103 977 sequitur
2131 902 2371 961 Grotius
2397 903 2460 961 in
2485 904 2543 961 h.
2565 904 2604 963 l.
2653 906 2772 967 Sed

364 998 663 1057 perperam
690 978 1111 1056 proverbialem
1137 977 1488 1037 locutionem
1522 979 1619 1037 hic
1652 978 1941 1051 ,inducunt
1987 980 2270 1041 elevaturi
2315 984 2770 1060 magnitudinem

364 1058 535 1118 istius
580 1059 880 1133 miraculi3
925 1059 1061 1134 quia
1102 1078 1219 1117 non
1259 1066 1483 1117 tantum
1525 1056 1738 1117 dicitur
1777 1059 1955 1117 sudor
1995 1059 2173 1121 fuisse
2209 1062 2394 1121 instar
2435 1082 2768 1139 grumorum

364 1138 683 1215 sanguinis,
708 1139 811 1198 sed
832 1139 1013 1197 instar
1034 1156 1368 1214 grumorum
1382 1138 1682 1215 sanguinis
1699 1137 2088 1199 decidentium
2109 1140 2170 1199 in
2187 1148 2414 1217 terram,
2427 1142 2582 1219 quod
2599 1146 2770 1221 plane

366 1218 482 1277 dici
500 1238 616 1276 non
637 1226 833 1295 posset
850 1218 966 1277 nisi
986 1236 1159 1276 verus
1180 1217 1419 1295 sanguis
1438 1218 1500 1275 in
1518 1226 1732 1277 terram
1750 1217 2058 1279 decidisset
2080 1243 2095 1297 ;
2125 1240 2310 1298 neque
2333 1223 2561 1283 obstare
2581 1235 2774 1300 potest

366 1298 649 1374 particula
678 1299 811 1369 ὡσεὶ,
832 1293 1209 1374 siquidem‘ut
1234 1305 1453 1371 notum,
1482 1298 1609 1357 haec
1636 1306 1702 1357 ut
1729 1306 1788 1357 et
1814 1298 2031 1359 similes
2057 1300 2352 1377 particulae
2385 1321 2502 1360 non
2545 1311 2770 1365 tantum

368 1378 870 1455 comparationem,
902 1377 1005 1436 sed
1032 1384 1091 1435 et
1110 1377 1193 1435 rei
1220 1380 1541 1453 veritatem,
1572 1377 1918 1454 significant,
1948 1388 2017 1438 ut
2040 1380 2195 1457 apud
2224 1381 2406 1441 Hebr.
2429 1390 2518 1441 est
2544 1406 2712 1459 wia-m
2742 1412 2770 1447 a

368 1466 431 1517 et
450 1476 597 1516 nean
629 1478 673 1532 τι,
694 1457 869 1517 modo
900 1457 1289 1530 similitudinis,
1332 1455 1505 1515 modo
1545 1459 1795 1517 veritatis
1811 1466 1878 1518 ut
1917 1459 2057 1519 Joh.
2077 1461 2115 1519 i.
2141 1463 2231 1534 14,
2265 1460 2424 1535 δόξαν
2461 1462 2530 1526 ὡς
2556 1482 2768 1538 μονογε-

374 1540 481 1601 νοῦς
504 1538 655 1614 παρὰ
682 1540 897 1615 πατρὸς,
917 1536 1019 1597 ubi
1047 1545 1201 1595 recte
1222 1536 1548 1614 Theophyl.
1593 1540 1653 1593 τὸ
1681 1548 1762 1602 Ως
1781 1539 2000 1597 ἐνταῦθα
2028 1542 2122 1596 οὐκ
2149 1542 2418 1608 ammom
2446 1539 2576 1597 ἔστιν
2603 1544 2766 1599 ἀλλα

370 1615 706 1687 βεῦαιώσεως
736 1622 833 1673 καὶ
872 1616 1339 1693 &vaporatae-hrota
1369 1618 1640 1695 διορισμοῦ.
1686 1618 1846 1694 Ergo
1867 1626 2034 1679 extra
2061 1638 2289 1679 omnem
2317 1622 2768 1681 controversiam

367 1698 619 1774 positum
650 1717 777 1757 esse
805 1698 979 1757 debet
1008 1696 1299 1757 Christum
1328 1716 1531 1756 verum
1560 1698 1902 1773 sanguinem
1931 1698 2188 1758 sudasse.

450 1778 606 1835 XII.
638 1777 781 1852 Quis
808 1798 947 1836 vero
970 1778 1323 1854 sanguineus
1343 1776 1452 1835 iste
1470 1776 1648 1836 sudor
1667 1776 1856 1853 fuerit,
1881 1780 2161 1839 naturalis
2181 1800 2256 1839 an
2283 1779 2772 1839 extraordinarius

370 1866 429 1917 et
444 1858 914 1935 supernaturalia,
940 1856 1295 1933 disquiritur.
1326 1856 1572 1932 Quidam
1594 1856 1916 1917 naturalem
1937 1879 2012 1919 ex
2033 1878 2102 1918 eo
2119 1860 2294 1919 fuisse
2317 1860 2602 1937 colligunt
2616 1859 2773 1936 quod

368 1956 487 1996 non
508 1937 811 1997 dissimilia
832 1938 1099 2013 exempla
1119 1936 1431 2013 aliquando
1452 1936 1766 2013 contigisse
1786 1937 2070 2014 legantur,
2097 1938 2280 1999 Arist.
2299 1940 2400 1998 lib.
2423 1940 2504 1998 iii.
2528 1940 2600 1997 de
2621 1948 2768 2017 part.

370 2019 579 2077 anima.
602 2038 727 2095 cap.
758 2021 813 2093 5,
845 2024 903 2075 et
930 2016 1031 2074 lib.
1058 2016 1160 2091 iii„
1187 2013 1258 2075 de
1286 2016 1421 2074 hist.
1445 2015 1655 2075 anima.
1686 2035 1811 2092 cap.
1835 2020 1928 2091 19,
1951 2018 2126 2077 refert
2153 2019 2430 2078 accidisse
2460 2020 2772 2095 aliquando

368 2106 435 2156 ut
461 2097 697 2173 quidam
726 2104 1024 2163 cruentum
1052 2094 1289 2171 aliquod
1310 2104 1742 2153 excrementum
1764 2095 2053 2171 sudarent,
2079 2097 2236 2174 quod
2251 2098 2374 2174 ipse
2397 2109 2570 2157 vocat
2598 2102 2771 2167 αἱμα-

372 2178 530 2239 τῶδες
560 2180 867 2254 meir-rmum
894 2176 985 2230 διὰ
1014 2172 1288 2251 καχεξίαν
1314 2182 1547 2251 propter
1572 2173 1841 2232 vitiatum
1890 2176 2144 2251 corporis
2187 2177 2466 2250 habitum,
2497 2176 2658 2235 fluxo
2685 2178 2772 2235 ni-

368 2256 577 2313 mirum
606 2256 857 2331 laxoque
879 2272 1114 2330 corpore
1142 2253 1339 2329 inopia
1364 2262 1423 2311 et
1449 2252 1846 2313 imbecillitate
1864 2254 2072 2314 caloris
2093 2255 2152 2313 in
2173 2256 2340 2315 venis
2367 2257 2620 2333 quicum
2643 2276 2775 2315 san-

368 2335 603 2413 guinem
625 2354 741 2392 non
761 2334 941 2411 probe
963 2342 1301 2410 concoquat,
1326 2333 1611 2393 humescit
1640 2333 1872 2393 tandem
1901 2341 1960 2393 et
1988 2336 2236 2395 serosior
2261 2335 2522 2395 redditur
2543 2357 2558 2411 3
2603 2338 2772 2412 Quod

368 2414 739 2476 confirmatur
785 2435 822 2472 a
867 2413 1157 2492 Theophr.
1184 2413 1287 2473 lib.
1332 2412 1404 2472 de
1454 2412 1780 2475 sudoribus
1825 2414 2128 2475 Femelius
2162 2416 2264 2475 lib.
2313 2416 2391 2475 vi.
2425 2416 2497 2477 de
2525 2418 2775 2493 partium

368 2496 587 2555 morbis
630 2504 689 2554 et
738 2495 1141 2572 symptomatis
1184 2493 1257 2553 de
1290 2494 1517 2572 hepatis
1547 2496 1732 2571 &foria
1756 2514 1954 2572 agens,
1985 2496 2068 2556 ait
2110 2516 2172 2556 se
2198 2497 2488 2557 interdum
2515 2496 2772 2555 animad-

366 2576 611 2637 vertisse
656 2577 995 2653 sanguinem
1044 2575 1118 2634 ab
1162 2576 1437 2635 extremis
1484 2574 1651 2635 venis
1696 2594 1824 2653 quae
1869 2575 1928 2635 in
1972 2586 2158 2637 cutem
2189 2577 2463 2637 desinunt
2487 2578 2686 2637 multis
2715 2577 2775 2635 in

370 2656 515 2716 locis
542 2656 777 2731 effundi,
808 2664 867 2715 et
900 2656 1215 2715 Sennertus
1264 2655 1457 2715 Instit.
1504 2655 1604 2715 lib.
1635 2655 1694 2714 ii.
1725 2676 1780 2733 p.
1811 2660 1866 2730 3,
1899 2665 2039 2717 sect.
2073 2660 2126 2715 1.
2156 2665 2320 2717 notat
2345 2678 2422 2717 ex
2451 2658 2774 2715 Benivenio

368 2738 595 2796 cuidam
628 2736 873 2813 singulis
900 2736 1197 2795 mensibus
1224 2754 1329 2811 per
1374 2742 1566 2794 cutem
1608 2754 1727 2811 qua
1769 2736 1886 2793 ima
1930 2755 2064 2813 pars
2096 2736 2313 2811 jecoris
2354 2736 2617 2813 subjacet
2643 2756 2772 2793 san-

368 2818 565 2894 guinis
590 2817 799 2874 libram
828 2814 1139 2889 effluxisse,
1164 2833 1295 2872 cum
1318 2822 1511 2873 tamen
1538 2814 1764 2872 nullum
1792 2813 2048 2873 foramen
2093 2815 2254 2873 nulla
2281 2816 2522 2874 cicatrix
2549 2815 2610 2871 in
2642 2824 2772 2873 cute

376 2904 695 2972 appareret.
748 2896 884 2953 Huc
912 2894 1051 2951 facit
1098 2892 1256 2969 quod
1299 2892 1371 2951 de
1404 2890 1842 2967 Scanderbergo
1877 2893 2072 2951 Hero&
2097 2900 2362 2953 narratur
2387 2913 2464 2951 ex
2488 2894 2773 2953 labiorum

370 2976 499 3051 ejus
525 2972 754 3031 venulis
784 2973 1082 3049 sanguinis
1110 2971 1369 3047 guttulas
1390 2970 1682 3029 effluxisse
1711 2970 1938 3047 quoties
1958 2972 2020 3029 in
2045 2972 2168 3031 acie
2187 2972 2412 3030 hostem
2434 2972 2770 3049 adoriretur,

370 3063 430 3114 et
456 3052 613 3129 quod
643 3050 861 3110 Maldo.
884 3052 945 3107 in
968 3051 1179 3109 Matth.
1202 3048 1377 3109 refert
1402 3050 1692 3126 quendam
1715 3049 1964 3109 Lutetiae
1981 3050 2180 3109 audita
2203 3051 2265 3108 in
2293 3070 2356 3110 se
2383 3051 2617 3127 capitali
2643 3071 2772 3110 sen-

369 3132 553 3193 tentia
602 3131 809 3189 sudore
840 3130 1158 3206 sanguineo
1186 3136 1369 3187 totum
1400 3128 1693 3204 perfusum
1739 3128 1936 3189 fuisse.
1999 3130 2094 3189 Ex
2127 3132 2218 3189 his
2247 3131 2600 3191 concludunt
2625 3132 2772 3191 nihil

372 3213 601 3272 obstare
631 3210 939 3288 quominus
968 3210 1143 3268 sudor
1170 3208 1279 3267 iste
1310 3208 1525 3267 Christi
1552 3210 1834 3269 naturalis
1862 3211 2076 3286 pariter
2102 3211 2346 3271 dicatur.
2429 3212 2648 3271 Verum
2671 3214 2772 3271 alii

368 3293 622 3353 alienum
670 3291 841 3369 plane
884 3298 944 3348 et
970 3288 1263 3347 diversum
1292 3289 1367 3347 ab
1394 3287 1487 3347 his
1514 3290 1756 3367 aliisque
1799 3290 2084 3351 similibus
2111 3292 2393 3369 exemplis
2421 3294 2772 3369 existimant,

371 3395 447 3433 ex
475 3373 687 3452 quibus
716 3370 979 3449 quaedam
1008 3370 1227 3428 incerta
1252 3377 1312 3429 et
1340 3368 1611 3430 sublestae
1637 3370 1792 3445 fidei,
1823 3371 1938 3429 alia
1963 3371 2136 3448 longe
2163 3371 2394 3451 lateque
2422 3373 2496 3432 ab
2523 3374 2636 3433 isto
2665 3374 2773 3433 dif—

370 3454 580 3514 ferunt.
632 3454 781 3511 Nam
811 3470 941 3509 cum
970 3470 1045 3509 ex
1074 3450 1359 3509 sententia
1376 3450 1712 3511 Aristotelis
1741 3451 1870 3511 duae
1899 3452 2201 3529 praecipuae
2231 3454 2346 3513 sint
2373 3454 2550 3531 hujus
2577 3474 2772 3531 symp-

366 3535 602 3594 tomatis
630 3552 835 3605 causae,
868 3530 1017 3590 cutis
1043 3550 1247 3608 nempe
1276 3530 1481 3591 raritas
1508 3550 1640 3591 cum
1669 3552 1904 3609 corpore
1932 3532 2128 3607 fluido,
2159 3553 2226 3593 ac
2263 3535 2564 3611 sanguinis
2590 3534 2776 3593 tenui-

368 3622 461 3674 tas
510 3622 569 3673 et
614 3630 811 3671 serosa
852 3611 1026 3670 nimis
1074 3612 1414 3686 substantia,
1464 3612 1675 3689 quibus
1723 3632 1798 3671 ex
1849 3613 2134 3672 sententia
2159 3614 2404 3673 aliorum
2431 3613 2612 3672 addas
2639 3613 2778 3673 licet

370 3694 709 3752 facultatum
756 3690 1057 3750 nutritioni
1112 3691 1512 3751 famulantium
1565 3691 2037 3767 imbecillitatem,
2083 3694 2408 3753 retentricis
2461 3702 2603 3769 puta
2647 3692 2769 3751 lan-

371 3792 610 3850 guorem
655 3780 715 3831 et
756 3771 1095 3847 expultricis
1140 3772 1583 3847 vehementiam,
1612 3772 1776 3833 nulla
1828 3773 2030 3831 harum
2082 3792 2382 3833 causarum
2437 3772 2534 3832 hic
2587 3770 2777 3830 afferri

370 3862 563 3930 potest
630 3852 689 3909 in
740 3851 955 3911 Christi
1003 3868 1239 3929 corpore
1302 3853 1783 3930 temperatissimo
1831 3852 1988 3929 quod
2027 3852 2188 3911 nulla
2231 3850 2480 3930 καχεξίᾳ
2519 3852 2616 3909 vel
2659 3852 2771 3909 δυσ-

372 3936 567 4010 κρασίᾳ
591 3932 893 4005 laboravit,
927 3932 1030 3991 sed
1057 3932 1275 4009 optima
1320 3932 1730 3991 constitutione
1758 3940 1816 3991 et
1845 3952 2069 3991 summa
2094 3933 2404 4010 primarum
2433 3932 2774 4009 qualitatum

367 4012 669 4071 harmonia
712 4011 912 4088 procul
967 4012 1144 4071 dubio
1188 4012 1297 4070 fuit
1349 4012 1674 4089 praeditum.
1731 4011 1930 4089 Atque
1983 4012 2098 4071 huc
2151 4012 2400 4090 pertinet
2446 4010 2602 4087 quod
2645 4030 2773 4071 cum

372 4092 485 4149 hoc
512 4092 623 4169 ipsi
653 4090 915 4167 contigit,
946 4094 994 4147 ἐν
1022 4096 1229 4168 ἀγωνίᾳ
1256 4090 1433 4150 fuisse
1462 4092 1674 4151 dicitur
1700 4092 1800 4169 qui
1837 4100 2090 4169 coeperat
2117 4093 2486 4162 ἐκθαμῢεῒσθαι
2515 4096 2612 4147 καὶ
2639 4092 2771 4157 ἅδη-

370 4176 550 4243 μονεῒν,
596 4172 657 4229 hi
704 4171 859 4230 enim
905 4170 1145 4231 affectus
1188 4172 1537 4230 contrarium
1578 4172 1750 4249 plane
1798 4172 1860 4229 in
1904 4192 2138 4249 corpore
2166 4181 2384 4231 motum
2415 4170 2682 4244 efficiunt,
2713 4172 2775 4229 in

372 4260 533 4310 metu
562 4252 845 4328 siquidem
874 4252 1033 4309 calor
1059 4252 1245 4309 omnis
1274 4259 1331 4309 et
1360 4251 1596 4328 spiritus
1639 4272 1706 4311 ac
1735 4252 1972 4327 sanguis
1999 4252 2287 4310 exteriora
2315 4250 2586 4310 deserunt
2613 4260 2672 4309 et
2699 4252 2774 4309 ad

374 4350 475 4391 c-or
522 4332 717 4391 subito
753 4340 1115 4405 revocantur,
1147 4330 1207 4389 in
1226 4331 1503 4389 moestitia
1528 4350 1668 4390 vero
1708 4351 1812 4390 seu
1839 4350 2082 4389 moerore
2113 4330 2348 4409 spiritus
2378 4328 2773 4391 dissolvuntur

374 4419 433 4471 et
460 4432 668 4490 corpus
714 4410 1083 4487 refrigeratur
1127 4431 1195 4469 ac
1240 4410 1504 4469 siccatur.
1550 4411 1796 4470 Causam
1845 4410 2040 4487 itaque
2089 4412 2261 4488 plane
2287 4411 2685 4471 miraculosam
2717 4420 2774 4471 et

372 4492 866 4569 supernaturalem
914 4511 1041 4550 esse
1087 4492 1341 4569 oportuit
1386 4510 1517 4567 quse
1564 4510 1668 4568 per
1711 4490 1982 4550 densatos
2029 4491 2243 4569 frigore
2269 4492 2418 4552 cutis
2445 4512 2615 4569 poros
2643 4512 2773 4551 san·

368 4572 605 4649 guinem
634 4580 962 4631 concretum
985 4592 1052 4630 ac
1081 4590 1416 4648 grumosum
1444 4571 1780 4630 extraxerit.
1825 4570 2120 4649 Quidquid
2148 4573 2239 4649 sit,
2273 4571 2405 4653 (nos
2433 4573 2584 4631 enim
2613 4573 2774 4631 litem

369 4652 519 4711 hanc
564 4661 820 4713 nostram
866 4670 985 4711 non
1028 4651 1288 4727 facimus,
1340 4649 1445 4709 sed
1488 4652 1842 4711 medicorum
1889 4652 2026 4711 filiis
2051 4652 2472 4713 discutiendam
2499 4654 2774 4730 relinqui-
