<?xml version="1.0" encoding="UTF-8"?>
<!DOCTYPE html PUBLIC "-//W3C//DTD XHTML 1.0 Transitional//EN"
    "http://www.w3.org/TR/xhtml1/DTD/xhtml1-transitional.dtd">
<html xmlns="http://www.w3.org/1999/xhtml" xml:lang="en" lang="en">
 <head>
  <title>
</title>
<meta http-equiv="Content-Type" content="text/html;charset=utf-8" />
  <meta name='ocr-system' content='tesseract 3.04.00' />
  <meta name='ocr-capabilities' content='ocr_page ocr_carea ocr_par ocr_line ocrx_word'/>
</head>
<body>
  <div class='ocr_page' id='page_1' title='image "./denecessariasec00turrgoog_0451.png"; bbox 0 0 3234 5192; ppageno 0'>
   <div class='ocr_carea' id='block_1_1' title="bbox 258 337 2666 420">
    <p class='ocr_par' dir='ltr' id='par_1_1' title="bbox 258 337 2666 420">
     <span class='ocr_line' id='line_1_1' title="bbox 258 337 2666 420; baseline 0.002 -22"><span class='ocrx_word' id='word_1_1' title='bbox 258 355 491 400; x_wconf 72' lang='lat' dir='ltr'><strong>1³1st.</strong></span> <span class='ocrx_word' id='word_1_2' title='bbox 533 337 651 420; x_wconf 60' lang='lat' dir='ltr'><strong>xm]</strong></span> <span class='ocrx_word' id='word_1_3' title='bbox 827 355 909 396; x_wconf 76' lang='lat' dir='ltr'><strong>nn</strong></span> <span class='ocrx_word' id='word_1_4' title='bbox 936 351 1411 397; x_wconf 59' lang='lat' dir='ltr'><strong>sansrscnoms</strong></span> <span class='ocrx_word' id='word_1_5' title='bbox 1438 353 1676 398; x_wconf 76' lang='lat' dir='ltr'><strong>cnmsn</strong></span> <span class='ocrx_word' id='word_1_6' title='bbox 1704 356 2124 402; x_wconf 64' lang='lat' dir='ltr'><strong>mosset-run.</strong></span> <span class='ocrx_word' id='word_1_7' title='bbox 2368 342 2390 369; x_wconf 68' lang='lat'><strong>²</strong></span> <span class='ocrx_word' id='word_1_8' title='bbox 2550 351 2666 409; x_wconf 82' lang='lat'><strong>401</strong></span> 
     </span>
    </p>
   </div>
   <div class='ocr_carea' id='block_1_2' title="bbox 218 496 2658 4780">
    <p class='ocr_par' dir='ltr' id='par_1_2' title="bbox 246 496 2658 1648">
     <span class='ocr_line' id='line_1_2' title="bbox 256 496 2658 582; baseline 0.003 -25"><span class='ocrx_word' id='word_1_9' title='bbox 256 497 457 569; x_wconf 78' lang='lat' dir='ltr'><strong>clusa3</strong></span> <span class='ocrx_word' id='word_1_10' title='bbox 510 496 602 556; x_wconf 85' lang='lat' dir='ltr'><strong>At</strong></span> <span class='ocrx_word' id='word_1_11' title='bbox 640 513 789 555; x_wconf 78' lang='lat' dir='ltr'><strong>vero</strong></span> <span class='ocrx_word' id='word_1_12' title='bbox 830 501 1059 555; x_wconf 87' lang='lat' dir='ltr'><strong>certum</strong></span> <span class='ocrx_word' id='word_1_13' title='bbox 1102 501 1197 556; x_wconf 84' lang='lat' dir='ltr'><strong>est</strong></span> <span class='ocrx_word' id='word_1_14' title='bbox 1240 503 1449 554; x_wconf 81' lang='lat' dir='ltr'><strong>omnes</strong></span> <span class='ocrx_word' id='word_1_15' title='bbox 1494 496 1788 570; x_wconf 85' lang='lat' dir='ltr'><strong>homines,</strong></span> <span class='ocrx_word' id='word_1_16' title='bbox 1816 499 1998 556; x_wconf 73' lang='lat' dir='ltr'><strong>etiam</strong></span> <span class='ocrx_word' id='word_1_17' title='bbox 2024 515 2142 574; x_wconf 89' lang='lat' dir='ltr'><strong>eos,</strong></span> <span class='ocrx_word' id='word_1_18' title='bbox 2171 499 2278 577; x_wconf 86' lang='lat' dir='ltr'><strong>qui</strong></span> <span class='ocrx_word' id='word_1_19' title='bbox 2303 501 2658 582; x_wconf 60' lang='lat' dir='ltr'><strong>liberentur,</strong></span> 
     </span>
     <span class='ocr_line' id='line_1_3' title="bbox 255 572 2658 658; baseline 0.004 -24"><span class='ocrx_word' id='word_1_20' title='bbox 255 582 461 650; x_wconf 80' lang='lat' dir='ltr'><strong>utpote</strong></span> <span class='ocrx_word' id='word_1_21' title='bbox 487 576 799 634; x_wconf 85' lang='lat' dir='ltr'><strong>conclusos</strong></span> <span class='ocrx_word' id='word_1_22' title='bbox 822 575 934 632; x_wconf 87' lang='lat' dir='ltr'><strong>sub</strong></span> <span class='ocrx_word' id='word_1_23' title='bbox 959 581 1269 649; x_wconf 85' lang='lat' dir='ltr'><strong>peecatum</strong></span> <span class='ocrx_word' id='word_1_24' title='bbox 1294 572 1479 632; x_wconf 85' lang='lat' dir='ltr'><strong>fuisse</strong></span> <span class='ocrx_word' id='word_1_25' title='bbox 1504 581 1728 634; x_wconf 85' lang='lat' dir='ltr'><strong>natura</strong></span> <span class='ocrx_word' id='word_1_26' title='bbox 1748 575 1904 636; x_wconf 87' lang='lat' dir='ltr'><strong>filios</strong></span> <span class='ocrx_word' id='word_1_27' title='bbox 1930 577 2034 635; x_wconf 80' lang='lat' dir='ltr'><strong>irae</strong></span> <span class='ocrx_word' id='word_1_28' title='bbox 2061 595 2132 636; x_wconf 83' lang='lat' dir='ltr'><strong>ac</strong></span> <span class='ocrx_word' id='word_1_29' title='bbox 2157 597 2264 654; x_wconf 86' lang='lat' dir='ltr'><strong>per</strong></span> <span class='ocrx_word' id='word_1_30' title='bbox 2289 598 2658 658; x_wconf 85' lang='lat' dir='ltr'><strong>consequens</strong></span> 
     </span>
     <span class='ocr_line' id='line_1_4' title="bbox 255 650 2656 734; baseline 0.004 -22"><span class='ocrx_word' id='word_1_31' title='bbox 255 653 549 728; x_wconf 85' lang='lat' dir='ltr'><strong>obligatos</strong></span> <span class='ocrx_word' id='word_1_32' title='bbox 594 670 671 712; x_wconf 82' lang='lat' dir='ltr'><strong>ex</strong></span> <span class='ocrx_word' id='word_1_33' title='bbox 711 652 867 727; x_wconf 87' lang='lat' dir='ltr'><strong>legis</strong></span> <span class='ocrx_word' id='word_1_34' title='bbox 890 652 1195 712; x_wconf 85' lang='lat' dir='ltr'><strong>sanctione</strong></span> <span class='ocrx_word' id='word_1_35' title='bbox 1224 673 1239 712; x_wconf 70' lang='grc' dir='ltr'><em>ε</em></span> <span class='ocrx_word' id='word_1_36' title='bbox 1284 650 1433 710; x_wconf 78' lang='lat' dir='ltr'><strong>Non</strong></span> <span class='ocrx_word' id='word_1_37' title='bbox 1478 659 1573 711; x_wconf 85' lang='lat' dir='ltr'><strong>est</strong></span> <span class='ocrx_word' id='word_1_38' title='bbox 1594 652 1780 714; x_wconf 87' lang='lat' dir='ltr'><strong>etiam</strong></span> <span class='ocrx_word' id='word_1_39' title='bbox 1823 655 2062 731; x_wconf 88' lang='lat' dir='ltr'><strong>proprie</strong></span> <span class='ocrx_word' id='word_1_40' title='bbox 2089 657 2428 734; x_wconf 72' lang='lat' dir='ltr'><strong>dispensatio</strong></span> <span class='ocrx_word' id='word_1_41' title='bbox 2451 682 2476 726; x_wconf 88' lang='lat'><em>;</em></span> <span class='ocrx_word' id='word_1_42' title='bbox 2512 680 2656 720; x_wconf 84' lang='lat' dir='ltr'><strong>nam</strong></span> 
     </span>
     <span class='ocr_line' id='line_1_5' title="bbox 250 729 2656 808; baseline 0.004 -20"><span class='ocrx_word' id='word_1_43' title='bbox 250 732 359 789; x_wconf 86' lang='lat' dir='ltr'><strong>illa</strong></span> <span class='ocrx_word' id='word_1_44' title='bbox 382 730 625 805; x_wconf 70' lang='lat' dir='ltr'><strong>praecise</strong></span> <span class='ocrx_word' id='word_1_45' title='bbox 652 748 777 790; x_wconf 88' lang='lat' dir='ltr'><strong>non</strong></span> <span class='ocrx_word' id='word_1_46' title='bbox 804 730 961 788; x_wconf 81' lang='lat' dir='ltr'><strong>circa</strong></span> <span class='ocrx_word' id='word_1_47' title='bbox 982 747 1221 804; x_wconf 82' lang='lat' dir='ltr'><strong>poenam</strong></span> <span class='ocrx_word' id='word_1_48' title='bbox 1238 729 1371 804; x_wconf 85' lang='lat' dir='ltr'><strong>jam</strong></span> <span class='ocrx_word' id='word_1_49' title='bbox 1392 730 1668 790; x_wconf 79' lang='lat' dir='ltr'><strong>meritam</strong></span> <span class='ocrx_word' id='word_1_50' title='bbox 1703 739 1766 792; x_wconf 80' lang='lat' dir='ltr'><strong>et</strong></span> <span class='ocrx_word' id='word_1_51' title='bbox 1789 740 2100 808; x_wconf 77' lang='lat' dir='ltr'><strong>peccatum</strong></span> <span class='ocrx_word' id='word_1_52' title='bbox 2125 737 2494 797; x_wconf 84' lang='lat' dir='ltr'><strong>admissum:</strong></span> <span class='ocrx_word' id='word_1_53' title='bbox 2547 742 2656 798; x_wconf 85' lang='lat' dir='ltr'><strong>sed</strong></span> 
     </span>
     <span class='ocr_line' id='line_1_6' title="bbox 252 806 2652 892; baseline 0.003 -24"><span class='ocrx_word' id='word_1_54' title='bbox 252 810 405 868; x_wconf 87' lang='lat' dir='ltr'><strong>circa</strong></span> <span class='ocrx_word' id='word_1_55' title='bbox 430 815 631 868; x_wconf 86' lang='lat' dir='ltr'><strong>actum</strong></span> <span class='ocrx_word' id='word_1_56' title='bbox 656 808 999 868; x_wconf 84' lang='lat' dir='ltr'><strong>faciendum</strong></span> <span class='ocrx_word' id='word_1_57' title='bbox 1024 815 1087 866; x_wconf 87' lang='lat' dir='ltr'><strong>et</strong></span> <span class='ocrx_word' id='word_1_58' title='bbox 1110 815 1347 866; x_wconf 85' lang='lat' dir='ltr'><strong>reatum</strong></span> <span class='ocrx_word' id='word_1_59' title='bbox 1373 825 1449 866; x_wconf 83' lang='lat' dir='ltr'><strong>ex</strong></span> <span class='ocrx_word' id='word_1_60' title='bbox 1467 806 1577 866; x_wconf 86' lang='lat' dir='ltr'><strong>illo</strong></span> <span class='ocrx_word' id='word_1_61' title='bbox 1604 813 2064 885; x_wconf 72' lang='lat' dir='ltr'><strong>praecavendum</strong></span> <span class='ocrx_word' id='word_1_62' title='bbox 2090 821 2378 888; x_wconf 77' lang='lat' dir='ltr'><strong>versatur,</strong></span> <span class='ocrx_word' id='word_1_63' title='bbox 2408 819 2652 892; x_wconf 82' lang='lat' dir='ltr'><strong>quando</strong></span> 
     </span>
     <span class='ocr_line' id='line_1_7' title="bbox 252 886 2654 968; baseline 0.004 -23"><span class='ocrx_word' id='word_1_64' title='bbox 252 886 535 945; x_wconf 87' lang='lat' dir='ltr'><strong>nimirum</strong></span> <span class='ocrx_word' id='word_1_65' title='bbox 550 887 615 946; x_wconf 92' lang='lat' dir='ltr'><strong>in</strong></span> <span class='ocrx_word' id='word_1_66' title='bbox 652 887 857 962; x_wconf 85' lang='lat' dir='ltr'><strong>aliquo</strong></span> <span class='ocrx_word' id='word_1_67' title='bbox 883 903 1027 944; x_wconf 85' lang='lat' dir='ltr'><strong>casu</strong></span> <span class='ocrx_word' id='word_1_68' title='bbox 1053 905 1177 962; x_wconf 91' lang='lat' dir='ltr'><strong>quo</strong></span> <span class='ocrx_word' id='word_1_69' title='bbox 1204 903 1413 944; x_wconf 82' lang='lat' dir='ltr'><strong>revera</strong></span> <span class='ocrx_word' id='word_1_70' title='bbox 1439 887 1672 962; x_wconf 83' lang='lat' dir='ltr'><strong>obligat</strong></span> <span class='ocrx_word' id='word_1_71' title='bbox 1699 889 1848 960; x_wconf 85' lang='lat' dir='ltr'><strong>Lex,</strong></span> <span class='ocrx_word' id='word_1_72' title='bbox 1875 889 2131 948; x_wconf 84' lang='lat' dir='ltr'><strong>solvitur</strong></span> <span class='ocrx_word' id='word_1_73' title='bbox 2159 892 2339 968; x_wconf 61' lang='lat' dir='ltr'><strong>Iagis</strong></span> <span class='ocrx_word' id='word_1_74' title='bbox 2364 895 2654 968; x_wconf 75' lang='lat' dir='ltr'><strong>obligatio</strong></span> 
     </span>
     <span class='ocr_line' id='line_1_8' title="bbox 252 962 2654 1045; baseline 0.003 -22"><span class='ocrx_word' id='word_1_75' title='bbox 252 972 520 1041; x_wconf 86' lang='lat' dir='ltr'><strong>respectu</strong></span> <span class='ocrx_word' id='word_1_76' title='bbox 548 966 865 1040; x_wconf 86' lang='lat' dir='ltr'><strong>cujusdam</strong></span> <span class='ocrx_word' id='word_1_77' title='bbox 884 964 949 1021; x_wconf 91' lang='lat' dir='ltr'><strong>in</strong></span> <span class='ocrx_word' id='word_1_78' title='bbox 974 963 1324 1040; x_wconf 71' lang='lat' dir='ltr'><strong>particulari</strong></span> <span class='ocrx_word' id='word_1_79' title='bbox 1350 962 1597 1038; x_wconf 86' lang='lat' dir='ltr'><strong>reliquis</strong></span> <span class='ocrx_word' id='word_1_80' title='bbox 1623 968 2002 1026; x_wconf 83' lang='lat' dir='ltr'><strong>manentibus</strong></span> <span class='ocrx_word' id='word_1_81' title='bbox 2030 969 2328 1045; x_wconf 83' lang='lat' dir='ltr'><strong>obligatis,</strong></span> <span class='ocrx_word' id='word_1_82' title='bbox 2359 971 2448 1030; x_wconf 90' lang='lat' dir='ltr'><strong>sic</strong></span> <span class='ocrx_word' id='word_1_83' title='bbox 2471 973 2654 1030; x_wconf 85' lang='lat' dir='ltr'><strong>licen-</strong></span> 
     </span>
     <span class='ocr_line' id='line_1_9' title="bbox 248 1041 2654 1117; baseline 0.002 -15"><span class='ocrx_word' id='word_1_84' title='bbox 248 1044 338 1104; x_wconf 84' lang='lat' dir='ltr'><strong>tia</strong></span> <span class='ocrx_word' id='word_1_85' title='bbox 352 1044 653 1102; x_wconf 75' lang='lat' dir='ltr'><strong>confertur</strong></span> <span class='ocrx_word' id='word_1_86' title='bbox 674 1042 855 1100; x_wconf 78' lang='lat' dir='ltr'><strong>alicui</strong></span> <span class='ocrx_word' id='word_1_87' title='bbox 874 1042 939 1100; x_wconf 84' lang='lat' dir='ltr'><strong>id</strong></span> <span class='ocrx_word' id='word_1_88' title='bbox 954 1041 1215 1100; x_wconf 80' lang='lat' dir='ltr'><strong>faciendi</strong></span> <span class='ocrx_word' id='word_1_89' title='bbox 1237 1043 1401 1117; x_wconf 87' lang='lat' dir='ltr'><strong>quod</strong></span> <span class='ocrx_word' id='word_1_90' title='bbox 1422 1042 1558 1101; x_wconf 84' lang='lat' dir='ltr'><strong>aliis</strong></span> <span class='ocrx_word' id='word_1_91' title='bbox 1572 1044 1830 1104; x_wconf 81' lang='lat' dir='ltr'><strong>vetitum</strong></span> <span class='ocrx_word' id='word_1_92' title='bbox 1845 1051 1940 1104; x_wconf 87' lang='lat' dir='ltr'><strong>est</strong></span> <span class='ocrx_word' id='word_1_93' title='bbox 1961 1067 1976 1104; x_wconf 76' lang='lat' dir='ltr'><em>z</em></span> <span class='ocrx_word' id='word_1_94' title='bbox 2009 1047 2098 1104; x_wconf 81' lang='lat' dir='ltr'><strong>At</strong></span> <span class='ocrx_word' id='word_1_95' title='bbox 2117 1067 2262 1106; x_wconf 83' lang='lat' dir='ltr'><strong>vero</strong></span> <span class='ocrx_word' id='word_1_96' title='bbox 2280 1049 2342 1106; x_wconf 89' lang='lat' dir='ltr'><strong>in</strong></span> <span class='ocrx_word' id='word_1_97' title='bbox 2357 1050 2654 1108; x_wconf 75' lang='lat' dir='ltr'><strong>remissio-</strong></span> 
     </span>
     <span class='ocr_line' id='line_1_10' title="bbox 251 1119 2650 1200; baseline 0.003 -20"><span class='ocrx_word' id='word_1_98' title='bbox 251 1141 324 1180; x_wconf 87' lang='lat' dir='ltr'><strong>ne</strong></span> <span class='ocrx_word' id='word_1_99' title='bbox 370 1129 749 1200; x_wconf 82' lang='lat' dir='ltr'><strong>peccatorum</strong></span> <span class='ocrx_word' id='word_1_100' title='bbox 789 1120 944 1179; x_wconf 84' lang='lat' dir='ltr'><strong>nihil</strong></span> <span class='ocrx_word' id='word_1_101' title='bbox 988 1121 1111 1178; x_wconf 88' lang='lat' dir='ltr'><strong>tale</strong></span> <span class='ocrx_word' id='word_1_102' title='bbox 1158 1119 1435 1191; x_wconf 85' lang='lat' dir='ltr'><strong>occurrit,</strong></span> <span class='ocrx_word' id='word_1_103' title='bbox 1483 1120 1630 1195; x_wconf 87' lang='lat' dir='ltr'><strong>quia</strong></span> <span class='ocrx_word' id='word_1_104' title='bbox 1673 1141 1798 1182; x_wconf 87' lang='lat' dir='ltr'><strong>non</strong></span> <span class='ocrx_word' id='word_1_105' title='bbox 1825 1123 1932 1182; x_wconf 83' lang='lat' dir='ltr'><strong>dat</strong></span> <span class='ocrx_word' id='word_1_106' title='bbox 1957 1124 2320 1200; x_wconf 75' lang='lat' dir='ltr'><strong>resipiscenti</strong></span> <span class='ocrx_word' id='word_1_107' title='bbox 2347 1127 2650 1186; x_wconf 73' lang='lat' dir='ltr'><strong>licentiam</strong></span> 
     </span>
     <span class='ocr_line' id='line_1_11' title="bbox 248 1198 2650 1288; baseline 0.002 -29"><span class='ocrx_word' id='word_1_108' title='bbox 248 1201 529 1274; x_wconf 87' lang='lat' dir='ltr'><strong>peccandi</strong></span> <span class='ocrx_word' id='word_1_109' title='bbox 556 1201 657 1256; x_wconf 82' lang='lat' dir='ltr'><strong>vel</strong></span> <span class='ocrx_word' id='word_1_110' title='bbox 682 1199 747 1256; x_wconf 88' lang='lat' dir='ltr'><strong>id</strong></span> <span class='ocrx_word' id='word_1_111' title='bbox 770 1198 1029 1257; x_wconf 84' lang='lat' dir='ltr'><strong>faciendi</strong></span> <span class='ocrx_word' id='word_1_112' title='bbox 1076 1198 1241 1288; x_wconf 72' lang='lat' dir='ltr'><strong>quod</strong></span> <span class='ocrx_word' id='word_1_113' title='bbox 1288 1199 1403 1256; x_wconf 90' lang='lat' dir='ltr'><strong>sub</strong></span> <span class='ocrx_word' id='word_1_114' title='bbox 1426 1198 1778 1272; x_wconf 82' lang='lat' dir='ltr'><strong>gravissima</strong></span> <span class='ocrx_word' id='word_1_115' title='bbox 1801 1219 1978 1276; x_wconf 86' lang='lat' dir='ltr'><strong>poena</strong></span> <span class='ocrx_word' id='word_1_116' title='bbox 2001 1203 2101 1260; x_wconf 85' lang='lat' dir='ltr'><strong>lex</strong></span> <span class='ocrx_word' id='word_1_117' title='bbox 2130 1203 2432 1263; x_wconf 80' lang='lat' dir='ltr'><strong>interdicit</strong></span> <span class='ocrx_word' id='word_1_118' title='bbox 2458 1206 2650 1264; x_wconf 88' lang='lat' dir='ltr'><strong>omni-</strong></span> 
     </span>
     <span class='ocr_line' id='line_1_12' title="bbox 249 1277 2652 1359; baseline 0.002 -24"><span class='ocrx_word' id='word_1_119' title='bbox 249 1279 396 1336; x_wconf 85' lang='lat' dir='ltr'><strong>bus:</strong></span> <span class='ocrx_word' id='word_1_120' title='bbox 426 1277 659 1335; x_wconf 82' lang='lat' dir='ltr'><strong>Deinde</strong></span> <span class='ocrx_word' id='word_1_121' title='bbox 668 1295 776 1352; x_wconf 90' lang='lat' dir='ltr'><strong>per</strong></span> <span class='ocrx_word' id='word_1_122' title='bbox 794 1278 1295 1352; x_wconf 79' lang='lat' dir='ltr'><strong>dispensationem</strong></span> <span class='ocrx_word' id='word_1_123' title='bbox 1316 1277 1589 1334; x_wconf 84' lang='lat' dir='ltr'><strong>absolute</strong></span> <span class='ocrx_word' id='word_1_124' title='bbox 1616 1279 1874 1336; x_wconf 80' lang='lat' dir='ltr'><strong>solvitur</strong></span> <span class='ocrx_word' id='word_1_125' title='bbox 1899 1280 2186 1355; x_wconf 77' lang='lat' dir='ltr'><strong>obligatio</strong></span> <span class='ocrx_word' id='word_1_126' title='bbox 2217 1281 2396 1356; x_wconf 84' lang='lat' dir='ltr'><strong>Legis</strong></span> <span class='ocrx_word' id='word_1_127' title='bbox 2420 1302 2652 1359; x_wconf 81' lang='lat' dir='ltr'><strong>respec-</strong></span> 
     </span>
     <span class='ocr_line' id='line_1_13' title="bbox 246 1352 2648 1434; baseline 0.003 -21"><span class='ocrx_word' id='word_1_128' title='bbox 246 1361 315 1413; x_wconf 90' lang='lat' dir='ltr'><strong>tu</strong></span> <span class='ocrx_word' id='word_1_129' title='bbox 364 1355 639 1430; x_wconf 65' lang='lat' dir='ltr'><strong>alicuius,</strong></span> <span class='ocrx_word' id='word_1_130' title='bbox 684 1357 775 1414; x_wconf 85' lang='lat' dir='ltr'><strong>At</strong></span> <span class='ocrx_word' id='word_1_131' title='bbox 818 1355 919 1413; x_wconf 92' lang='lat' dir='ltr'><strong>hic</strong></span> <span class='ocrx_word' id='word_1_132' title='bbox 962 1372 1085 1412; x_wconf 88' lang='lat' dir='ltr'><strong>nou</strong></span> <span class='ocrx_word' id='word_1_133' title='bbox 1132 1352 1387 1412; x_wconf 84' lang='lat' dir='ltr'><strong>solvitur</strong></span> <span class='ocrx_word' id='word_1_134' title='bbox 1429 1355 1716 1430; x_wconf 77' lang='lat' dir='ltr'><strong>obligatio</strong></span> <span class='ocrx_word' id='word_1_135' title='bbox 1742 1356 1896 1433; x_wconf 81' lang='lat' dir='ltr'><strong>legis</strong></span> <span class='ocrx_word' id='word_1_136' title='bbox 1941 1365 2214 1434; x_wconf 87' lang='lat' dir='ltr'><strong>respectu</strong></span> <span class='ocrx_word' id='word_1_137' title='bbox 2236 1361 2507 1420; x_wconf 83' lang='lat' dir='ltr'><strong>fidelium</strong></span> <span class='ocrx_word' id='word_1_138' title='bbox 2533 1362 2648 1420; x_wconf 88' lang='lat' dir='ltr'><strong>nisi</strong></span> 
     </span>
     <span class='ocr_line' id='line_1_14' title="bbox 247 1431 2650 1512; baseline 0.003 -21"><span class='ocrx_word' id='word_1_139' title='bbox 247 1434 571 1492; x_wconf 81' lang='lat' dir='ltr'><strong>substituto</strong></span> <span class='ocrx_word' id='word_1_140' title='bbox 598 1451 900 1509; x_wconf 85' lang='lat' dir='ltr'><strong>sponsore.</strong></span> <span class='ocrx_word' id='word_1_141' title='bbox 958 1431 1181 1506; x_wconf 83' lang='lat' dir='ltr'><strong>Itaque</strong></span> <span class='ocrx_word' id='word_1_142' title='bbox 1198 1437 1467 1506; x_wconf 76' lang='lat' dir='ltr'><strong>superest</strong></span> <span class='ocrx_word' id='word_1_143' title='bbox 1493 1439 1562 1490; x_wconf 88' lang='lat' dir='ltr'><strong>ut</strong></span> <span class='ocrx_word' id='word_1_144' title='bbox 1592 1434 1744 1509; x_wconf 77' lang='lat' dir='ltr'><strong>legis</strong></span> <span class='ocrx_word' id='word_1_145' title='bbox 1769 1437 2018 1496; x_wconf 68' lang='lat' dir='ltr'><strong>enecatio</strong></span> <span class='ocrx_word' id='word_1_146' title='bbox 2046 1437 2254 1512; x_wconf 86' lang='lat' dir='ltr'><strong>aliqua</strong></span> <span class='ocrx_word' id='word_1_147' title='bbox 2277 1437 2376 1496; x_wconf 87' lang='lat' dir='ltr'><strong>hic</strong></span> <span class='ocrx_word' id='word_1_148' title='bbox 2399 1439 2650 1498; x_wconf 82' lang='lat' dir='ltr'><strong>interce-</strong></span> 
     </span>
     <span class='ocr_line' id='line_1_15' title="bbox 246 1510 2652 1648; baseline 0.002 -78"><span class='ocrx_word' id='word_1_149' title='bbox 246 1513 367 1648; x_wconf 59' lang='lat' dir='ltr'><strong>ggt,</strong></span> <span class='ocrx_word' id='word_1_150' title='bbox 396 1511 445 1569; x_wconf 91' lang='lat' dir='ltr'><strong>si</strong></span> <span class='ocrx_word' id='word_1_151' title='bbox 471 1527 595 1570; x_wconf 86' lang='lat' dir='ltr'><strong>non</strong></span> <span class='ocrx_word' id='word_1_152' title='bbox 623 1529 699 1570; x_wconf 82' lang='lat' dir='ltr'><strong>ex</strong></span> <span class='ocrx_word' id='word_1_153' title='bbox 724 1517 895 1588; x_wconf 81' lang='lat' dir='ltr'><strong>parte</strong></span> <span class='ocrx_word' id='word_1_154' title='bbox 938 1510 1147 1582; x_wconf 84' lang='lat' dir='ltr'><strong>nostri,</strong></span> <span class='ocrx_word' id='word_1_155' title='bbox 1174 1510 1387 1568; x_wconf 83' lang='lat' dir='ltr'><strong>saltem</strong></span> <span class='ocrx_word' id='word_1_156' title='bbox 1432 1527 1511 1568; x_wconf 81' lang='lat' dir='ltr'><strong>ex</strong></span> <span class='ocrx_word' id='word_1_157' title='bbox 1546 1519 1716 1587; x_wconf 81' lang='lat' dir='ltr'><strong>parte</strong></span> <span class='ocrx_word' id='word_1_158' title='bbox 1741 1514 1912 1574; x_wconf 84' lang='lat' dir='ltr'><strong>vadis</strong></span> <span class='ocrx_word' id='word_1_159' title='bbox 1937 1533 2116 1590; x_wconf 85' lang='lat' dir='ltr'><strong>quem</strong></span> <span class='ocrx_word' id='word_1_160' title='bbox 2145 1513 2312 1574; x_wconf 87' lang='lat' dir='ltr'><strong>Deus</strong></span> <span class='ocrx_word' id='word_1_161' title='bbox 2335 1534 2446 1591; x_wconf 89' lang='lat' dir='ltr'><strong>pro</strong></span> <span class='ocrx_word' id='word_1_162' title='bbox 2472 1518 2652 1578; x_wconf 86' lang='lat' dir='ltr'><strong>nobis</strong></span> 
     </span>
     <span class='ocr_line' id='line_1_16' title="bbox 324 1589 525 1648; baseline 0.005 -1"><span class='ocrx_word' id='word_1_163' title='bbox 324 1589 525 1648; x_wconf 87' lang='lat' dir='ltr'><strong>mittit.</strong></span> 
     </span>
    </p>

    <p class='ocr_par' dir='ltr' id='par_1_3' title="bbox 228 1666 2646 3754">
     <span class='ocr_line' id='line_1_17' title="bbox 326 1666 2646 1753; baseline 0.003 -28"><span class='ocrx_word' id='word_1_164' title='bbox 326 1667 463 1726; x_wconf 79' lang='lat' dir='ltr'><strong>XL.</strong></span> <span class='ocrx_word' id='word_1_165' title='bbox 528 1667 827 1728; x_wconf 72' lang='lat' dir='ltr'><strong>Caeterum</strong></span> <span class='ocrx_word' id='word_1_166' title='bbox 878 1667 1150 1728; x_wconf 81' lang='lat' dir='ltr'><strong>executio</strong></span> <span class='ocrx_word' id='word_1_167' title='bbox 1203 1666 1315 1726; x_wconf 90' lang='lat' dir='ltr'><strong>illa</strong></span> <span class='ocrx_word' id='word_1_168' title='bbox 1364 1667 1517 1742; x_wconf 84' lang='lat' dir='ltr'><strong>legis</strong></span> <span class='ocrx_word' id='word_1_169' title='bbox 1568 1687 1694 1728; x_wconf 86' lang='lat' dir='ltr'><strong>non</strong></span> <span class='ocrx_word' id='word_1_170' title='bbox 1747 1672 1948 1732; x_wconf 84' lang='lat' dir='ltr'><strong>stricte</strong></span> <span class='ocrx_word' id='word_1_171' title='bbox 1999 1677 2061 1731; x_wconf 85' lang='lat' dir='ltr'><strong>et</strong></span> <span class='ocrx_word' id='word_1_172' title='bbox 2111 1673 2231 1732; x_wconf 66' lang='grc' dir='ltr'><strong>κατ’</strong></span> <span class='ocrx_word' id='word_1_173' title='bbox 2287 1671 2646 1753; x_wconf 53' lang='lat' dir='ltr'><strong>iuga-&gt;simu</strong></span> 
     </span>
     <span class='ocr_line' id='line_1_18' title="bbox 243 1744 2644 1828; baseline 0.003 -24"><span class='ocrx_word' id='word_1_174' title='bbox 243 1746 409 1804; x_wconf 82' lang='lat' dir='ltr'><strong>venit</strong></span> <span class='ocrx_word' id='word_1_175' title='bbox 448 1746 857 1821; x_wconf 84' lang='lat' dir='ltr'><strong>intelligenda,</strong></span> <span class='ocrx_word' id='word_1_176' title='bbox 912 1747 1017 1805; x_wconf 84' lang='lat' dir='ltr'><strong>sed</strong></span> <span class='ocrx_word' id='word_1_177' title='bbox 1068 1744 1187 1805; x_wconf 66' lang='lat' dir='ltr'><strong>aar·</strong></span> <span class='ocrx_word' id='word_1_178' title='bbox 1224 1747 1473 1806; x_wconf 64' lang='grc' dir='ltr'><strong>ἔοι-κάων</strong></span> <span class='ocrx_word' id='word_1_179' title='bbox 1524 1753 1589 1805; x_wconf 89' lang='lat' dir='ltr'><strong>et</strong></span> <span class='ocrx_word' id='word_1_180' title='bbox 1627 1748 2098 1810; x_wconf 83' lang='lat' dir='ltr'><strong>moderationem</strong></span> <span class='ocrx_word' id='word_1_181' title='bbox 2138 1754 2460 1828; x_wconf 82' lang='lat' dir='ltr'><strong>quandam,</strong></span> <span class='ocrx_word' id='word_1_182' title='bbox 2501 1771 2644 1812; x_wconf 91' lang='lat' dir='ltr'><strong>nam</strong></span> 
     </span>
     <span class='ocr_line' id='line_1_19' title="bbox 243 1823 2643 1904; baseline 0.004 -24"><span class='ocrx_word' id='word_1_183' title='bbox 243 1824 289 1881; x_wconf 86' lang='lat' dir='ltr'><strong>si</strong></span> <span class='ocrx_word' id='word_1_184' title='bbox 322 1823 491 1898; x_wconf 87' lang='lat' dir='ltr'><strong>prius</strong></span> <span class='ocrx_word' id='word_1_185' title='bbox 528 1824 843 1898; x_wconf 88' lang='lat' dir='ltr'><strong>obtineret,</strong></span> <span class='ocrx_word' id='word_1_186' title='bbox 893 1824 1141 1883; x_wconf 89' lang='lat' dir='ltr'><strong>omnino</strong></span> <span class='ocrx_word' id='word_1_187' title='bbox 1187 1843 1445 1900; x_wconf 86' lang='lat' dir='ltr'><strong>persona</strong></span> <span class='ocrx_word' id='word_1_188' title='bbox 1488 1824 1619 1900; x_wconf 85' lang='lat' dir='ltr'><strong>ipsa</strong></span> <span class='ocrx_word' id='word_1_189' title='bbox 1664 1845 1800 1902; x_wconf 82' lang='lat' dir='ltr'><strong>quae</strong></span> <span class='ocrx_word' id='word_1_190' title='bbox 1843 1829 2110 1903; x_wconf 83' lang='lat' dir='ltr'><strong>peccavit</strong></span> <span class='ocrx_word' id='word_1_191' title='bbox 2133 1831 2450 1904; x_wconf 82' lang='lat' dir='ltr'><strong>plectenda</strong></span> <span class='ocrx_word' id='word_1_192' title='bbox 2473 1838 2643 1903; x_wconf 87' lang='lat' dir='ltr'><strong>esset,</strong></span> 
     </span>
     <span class='ocr_line' id='line_1_20' title="bbox 243 1901 2644 1982; baseline 0.003 -22"><span class='ocrx_word' id='word_1_193' title='bbox 243 1901 371 1960; x_wconf 86' lang='lat' dir='ltr'><strong>Lex</strong></span> <span class='ocrx_word' id='word_1_194' title='bbox 398 1903 557 1960; x_wconf 88' lang='lat' dir='ltr'><strong>enim</strong></span> <span class='ocrx_word' id='word_1_195' title='bbox 592 1903 655 1959; x_wconf 89' lang='lat' dir='ltr'><strong>in</strong></span> <span class='ocrx_word' id='word_1_196' title='bbox 685 1922 921 1961; x_wconf 88' lang='lat' dir='ltr'><strong>summo</strong></span> <span class='ocrx_word' id='word_1_197' title='bbox 958 1903 1099 1978; x_wconf 83' lang='lat' dir='ltr'><strong>jure</strong></span> <span class='ocrx_word' id='word_1_198' title='bbox 1122 1909 1461 1978; x_wconf 71' lang='lat' dir='ltr'><strong>peccatores</strong></span> <span class='ocrx_word' id='word_1_199' title='bbox 1484 1903 1648 1978; x_wconf 88' lang='lat' dir='ltr'><strong>ipsos</strong></span> <span class='ocrx_word' id='word_1_200' title='bbox 1671 1907 1956 1980; x_wconf 87' lang='lat' dir='ltr'><strong>postulat,</strong></span> <span class='ocrx_word' id='word_1_201' title='bbox 1983 1913 2048 1966; x_wconf 84' lang='lat' dir='ltr'><strong>at</strong></span> <span class='ocrx_word' id='word_1_202' title='bbox 2072 1908 2385 1982; x_wconf 83' lang='lat' dir='ltr'><strong>posteriori</strong></span> <span class='ocrx_word' id='word_1_203' title='bbox 2411 1909 2644 1968; x_wconf 86' lang='lat' dir='ltr'><strong>ratione</strong></span> 
     </span>
     <span class='ocr_line' id='line_1_21' title="bbox 239 1979 2644 2062; baseline 0.004 -27"><span class='ocrx_word' id='word_1_204' title='bbox 239 1979 390 2036; x_wconf 88' lang='lat' dir='ltr'><strong>nihil</strong></span> <span class='ocrx_word' id='word_1_205' title='bbox 436 1988 735 2054; x_wconf 74' lang='lat' dir='ltr'><strong>repugnat</strong></span> <span class='ocrx_word' id='word_1_206' title='bbox 771 1989 1017 2056; x_wconf 84' lang='lat' dir='ltr'><strong>peccata</strong></span> <span class='ocrx_word' id='word_1_207' title='bbox 1055 1980 1325 2040; x_wconf 85' lang='lat' dir='ltr'><strong>fidelium</strong></span> <span class='ocrx_word' id='word_1_208' title='bbox 1367 1980 1433 2038; x_wconf 89' lang='lat' dir='ltr'><strong>in</strong></span> <span class='ocrx_word' id='word_1_209' title='bbox 1458 1983 1676 2040; x_wconf 78' lang='lat' dir='ltr'><strong>vadem</strong></span> <span class='ocrx_word' id='word_1_210' title='bbox 1703 1985 2008 2042; x_wconf 83' lang='lat' dir='ltr'><strong>transferri</strong></span> <span class='ocrx_word' id='word_1_211' title='bbox 2027 1987 2360 2044; x_wconf 89' lang='lat' dir='ltr'><strong>dummodo</strong></span> <span class='ocrx_word' id='word_1_212' title='bbox 2384 1987 2644 2062; x_wconf 85' lang='lat' dir='ltr'><strong>punian-</strong></span> 
     </span>
     <span class='ocr_line' id='line_1_22' title="bbox 235 2057 2644 2138; baseline 0.003 -23"><span class='ocrx_word' id='word_1_213' title='bbox 235 2063 353 2116; x_wconf 87' lang='lat' dir='ltr'><strong>tur.</strong></span> <span class='ocrx_word' id='word_1_214' title='bbox 438 2057 758 2116; x_wconf 78' lang='lat' dir='ltr'><strong>Peccatum</strong></span> <span class='ocrx_word' id='word_1_215' title='bbox 804 2059 1049 2134; x_wconf 86' lang='lat' dir='ltr'><strong>quidem</strong></span> <span class='ocrx_word' id='word_1_216' title='bbox 1094 2077 1270 2116; x_wconf 85' lang='lat' dir='ltr'><strong>omne</strong></span> <span class='ocrx_word' id='word_1_217' title='bbox 1311 2059 1694 2134; x_wconf 83' lang='lat' dir='ltr'><strong>plectendum</strong></span> <span class='ocrx_word' id='word_1_218' title='bbox 1735 2080 1860 2120; x_wconf 87' lang='lat' dir='ltr'><strong>esse</strong></span> <span class='ocrx_word' id='word_1_219' title='bbox 1886 2069 1976 2121; x_wconf 86' lang='lat' dir='ltr'><strong>est</strong></span> <span class='ocrx_word' id='word_1_220' title='bbox 2009 2081 2084 2120; x_wconf 87' lang='lat' dir='ltr'><strong>ex</strong></span> <span class='ocrx_word' id='word_1_221' title='bbox 2127 2063 2308 2138; x_wconf 80' lang='lat' dir='ltr'><strong>Legis</strong></span> <span class='ocrx_word' id='word_1_222' title='bbox 2337 2064 2644 2122; x_wconf 77' lang='lat' dir='ltr'><strong>sanctione</strong></span> 
     </span>
     <span class='ocr_line' id='line_1_23' title="bbox 238 2135 2642 2216; baseline 0.003 -24"><span class='ocrx_word' id='word_1_223' title='bbox 238 2141 463 2194; x_wconf 82' lang='lat' dir='ltr'><strong>aeterna</strong></span> <span class='ocrx_word' id='word_1_224' title='bbox 506 2143 569 2194; x_wconf 90' lang='lat' dir='ltr'><strong>et</strong></span> <span class='ocrx_word' id='word_1_225' title='bbox 606 2135 993 2206; x_wconf 78' lang='lat' dir='ltr'><strong>immutabili,</strong></span> <span class='ocrx_word' id='word_1_226' title='bbox 1041 2141 1107 2194; x_wconf 84' lang='lat' dir='ltr'><strong>at</strong></span> <span class='ocrx_word' id='word_1_227' title='bbox 1150 2143 1519 2210; x_wconf 83' lang='lat' dir='ltr'><strong>peccatorem</strong></span> <span class='ocrx_word' id='word_1_228' title='bbox 1574 2155 1816 2196; x_wconf 87' lang='lat' dir='ltr'><strong>omnem</strong></span> <span class='ocrx_word' id='word_1_229' title='bbox 1866 2157 1990 2198; x_wconf 90' lang='lat' dir='ltr'><strong>non</strong></span> <span class='ocrx_word' id='word_1_230' title='bbox 2045 2139 2190 2198; x_wconf 87' lang='lat' dir='ltr'><strong>item</strong></span> <span class='ocrx_word' id='word_1_231' title='bbox 2226 2162 2244 2211; x_wconf 77' lang='lat'>3</span> <span class='ocrx_word' id='word_1_232' title='bbox 2311 2142 2642 2216; x_wconf 81' lang='lat' dir='ltr'><strong>aliquando</strong></span> 
     </span>
     <span class='ocr_line' id='line_1_24' title="bbox 236 2213 2644 2294; baseline 0.003 -24"><span class='ocrx_word' id='word_1_233' title='bbox 236 2213 399 2271; x_wconf 87' lang='lat' dir='ltr'><strong>enim</strong></span> <span class='ocrx_word' id='word_1_234' title='bbox 421 2215 491 2270; x_wconf 85' lang='lat' dir='ltr'><strong>fit</strong></span> <span class='ocrx_word' id='word_1_235' title='bbox 512 2220 757 2289; x_wconf 81' lang='lat' dir='ltr'><strong>propter</strong></span> <span class='ocrx_word' id='word_1_236' title='bbox 781 2213 1247 2272; x_wconf 86' lang='lat' dir='ltr'><strong>misericordiam</strong></span> <span class='ocrx_word' id='word_1_237' title='bbox 1272 2220 1334 2271; x_wconf 89' lang='lat' dir='ltr'><strong>et</strong></span> <span class='ocrx_word' id='word_1_238' title='bbox 1357 2219 1666 2289; x_wconf 79' lang='lat' dir='ltr'><strong>paternam</strong></span> <span class='ocrx_word' id='word_1_239' title='bbox 1694 2217 2070 2276; x_wconf 81' lang='lat' dir='ltr'><strong>clementiam</strong></span> <span class='ocrx_word' id='word_1_240' title='bbox 2096 2225 2168 2276; x_wconf 86' lang='lat' dir='ltr'><strong>ut</strong></span> <span class='ocrx_word' id='word_1_241' title='bbox 2198 2220 2346 2276; x_wconf 87' lang='lat' dir='ltr'><strong>dum</strong></span> <span class='ocrx_word' id='word_1_242' title='bbox 2391 2219 2644 2294; x_wconf 86' lang='lat' dir='ltr'><strong>punitur</strong></span> 
     </span>
     <span class='ocr_line' id='line_1_25' title="bbox 236 2292 2641 2372; baseline 0.003 -25"><span class='ocrx_word' id='word_1_243' title='bbox 236 2298 565 2365; x_wconf 83' lang='lat' dir='ltr'><strong>peceatum,</strong></span> <span class='ocrx_word' id='word_1_244' title='bbox 592 2292 979 2349; x_wconf 85' lang='lat' dir='ltr'><strong>subtrabatur</strong></span> <span class='ocrx_word' id='word_1_245' title='bbox 1000 2298 1275 2366; x_wconf 86' lang='lat' dir='ltr'><strong>peccator</strong></span> <span class='ocrx_word' id='word_1_246' title='bbox 1316 2298 1377 2350; x_wconf 86' lang='lat' dir='ltr'><strong>et</strong></span> <span class='ocrx_word' id='word_1_247' title='bbox 1415 2309 1454 2350; x_wconf 86' lang='lat' dir='ltr'><strong>a</strong></span> <span class='ocrx_word' id='word_1_248' title='bbox 1477 2309 1654 2366; x_wconf 85' lang='lat' dir='ltr'><strong>poena</strong></span> <span class='ocrx_word' id='word_1_249' title='bbox 1680 2295 1994 2368; x_wconf 76' lang='lat' dir='ltr'><strong>eximatur,</strong></span> <span class='ocrx_word' id='word_1_250' title='bbox 2021 2297 2186 2355; x_wconf 83' lang='lat' dir='ltr'><strong>unde</strong></span> <span class='ocrx_word' id='word_1_251' title='bbox 2207 2314 2450 2372; x_wconf 79' lang='lat' dir='ltr'><strong>poenam</strong></span> <span class='ocrx_word' id='word_1_252' title='bbox 2474 2297 2641 2356; x_wconf 90' lang='lat' dir='ltr'><strong>omni</strong></span> 
     </span>
     <span class='ocr_line' id='line_1_26' title="bbox 234 2368 2644 2451; baseline 0.003 -25"><span class='ocrx_word' id='word_1_253' title='bbox 234 2375 477 2444; x_wconf 81' lang='lat' dir='ltr'><strong>peccato</strong></span> <span class='ocrx_word' id='word_1_254' title='bbox 504 2369 705 2426; x_wconf 89' lang='lat' dir='ltr'><strong>deberi</strong></span> <span class='ocrx_word' id='word_1_255' title='bbox 732 2368 943 2428; x_wconf 89' lang='lat' dir='ltr'><strong>dicunt</strong></span> <span class='ocrx_word' id='word_1_256' title='bbox 966 2369 1249 2428; x_wconf 88' lang='lat' dir='ltr'><strong>nonnulli</strong></span> <span class='ocrx_word' id='word_1_257' title='bbox 1273 2370 1741 2448; x_wconf 74' lang='lat' dir='ltr'><strong>impersonaliter,</strong></span> <span class='ocrx_word' id='word_1_258' title='bbox 1769 2375 1872 2432; x_wconf 82' lang='lat' dir='ltr'><strong>sed</strong></span> <span class='ocrx_word' id='word_1_259' title='bbox 1908 2392 2033 2433; x_wconf 85' lang='lat' dir='ltr'><strong>non</strong></span> <span class='ocrx_word' id='word_1_260' title='bbox 2053 2377 2456 2451; x_wconf 74' lang='lat' dir='ltr'><strong>personaliter.</strong></span> <span class='ocrx_word' id='word_1_261' title='bbox 2514 2374 2644 2433; x_wconf 85' lang='lat' dir='ltr'><strong>Ita-</strong></span> 
     </span>
     <span class='ocr_line' id='line_1_27' title="bbox 237 2447 2640 2528; baseline 0.004 -24"><span class='ocrx_word' id='word_1_262' title='bbox 237 2465 357 2522; x_wconf 91' lang='lat' dir='ltr'><strong>que</strong></span> <span class='ocrx_word' id='word_1_263' title='bbox 380 2447 445 2504; x_wconf 90' lang='lat' dir='ltr'><strong>in</strong></span> <span class='ocrx_word' id='word_1_264' title='bbox 472 2448 605 2523; x_wconf 83' lang='lat' dir='ltr'><strong>lege</strong></span> <span class='ocrx_word' id='word_1_265' title='bbox 632 2454 693 2506; x_wconf 85' lang='lat' dir='ltr'><strong>et</strong></span> <span class='ocrx_word' id='word_1_266' title='bbox 718 2447 1021 2508; x_wconf 79' lang='lat' dir='ltr'><strong>sanctione</strong></span> <span class='ocrx_word' id='word_1_267' title='bbox 1047 2448 1287 2524; x_wconf 89' lang='lat' dir='ltr'><strong>poenali‚</strong></span> <span class='ocrx_word' id='word_1_268' title='bbox 1324 2451 1449 2508; x_wconf 87' lang='lat' dir='ltr'><strong>duo</strong></span> <span class='ocrx_word' id='word_1_269' title='bbox 1476 2450 1902 2528; x_wconf 81' lang='lat' dir='ltr'><strong>distinguenda</strong></span> <span class='ocrx_word' id='word_1_270' title='bbox 1927 2461 2086 2526; x_wconf 84' lang='lat' dir='ltr'><strong>sunt,</strong></span> <span class='ocrx_word' id='word_1_271' title='bbox 2119 2454 2196 2512; x_wconf 82' lang='lat'><strong>1⁰.</strong></span> <span class='ocrx_word' id='word_1_272' title='bbox 2239 2453 2640 2512; x_wconf 85' lang='lat' dir='ltr'><strong>Denunciatio</strong></span> 
     </span>
     <span class='ocr_line' id='line_1_28' title="bbox 235 2526 2638 2608; baseline 0.003 -26"><span class='ocrx_word' id='word_1_273' title='bbox 235 2526 445 2583; x_wconf 83' lang='lat' dir='ltr'><strong>mortis</strong></span> <span class='ocrx_word' id='word_1_274' title='bbox 465 2544 601 2601; x_wconf 84' lang='lat' dir='ltr'><strong>quae</strong></span> <span class='ocrx_word' id='word_1_275' title='bbox 629 2526 708 2584; x_wconf 88' lang='lat' dir='ltr'><strong>sit</strong></span> <span class='ocrx_word' id='word_1_276' title='bbox 731 2533 973 2602; x_wconf 89' lang='lat' dir='ltr'><strong>propter</strong></span> <span class='ocrx_word' id='word_1_277' title='bbox 990 2535 1339 2603; x_wconf 75' lang='lat' dir='ltr'><strong>.peccatum,</strong></span> <span class='ocrx_word' id='word_1_278' title='bbox 1398 2529 1478 2590; x_wconf 83' lang='lat'><strong>2⁰.</strong></span> <span class='ocrx_word' id='word_1_279' title='bbox 1510 2529 1912 2589; x_wconf 79' lang='lat' dir='ltr'><strong>Comminatio</strong></span> <span class='ocrx_word' id='word_1_280' title='bbox 1929 2550 2065 2606; x_wconf 78' lang='lat' dir='ltr'><strong>quse</strong></span> <span class='ocrx_word' id='word_1_281' title='bbox 2092 2535 2162 2592; x_wconf 85' lang='lat' dir='ltr'><strong>fit</strong></span> <span class='ocrx_word' id='word_1_282' title='bbox 2184 2532 2298 2608; x_wconf 87' lang='lat' dir='ltr'><strong>ipsi</strong></span> <span class='ocrx_word' id='word_1_283' title='bbox 2325 2533 2638 2606; x_wconf 79' lang='lat' dir='ltr'><strong>peccatori.</strong></span> 
     </span>
     <span class='ocr_line' id='line_1_29' title="bbox 238 2601 2638 2683; baseline 0.003 -23"><span class='ocrx_word' id='word_1_284' title='bbox 238 2601 413 2661; x_wconf 83' lang='lat' dir='ltr'><strong>Prius</strong></span> <span class='ocrx_word' id='word_1_285' title='bbox 428 2610 519 2662; x_wconf 89' lang='lat' dir='ltr'><strong>est</strong></span> <span class='ocrx_word' id='word_1_286' title='bbox 537 2606 756 2681; x_wconf 77' lang='lat' dir='ltr'><strong>dejure</strong></span> <span class='ocrx_word' id='word_1_287' title='bbox 778 2607 897 2665; x_wconf 79' lang='lat' dir='ltr'><strong>Dei</strong></span> <span class='ocrx_word' id='word_1_288' title='bbox 912 2615 1119 2665; x_wconf 72' lang='lat' dir='ltr'><strong>oetmo</strong></span> <span class='ocrx_word' id='word_1_289' title='bbox 1134 2605 1499 2666; x_wconf 75' lang='lat' dir='ltr'><strong>immutabili</strong></span> <span class='ocrx_word' id='word_1_290' title='bbox 1507 2615 1569 2667; x_wconf 89' lang='lat' dir='ltr'><strong>et</strong></span> <span class='ocrx_word' id='word_1_291' title='bbox 1586 2609 2052 2683; x_wconf 85' lang='lat' dir='ltr'><strong>indispensabili,</strong></span> <span class='ocrx_word' id='word_1_292' title='bbox 2063 2611 2224 2668; x_wconf 88' lang='lat' dir='ltr'><strong>unde</strong></span> <span class='ocrx_word' id='word_1_293' title='bbox 2233 2610 2503 2668; x_wconf 85' lang='lat' dir='ltr'><strong>remissio</strong></span> <span class='ocrx_word' id='word_1_294' title='bbox 2514 2627 2638 2668; x_wconf 90' lang='lat' dir='ltr'><strong>non</strong></span> 
     </span>
     <span class='ocr_line' id='line_1_30' title="bbox 235 2682 2638 2762; baseline 0.002 -24"><span class='ocrx_word' id='word_1_295' title='bbox 235 2682 435 2756; x_wconf 87' lang='lat' dir='ltr'><strong>potuit</strong></span> <span class='ocrx_word' id='word_1_296' title='bbox 450 2683 703 2742; x_wconf 86' lang='lat' dir='ltr'><strong>obtineri</strong></span> <span class='ocrx_word' id='word_1_297' title='bbox 720 2684 835 2743; x_wconf 87' lang='lat' dir='ltr'><strong>nisi</strong></span> <span class='ocrx_word' id='word_1_298' title='bbox 850 2703 957 2760; x_wconf 88' lang='lat' dir='ltr'><strong>per</strong></span> <span class='ocrx_word' id='word_1_299' title='bbox 972 2690 1225 2744; x_wconf 77' lang='lat' dir='ltr'><strong>mortem</strong></span> <span class='ocrx_word' id='word_1_300' title='bbox 1244 2692 1307 2742; x_wconf 88' lang='lat' dir='ltr'><strong>et</strong></span> <span class='ocrx_word' id='word_1_301' title='bbox 1325 2686 1636 2760; x_wconf 84' lang='lat' dir='ltr'><strong>sanguinis</strong></span> <span class='ocrx_word' id='word_1_302' title='bbox 1655 2686 2008 2744; x_wconf 83' lang='lat' dir='ltr'><strong>effusionem</strong></span> <span class='ocrx_word' id='word_1_303' title='bbox 2027 2704 2163 2762; x_wconf 83' lang='lat' dir='ltr'><strong>quae</strong></span> <span class='ocrx_word' id='word_1_304' title='bbox 2184 2687 2486 2762; x_wconf 81' lang='lat' dir='ltr'><strong>fuitpoena</strong></span> <span class='ocrx_word' id='word_1_305' title='bbox 2504 2706 2638 2762; x_wconf 87' lang='lat' dir='ltr'><strong>pec-</strong></span> 
     </span>
     <span class='ocr_line' id='line_1_31' title="bbox 234 2759 2640 2838; baseline 0.002 -21"><span class='ocrx_word' id='word_1_306' title='bbox 234 2759 377 2818; x_wconf 66' lang='lat' dir='ltr'><strong>catis</strong></span> <span class='ocrx_word' id='word_1_307' title='bbox 422 2760 513 2819; x_wconf 87' lang='lat' dir='ltr'><strong>At</strong></span> <span class='ocrx_word' id='word_1_308' title='bbox 550 2763 843 2838; x_wconf 85' lang='lat' dir='ltr'><strong>posterius</strong></span> <span class='ocrx_word' id='word_1_309' title='bbox 882 2769 973 2822; x_wconf 86' lang='lat' dir='ltr'><strong>est</strong></span> <span class='ocrx_word' id='word_1_310' title='bbox 996 2764 1073 2821; x_wconf 88' lang='lat' dir='ltr'><strong>de</strong></span> <span class='ocrx_word' id='word_1_311' title='bbox 1093 2765 1233 2836; x_wconf 61' lang='lat' dir='ltr'><strong>jure</strong></span> <span class='ocrx_word' id='word_1_312' title='bbox 1248 2764 1368 2821; x_wconf 79' lang='lat' dir='ltr'><strong>Dei</strong></span> <span class='ocrx_word' id='word_1_313' title='bbox 1380 2765 1551 2822; x_wconf 76' lang='lat' dir='ltr'><strong>libero</strong></span> <span class='ocrx_word' id='word_1_314' title='bbox 1573 2769 1636 2821; x_wconf 84' lang='lat' dir='ltr'><strong>et</strong></span> <span class='ocrx_word' id='word_1_315' title='bbox 1651 2762 1926 2838; x_wconf 78' lang='lat' dir='ltr'><strong>positiv0,</strong></span> <span class='ocrx_word' id='word_1_316' title='bbox 1947 2764 2146 2837; x_wconf 89' lang='lat' dir='ltr'><strong>potuit</strong></span> <span class='ocrx_word' id='word_1_317' title='bbox 2160 2765 2320 2822; x_wconf 90' lang='lat' dir='ltr'><strong>enim</strong></span> <span class='ocrx_word' id='word_1_318' title='bbox 2347 2764 2515 2822; x_wconf 86' lang='lat' dir='ltr'><strong>Dens</strong></span> <span class='ocrx_word' id='word_1_319' title='bbox 2539 2766 2640 2822; x_wconf 80' lang='lat' dir='ltr'><strong>vel</strong></span> 
     </span>
     <span class='ocr_line' id='line_1_32' title="bbox 234 2840 2636 2916; baseline 0.001 -21"><span class='ocrx_word' id='word_1_320' title='bbox 234 2846 603 2912; x_wconf 84' lang='lat' dir='ltr'><strong>peccatorem</strong></span> <span class='ocrx_word' id='word_1_321' title='bbox 620 2841 819 2916; x_wconf 86' lang='lat' dir='ltr'><strong>ipsum</strong></span> <span class='ocrx_word' id='word_1_322' title='bbox 834 2841 1109 2914; x_wconf 80' lang='lat' dir='ltr'><strong>plectere,</strong></span> <span class='ocrx_word' id='word_1_323' title='bbox 1128 2840 1227 2898; x_wconf 79' lang='lat' dir='ltr'><strong>vel</strong></span> <span class='ocrx_word' id='word_1_324' title='bbox 1242 2858 1353 2913; x_wconf 84' lang='lat' dir='ltr'><strong>pro</strong></span> <span class='ocrx_word' id='word_1_325' title='bbox 1373 2840 1502 2912; x_wconf 91' lang='lat' dir='ltr'><strong>illo,</strong></span> <span class='ocrx_word' id='word_1_326' title='bbox 1524 2840 1573 2900; x_wconf 87' lang='lat' dir='ltr'><strong>si</strong></span> <span class='ocrx_word' id='word_1_327' title='bbox 1590 2841 1803 2898; x_wconf 82' lang='lat' dir='ltr'><strong>liberet</strong></span> <span class='ocrx_word' id='word_1_328' title='bbox 1821 2858 1898 2896; x_wconf 82' lang='lat' dir='ltr'><strong>ex</strong></span> <span class='ocrx_word' id='word_1_329' title='bbox 1916 2841 2112 2913; x_wconf 83' lang='lat' dir='ltr'><strong>gratia</strong></span> <span class='ocrx_word' id='word_1_330' title='bbox 2131 2860 2272 2898; x_wconf 87' lang='lat' dir='ltr'><strong>cum</strong></span> <span class='ocrx_word' id='word_1_331' title='bbox 2289 2840 2418 2914; x_wconf 87' lang='lat' dir='ltr'><strong>ipso</strong></span> <span class='ocrx_word' id='word_1_332' title='bbox 2441 2859 2636 2914; x_wconf 80' lang='lat' dir='ltr'><strong>agere,</strong></span> 
     </span>
     <span class='ocr_line' id='line_1_33' title="bbox 233 2916 2640 2992; baseline 0.002 -22"><span class='ocrx_word' id='word_1_333' title='bbox 233 2917 449 2974; x_wconf 82' lang='lat' dir='ltr'><strong>vadem</strong></span> <span class='ocrx_word' id='word_1_334' title='bbox 470 2917 845 2976; x_wconf 84' lang='lat' dir='ltr'><strong>substituere.</strong></span> <span class='ocrx_word' id='word_1_335' title='bbox 868 2917 1113 2976; x_wconf 83' lang='lat' dir='ltr'><strong>Certum</strong></span> <span class='ocrx_word' id='word_1_336' title='bbox 1129 2917 1375 2992; x_wconf 87' lang='lat' dir='ltr'><strong>quidem</strong></span> <span class='ocrx_word' id='word_1_337' title='bbox 1388 2925 1479 2976; x_wconf 86' lang='lat' dir='ltr'><strong>est</strong></span> <span class='ocrx_word' id='word_1_338' title='bbox 1496 2935 1638 2975; x_wconf 89' lang='lat' dir='ltr'><strong>eum</strong></span> <span class='ocrx_word' id='word_1_339' title='bbox 1657 2917 1764 2991; x_wconf 90' lang='lat' dir='ltr'><strong>qui</strong></span> <span class='ocrx_word' id='word_1_340' title='bbox 1773 2916 2025 2990; x_wconf 89' lang='lat' dir='ltr'><strong>deliquit</strong></span> <span class='ocrx_word' id='word_1_341' title='bbox 2037 2935 2276 2990; x_wconf 84' lang='lat' dir='ltr'><strong>poenam</strong></span> <span class='ocrx_word' id='word_1_342' title='bbox 2296 2917 2526 2986; x_wconf 86' lang='lat' dir='ltr'><strong>mereri,</strong></span> <span class='ocrx_word' id='word_1_343' title='bbox 2538 2935 2640 2974; x_wconf 90' lang='lat' dir='ltr'><strong>eo-</strong></span> 
     </span>
     <span class='ocr_line' id='line_1_34' title="bbox 236 2993 2640 3070; baseline 0.002 -22"><span class='ocrx_word' id='word_1_344' title='bbox 236 3010 357 3066; x_wconf 86' lang='lat' dir='ltr'><strong>que</strong></span> <span class='ocrx_word' id='word_1_345' title='bbox 382 2994 717 3066; x_wconf 88' lang='lat' dir='ltr'><strong>punibilem</strong></span> <span class='ocrx_word' id='word_1_346' title='bbox 737 3011 885 3065; x_wconf 88' lang='lat' dir='ltr'><strong>esse,</strong></span> <span class='ocrx_word' id='word_1_347' title='bbox 902 2996 1019 3052; x_wconf 91' lang='lat' dir='ltr'><strong>hoc</strong></span> <span class='ocrx_word' id='word_1_348' title='bbox 1034 2994 1193 3052; x_wconf 88' lang='lat' dir='ltr'><strong>enim</strong></span> <span class='ocrx_word' id='word_1_349' title='bbox 1214 3011 1291 3051; x_wconf 87' lang='lat' dir='ltr'><strong>ex</strong></span> <span class='ocrx_word' id='word_1_350' title='bbox 1318 2993 1451 3068; x_wconf 85' lang='lat' dir='ltr'><strong>ipsa</strong></span> <span class='ocrx_word' id='word_1_351' title='bbox 1464 2993 1794 3070; x_wconf 85' lang='lat' dir='ltr'><strong>peccatoris</strong></span> <span class='ocrx_word' id='word_1_352' title='bbox 1810 2994 1888 3050; x_wconf 89' lang='lat' dir='ltr'><strong>ad</strong></span> <span class='ocrx_word' id='word_1_353' title='bbox 1910 2993 2112 3051; x_wconf 86' lang='lat' dir='ltr'><strong>Deum</strong></span> <span class='ocrx_word' id='word_1_354' title='bbox 2129 2994 2421 3052; x_wconf 78' lang='lat' dir='ltr'><strong>relatione</strong></span> <span class='ocrx_word' id='word_1_355' title='bbox 2441 3011 2640 3052; x_wconf 87' lang='lat' dir='ltr'><strong>neces-</strong></span> 
     </span>
     <span class='ocr_line' id='line_1_35' title="bbox 234 3068 2636 3146; baseline 0.002 -20"><span class='ocrx_word' id='word_1_356' title='bbox 234 3068 391 3127; x_wconf 84' lang='lat' dir='ltr'><strong>sario</strong></span> <span class='ocrx_word' id='word_1_357' title='bbox 420 3072 721 3146; x_wconf 84' lang='lat' dir='ltr'><strong>sequitur;</strong></span> <span class='ocrx_word' id='word_1_358' title='bbox 744 3077 808 3130; x_wconf 86' lang='lat' dir='ltr'><strong>at</strong></span> <span class='ocrx_word' id='word_1_359' title='bbox 832 3073 997 3146; x_wconf 89' lang='lat' dir='ltr'><strong>quod</strong></span> <span class='ocrx_word' id='word_1_360' title='bbox 1024 3071 1185 3129; x_wconf 87' lang='lat' dir='ltr'><strong>idem</strong></span> <span class='ocrx_word' id='word_1_361' title='bbox 1200 3079 1475 3146; x_wconf 84' lang='lat' dir='ltr'><strong>peccator</strong></span> <span class='ocrx_word' id='word_1_362' title='bbox 1492 3071 1822 3130; x_wconf 82' lang='lat' dir='ltr'><strong>necessario</strong></span> <span class='ocrx_word' id='word_1_363' title='bbox 1836 3070 2125 3146; x_wconf 77' lang='lat' dir='ltr'><strong>puniatur</strong></span> <span class='ocrx_word' id='word_1_364' title='bbox 2149 3071 2214 3128; x_wconf 91' lang='lat' dir='ltr'><strong>in</strong></span> <span class='ocrx_word' id='word_1_365' title='bbox 2233 3072 2490 3146; x_wconf 76' lang='lat' dir='ltr'><strong>persona</strong></span> <span class='ocrx_word' id='word_1_366' title='bbox 2508 3090 2636 3144; x_wconf 85' lang='lat' dir='ltr'><strong>sua,</strong></span> 
     </span>
     <span class='ocr_line' id='line_1_36' title="bbox 232 3147 2640 3224; baseline 0.002 -20"><span class='ocrx_word' id='word_1_367' title='bbox 232 3147 346 3204; x_wconf 89' lang='lat' dir='ltr'><strong>etsi</strong></span> <span class='ocrx_word' id='word_1_368' title='bbox 374 3149 491 3206; x_wconf 88' lang='lat' dir='ltr'><strong>boc</strong></span> <span class='ocrx_word' id='word_1_369' title='bbox 516 3149 594 3207; x_wconf 88' lang='lat' dir='ltr'><strong>sit</strong></span> <span class='ocrx_word' id='word_1_370' title='bbox 618 3148 1017 3220; x_wconf 87' lang='lat' dir='ltr'><strong>commeritus,</strong></span> <span class='ocrx_word' id='word_1_371' title='bbox 1064 3165 1189 3206; x_wconf 91' lang='lat' dir='ltr'><strong>non</strong></span> <span class='ocrx_word' id='word_1_372' title='bbox 1236 3167 1469 3222; x_wconf 78' lang='lat' dir='ltr'><strong>semper</strong></span> <span class='ocrx_word' id='word_1_373' title='bbox 1494 3149 1724 3208; x_wconf 87' lang='lat' dir='ltr'><strong>obtinet</strong></span> <span class='ocrx_word' id='word_1_374' title='bbox 1752 3153 1995 3224; x_wconf 83' lang='lat' dir='ltr'><strong>propter</strong></span> <span class='ocrx_word' id='word_1_375' title='bbox 2019 3155 2332 3224; x_wconf 81' lang='lat' dir='ltr'><strong>paternam</strong></span> <span class='ocrx_word' id='word_1_376' title='bbox 2352 3149 2467 3208; x_wconf 89' lang='lat' dir='ltr'><strong>Dei</strong></span> <span class='ocrx_word' id='word_1_377' title='bbox 2494 3151 2640 3210; x_wconf 70' lang='lat' dir='ltr'><strong>iss-anl-</strong></span> 
     </span>
     <span class='ocr_line' id='line_1_37' title="bbox 228 3225 2634 3303; baseline 0.003 -21"><span class='ocrx_word' id='word_1_378' title='bbox 228 3250 381 3285; x_wconf 67' lang='lat' dir='ltr'><strong>nuaev.</strong></span> <span class='ocrx_word' id='word_1_379' title='bbox 422 3225 570 3285; x_wconf 81' lang='lat' dir='ltr'><strong>Non</strong></span> <span class='ocrx_word' id='word_1_380' title='bbox 596 3227 855 3285; x_wconf 84' lang='lat' dir='ltr'><strong>diffiteor</strong></span> <span class='ocrx_word' id='word_1_381' title='bbox 878 3229 1061 3284; x_wconf 85' lang='lat' dir='ltr'><strong>etiam</strong></span> <span class='ocrx_word' id='word_1_382' title='bbox 1086 3226 1411 3300; x_wconf 84' lang='lat' dir='ltr'><strong>peccatoris</strong></span> <span class='ocrx_word' id='word_1_383' title='bbox 1426 3227 1613 3303; x_wconf 83' lang='lat' dir='ltr'><strong>ipsius</strong></span> <span class='ocrx_word' id='word_1_384' title='bbox 1633 3225 2008 3301; x_wconf 85' lang='lat' dir='ltr'><strong>punitionem</strong></span> <span class='ocrx_word' id='word_1_385' title='bbox 2027 3245 2154 3286; x_wconf 86' lang='lat' dir='ltr'><strong>esse</strong></span> <span class='ocrx_word' id='word_1_386' title='bbox 2174 3245 2376 3286; x_wconf 89' lang='lat' dir='ltr'><strong>rerum</strong></span> <span class='ocrx_word' id='word_1_387' title='bbox 2399 3236 2634 3289; x_wconf 82' lang='lat' dir='ltr'><strong>naturae</strong></span> 
     </span>
     <span class='ocr_line' id='line_1_38' title="bbox 232 3303 2636 3382; baseline 0.002 -20"><span class='ocrx_word' id='word_1_388' title='bbox 232 3313 295 3363; x_wconf 89' lang='lat' dir='ltr'><strong>et</strong></span> <span class='ocrx_word' id='word_1_389' title='bbox 320 3305 517 3364; x_wconf 89' lang='lat' dir='ltr'><strong>ordini</strong></span> <span class='ocrx_word' id='word_1_390' title='bbox 543 3323 835 3382; x_wconf 79' lang='lat' dir='ltr'><strong>perquam</strong></span> <span class='ocrx_word' id='word_1_391' title='bbox 880 3303 1349 3376; x_wconf 83' lang='lat' dir='ltr'><strong>convenientem,</strong></span> <span class='ocrx_word' id='word_1_392' title='bbox 1394 3313 1455 3364; x_wconf 87' lang='lat' dir='ltr'><strong>et</strong></span> <span class='ocrx_word' id='word_1_393' title='bbox 1493 3305 1976 3364; x_wconf 85' lang='lat' dir='ltr'><strong>substitutionem</strong></span> <span class='ocrx_word' id='word_1_394' title='bbox 2013 3324 2138 3364; x_wconf 90' lang='lat' dir='ltr'><strong>non</strong></span> <span class='ocrx_word' id='word_1_395' title='bbox 2163 3305 2338 3364; x_wconf 88' lang='lat' dir='ltr'><strong>facile</strong></span> <span class='ocrx_word' id='word_1_396' title='bbox 2363 3325 2474 3365; x_wconf 87' lang='lat' dir='ltr'><strong>nec</strong></span> <span class='ocrx_word' id='word_1_397' title='bbox 2515 3310 2636 3368; x_wconf 84' lang='lat' dir='ltr'><strong>levi</strong></span> 
     </span>
     <span class='ocr_line' id='line_1_39' title="bbox 229 3382 2636 3460; baseline 0.002 -19"><span class='ocrx_word' id='word_1_398' title='bbox 229 3385 307 3441; x_wconf 86' lang='lat' dir='ltr'><strong>de</strong></span> <span class='ocrx_word' id='word_1_399' title='bbox 335 3403 519 3443; x_wconf 86' lang='lat' dir='ltr'><strong>causa</strong></span> <span class='ocrx_word' id='word_1_400' title='bbox 544 3384 1147 3444; x_wconf 77' lang='lat' dir='ltr'><strong>admittendam&#39;esse.</strong></span> <span class='ocrx_word' id='word_1_401' title='bbox 1208 3382 1301 3440; x_wconf 90' lang='lat' dir='ltr'><strong>At</strong></span> <span class='ocrx_word' id='word_1_402' title='bbox 1322 3382 1738 3458; x_wconf 77' lang='lat' dir='ltr'><strong>gravissimam</strong></span> <span class='ocrx_word' id='word_1_403' title='bbox 1778 3401 2018 3442; x_wconf 87' lang='lat' dir='ltr'><strong>causam</strong></span> <span class='ocrx_word' id='word_1_404' title='bbox 2045 3385 2262 3444; x_wconf 87' lang='lat' dir='ltr'><strong>habuit</strong></span> <span class='ocrx_word' id='word_1_405' title='bbox 2285 3386 2538 3460; x_wconf 68' lang='grc' dir='ltr'><strong>σάκοφος</strong></span> <span class='ocrx_word' id='word_1_406' title='bbox 2564 3413 2636 3446; x_wconf 77' lang='lat' dir='ltr'><strong>u-</strong></span> 
     </span>
     <span class='ocr_line' id='line_1_40' title="bbox 228 3460 2638 3538; baseline 0.002 -16"><span class='ocrx_word' id='word_1_407' title='bbox 228 3462 425 3538; x_wconf 68' lang='grc' dir='ltr'><strong>μοθίσης</strong></span> <span class='ocrx_word' id='word_1_408' title='bbox 470 3464 557 3521; x_wconf 88' lang='lat' dir='ltr'><strong>ita</strong></span> <span class='ocrx_word' id='word_1_409' title='bbox 596 3460 1015 3532; x_wconf 87' lang='lat' dir='ltr'><strong>constituendi,</strong></span> <span class='ocrx_word' id='word_1_410' title='bbox 1064 3479 1206 3519; x_wconf 87' lang='lat' dir='ltr'><strong>nam</strong></span> <span class='ocrx_word' id='word_1_411' title='bbox 1247 3461 1297 3519; x_wconf 88' lang='lat' dir='ltr'><strong>si</strong></span> <span class='ocrx_word' id='word_1_412' title='bbox 1343 3478 1547 3520; x_wconf 88' lang='lat' dir='ltr'><strong>omnes</strong></span> <span class='ocrx_word' id='word_1_413' title='bbox 1580 3469 1916 3536; x_wconf 78' lang='lat' dir='ltr'><strong>peccatores</strong></span> <span class='ocrx_word' id='word_1_414' title='bbox 1941 3469 2180 3522; x_wconf 74' lang='lat' dir='ltr'><strong>aeternae</strong></span> <span class='ocrx_word' id='word_1_415' title='bbox 2207 3466 2386 3524; x_wconf 88' lang='lat' dir='ltr'><strong>morti</strong></span> <span class='ocrx_word' id='word_1_416' title='bbox 2411 3469 2638 3526; x_wconf 84' lang='lat' dir='ltr'><strong>manci·</strong></span> 
     </span>
     <span class='ocr_line' id='line_1_41' title="bbox 230 3537 2633 3618; baseline 0.001 -18"><span class='ocrx_word' id='word_1_417' title='bbox 230 3543 421 3616; x_wconf 84' lang='lat' dir='ltr'><strong>pandi</strong></span> <span class='ocrx_word' id='word_1_418' title='bbox 444 3541 722 3611; x_wconf 87' lang='lat' dir='ltr'><strong>fuissent,</strong></span> <span class='ocrx_word' id='word_1_419' title='bbox 746 3539 1058 3614; x_wconf 85' lang='lat' dir='ltr'><strong>periissent</strong></span> <span class='ocrx_word' id='word_1_420' title='bbox 1075 3537 1359 3598; x_wconf 80' lang='lat' dir='ltr'><strong>funditus</strong></span> <span class='ocrx_word' id='word_1_421' title='bbox 1373 3557 1451 3598; x_wconf 84' lang='lat' dir='ltr'><strong>ex</strong></span> <span class='ocrx_word' id='word_1_422' title='bbox 1468 3557 1670 3598; x_wconf 85' lang='lat' dir='ltr'><strong>rerum</strong></span> <span class='ocrx_word' id='word_1_423' title='bbox 1684 3546 1906 3598; x_wconf 86' lang='lat' dir='ltr'><strong>natura</strong></span> <span class='ocrx_word' id='word_1_424' title='bbox 1923 3540 2062 3599; x_wconf 82' lang='lat' dir='ltr'><strong>duae</strong></span> <span class='ocrx_word' id='word_1_425' title='bbox 2082 3560 2176 3599; x_wconf 86' lang='lat' dir='ltr'><strong>res</strong></span> <span class='ocrx_word' id='word_1_426' title='bbox 2196 3544 2633 3618; x_wconf 73' lang='lat' dir='ltr'><strong>pulcherrimae,</strong></span> 
     </span>
     <span class='ocr_line' id='line_1_42' title="bbox 230 3617 2634 3695; baseline 0.002 -19"><span class='ocrx_word' id='word_1_427' title='bbox 230 3637 309 3676; x_wconf 84' lang='lat' dir='ltr'><strong>ex</strong></span> <span class='ocrx_word' id='word_1_428' title='bbox 336 3627 503 3694; x_wconf 83' lang='lat' dir='ltr'><strong>parte</strong></span> <span class='ocrx_word' id='word_1_429' title='bbox 522 3619 841 3676; x_wconf 89' lang='lat' dir='ltr'><strong>hominum</strong></span> <span class='ocrx_word' id='word_1_430' title='bbox 866 3617 1077 3691; x_wconf 81' lang='lat' dir='ltr'><strong>religio</strong></span> <span class='ocrx_word' id='word_1_431' title='bbox 1104 3618 1167 3674; x_wconf 88' lang='lat' dir='ltr'><strong>in</strong></span> <span class='ocrx_word' id='word_1_432' title='bbox 1196 3617 1415 3690; x_wconf 88' lang='lat' dir='ltr'><strong>Deum,</strong></span> <span class='ocrx_word' id='word_1_433' title='bbox 1443 3625 1505 3677; x_wconf 88' lang='lat' dir='ltr'><strong>et</strong></span> <span class='ocrx_word' id='word_1_434' title='bbox 1518 3636 1595 3676; x_wconf 83' lang='lat' dir='ltr'><strong>ex</strong></span> <span class='ocrx_word' id='word_1_435' title='bbox 1612 3624 1784 3692; x_wconf 85' lang='lat' dir='ltr'><strong>parte</strong></span> <span class='ocrx_word' id='word_1_436' title='bbox 1805 3617 1920 3676; x_wconf 89' lang='lat' dir='ltr'><strong>Dei</strong></span> <span class='ocrx_word' id='word_1_437' title='bbox 1935 3618 2252 3695; x_wconf 77' lang='lat' dir='ltr'><strong>praecipuae</strong></span> <span class='ocrx_word' id='word_1_438' title='bbox 2271 3621 2332 3678; x_wconf 91' lang='lat' dir='ltr'><strong>in</strong></span> <span class='ocrx_word' id='word_1_439' title='bbox 2361 3622 2634 3683; x_wconf 85' lang='lat' dir='ltr'><strong>homines</strong></span> 
     </span>
     <span class='ocr_line' id='line_1_43' title="bbox 231 3694 1089 3754; baseline 0 0"><span class='ocrx_word' id='word_1_440' title='bbox 231 3696 635 3754; x_wconf 84' lang='lat' dir='ltr'><strong>beneficentiae</strong></span> <span class='ocrx_word' id='word_1_441' title='bbox 662 3694 1089 3754; x_wconf 71' lang='lat' dir='ltr'><strong>testimonium.</strong></span> 
     </span>
    </p>

    <p class='ocr_par' dir='ltr' id='par_1_4' title="bbox 218 3772 2639 4713">
     <span class='ocr_line' id='line_1_44' title="bbox 317 3772 2636 3852; baseline 0.002 -21"><span class='ocrx_word' id='word_1_442' title='bbox 317 3773 493 3833; x_wconf 90' lang='lat' dir='ltr'>XLI.</span> <span class='ocrx_word' id='word_1_443' title='bbox 537 3772 725 3832; x_wconf 86' lang='lat' dir='ltr'><strong>Porro</strong></span> <span class='ocrx_word' id='word_1_444' title='bbox 764 3792 1001 3849; x_wconf 85' lang='lat' dir='ltr'><strong>poenam</strong></span> <span class='ocrx_word' id='word_1_445' title='bbox 1028 3773 1192 3832; x_wconf 89' lang='lat' dir='ltr'><strong>omni</strong></span> <span class='ocrx_word' id='word_1_446' title='bbox 1236 3783 1479 3851; x_wconf 81' lang='lat' dir='ltr'><strong>peccato</strong></span> <span class='ocrx_word' id='word_1_447' title='bbox 1532 3775 1736 3834; x_wconf 85' lang='lat' dir='ltr'><strong>deberi</strong></span> <span class='ocrx_word' id='word_1_448' title='bbox 1787 3793 1863 3834; x_wconf 84' lang='lat' dir='ltr'><strong>ex</strong></span> <span class='ocrx_word' id='word_1_449' title='bbox 1908 3777 2059 3852; x_wconf 80' lang='lat' dir='ltr'><strong>legIs</strong></span> <span class='ocrx_word' id='word_1_450' title='bbox 2109 3777 2470 3852; x_wconf 66' lang='lat' dir='ltr'><strong>praescripto,</strong></span> <span class='ocrx_word' id='word_1_451' title='bbox 2525 3795 2636 3835; x_wconf 88' lang='lat' dir='ltr'><strong>nec</strong></span> 
     </span>
     <span class='ocr_line' id='line_1_45' title="bbox 230 3851 2638 3930; baseline 0.001 -19"><span class='ocrx_word' id='word_1_452' title='bbox 230 3853 361 3911; x_wconf 86' lang='lat' dir='ltr'><strong>siue</strong></span> <span class='ocrx_word' id='word_1_453' title='bbox 387 3851 787 3910; x_wconf 77' lang='lat' dir='ltr'><strong>satisfactione</strong></span> <span class='ocrx_word' id='word_1_454' title='bbox 812 3851 1215 3912; x_wconf 87' lang='lat' dir='ltr'><strong>remissionem</strong></span> <span class='ocrx_word' id='word_1_455' title='bbox 1241 3854 1373 3928; x_wconf 84' lang='lat' dir='ltr'><strong>ejus</strong></span> <span class='ocrx_word' id='word_1_456' title='bbox 1400 3854 1658 3914; x_wconf 84' lang='lat' dir='ltr'><strong>obtineri</strong></span> <span class='ocrx_word' id='word_1_457' title='bbox 1693 3873 1866 3929; x_wconf 85' lang='lat' dir='ltr'><strong>posse</strong></span> <span class='ocrx_word' id='word_1_458' title='bbox 1891 3862 2107 3930; x_wconf 83' lang='lat' dir='ltr'><strong>praeter</strong></span> <span class='ocrx_word' id='word_1_459' title='bbox 2131 3873 2204 3912; x_wconf 88' lang='lat' dir='ltr'><strong>ea</strong></span> <span class='ocrx_word' id='word_1_460' title='bbox 2229 3874 2366 3929; x_wconf 85' lang='lat' dir='ltr'><strong>quae</strong></span> <span class='ocrx_word' id='word_1_461' title='bbox 2385 3854 2519 3928; x_wconf 83' lang='lat' dir='ltr'><strong>jam</strong></span> <span class='ocrx_word' id='word_1_462' title='bbox 2546 3857 2638 3913; x_wconf 82' lang='lat' dir='ltr'><strong>al-</strong></span> 
     </span>
     <span class='ocr_line' id='line_1_46' title="bbox 230 3931 2636 4008; baseline 0.002 -20"><span class='ocrx_word' id='word_1_463' title='bbox 230 3933 359 3988; x_wconf 83' lang='lat' dir='ltr'><strong>lata</strong></span> <span class='ocrx_word' id='word_1_464' title='bbox 398 3937 557 4003; x_wconf 91' lang='lat' dir='ltr'><strong>sunt,</strong></span> <span class='ocrx_word' id='word_1_465' title='bbox 585 3932 761 3988; x_wconf 88' lang='lat' dir='ltr'><strong>docet</strong></span> <span class='ocrx_word' id='word_1_466' title='bbox 795 3949 907 3988; x_wconf 90' lang='lat' dir='ltr'><strong>nos</strong></span> <span class='ocrx_word' id='word_1_467' title='bbox 946 3931 1259 3991; x_wconf 84' lang='lat' dir='ltr'><strong>manifeste</strong></span> <span class='ocrx_word' id='word_1_468' title='bbox 1304 3934 1474 3992; x_wconf 88' lang='lat' dir='ltr'><strong>locus</strong></span> <span class='ocrx_word' id='word_1_469' title='bbox 1502 3933 1581 3992; x_wconf 78' lang='lat' dir='ltr'><strong>ad</strong></span> <span class='ocrx_word' id='word_1_470' title='bbox 1608 3931 1766 3991; x_wconf 88' lang='lat' dir='ltr'><strong>Heb.</strong></span> <span class='ocrx_word' id='word_1_471' title='bbox 1795 3951 1924 4008; x_wconf 85' lang='lat' dir='ltr'><strong>cap.</strong></span> <span class='ocrx_word' id='word_1_472' title='bbox 1949 3933 2032 3991; x_wconf 82' lang='lat' dir='ltr'><strong>ix.</strong></span> <span class='ocrx_word' id='word_1_473' title='bbox 2060 3933 2156 4005; x_wconf 83' lang='lat'><strong>22,</strong></span> <span class='ocrx_word' id='word_1_474' title='bbox 2185 3933 2319 3992; x_wconf 79' lang='lat' dir='ltr'><strong>Sine</strong></span> <span class='ocrx_word' id='word_1_475' title='bbox 2343 3934 2636 4008; x_wconf 59' lang='lat' dir='ltr'><strong>sanquzbuts</strong></span> 
     </span>
     <span class='ocr_line' id='line_1_47' title="bbox 228 4007 2635 4088; baseline 0 -20"><span class='ocrx_word' id='word_1_476' title='bbox 228 4011 497 4086; x_wconf 63' lang='lat' dir='ltr'><strong>efflatione</strong></span> <span class='ocrx_word' id='word_1_477' title='bbox 516 4013 719 4088; x_wconf 75' lang='lat' dir='ltr'><strong>nonfit</strong></span> <span class='ocrx_word' id='word_1_478' title='bbox 735 4010 985 4069; x_wconf 70' lang='lat' dir='ltr'><strong>remissio</strong></span> <span class='ocrx_word' id='word_1_479' title='bbox 1004 4007 1367 4088; x_wconf 61' lang='lat' dir='ltr'><strong>peecatorum</strong></span> <span class='ocrx_word' id='word_1_480' title='bbox 1394 4033 1419 4076; x_wconf 88' lang='lat'><strong>,·</strong></span> <span class='ocrx_word' id='word_1_481' title='bbox 1459 4028 1646 4087; x_wconf 84' lang='lat' dir='ltr'><strong>quare</strong></span> <span class='ocrx_word' id='word_1_482' title='bbox 1671 4010 1830 4070; x_wconf 88' lang='lat' dir='ltr'><strong>enim</strong></span> <span class='ocrx_word' id='word_1_483' title='bbox 1859 4010 2168 4085; x_wconf 84' lang='lat' dir='ltr'><strong>sanguinis</strong></span> <span class='ocrx_word' id='word_1_484' title='bbox 2193 4011 2406 4069; x_wconf 81' lang='lat' dir='ltr'><strong>effusio</strong></span> <span class='ocrx_word' id='word_1_485' title='bbox 2431 4013 2635 4087; x_wconf 89' lang='lat' dir='ltr'><strong>requi-</strong></span> 
     </span>
     <span class='ocr_line' id='line_1_48' title="bbox 228 4088 2636 4166; baseline 0 -19"><span class='ocrx_word' id='word_1_486' title='bbox 228 4094 465 4147; x_wconf 88' lang='lat' dir='ltr'><strong>reretur</strong></span> <span class='ocrx_word' id='word_1_487' title='bbox 508 4089 625 4148; x_wconf 86' lang='lat' dir='ltr'><strong>nisi</strong></span> <span class='ocrx_word' id='word_1_488' title='bbox 666 4088 813 4164; x_wconf 88' lang='lat' dir='ltr'><strong>quia</strong></span> <span class='ocrx_word' id='word_1_489' title='bbox 856 4089 935 4148; x_wconf 78' lang='lat' dir='ltr'><strong>ad</strong></span> <span class='ocrx_word' id='word_1_490' title='bbox 981 4090 1381 4166; x_wconf 84' lang='lat' dir='ltr'><strong>expiationem</strong></span> <span class='ocrx_word' id='word_1_491' title='bbox 1421 4088 1650 4166; x_wconf 80' lang='lat' dir='ltr'><strong>peceati</strong></span> <span class='ocrx_word' id='word_1_492' title='bbox 1689 4089 2020 4147; x_wconf 87' lang='lat' dir='ltr'><strong>necessario</strong></span> <span class='ocrx_word' id='word_1_493' title='bbox 2043 4088 2376 4148; x_wconf 79' lang='lat' dir='ltr'><strong>intercedat</strong></span> <span class='ocrx_word' id='word_1_494' title='bbox 2402 4096 2636 4164; x_wconf 82' lang='lat' dir='ltr'><strong>oportet</strong></span> 
     </span>
     <span class='ocr_line' id='line_1_49' title="bbox 227 4165 2636 4243; baseline -0.001 -17"><span class='ocrx_word' id='word_1_495' title='bbox 227 4185 395 4226; x_wconf 89' lang='lat' dir='ltr'><strong>mors</strong></span> <span class='ocrx_word' id='word_1_496' title='bbox 415 4177 701 4225; x_wconf 73' lang='lat' dir='ltr'><strong>creaturae</strong></span> <span class='ocrx_word' id='word_1_497' title='bbox 728 4174 799 4224; x_wconf 89' lang='lat' dir='ltr'><strong>ut</strong></span> <span class='ocrx_word' id='word_1_498' title='bbox 824 4166 1073 4226; x_wconf 87' lang='lat' dir='ltr'><strong>satisfiat</strong></span> <span class='ocrx_word' id='word_1_499' title='bbox 1089 4168 1340 4243; x_wconf 83' lang='lat' dir='ltr'><strong>justitiae</strong></span> <span class='ocrx_word' id='word_1_500' title='bbox 1368 4167 1591 4225; x_wconf 72' lang='lat' dir='ltr'><strong>divinae</strong></span> <span class='ocrx_word' id='word_1_501' title='bbox 1618 4174 1680 4224; x_wconf 88' lang='lat' dir='ltr'><strong>et</strong></span> <span class='ocrx_word' id='word_1_502' title='bbox 1718 4165 1870 4240; x_wconf 87' lang='lat' dir='ltr'><strong>legis</strong></span> <span class='ocrx_word' id='word_1_503' title='bbox 1896 4166 2205 4225; x_wconf 88' lang='lat' dir='ltr'><strong>sanctioni.</strong></span> <span class='ocrx_word' id='word_1_504' title='bbox 2288 4166 2508 4242; x_wconf 84' lang='lat' dir='ltr'><strong>Neque</strong></span> <span class='ocrx_word' id='word_1_505' title='bbox 2535 4169 2636 4228; x_wconf 86' lang='lat' dir='ltr'><strong>hic</strong></span> 
     </span>
     <span class='ocr_line' id='line_1_50' title="bbox 227 4243 2636 4322; baseline -0.001 -17"><span class='ocrx_word' id='word_1_506' title='bbox 227 4246 517 4305; x_wconf 84' lang='lat' dir='ltr'><strong>audiendi</strong></span> <span class='ocrx_word' id='word_1_507' title='bbox 560 4245 885 4304; x_wconf 84' lang='lat' dir='ltr'><strong>adversarii</strong></span> <span class='ocrx_word' id='word_1_508' title='bbox 930 4246 1038 4322; x_wconf 91' lang='lat' dir='ltr'><strong>qui</strong></span> <span class='ocrx_word' id='word_1_509' title='bbox 1084 4248 1215 4305; x_wconf 77' lang='lat' dir='ltr'><strong>haec</strong></span> <span class='ocrx_word' id='word_1_510' title='bbox 1255 4247 1439 4305; x_wconf 78' lang='lat' dir='ltr'><strong>verba</strong></span> <span class='ocrx_word' id='word_1_511' title='bbox 1472 4243 1830 4318; x_wconf 77' lang='lat' dir='ltr'><strong>restringere</strong></span> <span class='ocrx_word' id='word_1_512' title='bbox 1857 4245 2074 4302; x_wconf 82' lang='lat' dir='ltr'><strong>volunt</strong></span> <span class='ocrx_word' id='word_1_513' title='bbox 2093 4246 2170 4302; x_wconf 87' lang='lat' dir='ltr'><strong>ad</strong></span> <span class='ocrx_word' id='word_1_514' title='bbox 2201 4245 2280 4304; x_wconf 90' lang='lat' dir='ltr'><strong>V.</strong></span> <span class='ocrx_word' id='word_1_515' title='bbox 2311 4245 2378 4302; x_wconf 80' lang='grc' dir='ltr'><strong>Τ.</strong></span> <span class='ocrx_word' id='word_1_516' title='bbox 2400 4262 2636 4303; x_wconf 80' lang='lat' dir='ltr'><strong>oecono-</strong></span> 
     </span>
     <span class='ocr_line' id='line_1_51' title="bbox 226 4321 2639 4399; baseline -0 -17"><span class='ocrx_word' id='word_1_517' title='bbox 226 4324 414 4382; x_wconf 87' lang='lat' dir='ltr'><strong>miam</strong></span> <span class='ocrx_word' id='word_1_518' title='bbox 442 4331 503 4382; x_wconf 88' lang='lat' dir='ltr'><strong>et</strong></span> <span class='ocrx_word' id='word_1_519' title='bbox 529 4325 683 4382; x_wconf 86' lang='lat' dir='ltr'><strong>ritus</strong></span> <span class='ocrx_word' id='word_1_520' title='bbox 707 4324 931 4398; x_wconf 83' lang='lat' dir='ltr'><strong>legales</strong></span> <span class='ocrx_word' id='word_1_521' title='bbox 957 4323 1179 4399; x_wconf 89' lang='lat' dir='ltr'><strong>quibus</strong></span> <span class='ocrx_word' id='word_1_522' title='bbox 1214 4322 1521 4398; x_wconf 81' lang='lat' dir='ltr'><strong>sanguinis</strong></span> <span class='ocrx_word' id='word_1_523' title='bbox 1547 4321 1928 4380; x_wconf 81' lang='lat' dir='ltr'><strong>victimarum</strong></span> <span class='ocrx_word' id='word_1_524' title='bbox 1970 4321 2184 4380; x_wconf 86' lang='lat' dir='ltr'><strong>effusio</strong></span> <span class='ocrx_word' id='word_1_525' title='bbox 2215 4322 2639 4399; x_wconf 80' lang='lat' dir='ltr'><strong>praescribeha-</strong></span> 
     </span>
     <span class='ocr_line' id='line_1_52' title="bbox 221 4398 2632 4478; baseline 0 -19"><span class='ocrx_word' id='word_1_526' title='bbox 221 4409 365 4461; x_wconf 85' lang='lat' dir='ltr'><strong>tur:</strong></span> <span class='ocrx_word' id='word_1_527' title='bbox 408 4403 575 4461; x_wconf 84' lang='lat' dir='ltr'><strong>Nam</strong></span> <span class='ocrx_word' id='word_1_528' title='bbox 602 4401 713 4460; x_wconf 86' lang='lat' dir='ltr'><strong>etsi</strong></span> <span class='ocrx_word' id='word_1_529' title='bbox 738 4403 1133 4461; x_wconf 86' lang='lat' dir='ltr'><strong>concedamus</strong></span> <span class='ocrx_word' id='word_1_530' title='bbox 1160 4401 1529 4478; x_wconf 85' lang='lat' dir='ltr'><strong>Apostolum</strong></span> <span class='ocrx_word' id='word_1_531' title='bbox 1573 4400 1650 4457; x_wconf 89' lang='lat' dir='ltr'><strong>de</strong></span> <span class='ocrx_word' id='word_1_532' title='bbox 1675 4398 2014 4457; x_wconf 84' lang='lat' dir='ltr'><strong>istiusmodi</strong></span> <span class='ocrx_word' id='word_1_533' title='bbox 2053 4400 2422 4460; x_wconf 83' lang='lat' dir='ltr'><strong>caeremoniis</strong></span> <span class='ocrx_word' id='word_1_534' title='bbox 2445 4401 2632 4478; x_wconf 89' lang='lat' dir='ltr'><strong>loqui,</strong></span> 
     </span>
     <span class='ocr_line' id='line_1_53' title="bbox 220 4475 2631 4552; baseline -0.001 -12"><span class='ocrx_word' id='word_1_535' title='bbox 220 4499 351 4540; x_wconf 84' lang='lat' dir='ltr'><strong>non</strong></span> <span class='ocrx_word' id='word_1_536' title='bbox 405 4480 673 4540; x_wconf 87' lang='lat' dir='ltr'><strong>excludit</strong></span> <span class='ocrx_word' id='word_1_537' title='bbox 714 4480 819 4538; x_wconf 90' lang='lat' dir='ltr'><strong>ille</strong></span> <span class='ocrx_word' id='word_1_538' title='bbox 864 4488 1083 4552; x_wconf 83' lang='lat' dir='ltr'><strong>tamen,</strong></span> <span class='ocrx_word' id='word_1_539' title='bbox 1127 4482 1232 4538; x_wconf 89' lang='lat' dir='ltr'><strong>sed</strong></span> <span class='ocrx_word' id='word_1_540' title='bbox 1276 4478 1536 4538; x_wconf 88' lang='lat' dir='ltr'><strong>includit</strong></span> <span class='ocrx_word' id='word_1_541' title='bbox 1574 4475 1778 4551; x_wconf 87' lang='lat' dir='ltr'><strong>potius</strong></span> <span class='ocrx_word' id='word_1_542' title='bbox 1821 4475 2175 4536; x_wconf 85' lang='lat' dir='ltr'><strong>relationem</strong></span> <span class='ocrx_word' id='word_1_543' title='bbox 2199 4481 2280 4538; x_wconf 87' lang='lat' dir='ltr'><strong>ad</strong></span> <span class='ocrx_word' id='word_1_544' title='bbox 2311 4479 2631 4552; x_wconf 85' lang='lat' dir='ltr'><strong>Christum,</strong></span> 
     </span>
     <span class='ocr_line' id='line_1_54' title="bbox 220 4553 2636 4634; baseline -0.001 -17"><span class='ocrx_word' id='word_1_545' title='bbox 220 4559 373 4634; x_wconf 89' lang='lat' dir='ltr'><strong>quia</strong></span> <span class='ocrx_word' id='word_1_546' title='bbox 396 4559 668 4618; x_wconf 86' lang='lat' dir='ltr'><strong>victimas</strong></span> <span class='ocrx_word' id='word_1_547' title='bbox 692 4559 919 4634; x_wconf 83' lang='lat' dir='ltr'><strong>legales</strong></span> <span class='ocrx_word' id='word_1_548' title='bbox 946 4563 1171 4632; x_wconf 85' lang='lat' dir='ltr'><strong>spectat</strong></span> <span class='ocrx_word' id='word_1_549' title='bbox 1216 4565 1287 4617; x_wconf 88' lang='lat' dir='ltr'><strong>ut</strong></span> <span class='ocrx_word' id='word_1_550' title='bbox 1312 4564 1489 4632; x_wconf 82' lang='lat' dir='ltr'><strong>typos</strong></span> <span class='ocrx_word' id='word_1_551' title='bbox 1515 4553 1780 4614; x_wconf 85' lang='lat' dir='ltr'><strong>sacrificii</strong></span> <span class='ocrx_word' id='word_1_552' title='bbox 1811 4553 2028 4614; x_wconf 82' lang='lat' dir='ltr'><strong>Christi</strong></span> <span class='ocrx_word' id='word_1_553' title='bbox 2069 4575 2192 4632; x_wconf 91' lang='lat' dir='ltr'><strong>quo</strong></span> <span class='ocrx_word' id='word_1_554' title='bbox 2219 4576 2357 4616; x_wconf 85' lang='lat' dir='ltr'><strong>vere</strong></span> <span class='ocrx_word' id='word_1_555' title='bbox 2403 4566 2464 4617; x_wconf 88' lang='lat' dir='ltr'><strong>et</strong></span> <span class='ocrx_word' id='word_1_556' title='bbox 2503 4576 2636 4634; x_wconf 89' lang='lat' dir='ltr'><strong>per-</strong></span> 
     </span>
     <span class='ocr_line' id='line_1_55' title="bbox 218 4632 2632 4713; baseline 0.001 -19"><span class='ocrx_word' id='word_1_557' title='bbox 218 4637 379 4696; x_wconf 84' lang='lat' dir='ltr'><strong>fecte</strong></span> <span class='ocrx_word' id='word_1_558' title='bbox 398 4639 741 4697; x_wconf 83' lang='lat' dir='ltr'><strong>debuerunt</strong></span> <span class='ocrx_word' id='word_1_559' title='bbox 760 4643 997 4713; x_wconf 84' lang='lat' dir='ltr'><strong>peccata</strong></span> <span class='ocrx_word' id='word_1_560' title='bbox 1015 4636 1283 4713; x_wconf 80' lang='lat' dir='ltr'><strong>expiari3</strong></span> <span class='ocrx_word' id='word_1_561' title='bbox 1310 4636 1475 4710; x_wconf 84' lang='lat' dir='ltr'><strong>quod</strong></span> <span class='ocrx_word' id='word_1_562' title='bbox 1503 4652 1577 4692; x_wconf 83' lang='lat' dir='ltr'><strong>ex</strong></span> <span class='ocrx_word' id='word_1_563' title='bbox 1608 4651 1728 4690; x_wconf 84' lang='lat' dir='ltr'><strong>ver.</strong></span> <span class='ocrx_word' id='word_1_564' title='bbox 1753 4633 1849 4705; x_wconf 82' lang='lat'><strong>23,</strong></span> <span class='ocrx_word' id='word_1_565' title='bbox 1873 4632 1967 4705; x_wconf 86' lang='lat'><strong>24,</strong></span> <span class='ocrx_word' id='word_1_566' title='bbox 1997 4652 2115 4712; x_wconf 86' lang='lat' dir='ltr'><strong>seq.</strong></span> <span class='ocrx_word' id='word_1_567' title='bbox 2153 4636 2390 4713; x_wconf 91' lang='lat' dir='ltr'><strong>liquido</strong></span> <span class='ocrx_word' id='word_1_568' title='bbox 2424 4645 2592 4713; x_wconf 78' lang='lat' dir='ltr'><strong>patet</strong></span> <span class='ocrx_word' id='word_1_569' title='bbox 2616 4661 2632 4713; x_wconf 88' lang='lat'>;</span> 
     </span>
    </p>

    <p class='ocr_par' dir='ltr' id='par_1_5' title="bbox 396 4721 2390 4780">
     <span class='ocr_line' id='line_1_56' title="bbox 396 4721 2390 4780; baseline 0.002 -9"><span class='ocrx_word' id='word_1_570' title='bbox 396 4769 410 4780; x_wconf 80' lang='grc'><strong>,</strong></span> <span class='ocrx_word' id='word_1_571' title='bbox 2289 4721 2325 4775; x_wconf 80' lang='lat'><strong>2</strong></span> <span class='ocrx_word' id='word_1_572' title='bbox 2356 4735 2390 4775; x_wconf 92' lang='lat' dir='ltr'><strong>c</strong></span> 
     </span>
    </p>
   </div>
  </div>
 </body>
</html>
