3234 5192
533 336 613 395 84
1297 359 1374 397 m:
1417 357 1779 398 uscsssanm
1823 357 2170 397 sumzssioxn
2575 329 2834 414 [Disru‘r.
2873 348 2957 389 iv,

540 496 811 555 thematis
851 514 1023 575 poena
1070 498 1429 557 subscribere
1479 500 1748 558 omnibus
1787 498 2078 557 erroribus
2109 495 2437 573 Papalibus,
2463 504 2586 554 tum
2616 494 2754 571 quia
2796 491 2958 550 nulla

543 574 682 633 dum
710 576 946 652 patebat
986 576 1061 637 ad
1108 578 1523 655 egrediendum
1550 579 1667 636 via.
1756 578 1872 637 Sed
1905 586 2210 655 postquam
2253 584 2509 634 erectum
2537 573 2646 633 fuit
2672 571 2956 631 vexillum

544 656 855 733 Evangelii
883 658 1060 716 variis
1080 658 1142 715 in
1169 658 1329 733 locis,
1355 667 1412 717 et
1432 658 1680 735 populus
1707 658 1782 716 ad
1809 658 2135 716 libertatem
2163 663 2421 731 vocatuS,
2445 664 2750 732 postquam
2772 651 2958 729 patuit

542 736 827 794 latissima
852 736 929 795 ad
956 737 1283 796 exeundum
1311 748 1494 814 porta,
1526 748 1583 797 et
1613 738 1801 796 Roma
1841 738 1967 814 ipsa
2004 736 2176 795 toties
2217 734 2290 793 de
2330 734 2731 793 reformatione
2781 732 2957 789 inter-

542 815 775 893 pellata,
806 836 923 874 non
952 816 1125 875 modo
1153 836 1373 875 errores
1407 826 1464 876 et
1492 818 1948 876 abominationes
1977 836 2110 875 suas
2139 835 2256 873 non
2284 814 2512 893 objecit,
2546 814 2649 871 sed
2677 812 2855 885 auxit,
2901 818 2959 867 et

544 896 751 971 jugum
798 896 1126 972 tyrannidis
1180 916 1297 954 non
1350 917 1467 955 uno
1514 897 1688 955 modo
1743 896 2105 974 aggravavit,
2156 895 2306 953 ferro
2354 892 2698 969 flammaque
2746 891 2808 949 in
2847 908 2958 947 nos

548 974 861 1049 saeviendo,
908 995 1100 1034 nonne
1142 975 1522 1052 ingratissimi
1564 976 1872 1035 fuissemus
1911 975 2256 1049 mortalium,
2306 974 2421 1032 nisi
2467 974 2578 1031 hoc
2627 970 2740 1029 Dei
2781 970 2957 1028 bene-

546 1054 741 1112 ficium
770 1053 940 1112 nobis
969 1055 1225 1114 oblatum
1270 1055 1525 1133 amplexi
1570 1056 1894 1130 fuissemus,
1943 1064 2001 1114 et
2051 1056 2315 1129 Romam,
2345 1073 2453 1111 nos
2497 1050 2794 1129 fugantem
2823 1068 2958 1107 ana-

546 1133 945 1208 thematismis,
978 1135 1686 1211 excommunicationibuS,
1715 1146 1774 1194 et
1809 1134 2304 1213 persecutionibus
2331 1134 2469 1207 suis,
2499 1130 2865 1208 fugissemus,
2897 1134 2963 1187 ut

554 1210 742 1271 Deum
770 1212 911 1271 alibi
938 1233 1239 1291 possemus
1266 1234 1408 1291 pure
1435 1223 1501 1273 ut
1536 1215 1706 1292 jubet
1735 1216 1938 1289 colere,
1969 1223 2028 1273 et
2055 1214 2138 1273 sic
2157 1213 2330 1271 saluti
2357 1220 2568 1270 nostrae
2589 1208 2913 1289 prospicere
2933 1208 2964 1265 Ρ

633 1292 813 1351 XIV.
858 1292 1057 1370 Atque
1084 1314 1159 1352 ex
1182 1294 1289 1369 his,
1316 1301 1381 1352 ut
1408 1314 1439 1353 e
1462 1294 1806 1353 diverticulo
1828 1293 2130 1353 redeamus
2151 1294 2213 1350 in
2239 1293 2414 1367 viam,
2445 1290 2558 1349 nisi
2585 1290 2768 1363 fallor,
2795 1286 2960 1345 facile

550 1372 845 1449 colligitur
876 1372 1259 1433 necessariam
1304 1372 1481 1432 fuisse
1527 1374 1907 1433 secessionem
1953 1382 2226 1448 nostram,
2257 1380 2316 1430 et
2342 1390 2556 1429 vanum
2601 1388 2728 1427 esse
2757 1375 2816 1426 et
2857 1366 2961 1423 im·

544 1452 900 1529 possibilem,
932 1453 1033 1529 qui
1058 1461 1298 1530 urgetur
1334 1472 1369 1510 a
1396 1453 1589 1529 variis,
1622 1474 1752 1512 cum
1803 1452 2121 1511 Pontificiis
2150 1450 2607 1529 syncretismum,
2644 1468 2753 1507 nec
2791 1444 2966 1505 alium

550 1531 725 1590 finem
752 1532 981 1606 habere,
1033 1532 1449 1609 qualiscunque
1477 1532 1823 1591 obtendatur
1869 1539 2201 1609 praetextus,
2243 1549 2415 1609 quam
2463 1538 2529 1587 ut
2575 1546 2682 1585 nos
2726 1525 2965 1599 antiquo

554 1611 851 1669 servitutis
886 1611 1033 1687 jugo
1050 1611 1351 1687 subjiciat,
1396 1620 1455 1669 et
1504 1610 1706 1671 Romae
1734 1611 2021 1688 mancipia
2047 1610 2269 1669 reddat.
2315 1610 2462 1667 Nam
2503 1627 2630 1665 cum
2661 1602 2962 1683 pertenda-

552 1709 683 1748 mus
712 1710 949 1764 errores,
980 1709 1125 1767 quos
1156 1690 1421 1748 Ecclesia
1450 1690 1714 1749 Romana
1734 1700 1740 1708 ’
1761 1690 1919 1749 fovet
1947 1709 2120 1767 quam
2161 1689 2456 1766 plurimos,
2486 1706 2601 1745 non
2630 1705 2756 1744 esse
2803 1684 2966 1741 leves

554 1778 615 1826 et
641 1768 879 1827 minoris
906 1769 1199 1843 momenti,
1231 1769 1383 1827 eima
1410 1789 1557 1846 quos
1596 1779 1788 1847 potest
1825 1771 2042 1829 toleran
2050 1770 2128 1828 tia
2155 1770 2305 1831 inter
2345 1767 2748 1826 dissentientes
2773 1764 2968 1821 locum

552 1847 783 1922 habere,
812 1848 1022 1925 Philip.
1048 1848 1127 1906 iii.
1155 1850 1245 1924 15,
1276 1848 1381 1907 sed
1398 1850 1774 1927 gravissimos
1801 1858 1860 1909 et
1887 1849 2179 1927 capitaleS,
2204 1849 2302 1925 qui
2325 1847 2758 1907 fundamentum
2778 1844 2969 1920 ipsum

552 1926 818 1986 veritatis
846 1936 904 1986 et
946 1926 1149 1987 salutis
1189 1937 1410 2006 petunt,
1460 1949 1631 1987 nemo
1673 1950 1790 1987 non
1819 1929 1981 1988 videt
2019 1929 2344 1987 necessario
2370 1927 2539 1985 nobis
2577 1925 2650 1984 ab
2699 1944 2770 1982 ea
2811 1941 2967 1981 sece-

556 2006 807 2066 dendum
838 2007 1033 2084 fuisse,
1058 2007 1109 2066 si
1138 2008 1311 2066 saluti
1339 2017 1549 2067 nostrae
1582 2018 1952 2086 prospectum
1978 2009 2279 2083 vellemus,
2311 2028 2386 2065 ex
2414 2005 2747 2083 praescripto
2775 2002 2969 2079 Apos-

556 2087 679 2161 toli,
711 2092 746 2145 2
779 2086 908 2145 Cor.
936 2088 1017 2145 vi.
1045 2090 1137 2163 17,
1166 2090 1201 2120 ‘⁴
1222 2088 1397 2146 Exite
1425 2108 1458 2147 e
1486 2088 1677 2147 medio
1705 2089 1960 2167 ipsorum
1989 2097 2048 2147 et
2077 2097 2336 2165 separate
2363 2106 2488 2161 vos,
2509 2082 2868 2143 immundum
2895 2098 2970 2139 ne

556 2166 841 2243 attingite,
873 2174 931 2226 et
958 2186 1068 2244 ego
1097 2167 1367 2245 recipiam
1396 2169 1561 2244 vos,’'
1592 2178 1652 2227 et
1679 2188 1756 2227 ex
1781 2167 2053 2226 mandato
2085 2166 2212 2242 Dei,
2239 2166 2483 2243 Apocal.
2511 2164 2677 2223 xviii.
2707 2166 2764 2238 4,
2798 2160 2972 2218 “Exi

556 2244 878 2323 Babylone,
909 2246 1121 2324 popule
1158 2246 1239 2305 mi
1261 2248 1318 2322 3¹⁹
1362 2256 1421 2306 et
1459 2247 1711 2307 reditum
1751 2246 1827 2307 ad
1875 2267 2002 2305 eam
2045 2266 2164 2305 non
2189 2246 2364 2306 modo
2404 2244 2712 2317 difficilem,
2761 2239 2865 2300 sed
2912 2247 2974 2299 et

553 2326 971 2403 impossibilem
1003 2344 1147 2401 esse,
1171 2326 1283 2385 nisi
1310 2327 1453 2403 ipsa,
1483 2328 1728 2403 abjectis
1757 2327 2062 2401 erroribus,
2093 2335 2150 2385 et
2179 2323 2682 2403 superstitionibus
2712 2320 2968 2398 impuris,

554 2404 767 2482 quibus
820 2424 857 2462 a
909 2405 1127 2482 puriori
1173 2404 1436 2464 doctrina
1478 2405 1705 2481 defecit,
1769 2407 1832 2463 in
1885 2406 2131 2484 gratiam
2175 2425 2308 2464 cum
2365 2404 2594 2463 Christo
2648 2401 2862 2475 redeat,
2913 2407 2973 2459 et

554 2482 893 2561 religionem
922 2484 1305 2543 Christianam
1332 2486 1578 2563 pristino
1606 2485 2082 2563 Apostolicorum
2109 2495 2435 2562 temporum
2463 2483 2636 2542 nitori
2683 2480 2968 2539 restituat.

636 2562 785 2623 XV.
830 2564 963 2623 Hoc
990 2572 1183 2623 autem
1231 2584 1349 2623 non
1394 2565 1519 2625 sine
1562 2566 1785 2625 ratione
1830 2585 1866 2624 a
1907 2565 2076 2624 nobis
2105 2565 2300 2639 asseri,
2334 2566 2535 2641 etjam
2583 2568 2716 2621 ante
2745 2560 2807 2618 in
2853 2558 2972 2616 dis-

555 2643 951 2721 putationibus
998 2644 1457 2720 praecedentibus
1494 2646 1818 2704 luculenter
1857 2643 2396 2719 demonstravimus,
2429 2652 2487 2702 et
2513 2642 2755 2701 ulterius
2783 2638 2972 2697 adhuc

556 2722 1003 2783 demonstraturi
1030 2742 1245 2783 sumus.
1292 2722 1435 2783 Cum
1458 2724 1609 2783 enim
1637 2724 1714 2783 ad
1741 2724 1852 2783 tria
1876 2720 2238 2801 potissimum
2257 2724 2446 2800 capita
2486 2720 2822 2798 corruptelae
2852 2737 2973 2775 om-

554 2824 661 2862 nes
690 2803 969 2862 Ecclesiae
1012 2804 1289 2862 Romanae
1332 2803 1533 2863 referri
1570 2804 1812 2881 possint,
1843 2805 2125 2862 Hoeresim
2162 2804 2222 2862 in
2251 2803 2529 2876 doctrina,
2573 2798 2975 2859 Idololatriam

555 2884 618 2942 in
652 2883 829 2957 cultu,
881 2890 940 2942 et
971 2885 1353 2959 Qrannidem
1394 2884 1455 2941 in
1490 2884 1793 2961 regimine,
1837 2884 1910 2942 de
1955 2883 2272 2941 haeresibus
2316 2882 2572 2940 diximus
2607 2880 2730 2957 jam
2775 2878 2971 2953 dispu-

556 2963 773 3023 tatione
800 2963 1003 3040 prima,
1048 2963 1119 3022 de
1148 2962 1475 3023 idololatria
1513 2964 1687 3023 etiam
1715 2963 1776 3021 in
1821 2963 2196 3040 sequentibus
2223 2962 2402 3019 verba
2449 2962 2637 3019 facere
2675 2956 2972 3034 coepimus.

554 3042 779 3101 Verum
806 3043 943 3119 quia
988 3043 1137 3101 tanti
1184 3044 1460 3103 momenti
1507 3064 1599 3102 res
1645 3052 1751 3119 est,
1787 3052 1854 3102 ut
1879 3042 1976 3101 vel
2025 3062 2100 3100 ex
2143 3042 2254 3101 hoc
2300 3061 2418 3100 uno
2445 3038 2705 3112 articu10‚
2748 3036 2885 3094 licet
2911 3034 2976 3093 in

561 3121 787 3179 caeteris
818 3121 1086 3179 omnibus
1115 3141 1431 3182 consensus
1480 3132 1650 3197 esset,
1683 3122 2026 3181 secessionis
2051 3129 2264 3181 nostrae
2291 3120 2623 3193 necessitas,
2655 3126 2713 3175 et
2741 3133 2976 3192 syncre-

558 3199 718 3257 tismi
745 3196 999 3273 αὶωιμκι
1038 3201 1330 3277 penderet,
1360 3202 1533 3279 paulo
1554 3202 1740 3261 fusius
1769 3202 1840 3261 de
1869 3222 1938 3261 eo
1965 3200 2290 3275 dicendum,
2321 3208 2388 3259 ut
2423 3206 2649 3257 constet
2674 3192 2976 3254 verissime

558 3276 945 3336 idololatriam
972 3298 1009 3336 a
1034 3278 1204 3338 nobis
1242 3281 1386 3357 ipsis
1421 3280 1683 3358 impingi,
1715 3289 1774 3340 et
1800 3280 2078 3359 quicquid
2105 3278 2610 3339 comminiscantur
2645 3276 2721 3334 ad
2749 3274 2976 3333 diluen-

562 3356 697 3414 dum
727 3355 838 3414 hoc
867 3357 1098 3433 crimen,
1128 3378 1247 3415 non
1306 3379 1435 3417 osse
1464 3379 1564 3417 eos
1590 3380 1856 3437 purgare.

644 3434 824 3494 XVI.
887 3435 1029 3494 Cum
1073 3456 1212 3495 vero
1291 3438 1470 3515 uplex
1531 3437 1859 3498 idololatria
1899 3437 2288 3516 distinguatur
2313 3435 2510 3513 vulgo,
2553 3435 2670 3494 alia
2708 3438 2976 3510 respectu

563 3515 770 3591 oln'ecti,
828 3534 1005 3592 quum
1033 3516 1192 3575 aliud
1206 3516 1359 3593 quid
1386 3524 1595 3594 praeter
1616 3516 1805 3577 Deum
1853 3518 2076 3591 colitur,
2121 3517 2236 3575 alia
2278 3524 2542 3593 respectu
2593 3515 2763 3589 modi,
2793 3530 2974 3589 quum

559 3614 735 3653 verus
764 3594 925 3654 Deus
946 3595 1197 3673 quidem,
1230 3595 1334 3655 sed
1360 3596 1475 3655 alio
1496 3615 1670 3673 quam
1699 3618 1813 3674 quo
1841 3596 2162 3675 praescribit
2187 3594 2360 3654 modo
2403 3594 2627 3671 colitur,
2671 3593 2744 3651 de
2787 3590 2974 3668 prima

555 3675 681 3753 jam
704 3674 974 3751 diximus,
998 3684 1057 3735 et
1084 3676 1536 3735 demonstratum
1554 3676 1836 3751 dedimus,
1869 3676 2186 3735 Ecclesiam
2209 3674 2531 3734 Romanam
2556 3680 2822 3749 respectu
2850 3668 2972 3727 cul-

560 3763 657 3814 tus
685 3774 855 3832 quem
886 3753 1070 3815 defert
1097 3755 1363 3833 Angelis,
1398 3755 1628 3815 Sanctis
1685 3756 2017 3831 demortuis,
2051 3754 2336 3829 Pontifici,
2383 3753 2519 3829 pani
2547 3748 2970 3825 EucharisticO,

559 3842 621 3893 et
648 3834 834 3911 Cruci,
853 3853 971 3893 non
997 3854 1167 3912 posse
1208 3835 1282 3893 ab
1323 3835 1652 3894 idololatria
1689 3834 1940 3894 liberari.
2023 3834 2080 3893 N
2081 3854 2193 3893 unc
2220 3833 2296 3891 ad
2323 3832 2482 3891 aliud
2523 3839 2696 3908 caput
2735 3827 2972 3889 deveni·

560 3914 792 3990 endum,
821 3914 979 3992 quod
1019 3920 1393 3995 ἀκοκλιτςιιιι
1432 3922 1672 3992 spectat,
1719 3934 1796 3973 ex
1836 3934 1950 3992 quo
1978 3922 2240 3973 constare
2281 3910 2492 3989 poterit
2527 3910 2640 3968 hac
2681 3910 2854 3969 etiam
2880 3926 2971 3964 ra-

561 3994 719 4053 tione
746 4014 905 4053 ream
932 3994 1136 4053 merito
1164 4014 1199 4053 a
1225 3994 1395 4053 nobis
1414 3994 1634 4071 peragi.
1717 3994 1807 4053 Ne
1833 4012 1973 4052 vero
2001 3993 2164 4070 queri
2206 3990 2448 4069 possint,
2478 3989 2786 4066 quicquam
2807 4008 2842 4045 a
2867 4004 2972 4044 no-

560 4072 655 4133 bis
696 4072 838 4151 ipsis
889 4072 1135 4151 impingi
1226 4080 1395 4133 raeter
1447 4073 1704 4151 ipsorum
1755 4081 2026 4147 mentem,
2076 4070 2464 4145 ostendemus,
2515 4068 2719 4146 primo,
2765 4064 2912 4125 nihil
2938 4084 2976 4123 a

564 4152 733 4211 nobis
754 4150 901 4213 falso
927 4151 1071 4231 ipsis
1246 4152 1307 4229 gi
1356 4160 1415 4211 et
1454 4152 1535 4209 im
1613 4150 1692 4226 ni,
1736 4150 1893 4229 quod
1940 4150 2327 4209 monumentis
2367 4147 2714 4209 authenticis
2760 4153 2820 4204 et
2846 4144 2977 4221 ipsa

564 4232 733 4309 praxi
760 4230 914 4310 apud
941 4232 963 4289 i
1004 4250 1099 4291 sos
1126 4238 1357 4310 recepta
1380 4230 1526 4307 liqui
1569 4250 1604 4289 o
1647 4248 1767 4289 non
1811 4238 2051 4289 constet.
2135 4230 2364 4289 Deinde
2391 4228 2710 4288 vanitatem
2737 4225 2972 4283 demon-

566 4310 875 4368 strabimus
902 4252 1407 4388 subterfugiorum,
1436 4316 1497 4367 et
1536 4308 1836 4368 subtilium
1876 4308 2330 4385 distinctionum,
2373 4326 2520 4385 quas
2555 4304 2838 4385 propudio
2867 4321 2975 4363 suo

566 4386 815 4446 velando
842 4387 940 4444 vel
968 4390 1298 4449 excusando
1324 4386 1665 4448 obtendunt.

654 4464 869 4523 XVII.
914 4464 988 4523 In
1016 4466 1280 4527 Ecclesia
1322 4468 1585 4527 Romana
1625 4465 1826 4545 vigere
1867 4472 2257 4549 ἀισκλειτςιιιι,
2302 4462 2580 4545 quicquid
2605 4461 2819 4541 privati
2846 4460 2974 4538 qui-

571 4544 703 4601 dam
732 4540 997 4602 doctores
1024 4552 1427 4623 protestentur,
1458 4555 1525 4607 ut
1550 4546 1967 4625 turpitudinem
1991 4548 2143 4605 hanc
2164 4567 2200 4606 a
2229 4566 2289 4606 se
2319 4544 2680 4618 amoliantur,
2711 4541 2808 4600 vel
2837 4538 2972 4597 sub-

568 4622 701 4681 dole
732 4621 1111 4700 dissimulent,
1142 4625 1326 4684 multa
1351 4625 1615 4703 probant.
1703 4624 1914 4701 Primo,
1941 4625 2185 4685 Concilii
2209 4626 2294 4685 II.
2341 4624 2581 4697 Nicaeni,
2613 4622 2763 4683 inter
2790 4618 2976 4679 Oecu-
