3234 5192
472 336 591 395 216
1422 349 1501 390 m:
1529 348 1706 390 mano
1736 349 1912 390 vi‘rAE.
2563 328 2826 413 [msru‘r.
2855 351 2899 394 1.

474 493 653 554 tionis
672 499 1111 569 assequeretur;
1153 510 1262 551 nec
1289 509 1395 551 sua
1420 498 1712 551 constaret
1753 490 1910 549 dicto
1955 487 2229 567 Apostoli
2255 488 2470 549 veritas
2493 511 2508 566 3
2557 510 2668 549 nee
2695 490 2901 551 fideles

476 574 539 633 in
566 574 678 633 hoc
704 572 984 633 beneficio
1013 571 1303 649 gloriandi
1329 580 1389 631 et
1434 569 1737 630 exultandi
1782 569 2081 629 materiam
2127 568 2422 646 haberent,
2461 570 2621 647 quod
2647 592 2755 631 nec
2782 571 2902 631 dici

474 654 600 716 sine
628 652 999 730 absurditate,
1021 671 1130 711 nec
1158 652 1281 712 sine
1308 651 1603 730 impietate
1631 649 1874 728 cogitari
1898 656 2107 728 potest.

561 734 787 793 XXII.
836 732 953 792 Sed
979 752 1053 791 ne
1080 732 1299 792 diutius
1326 732 1387 789 in
1415 730 1714 791 electionis
1762 729 2104 790 certitudine
2153 727 2602 789 demonstranda
2627 730 2898 789 immore-

478 834 625 891 mur,
650 812 808 890 quod
832 813 1011 871 variis
1042 811 1276 889 quidem
1323 810 1451 869 fieri
1497 818 1695 887 posset
1737 808 2092 887 argumentis
2137 808 2284 884 aliis,
2335 808 2440 867 sed
2487 829 2616 886 quae
2662 809 2902 887 longius

478 913 587 953 nos
614 914 651 953 a
672 912 847 969 scopo
874 891 1263 967 abducerent3
1306 890 1607 949 videamus
1635 890 1808 967 paulo
1835 887 2106 967 pressius,
2147 907 2223 945 an
2251 908 2326 947 ex
2352 888 2648 966 Scriptura
2685 889 2895 949 confir-

480 972 659 1031 matio
715 971 1053 1031 aeternitatis
1096 970 1233 1029 libri
1277 970 1416 1028 vitae
1462 969 1649 1048 possit
1692 968 1912 1028 haberi.
1997 969 2130 1027 Hoc
2172 987 2313 1027 vero
2356 988 2474 1027 non
2516 989 2632 1029 una
2675 969 2900 1029 ratione

482 1052 683 1129 colligi
719 1059 927 1129 potest.
990 1050 1185 1111 Primo
1212 1070 1289 1109 ex
1332 1069 1419 1126 ec,
1465 1048 1626 1126 quod
1668 1048 1952 1125 Christus,
1998 1048 2142 1107 Luc.
2172 1068 2233 1107 x.
2263 1051 2359 1124 20,
2381 1049 2553 1127 jubet
2579 1049 2898 1127 discipulos

477 1135 749 1209 yaudere,
780 1150 899 1191 non
918 1130 1075 1208 quod
1118 1130 1410 1191 daemones
1455 1130 1599 1208 ipsis
1647 1128 2044 1206 subjiciantur,
2075 1126 2181 1189 sed
2206 1128 2365 1205 quod
2391 1130 2620 1189 nomana
2645 1130 2898 1205 ipsorum

482 1213 698 1289 scripta
724 1212 834 1270 sint
859 1212 917 1271 in
945 1212 1107 1271 caeles.
1194 1210 1312 1271 Cur
1336 1217 1529 1269 autem
1549 1229 1668 1268 non
1705 1208 1835 1267 vult
1862 1228 1962 1267 eos
1989 1205 2241 1285 gaudere
2262 1207 2336 1267 de
2364 1208 2532 1268 donis
2557 1210 2676 1269 illis
2703 1217 2902 1269 extra-

482 1291 805 1367 ordinariis,
837 1291 941 1351 sed
968 1299 1193 1351 tantum
1219 1290 1293 1350 de
1321 1290 1617 1364 electione,
1662 1288 1776 1347 nisi
1803 1288 1941 1366 quia
1977 1288 2131 1347 dona
2155 1288 2259 1347 illa
2305 1289 2650 1349 miraculosa
2675 1296 2736 1349 et
2763 1299 2897 1349 tem·

472 1373 725 1449 por-aria
752 1380 933 1449 erant,
962 1392 1093 1449 quse
1120 1378 1387 1449 poterant
1412 1369 1624 1431 auferri
1645 1376 1704 1429 et
1731 1388 1972 1444 cessare,
1993 1376 2052 1427 et
2079 1368 2469 1427 minster-iulia
2495 1376 2737 1445 tantum,
2761 1388 2894 1447 quae

481 1452 545 1510 in
570 1452 846 1530 reprobos
873 1452 1049 1512 etiam
1075 1450 1280 1511 cadere
1307 1458 1610 1527 poterant:
1641 1448 1745 1508 sed
1765 1448 2037 1507 electionis
2072 1447 2401 1527 beneficium,
2422 1448 2579 1525 quod
2599 1468 2702 1526 per
2717 1449 2896 1526 scrip-

480 1532 699 1591 tionem
714 1532 885 1590 istam
904 1530 1225 1606 denotatur,
1238 1540 1507 1589 aeternum
1523 1536 1613 1590 est
1631 1536 1688 1588 et
1703 1531 1972 1604 salutare,
1987 1526 2144 1605 quod
2161 1546 2267 1587 nec
2287 1528 2350 1586 in
2369 1528 2675 1605 reprobum
2692 1528 2899 1587 cadere

482 1630 591 1670 nec
619 1631 656 1670 a
680 1610 841 1669 fideli
876 1618 1068 1687 potest
1110 1610 1369 1670 auferri?
1450 1608 1537 1668 At
1585 1608 1653 1683 si,
1703 1607 1860 1685 quod
1907 1616 2145 1667 censent
2191 1607 2525 1683 adversarii,
2573 1608 2900 1687 potuissent

484 1689 665 1751 deleri
676 1710 751 1747 ex
760 1689 874 1749 isto
884 1689 1051 1763 libro,
1066 1688 1277 1747 frustra
1294 1696 1353 1748 et
1370 1688 1493 1747 sine
1504 1688 1725 1749 ratione
1737 1686 1813 1746 ad
1822 1686 2100 1765 gaudium
2117 1706 2218 1747 eos
2233 1688 2577 1749 hortaretur.
2620 1688 2900 1763 Quaenam

485 1770 639 1829 enim
661 1788 835 1829 causa
861 1768 1079 1827 laetitiae
1106 1768 1407 1846 discipulis
1443 1788 1569 1827 esse
1614 1775 1856 1845 poterat,
1877 1767 1926 1826 si
1953 1767 2014 1825 in
2042 1766 2316 1827 continuo
2354 1768 2681 1828 discrimine
2701 1787 2898 1829 versa-

483 1850 697 1909 bantur
720 1848 1064 1908 benefioium
1089 1847 1248 1907 istud
1274 1847 1613 1907 amittendi?
1656 1846 1960 1921 Quodnam
1987 1847 2264 1923 gaudium
2293 1848 2586 1926 percipere
2612 1855 2898 1925 poterant,

484 1930 537 1989 si
562 1929 681 1989 illis
708 1927 1062 1989 constitisset
1076 1927 1406 1989 firmitatem
1433 1927 1602 1987 istius
1631 1926 1857 1986 consilii
1904 1946 1980 1985 ex
2008 1927 2168 1986 tenui
2188 1927 2356 1986 liberi
2383 1927 2604 1987 arbitrii
2629 1926 2730 1987 filo
2830 1946 2898 1985 n-

484 2008 637 2085 dere‚
658 2029 773 2087 quo
793 2008 941 2068 nihil
966 2008 1200 2067 labilius
1218 2016 1275 2067 et
1291 2007 1711 2068 inconstantius
1731 2009 1760 2065 Ρ
1804 2006 2067 2066 Solidum
2092 2006 2240 2067 illud
2260 2007 2492 2067 demum
2513 2016 2603 2067 est
2623 2028 2740 2085 gau
2782 2006 2902 2067 'um

484 2090 641 2167 quod
669 2098 945 2149 aeternum
982 2097 1089 2164 est,
1139 2086 1409 2165 quodque
1455 2107 1626 2147 nemo
1673 2086 1843 2145 nobis
1889 2086 2108 2163 eripere
2135 2096 2325 2165 queat,
2356 2088 2500 2147 alias
2525 2088 2658 2165 plus
2684 2086 2904 2147 doloris

484 2189 640 2249 saepe
666 2189 743 2229 ex
762 2172 991 2247 jactura
1037 2168 1176 2227 boni
1220 2168 1417 2243 oritur,
1473 2186 1649 2244 quam
1690 2165 1908 2226 laetitiae
1936 2186 2012 2225 ex
2059 2167 2187 2244 ejus
2229 2166 2396 2226 brevi
2415 2175 2474 2227 et
2500 2174 2904 2227 momentanea

483 2250 847 2330 possessione
866 2247 1307 2327 percipiebatur.
1352 2248 1475 2307 Nec
1494 2246 1712 2305 nodum
1731 2245 1908 2307 solvit
1930 2246 2208 2305 Volkelius
2224 2254 2362 2305 tom.
2374 2268 2433 2305 v.
2453 2267 2575 2324 cap.
2605 2251 2697 2323 17,
2722 2267 2902 2325 quum

483 2330 567 2389 ait
594 2328 883 2389 sufficiens
910 2348 1036 2387 esse
1065 2327 1265 2405 gaudii
1292 2336 1712 2405 argumentum,
1768 2329 1802 2360 “
1819 2326 2199 2387 certissimam
2243 2327 2447 2387 salutis
2490 2326 2648 2387 viam
2675 2327 2901 2404 ingres·

484 2428 616 2469 sum
644 2428 788 2484 esse,
819 2416 877 2467 et
905 2408 967 2466 in
993 2426 1063 2467 eo
1091 2406 1310 2466 versari
1338 2416 1509 2481 statu,
1540 2406 1601 2464 in
1629 2426 1745 2484 quo
1771 2406 1961 2484 possis
1999 2414 2328 2467 constanter
2353 2426 2739 2485 perseverare,
2770 2414 2830 2467 et
2851 2407 2904 2466 si

482 2506 839 2567 perseveres,
868 2486 1271 2565 sempiternam
1300 2485 1635 2547 felicitatem
1661 2486 1896 2547 omnino
1923 2485 2003 2545 sis
2031 2488 2500 2547 consecuturuS.”
2585 2488 2641 2545 N
2643 2507 2737 2546 am
2757 2507 2904 2564 prae-

484 2576 748 2645 terquam
776 2566 933 2645 quod
960 2566 1106 2650 falso
1156 2566 1427 2645 supponit
1474 2566 1752 2644 scriptum
1798 2584 2010 2625 nomen
2055 2566 2269 2627 habere
2315 2567 2378 2625 in
2405 2566 2563 2643 eae10,
2595 2568 2906 2646 importare

483 2655 711 2709 tantum
736 2646 1069 2707 facultatem
1096 2645 1505 2725 perseverandi
1533 2646 1582 2705 si
1631 2646 1902 2722 volueris,
1948 2666 2080 2705 cum
2123 2645 2595 2707 infallibilitatem
2631 2666 2873 2725 perseve
2887 2680 2900 2693 ·

484 2728 688 2787 tantiae
714 2736 773 2787 et
816 2727 1020 2787 salutis
1058 2726 1477 2804 consequendae
1522 2726 1926 2787 certitudinem
1975 2726 2148 2787 etiam
2175 2725 2398 2803 inferat,
2429 2746 2538 2786 nec
2564 2726 2650 2785 rei
2676 2734 2901 2787 tantum

484 2808 945 2887 possibilitatem,
966 2806 1072 2867 sed
1098 2815 1158 2867 et
1185 2806 1581 2867 futuritionem
1606 2806 1801 2883 dicat3
1845 2826 2144 2884 perperam
2171 2806 2347 2865 etiam
2374 2805 2670 2867 contendit
2697 2826 2904 2866 verum

485 2897 546 2949 et
572 2889 823 2949 solidum
850 2887 1128 2967 gaudium
1156 2888 1217 2945 in
1244 2886 1511 2946 mutabili
1558 2894 1617 2947 et
1652 2886 1873 2946 incerto
1921 2887 2074 2946 bono
2119 2886 2406 2962 collocari,
2453 2886 2612 2963 quod
2655 2886 2906 2965 singulis

482 2970 791 3031 momentis
808 2968 907 3029 vel
932 2968 1279 3029 tentationes
1308 2966 1543 3027 Diaboli
1570 2975 1841 3027 excutere
1878 2967 2128 3042 valeant,
2177 2966 2276 3025 vel
2313 2966 2546 3044 propria
2571 2965 2904 3027 infirmitate

484 3057 544 3109 et
590 3048 977 3110 inconstantia
1016 3048 1329 3125 deperdere
1370 3047 1502 3126 quis
1548 3046 1753 3125 possit.
1835 3046 1972 3105 Huc
2001 3046 2172 3106 etiam
2200 3046 2388 3107 facere
2413 3053 2622 3123 potest,
2653 3046 2811 3124 quod
2835 3053 2904 3105 ut

486 3128 719 3203 coelum,
748 3136 808 3187 et
834 3148 964 3205 quae
992 3127 1069 3187 ad
1096 3127 1242 3186 illud
1289 3128 1596 3204 pertinent,
1645 3126 1877 3188 stabilia
1913 3133 2049 3185 sunt
2076 3134 2136 3185 et
2162 3126 2436 3203 immota;
2480 3133 2636 3185 terra
2674 3146 2815 3187 vero
2843 3133 2904 3185 et

484 3215 713 3265 terrena
729 3206 923 3264 omnia
948 3206 1109 3266 fluxa
1136 3215 1195 3266 et
1222 3206 1456 3283 caduca,
1486 3206 1643 3267 unde
1689 3225 1934 3284 regnum
1975 3204 2206 3282 Clu-isti,
2237 3206 2394 3284 quod
2423 3212 2698 3265 aeternum
2727 3213 2817 3267 est
2844 3213 2904 3265 et

490 3301 783 3360 maturo»,
826 3284 980 3343 Heb.
1026 3285 1129 3343 xii.
1171 3288 1267 3361 28,
1316 3292 1560 3345 vocatur
1601 3306 1839 3361 regnum
1876 3288 2177 3364 coelorum3
2234 3286 2319 3346 ita
2361 3285 2598 3423 scriptio
2651 3305 2782 3363 quae
2835 3284 2905 3345 fit

484 3365 547 3422 in
574 3363 755 3439 coelis,
784 3383 901 3423 non
921 3363 1095 3423 modo
1120 3362 1471 3425 haereditatis
1492 3364 1740 3425 caelestis
1766 3366 2206 3441 possessionem,
2245 3365 2350 3426 sed
2375 3373 2434 3425 et
2501 3365 2678 3427 ecreti
2717 3363 2906 3427 divini

486 3442 871 3502 constantiam
898 3450 957 3503 et
1004 3443 1382 3503 aeternitatem
1429 3452 1611 3503 notat.
1698 3444 1783 3504 Ut
1828 3444 2061 3521 reprobi
2102 3444 2374 3507 dicuntur
2413 3446 2584 3507 scribi
2619 3445 2678 3508 in
2723 3454 2906 3519 terra,

488 3523 615 3584 Jer.
644 3522 789 3581 xvii.
824 3524 915 3598 13,
944 3541 1065 3581 non
1090 3522 1263 3583 modo
1284 3522 1421 3600 quia
1448 3521 1636 3601 portio
1685 3543 1884 3583 eorum
1911 3531 2002 3583 est
2043 3524 2106 3582 in
2149 3531 2319 3602 terra,
2349 3546 2469 3585 non
2494 3526 2558 3584 in
2585 3526 2749 3601 eoe10,
2793 3524 2900 3584 sed

488 3603 663 3665 etiam
691 3610 755 3663 ut
777 3622 975 3662 eorum
1004 3602 1269 3662 interitus
1316 3609 1375 3661 et
1422 3602 1664 3663 exitium
1713 3610 1982 3682 notetur5
2025 3612 2092 3665 ut
2137 3603 2298 3665 facili
2337 3605 2574 3684 negotio
2617 3605 2900 3681 delentur,

488 3703 619 3761 quae
647 3683 708 3741 in
736 3690 889 3744 terra
916 3702 1021 3743 sen
1048 3682 1108 3741 in
1134 3682 1374 3760 pulvere
1402 3682 1746 3745 scribuntur.

570 3762 834 3823 XXIII.
882 3762 1169 3839 Secundo,
1199 3762 1355 3821 idem
1382 3762 1559 3823 etiam
1586 3783 1705 3823 non
1726 3764 1970 3824 obscure
1998 3763 2294 3842 colligitur
2323 3784 2400 3825 ex
2428 3762 2616 3842 Apoc.
2647 3764 2776 3823 xxi.
2803 3767 2904 3841 27,

486 3843 591 3904 ubi
617 3844 661 3905 J
664 3862 881 3903 oannes
908 3850 1154 3903 testatur
1193 3842 1483 3902 neminem
1509 3842 1906 3921 ingressurum
1941 3844 2004 3903 in
2024 3844 2320 3904 civitatem
2347 3844 2658 3921 coelestem,
2694 3854 2905 3921 praeter

487 3923 735 4001 scriptos
762 3924 825 3983 in
849 3923 1001 3983 libro
1028 3922 1185 3999 vitae,
1246 3923 1283 3957 ‘⁴
1306 3923 1361 3981 N
1364 3942 1441 3981 on
1482 3923 1842 4001 ingredietur
1867 3923 1931 3983 in
1955 3924 2142 4003 ipsam
2183 3924 2493 4001 quicquam
2520 3923 2902 4000 immundum,

488 4012 549 4064 et
576 4002 794 4063 faciens
822 4002 1325 4079 abominationem,
1367 4026 1473 4079 σιμ-ιι
1502 4006 1545 4063 o‘a
1570 4028 1906 4085 γηςαμμικι
1925 4029 1968 4063 υ
1992 4007 2064 4063 τῧ
2079 4014 2269 4081 βιβλφ
2285 4030 2368 4069 m
2387 4002 2529 4082 ζυῖς,
2556 4003 2658 4065 sed
2680 4010 2906 4064 tantum

492 4083 596 4161 qui
622 4083 828 4161 scripti
856 4091 992 4143 sunt
1017 4082 1080 4141 in
1106 4082 1257 4141 libro
1286 4082 1483 4159 vitae,’'
1526 4083 1628 4142 ubi
1647 4084 1930 4161 particula
1971 4108 2076 4161 ειμι.
2117 4104 2234 4143 non
2262 4093 2354 4144 est
2379 4085 2684 4161 exception,
2735 4084 2904 4161 quasi

487 4163 690 4243 scripti
715 4163 777 4221 in
803 4162 952 4222 libro
1000 4162 1140 4221 vitae
1167 4161 1571 4239 exciperentur
1598 4182 1676 4223 ex
1701 4184 1940 4224 numero
1981 4165 2426 4239 immundorum,
2456 4165 2558 4242 qui
2585 4163 2906 4243 ingressuri

486 4262 607 4303 non
634 4252 786 4318 sunt,
816 4242 977 4321 quod
1016 4242 1497 4303 absurdissimum
1524 4263 1653 4303 esse
1697 4263 1791 4303 res
1817 4244 1946 4321 ipsa
1971 4244 2184 4305 clamat
2212 4266 2227 4320 3
2271 4243 2378 4304 sed
2405 4254 2494 4305 est
2519 4245 2904 4318 adversativa,

488 4341 621 4399 quse
650 4322 910 4383 excludit
936 4343 1055 4383 non
1080 4322 1327 4383 includit
1354 4324 1571 4385 electos
1612 4323 1687 4383 ab
1715 4324 1829 4384 isto
1855 4345 2113 4401 numere,
2144 4345 2260 4402 quo
2289 4344 2464 4385 sensu
2491 4324 2758 4403 usurpari
2785 4343 2904 4383 non

488 4420 621 4459 raro
648 4401 711 4459 in
756 4402 1052 4479 Scriptura
1078 4404 1296 4464 clarum
1337 4412 1445 4481 est,
1494 4404 1639 4464 Luc.
1681 4404 1760 4465 iv.
1806 4407 1902 4481 26,
1950 4409 2047 4479 27,
2093 4405 2226 4465 Gal,
2257 4404 2294 4463 i.
2327 4408 2380 4481 Ἰ,
2435 4405 2617 4465 Marc.
2647 4404 2772 4463 xiii.
2803 4406 2901 4479 32,

486 4480 645 4540 unde
691 4479 799 4539 lux
852 4480 1051 4541 inferri
1090 4490 1287 4560 «potest
1315 4482 1543 4545 duobus
1582 4484 1730 4543 locis
1755 4484 2165 4559 vexatissimis,
2195 4484 2240 4545 J
2243 4484 2337 4543 oh.
2365 4486 2509 4545 xvii.
2544 4489 2636 4562 12,
2679 4484 2814 4545 Gal.
2841 4483 2905 4542 ii.

494 4560 589 4635 16,
634 4558 847 4635 quibus
885 4560 1202 4621 abutuntur
1248 4562 1584 4639 adversarii,
1628 4572 1753 4624 tum
1781 4564 1859 4623 ad
1884 4573 2214 4624 sanctorum
2255 4565 2603 4641 apostasiam
2645 4584 2901 4643 propug-

488 4636 758 4717 nandam,
783 4646 905 4701 tum
928 4640 1001 4701 ad
1022 4641 1495 4718 justificationem
1518 4663 1622 4721 per
1648 4663 1822 4722 opera
1843 4663 1974 4707 cum
2010 4644 2126 4705 fide
2143 4643 2550 4707 adstruendam
2575 4666 2591 4723 ;
2635 4644 2718 4705 ibi
2747 4643 2902 4705 enim
