3234 5192
322 382 557 426 msrur.
586 364 787 447 xxiv]
1158 383 1239 425 na
1266 384 1519 427 cuicum
1546 386 1902 428 rom-iricio.
2603 371 2646 447 ‚7
2657 368 2730 427 15

323 544 501 585 causa
526 525 833 602 cognitione
858 525 1107 599 confina,
1138 530 1199 582 at
1241 523 1305 581 in
1350 524 1653 603 posteriori
1695 525 1798 586 ubi
1841 546 1920 585 ex
1967 544 2143 585 causa
2189 526 2428 585 effectus
2454 528 2732 603 probatur

322 624 498 665 causa
542 604 735 665 notior
777 611 866 663 est
910 602 1227 663 secundum
1276 624 1383 664 nos
1430 604 1640 666 effectu
1688 606 1994 681 coquitione
2041 605 2318 681 distincta,
2349 606 2409 663 in
2452 606 2636 683 primo
2663 607 2731 668 fit

321 704 627 762 processus
655 704 691 742 a
706 683 1022 760 posteriori
1043 703 1147 761 per
1164 682 1712 745 demonstrationem
1733 711 1766 739 τ
1764 711 1820 743 ου
1835 684 1927 761 tra,
1952 685 2014 743 in
2034 684 2288 745 secundo
2316 704 2456 745 vero
2483 706 2520 744 a
2535 688 2735 761 priori

322 784 425 841 per
452 762 999 824 demonstrationem
1025 790 1114 823 του
1084 761 1299 841 ulau-⁶3
1342 784 1460 824 non
1507 772 1597 824 est
1645 764 1716 823 E.
1761 784 2066 842 processus
2111 766 2185 823 ab
2218 764 2422 825 eodem
2450 764 2524 825 ad
2552 765 2726 843 idem,

322 844 591 937 quamvis
620 845 775 903 enim
802 843 879 903 sit
906 845 980 903 ab
1008 844 1217 905 effectu
1264 844 1341 904 ad
1382 843 1632 904 eundem
1671 844 1958 920 effectum,
1988 852 2186 905 tamen
2209 844 2343 903 finis
2370 844 2728 904 demonstra-

320 924 495 984 tionis
522 944 641 983 non
668 932 758 983 est
785 922 1023 983 effectus
1050 925 1305 1018 praecise,
1337 924 1440 984 sed
1461 926 1587 1002 ejus
1608 926 1866 1001 scientia,
1895 925 2020 984 haec
2047 932 2240 984 autem
2267 944 2384 983 non
2411 932 2501 983 est
2527 924 2730 984 eadem

320 1004 383 1062 in
408 1004 525 1063 fine
552 1022 851 1081 regressus
879 1024 947 1065 ac
993 1005 1055 1063 in
1080 1004 1265 1083 princi
1306 1006 1381 1079 i,o
1398 1024 1537 1065 nam
1563 1005 1868 1065 exordium
1889 1005 2134 1064 sumitur
2152 1024 2189 1063 a
2207 1004 2416 1064 notitia
2440 1006 2568 1081 ejus
2595 1024 2731 1064 con·

322 1083 467 1159 fusa,
499 1092 559 1143 et
583 1084 717 1143 finis
744 1092 835 1143 est
862 1084 1069 1145 notitia
1094 1086 1145 1162 ej
1152 1104 1221 1144 us
1286 1050 1517 1145 tincta
1532 1093 1591 1145 et
1610 1084 1882 1163 perfecta,
1905 1103 2247 1163 progressus
2270 1084 2340 1143 E.
2369 1084 2436 1143 fit
2461 1104 2499 1143 a
2524 1085 2732 1145 notitia

322 1164 563 1223 confusa
590 1164 667 1223 ad
692 1164 1045 1240 distinctam,
1074 1184 1111 1222 a
1119 1106 1466 1241 Jcognitione
1493 1166 1654 1242 quod
1685 1166 1778 1241 sit,
1810 1165 1886 1224 ad
1913 1164 2302 1257 cognitionem
2329 1172 2564 1242 propter
2587 1164 2734 1242 quid

322 1243 414 1302 sit.
500 1243 629 1303 At
614 1264 673 1301 ιιι
704 1244 933 1303 Circulo
960 1252 1052 1304 est
1076 1264 1380 1322 processus
1408 1244 1481 1302 ab
1510 1247 1702 1303 eodem
1729 1248 1814 1305 ad
1835 1246 2032 1309 idem,·
2075 1264 2209 1303 nam
2236 1244 2297 1302 in
2325 1252 2568 1322 utroque
2595 1265 2727 1323 pro-

322 1342 529 1401 gressu
577 1324 833 1383 medium
880 1332 971 1383 est
1016 1324 1283 1401 proxima
1329 1342 1505 1383 causa
1546 1325 1784 1417 majoris
1829 1324 2091 1399 extremi,
2135 1324 2198 1383 in
2243 1323 2730 1385 demonstratione

320 1411 556 1481 propter
581 1403 741 1480 quid,
771 1404 967 1481 itaque
987 1423 1291 1481 processus
1316 1410 1409 1463 est
1432 1423 1469 1462 a
1488 1404 1820 1481 cognitione
1847 1404 2121 1463 distincta
2147 1403 2224 1463 ad
2249 1404 2492 1463 eandem
2519 1412 2586 1463 ut
2612 1404 2731 1463 dis-

322 1484 581 1557 tinctam,
612 1483 691 1542 id.
720 1504 825 1562 per
850 1482 1091 1543 eandem
1119 1483 1289 1561 plane
1318 1484 1511 1559 viam3
1556 1503 1674 1562 quo
1701 1484 1846 1543 nihil
1872 1483 2180 1544 absurdius
2207 1484 2434 1561 concipi
2459 1492 2667 1561 potest.

406 1563 517 1622 VI.
566 1528 697 1623 ’Hoc
724 1583 865 1624 vero
894 1564 1073 1623 semel
1140 1564 1307 1639 osito,
1327 1563 1495 1623 facile
1524 1564 1952 1624 demonstratur
1979 1564 2314 1623 Pontificios
2335 1563 2732 1641 inexplicabili

326 1643 555 1703 Circulo
585 1662 713 1703 sese
755 1643 1053 1721 implicare
1099 1584 1307 1704 gum
1290 1644 1601 1723 Scripturas
1642 1644 2052 1705 authoritatem
2076 1645 2341 1721 probant.
2425 1643 2482 1703 N
2483 1664 2577 1702 am
2603 1644 2732 1705 ubi-

324 1742 553 1802 cunque
578 1724 647 1783 fit
693 1743 1035 1801 progressus
1080 1724 1156 1783 ab
1200 1724 1403 1783 eodem
1451 1724 1527 1783 ad
1570 1724 1726 1783 idem
1770 1724 1974 1785 eodem
2019 1723 2191 1785 modo
2219 1723 2518 1802 cognitum
2545 1732 2605 1784 et
2629 1744 2736 1803 per

324 1802 567 1864 eandem
594 1804 768 1881 viam,
800 1804 885 1863 ibi
910 1824 1027 1863 non
1054 1812 1247 1882 potest
1289 1823 1407 1863 non
1435 1803 1701 1865 Circulus
1742 1825 1868 1865 esse
1895 1804 2156 1865 formalis
2181 1811 2242 1864 et
2265 1804 2496 1898 proprie
2523 1804 2733 1865 dictus.

324 1882 413 1944 At
438 1883 523 1943 sic
568 1883 880 1963 procedere
927 1884 1263 1945 Pontificios
1303 1885 1369 1943 in
1406 1884 1521 1944 hoc
1566 1885 1804 1963 negotio
1849 1905 1925 1945 ex
1953 1904 2150 1945 eorum
2190 1883 2362 1963 praxi
2388 1891 2449 1945 et
2473 1884 2738 1944 doctrina

323 1971 501 2040 patet.
586 1962 738 2021 Nam
764 1972 999 2041 propter
1028 1964 1307 2024 Ecclesiae
1356 1965 1419 2022 in
1464 1964 1828 2025 testificando
1876 1964 2347 2025 infallibilitatem
2381 1964 2498 2023 fide
2535 1964 2736 2023 divina

324 2042 605 2101 creditam
632 2041 875 2101 credunt
903 2043 1085 2102 Verbi
1114 2043 1521 2103 authoritatem
1556 2044 1672 2103 fide
1723 2044 1938 2118 divina,
1969 2052 2030 2103 et
2055 2064 2256 2103 rursus
2281 2051 2516 2134 propter
2545 2042 2735 2103 Verbi

326 2120 441 2179 Dei
468 2120 875 2180 authoritatem
900 2120 1017 2179 fide
1044 2120 1246 2179 divina
1272 2119 1548 2180 creditam
1593 2121 1838 2181 credunt
1866 2123 2146 2181 Ecclesiae
2171 2120 2688 2180 infallibilitatem
2671 2142 2732 2180 ιιι

324 2199 611 2259 testand0.
696 2199 817 2257 Hic
844 2206 934 2258 est
958 2217 1263 2277 processus
1289 2198 1365 2257 ab
1400 2198 1680 2259 Ecclesiae
1708 2198 2118 2259 infallibilitate
2144 2199 2259 2259 fide
2287 2198 2488 2258 divina
2515 2200 2735 2261 credita

324 2279 405 2338 ad
450 2278 693 2338 eandem
740 2276 1211 2339 infallibilitatem
1254 2278 1459 2339 eodem
1485 2278 1660 2337 modo
1689 2278 1984 2356 creditam,
2015 2278 2261 2357 ideoque
2307 2280 2382 2339 ab
2409 2278 2630 2355 eodem
2657 2280 2735 2339 ad

324 2359 483 2419 idem
508 2378 611 2437 per
638 2357 879 2417 eandem
907 2358 1083 2419 viam.
1146 2358 1423 2419 Dicamus
1450 2358 1702 2420 clarius·
1749 2358 1814 2419 Si
1840 2359 2116 2438 quaeritur
2135 2379 2172 2419 a
2199 2358 2537 2435 Pontificiis,
2559 2360 2734 2421 Unde

326 2447 555 2499 constet
581 2438 751 2499 nobis
782 2438 1137 2519 Scripturam
1184 2458 1313 2499 esse
1359 2438 1709 2500 Canonicam
1757 2448 1818 2500 et
1865 2440 2142 2515 divinam,
2175 2440 2552 2518 Respondent
2579 2441 2730 2517 ilico,

325 2520 438 2579 hoc
463 2519 589 2579 fieri
615 2528 849 2599 propter
877 2519 1157 2581 Ecclesiae
1184 2520 1595 2597 testimonium,
1627 2521 1765 2599 quia
1786 2519 2053 2581 Ecclesia
2079 2521 2238 2597 dicit,
2269 2521 2574 2599 inquiunt3
2617 2522 2736 2582 Sed

326 2600 379 2659 si
404 2601 641 2678 regeris,
673 2621 775 2661 cur
803 2601 1083 2661 Ecclesiae
1110 2600 1345 2663 creditis
1364 2604 1394 2661 Ρ
1433 2602 1571 2679 quia
1594 2602 1816 2679 Spiritu
1836 2602 2132 2661 infallibili
2151 2600 2396 2677 ducitur,
2421 2600 2730 2680 adJiciunt3

330 2680 449 2741 Sed
475 2688 536 2741 et
561 2681 673 2741 hoc
712 2682 1087 2759 quamobrem
1130 2681 1366 2741 creditis
1384 2684 1414 2741 ?
1453 2682 1592 2775 quia
1634 2682 1760 2742 Scri
1802 2689 1932 2741 tura
1955 2690 2218 2757 testatur,
2243 2691 2544 2758 reponunt,
2575 2648 2734 2759 quod

330 2761 406 2821 sit
450 2761 719 2820 columna
762 2768 821 2820 et
865 2760 1320 2821 stabilimentum
1362 2760 1644 2836 veritatis,
1793 2761 1892 2819 im.
1919 2760 2001 2819 iii.
2037 2763 2130 2835 15,
2160 2760 2318 2836 quod
2365 2760 2576 2820 habeat
2601 2782 2731 2838 pro-

326 2840 661 2899 missionem
692 2840 942 2916 Spiritus
973 2840 1053 2916 S.,
1083 2838 1129 2899 J
1130 2839 1225 2898 oh
1255 2839 1377 2897 xvi.
1412 2842 1503 2913 13,
1536 2805 1647 2899 Sec.
1730 2839 1775 2899 J
1777 2858 1870 2899 am
1899 2840 1951 2897 si
1975 2859 2150 2917 rogas
2177 2838 2384 2914 denuo,
2431 2838 2732 2914 Quomodo

326 2926 521 2977 certus
548 2938 676 2978 esse
702 2936 937 2995 possum
966 2918 1039 2977 de
1066 2918 1311 2977 veritate
1333 2917 1672 2979 Testimonii
1703 2918 1921 2995 hujus
1903 2938 1966 2977 ιιι
1997 2918 2332 2996 Scriptura?
2372 2918 2509 2994 quia
2539 2918 2729 2997 Scrip-

327 3005 458 3055 tura
486 2998 599 3057 Dei
625 2997 869 3057 verbum
896 3006 1002 3074 est,
1032 2998 1214 3058 aiunt.
1286 2996 1373 3057 At
1402 2998 1518 3059 Cur
1546 2996 1780 3057 creditis
1811 2998 1925 3056 Dei
1951 2997 2212 3057 Verbum
2239 3015 2366 3055 esse
2383 3000 2412 3055 ?
2451 2998 2590 3074 quia
2619 2999 2729 3059 Ec-

327 3077 505 3136 clesia
529 3097 661 3154 quse
692 3076 913 3154 Spiritu
951 3076 1243 3137 infallibili
1291 3077 1536 3153 ducitur,
1568 3076 1728 3153 dicit,
1759 3076 2124 3155 respondent.
2209 3076 2416 3152 Itaque
2445 3096 2514 3135 eo
2540 3079 2729 3137 revol-

325 3164 543 3215 vuntur
568 3155 723 3217 unde
748 3157 1002 3217 fecerant
1029 3156 1363 3249 disputandi
1403 3122 1649 3217 initium.
1729 3157 1932 3234 Neque
1959 3157 2053 3216 hic
2082 3156 2180 3217 vel
2219 3156 2453 3216 diversa
2486 3159 2732 3235 quaestio

326 3236 591 3313 occurrit,
621 3238 720 3295 vel
746 3237 979 3297 diversa
1004 3237 1119 3313 via,
1165 3235 1473 3330 utrobique
1499 3237 1654 3296 enim
1681 3235 1754 3297 de
1781 3237 2004 3297 ratione
2030 3246 2090 3298 et
2115 3245 2457 3332 argumento
2496 3246 2732 3316 propter

326 3314 486 3394 quod
512 3316 800 3376 credimus
825 3316 1071 3394 quaestio
1123 3315 1463 3392 instituitur,
1492 3336 1609 3375 non
1637 3316 1711 3376 de
1739 3317 2012 3377 facultate
2059 3326 2160 3379 aut
2206 3318 2588 3379 instrumento
2629 3340 2734 3397 per

328 3396 488 3473 quod
514 3396 827 3473 credimus3
858 3397 1071 3475 quippe
1100 3416 1233 3456 cum
1256 3396 1611 3475 Scripturam
1639 3417 1716 3457 ex
1743 3398 2009 3459 Ecclesia
2035 3399 2297 3476 probant,
2321 3398 2384 3457 id
2412 3398 2495 3459 ita
2514 3399 2728 3459 intelli·

327 3484 494 3615 gunt,
528 3485 591 3536 ut
616 3484 852 3555 propter
878 3476 1157 3537 Ecclesiae
1185 3476 1606 3539 Testimonium
1646 3484 1922 3557 tanquam
1949 3486 2352 3557 argumentum
2372 3478 2731 3539 inartificiale

370 3554 475 3617 des
504 3556 815 3634 Scripturas
840 3556 1201 3633 adhibeatur,
1230 3556 1293 3616 id
1312 3565 1419 3634 est,
1448 3565 1514 3617 ut
1541 3556 1962 3618 Testimonium
1986 3558 2146 3619 istud
2173 3558 2250 3619 sit
2277 3576 2454 3617 causa
2492 3566 2730 3635 propter

327 3656 503 3713 quam
550 3637 875 3714 credimus;
922 3656 1123 3697 rursus
1165 3656 1298 3697 cum
1334 3636 1615 3699 Ecclesiae
1658 3637 2127 3697 infallibilitatem
2170 3658 2247 3697 ex
2293 3637 2589 3714 Scriptura
2627 3637 2726 3697 de·

328 3724 667 3792 monstrant,
698 3717 856 3777 istud
888 3716 1197 3795 Scripturas
1226 3716 1647 3776 Testimonium
1673 3716 1880 3775 volunt
1907 3736 2034 3775 esse
2062 3736 2294 3777 causam
2335 3724 2393 3775 et
2420 3736 2725 3795 argumen-

328 3802 451 3855 tum
473 3804 707 3874 propter
732 3796 891 3875 quod
917 3796 1205 3857 credimus
1228 3796 1544 3873 Ecclesiam
1588 3803 1656 3855 ut
1679 3794 1830 3855 infra
1854 3796 2210 3873 probabitur.
2271 3798 2478 3873 Itaque
2504 3796 2572 3857 fit
2597 3818 2727 3876 pro-

328 3894 527 3936 cessus
574 3877 649 3935 ab
676 3876 879 3937 eodem
926 3876 1003 3935 ad
1030 3876 1186 3936 idem
1211 3896 1248 3935 a
1274 3876 1624 3955 cognitione]
1643 3874 1934 3953 distincta,
1964 3883 2024 3936 et
2048 3883 2281 3953 propter
2299 3874 2460 3953 quid,
2489 3876 2568 3937 ad
2593 3898 2728 3938 ean·-

327 3955 463 4015 dem
504 3956 929 4035 cognitionem;
976 3976 1107 4035 quse
1133 3976 1275 4016 vera
1300 3964 1361 4017 et
1385 3956 1619 4034 propria
1645 3964 1734 4015 est
1763 3954 1980 4017 Circuli
2003 3956 2150 4015 ratio
2177 3954 2454 4016 formalis.

406 4036 555 4095 VII.
600 4036 759 4095 Hinc
784 4045 946 4113 patet
966 4036 1305 4097 Pontificios
1322 4034 1672 4114 procedere
1654 4055 1718 4094 ιιι
1738 4035 2063 4095 infinitum'
2047 4056 2108 4095 ιιι
2127 4034 2564 4128 probationibus
2585 4035 2724 4112 suis,

326 4134 435 4175 nec
463 4116 646 4175 ullum
664 4117 921 4193 primum
946 4117 1205 4177 credibile
1230 4116 1444 4177 habere
1465 4117 1559 4175 cui
1586 4116 1773 4193 primo
1799 4115 1944 4175 fides
1971 4116 2204 4192 nitatur,
2235 4123 2294 4175 et
2321 4115 2382 4173 in
2409 4114 2568 4193 quod
2593 4116 2728 4175 ulti-

326 4214 423 4255 mo
450 4196 790 4273 resolvatur,
814 4197 971 4275 quod
990 4196 1371 4257 absurdorum
1392 4196 1646 4257 omnium
1669 4196 2164 4257 absurdissimum.
2247 4196 2399 4254 Nam
2420 4195 2472 4254 si
2497 4195 2732 4257 daretur

330 4274 570 4353 aliquod
596 4276 845 4353 primum
872 4274 1165 4353 credibile,
1193 4277 1293 4336 vel
1338 4283 1494 4337 esset
1538 4277 1842 4353 Scripmra
1886 4276 1986 4335 vel
2029 4276 2334 4349 &claim
2374 4283 2436 4335 at
2461 4284 2730 4337 neutrum

323 4354 445 4414 dici
469 4362 662 4432 potest
688 4376 765 4415 ex
791 4374 991 4415 eorum
1014 4356 1361 4450 hypothesi.
1405 4356 1539 4415 Non
1569 4357 1884 4434 Scriptura,
1913 4354 2051 4434 quia
2077 4355 2330 4416 creditur
2353 4362 2588 4435 propter
2613 4354 2727 4416 Ec-

324 4433 578 4510 clesiam,
607 4456 715 4495 nec
742 4436 1075 4513 persuaderi
1100 4436 1233 4515 quis
1258 4444 1450 4514 potest
1466 4436 1539 4495 de
1566 4437 1695 4514 ejus
1723 4437 1968 4497 veritate
1993 4444 2054 4497 et
2080 4435 2378 4497 authentia
2403 4436 2518 4497 nisi
2537 4457 2615 4497 ex
2640 4436 2728 4495 in-

326 4513 560 4575 fallibili
590 4515 867 4575 Ecclesiae
910 4516 1277 4591 testimoni03
1325 4517 1459 4575 Non
1488 4515 1769 4593 Ecclesia,
1817 4517 1956 4595 quia
1997 4516 2250 4577 creditur
2274 4536 2418 4595 prop
2380 4523 2510 4594 pter
2539 4516 2732 4595 Scrip-

328 4602 539 4672 turam,
568 4595 685 4654 nisi
710 4594 867 4655 enim
898 4595 1197 4675 Scriptura
1242 4596 1567 4657 Veritatem
1614 4604 1676 4656 et
1717 4595 2152 4658 Authoritatem
2195 4596 2321 4676 ejus
2368 4596 2730 4658 infallibilem

328 4674 581 4752 doceret,
612 4674 757 4737 fides
784 4683 982 4738 nostra
1008 4696 1305 4756 nunquam
1346 4676 1409 4737 in
1448 4676 1577 4757 ejus
1604 4677 1934 4739 testimonio
1962 4678 2326 4757 acquiescere
2353 4684 2568 4757 posset.
2633 4676 2730 4737 Sic
