3234 5192
286 422 513 463 DISPU'I'.
546 400 679 483 XX.]
898 418 976 458 DE
1006 416 1487 459 sA'rlsPACTloms
1515 416 1752 457 CHRISTI
1781 416 2097 456 VEmTA'rE..
2578 400 2696 459 635

283 563 421 623 licet
448 563 507 621 in
536 571 685 621 statu
712 561 927 637 inteqro
956 558 1031 617 ad
1054 580 1229 617 unum
1260 568 1481 619 tantum
1513 559 1806 635 obligatus
1835 566 2004 633 esset,
2035 558 2302 617 nimirum
2327 558 2400 616 ad
2425 558 2695 618 obedien-

288 644 445 717 tiam,
490 643 627 720 quia
666 640 923 699 nondum
965 648 1336 717 peccaverat3
1380 648 1573 697 tamen
1602 640 1664 696 in
1691 648 1837 696 statu
1869 640 2124 697 destituto
2153 649 2210 699 et
2238 650 2370 717 post
2397 650 2696 716 peccatum

288 724 364 782 ad
392 732 697 799 utrumque
722 744 735 797 ;
782 720 1027 796 obligari
1056 728 1279 779 tantum
1308 721 1473 778 abest
1500 728 1565 777 ut
1593 719 1906 777 absurdum
1937 718 2028 793 sit,
2071 728 2134 777 ut
2172 740 2286 777 non
2321 719 2504 797 possit
2531 721 2699 779 aliter

289 804 447 879 fieri;
491 802 567 861 ad
609 802 971 861 obedientiam
1014 802 1292 877 obliqatur
1332 820 1447 878 qua
1480 800 1766 859 Creatura
1809 809 1864 859 et
1901 800 2062 857 homo
2105 799 2204 875 qui
2246 820 2538 877 nunquam
2583 820 2698 858 non

288 892 519 943 tenetur
545 882 618 940 ad
648 880 1036 939 obedientiam
1067 881 1195 939 Deo
1224 879 1628 958 praestandam,
1673 882 1756 939 ad
1783 899 2011 957 paenam
2041 900 2156 957 qua
2175 890 2444 956 peccator
2473 890 2526 937 et
2552 900 2698 955 reus,

291 965 393 1041 qui
420 974 509 1021 est
536 962 765 1021 debitor
789 980 976 1038 poenae
1006 981 1081 1019 ex
1107 969 1362 1040 peccate.
1422 959 1718 1037 Obligatio
1761 960 1836 1018 ad
1878 958 2260 1018 obedientiam
2301 960 2566 1019 absoluta
2594 968 2699 1035 est,

292 1064 421 1121 quae
452 1062 675 1119 semper
702 1050 910 1115 manet,
936 1041 1124 1119 posita
1146 1042 1323 1100 semel
1346 1041 1623 1099 Creatura
1650 1050 1708 1099 et
1732 1040 2006 1099 Creatura
2035 1040 2311 1099 foederata
2339 1042 2398 1097 in
2427 1060 2700 1117 quocum-

293 1144 405 1201 que
436 1132 623 1197 statu;
664 1132 725 1180 at
753 1122 1030 1199 obligatio
1060 1122 1132 1180 ad
1155 1141 1383 1199 poenam
1413 1129 1502 1180 est
1528 1130 1752 1181 tantum
1783 1140 1857 1178 ex
1885 1121 2193 1197 hypothesi
2215 1121 2592 1198 praecedentis
2615 1122 2701 1177 in-

294 1203 671 1278 obedientiae3
714 1202 817 1259 illa
846 1202 917 1259 de
946 1201 1165 1261 ratione
1194 1202 1366 1260 officii
1394 1210 1482 1259 est
1509 1201 1666 1277 quod
1695 1201 1968 1259 exhibere
1997 1207 2260 1258 tenemur
2291 1202 2414 1259 Deo
2445 1208 2508 1259 ut
2532 1201 2702 1259 Crea-

294 1284 406 1342 tori
434 1292 492 1342 et
516 1283 783 1358 Domin0,
816 1282 928 1340 ista
956 1282 1028 1341 de
1057 1282 1275 1341 ratione
1296 1292 1489 1341 reatus
1519 1290 1577 1339 et
1606 1301 1790 1358 poenae
1820 1300 1992 1357 quam
2016 1280 2240 1339 solvere
2270 1281 2545 1339 debemus
2577 1280 2704 1339 Deo

296 1371 361 1422 ut
388 1362 590 1423 Judici
620 1371 677 1421 et
702 1362 1039 1440 legislatori.
1101 1362 1360 1439 Utraque
1385 1382 1520 1420 vero
1551 1361 1723 1420 simul
1752 1362 2064 1420 consistere
2095 1370 2299 1437 potest,
2331 1381 2464 1419 nam
2493 1370 2558 1419 ut
2585 1380 2702 1417 ser-

296 1464 407 1502 vus
444 1462 691 1520 nequam
722 1444 821 1519 qui
850 1443 1029 1501 herile
1059 1443 1391 1501 mandatum
1422 1442 1635 1519 exequi
1675 1442 1953 1519 neglexit,
1999 1461 2180 1519 eoque
2223 1440 2392 1499 officii
2435 1440 2704 1516 neglectu

296 1542 497 1601 poenas
527 1522 894 1582 commeritus
936 1531 1039 1598 est,
1084 1544 1201 1581 non
1244 1522 1457 1581 desinit
1497 1531 1798 1600 propterea
1840 1522 1914 1580 ad
1955 1522 2101 1580 illud
2134 1520 2286 1579 idem
2315 1520 2704 1599 praestandum

298 1603 562 1681 obligari,
594 1623 709 1661 non
740 1622 906 1661 secus
934 1624 1001 1661 ac
1030 1604 1077 1661 si
1108 1623 1199 1661 res
1228 1603 1416 1661 adhuc
1445 1602 1672 1679 integra
1699 1610 1867 1676 esset,
1903 1603 1979 1660 Et
2007 1602 2106 1679 qui
2129 1601 2362 1661 decoxit
2383 1602 2573 1659 omnia
2603 1620 2708 1658 sua

298 1684 451 1742 bona
479 1703 594 1741 non
622 1691 925 1761 propterea
954 1683 1199 1742 solvitur
1238 1704 1273 1741 a
1314 1702 1471 1741 nexu
1504 1682 1635 1740 aeris
1663 1682 1870 1757 alieni;
1921 1683 2017 1741 Sic
2059 1684 2232 1741 ctiam
2275 1682 2373 1758 qui
2414 1680 2706 1760 peccando

300 1764 383 1823 sic
416 1764 525 1821 Dei
554 1763 743 1840 legem
772 1775 1168 1841 transgressus
1202 1772 1307 1839 est,
1352 1772 1416 1822 ut
1456 1783 1643 1839 poenae
1686 1764 2014 1822 constitutae
2057 1764 2132 1821 sit
2173 1761 2358 1821 factus
2400 1762 2706 1837 obnoxiae,

300 1844 375 1902 ad
403 1864 529 1901 eam
558 1852 753 1902 tamen
782 1843 1131 1920 implendam
1162 1844 1473 1902 obstrictus
1504 1853 1696 1903 manet
1723 1844 1906 1901 nihilo
1941 1843 2145 1902 secius.
2221 1842 2312 1901 Ita
2339 1849 2580 1919 utraque
2609 1841 2710 1899 illa

302 1923 558 2001 impletio
587 1924 725 2001 quia
754 1944 789 1981 a
814 1924 982 1982 nobis
1012 1924 1207 1984 debita
1234 1945 1268 1981 a
1298 1923 1526 1982 Christo
1556 1943 1830 2001 sponsore
1859 1933 2057 1982 nostro
2085 1922 2286 1983 debuit
2313 1922 2525 1999 perfici.

386 2004 610 2060 XXII.
656 2009 711 2061 2.
750 2004 1079 2061 Necessitas
1107 2004 1405 2082 utriusque
1434 2004 1601 2063 istius
1630 2004 1982 2080 impletionis
2010 2012 2168 2080 patet
2196 2023 2270 2060 ex
2300 2012 2504 2060 natura
2535 2001 2711 2079 Legis

302 2091 362 2141 et
404 2082 606 2140 salutis
648 2094 859 2141 nostrae
902 2084 1138 2142 ratione.
1225 2084 1373 2141 Nam
1417 2102 1545 2141 cum
1591 2084 1748 2141 salus
1790 2104 1904 2141 non
1947 2092 2168 2141 tantum
2214 2083 2271 2140 in
2311 2082 2648 2140 liberatione
2679 2102 2712 2138 a

304 2171 487 2221 morte
516 2162 627 2220 sita
655 2164 747 2237 sit,
781 2162 883 2219 sed
912 2162 1049 2220 etin
1073 2164 1208 2221 vitae
1237 2161 1562 2236 donatione,
1590 2162 1668 2221 Et
1693 2162 1816 2219 Lex
1838 2162 2272 2239 promissionem
2305 2162 2440 2219 vitae
2468 2181 2585 2218 non
2615 2159 2713 2219 det

296 2242 553 2319 patienti,
580 2241 681 2299 sed
686 2242 944 2316 facienti,
979 2244 1014 2275 ‘⁴
1038 2242 1158 2300 Fac
1186 2242 1296 2300 hoc
1326 2250 1384 2301 et
1404 2242 1631 2316 vive8,''
1655 2243 1854 2319 utique
1884 2262 2118 2301 necesse
2147 2242 2255 2300 fuit
2284 2241 2356 2299 ad
2381 2242 2515 2299 vitae
2544 2241 2712 2299 istius

305 2332 365 2382 et
393 2320 595 2380 salutis
624 2322 1105 2397 consecutionem,
1144 2323 1335 2399 legem
1364 2322 1634 2399 patiendo
1664 2332 1722 2381 et
1749 2320 2012 2381 faciendo
2040 2322 2294 2399 implere,
2335 2330 2400 2379 ut
2429 2330 2487 2380 et
2515 2321 2712 2379 remis-

308 2402 393 2461 sio
436 2401 657 2479 peccati
697 2422 801 2480 per
842 2402 1309 2478 satisfactionem,
1350 2412 1408 2462 et
1444 2403 1543 2480 jus
1582 2402 1658 2461 ad
1697 2404 1874 2461 vitam
1915 2423 2019 2480 per
2045 2403 2312 2461 meritum
2343 2402 2712 2477 obtineretur,

307 2504 382 2541 ex
412 2482 513 2540 illa
541 2481 857 2559 redemptio
886 2504 921 2541 a
948 2493 1149 2559 morte,
1182 2504 1255 2542 ex
1285 2484 1396 2542 isto
1425 2483 1694 2542 introitus
1722 2484 1782 2541 in
1813 2482 2040 2542 coelum.
2117 2484 2262 2541 Nam
2295 2482 2448 2561 quod
2481 2482 2712 2560 quidam

309 2564 433 2622 haec
461 2563 577 2621 duo
607 2563 929 2621 necessaria
957 2564 1128 2622 simul
1157 2584 1283 2622 esse
1312 2572 1544 2642 negant,
1591 2564 1694 2622 sed
1733 2564 2072 2623 'alterutrum
2111 2573 2352 2639 tantum,
2399 2564 2536 2641 quia
2568 2563 2720 2621 inter

310 2644 490 2704 vitam
532 2652 591 2702 et
632 2652 875 2703 mortem
916 2644 1060 2702 nihil
1091 2644 1167 2704 sit
1193 2644 1463 2719 medium,
1502 2652 1561 2703 et
1588 2645 1688 2721 qui
1719 2645 1897 2703 semel
1923 2664 2026 2721 per
2053 2664 2349 2722 poenarum
2379 2644 2652 2702 lationem
2683 2663 2718 2700 a

308 2734 492 2783 morte
520 2724 797 2782 liberatus
826 2723 917 2797 sit,
964 2744 1093 2783 cum
1124 2745 1191 2783 eo
1220 2725 1347 2802 ipso
1375 2724 1474 2801 jus
1503 2723 1577 2783 ad
1606 2725 1784 2782 vitam
1817 2723 2091 2797 obtinere,
2137 2744 2203 2781 ac
2233 2744 2334 2800 per
2362 2742 2720 2799 consequens

310 2805 425 2861 alia
452 2804 785 2880 impletione
814 2805 1005 2862 activa
1032 2823 1395 2881 nequaquam
1434 2803 1732 2880 indigere;
1777 2804 1838 2860 in
1866 2821 1934 2859 eo
1965 2803 2110 2860 falsa
2151 2804 2392 2880 hypoth.
2437 2804 2716 2877 nituntur,

312 2882 468 2961 quod
497 2884 619 2941 haec
655 2882 770 2941 duo
808 2891 1066 2941 statuant
1094 2882 1394 2957 contraria,
1426 2886 1611 2958 ἇμισυ,
1643 2884 1792 2940 inter
1819 2900 1948 2957 quae
1977 2882 2200 2939 nullum
2230 2882 2352 2939 dari
2380 2882 2566 2957 possit
2601 2902 2718 2938 me-

313 2964 491 3022 dium.
580 2962 790 3020 Fateor
831 2962 980 3020 inter
1022 2972 1253 3020 mortem
1294 2971 1349 3021 et
1384 2963 1555 3019 vitam
1598 2960 1950 3038 simpliciter,
1983 2980 2098 3019 non
2127 2961 2252 3018 dari
2281 2960 2571 3035 medium3
2617 2960 2720 3019 scd

312 3042 463 3101 inter
502 3050 737 3099 mortem
777 3050 835 3099 et
876 3041 1061 3113 vitam·
1086 3044 1305 3100 beatam
1346 3040 1699 3099 intercedere
1739 3048 1928 3118 potest
1961 3040 2084 3099 vita
2120 3040 2329 3098 misera
2358 3048 2415 3099 et
2443 3040 2720 3116 mortalia,

312 3123 409 3180 vel
440 3122 561 3181 vita
586 3122 683 3199 pia
711 3128 769 3179 et
798 3129 1011 3196 sancta,
1059 3121 1162 3180 sed
1203 3140 1333 3197 quae
1376 3121 1451 3178 sit
1488 3120 1679 3179 adhuc
1720 3121 1780 3178 in
1823 3128 1978 3178 statu
2008 3119 2118 3179 viae
2145 3139 2264 3178 non
2290 3121 2509 3197 patriae.
2579 3120 2722 3195 Quis

314 3202 466 3260 enim
494 3210 671 3278 neget
698 3220 867 3279 posse
898 3201 1089 3260 Deum
1116 3212 1216 3260 aut
1242 3200 1497 3279 potuisse
1528 3200 1610 3259 sic
1639 3201 1928 3259 hominem
1957 3209 2314 3278 peccatorem
2339 3202 2412 3259 ab
2442 3200 2638 3260 inferis
2666 3210 2724 3259 et

316 3292 531 3341 aeterna
558 3291 740 3340 morte
769 3281 1030 3356 liberare,
1064 3292 1127 3341 ut
1154 3280 1383 3340 interim
1404 3300 1535 3339 eum
1559 3281 1619 3338 in
1643 3282 1882 3359 gloriam
1907 3282 2196 3341 coelestem
2222 3282 2416 3341 statim
2445 3301 2558 3340 non
2589 3302 2723 3340 eve-

316 3364 495 3438 heret,
528 3371 585 3420 et
612 3362 748 3420 vitae
779 3371 1005 3419 aeternae
1036 3360 1301 3420 fruitione
1330 3382 1445 3419 non
1473 3361 1672 3420 bearet
1699 3370 1756 3420 et
1785 3362 2149 3421 cumularet?
2192 3382 2397 3441 nempe
2421 3363 2516 3421 vel
2543 3363 2724 3421 vitam

316 3444 371 3503 ei
400 3444 459 3501 in
487 3442 655 3502 terris
682 3440 999 3519 largiendO,
1034 3442 1127 3499 vel
1166 3442 1224 3499 in
1256 3440 1470 3501 Adami
1510 3449 1722 3500 statum
1758 3441 2070 3519 rejiciendo
2100 3443 2175 3501 ad
2203 3463 2393 3521 opera,
2423 3444 2518 3502 vel
2551 3444 2720 3501 etiam

318 3523 709 3586 annihilaudO.
770 3524 861 3580 lta
890 3522 1071 3581 multa
1098 3522 1375 3581 interesse
1404 3530 1670 3599 poterant
1701 3522 1853 3581 inter
1879 3522 2140 3581 flammas
2168 3524 2464 3600 gehennae,
2507 3530 2565 3582 et
2593 3524 2725 3582 coeli

318 3603 549 3681 gaudia,
580 3602 787 3661 inferni
814 3602 1041 3662 dolores
1072 3612 1129 3662 et
1156 3602 1406 3681 paradisi
1436 3602 1692 3661 delicias.
1753 3602 2176 3661 Liberationem
2207 3624 2242 3661 a
2269 3623 2494 3662 carcere
2534 3604 2723 3681 sequi-

318 3694 413 3743 tur
441 3684 635 3741 statim
662 3682 916 3756 libertas,
962 3681 1066 3741 sed
1098 3704 1213 3741 non
1250 3683 1441 3741 statim
1472 3682 1741 3741 diadema
1767 3691 1825 3741 et
1853 3683 2094 3742 thronus
2118 3706 2131 3759 ;
2176 3684 2219 3741 J
2224 3684 2473 3762 osephus
2503 3692 2726 3761 poterat

320 3764 552 3841 quidem
582 3763 733 3821 solvi
760 3783 833 3821 ex
862 3762 1127 3839 vinculis,
1161 3762 1264 3821 sed
1290 3782 1405 3821 non
1438 3771 1560 3821 erat
1588 3782 1824 3821 necesse
1854 3764 2048 3822 statim
2080 3774 2142 3823 ut
2171 3764 2437 3842 AEgypto
2471 3762 2721 3841 praefice-

318 3853 509 3918 retur-3
557 3842 963 3920 Mephiboseth
992 3844 1180 3920 potuit
1202 3863 1233 3901 e
1262 3843 1527 3920 squalore
1552 3852 1609 3901 et
1633 3843 1748 3902 situ
1775 3843 1961 3919 educi,
1993 3844 2095 3901 sed
2123 3864 2236 3902 non
2267 3844 2458 3903 statim
2489 3862 2724 3902 necesse

319 3931 442 3982 erat
479 3943 609 3982 eum
650 3923 725 3981 ad
754 3923 1000 3981 Davidis
1028 3944 1283 3981 mensam
1316 3923 1542 3999 vocari3
1590 3924 1840 3983 Multum
1873 3934 1996 3981 erat
2023 3924 2366 3999 manumitti,
2399 3932 2456 3982 et
2485 3924 2725 3982 libertos

318 4004 461 4077 fieri,
503 4002 607 4063 sed
640 4003 853 4061 liberos
882 4002 1248 4081 pronunciari
1276 4012 1333 4061 et
1360 4002 1636 4078 haeredes,
1681 4004 1778 4062 hic
1815 4004 2080 4062 cumulus
2117 4012 2174 4062 et
2212 4024 2358 4081 apex
2391 4013 2478 4062 est
2505 4004 2726 4062 miseri-

319 4083 548 4143 cordiae.
612 4084 707 4143 Sic
736 4083 895 4141 aliud
924 4092 1012 4141 est
1038 4082 1379 4141 beneficium
1409 4102 1587 4159 quum
1616 4083 1818 4143 Judex
1848 4083 2228 4141 facinorosum
2260 4104 2295 4141 a
2321 4092 2502 4142 morte
2532 4084 2722 4143 absol-

322 4166 407 4221 vit
436 4163 817 4221 condonando
846 4163 895 4221 ei
920 4162 1147 4239 delicta,
1179 4162 1338 4221 aliud
1366 4183 1543 4240 quum
1574 4164 1862 4222 senatoria
1889 4162 2171 4241 dignitate
2200 4164 2438 4241 dignum
2461 4163 2720 4242 judicat;

323 4244 417 4301 Ita
444 4242 603 4301 aliud
632 4252 720 4302 est
747 4242 1087 4302 beneficium
1118 4262 1232 4319 quo
1259 4262 1367 4301 nos
1392 4243 1552 4301 Deus
1580 4243 1831 4303 absolvit
1859 4264 1894 4301 a
1921 4264 2108 4321 poena,
2135 4244 2292 4303 aliud
2320 4265 2433 4322 quo
2461 4264 2567 4303 nos
2595 4242 2722 4322 dig-

320 4344 427 4382 nos
448 4323 676 4401 judicat
703 4324 957 4400 praemiO.
1006 4322 1218 4381 Fateor
1238 4322 1469 4400 quidem
1494 4322 1609 4381 duo
1631 4324 1743 4381 ista
1765 4324 2044 4381 beneficia
2064 4323 2365 4383 individuo
2394 4346 2548 4383 nexu
2575 4325 2728 4384 inter

322 4424 382 4462 se
412 4404 709 4481 conjungi,
753 4404 835 4461 ita
876 4411 940 4461 ut
982 4404 1301 4479 cuicunque
1332 4403 1701 4461 remittuntur
1729 4422 1763 4460 a
1794 4403 1918 4461 Deo
1946 4412 2199 4480 peccata,
2243 4404 2329 4461 illi
2358 4405 2530 4465 etiam
2559 4405 2728 4465 detur

315 4486 415 4561 jus
450 4484 525 4542 ad
553 4484 774 4543 vitam:
818 4482 921 4542 sed
962 4492 1181 4542 certum
1222 4494 1417 4542 tamen
1458 4490 1547 4541 est
1587 4502 1714 4540 esse
1756 4482 2063 4558 distincta;
2116 4494 2175 4543 et
2216 4484 2264 4543 si
2308 4504 2434 4545 sese
2475 4487 2724 4545 invicem

324 4574 771 4641 consequuntur,
812 4562 873 4622 id
911 4584 1025 4622 non
1056 4563 1121 4621 fit
1149 4563 1343 4622 statim
1374 4584 1447 4621 ex
1476 4572 1679 4621 natura
1717 4563 1818 4639 rei,
1861 4563 1962 4622 sed
2013 4584 2086 4622 ex
2117 4565 2442 4625 voluntaria
2472 4566 2581 4625 Dei
2611 4567 2729 4625 dis·

322 4645 677 4723 pensatione,
722 4664 852 4721 quae
880 4644 963 4703 ita
992 4642 1191 4703 statuit
1218 4652 1285 4703 ut
1313 4643 1507 4702 nullus
1535 4651 1688 4702 esset
1717 4652 1902 4703 status
1928 4643 2317 4721 intermediuS,
2363 4640 2422 4704 i1'1
2452 4668 2566 4724 quo
2595 4668 2724 4725 pec-

324 4735 548 4786 catores
566 4726 649 4785 sic
669 4735 897 4785 aeternae
914 4724 1085 4784 morti
1104 4724 1507 4799 eximerentur,
1530 4732 1593 4783 ut
1609 4724 1774 4801 regni
1794 4723 2068 4784 coelorum
2079 4745 2192 4783 non
2207 4726 2392 4786 forent
2403 4728 2727 4807 participes·
