3234 5192
282 369 515 413 DisPuT.
545 348 707 433 x111.]
870 367 951 407 1³1³:
995 362 1472 407 SATISFAC'rloms
1498 363 1738 405 ΟΠΒῙΒΤῙ
1765 364 2087 407 VEmTA'rE.
2579 351 2695 407 457

292 511 519 585 dicitur,
551 510 653 588 qui
682 509 953 588 primaria
980 516 1068 568 est
1094 506 1581 567 reconciliationis
1618 525 1794 565 causa
1821 514 1878 567 et
1923 507 2024 584 qui
2062 506 2284 583 aliquid
2327 504 2501 566 efficit
2548 508 2706 585 quod

291 600 544 650 meretur
570 599 671 649 aut
692 589 1063 665 consequitur
1078 587 1622 660 reconciliationem,
1647 595 1706 645 ει
1733 586 1832 663 qui
1859 587 2344 647 reconciliationis
2366 586 2478 645 sibi
2499 588 2572 647 ab
2591 588 2705 647 alio

290 671 617 749 promeritae
646 670 893 747 gratiam
922 668 1033 726 sibi
1061 667 1346 745 applicat;
1378 668 1537 725 Deus
1558 686 1666 727 nos
1693 666 2061 725 reconciliare
2081 667 2292 727 dicitur
2309 667 2493 745 primo
2512 668 2704 739 mod0,

291 759 579 827 quatenus
606 750 681 808 ab
736 758 950 808 aeterno
979 748 1238 807 decrevit
1284 746 1501 805 electos
1534 765 1672 805 suos
1715 746 1776 803 in
1803 756 2102 824 peecatum
2139 747 2438 825 prolapsos
2466 748 2525 805 in
2575 768 2705 825 gra-

291 830 435 889 tiam
474 830 795 905 restituere,
827 838 885 889 et
913 828 1061 886 illud
1088 848 1163 886 ex
1192 827 1393 885 ordine
1422 826 1624 903 gratiae
1653 844 1772 885 suae
1801 827 2146 904 praeparavit
2173 828 2330 904 quod
2357 827 2434 886 ad
2473 848 2706 905 compo-

294 910 546 969 nendam
572 910 725 968 inter
751 930 813 969 se
842 916 901 967 et
926 918 1259 985 peccatores
1306 905 1652 965 discordiam
1694 908 2080 966 necessarium
2125 916 2264 979 erat,
2297 908 2392 967 Ita
2419 910 2454 965 2
2487 908 2616 967 Cor.
2647 928 2706 967 v.

300 993 393 1067 19,
438 991 599 1049 Deus
647 989 857 1049 dicitur
906 988 1019 1047 sibi
1060 985 1463 1045 reconciliasse
1495 985 1792 1061 mundum,
1843 988 1879 1019 “
1900 987 2119 1063 DeuS,’'
2163 987 2368 1064 inquit,
2423 990 2600 1047 “erat
2647 989 2706 1045 in

298 1070 527 1130 Christo
576 1070 855 1128 mundum
902 1067 1281 1127 reconcilians
1310 1066 1421 1125 sibi
1446 1069 1493 1124 :'’
1536 1067 1762 1127 Fideles
1789 1066 2060 1125 dicuntur
2088 1087 2150 1125 se
2181 1068 2308 1126 Deo
2337 1068 2704 1127 reconciliare

296 1150 469 1209 tertio
512 1170 701 1223 sensu,
732 1157 1017 1225 quatenus
1050 1148 1332 1225 jubentur
1358 1145 1702 1205 beneficium
1745 1146 2006 1206 oblatum
2047 1148 2334 1225 amplecti,
2377 1148 2708 1207 inimicitias

298 1248 499 1289 omnes
528 1229 829 1305 deponere,
854 1236 913 1287 et
930 1227 1267 1304 diligentem
1299 1226 1487 1284 Deum
1516 1225 1774 1284 vicissim
1801 1226 2098 1286 redamare
2121 1250 2136 1303 ;
2182 1228 2264 1285 sic
2293 1232 2328 1286 2
2361 1228 2491 1287 Cor.
2521 1249 2578 1287 v.
2609 1232 2704 1304 20,

300 1308 576 1385 Apostoli
604 1310 905 1366 hortantur
940 1307 1171 1365 nomine
1214 1306 1428 1365 Christi
1468 1305 1671 1363 fideles
1713 1306 1974 1383 singulos
2001 1315 2068 1365 ut
2092 1308 2533 1366 reconcilientur
2561 1309 2707 1387 Dec,

300 1388 363 1446 id
392 1396 480 1447 est
511 1408 573 1447 se
602 1395 941 1446 convertant
966 1387 1042 1445 ad
1072 1387 1259 1445 Deum
1282 1394 1341 1445 et
1368 1385 1892 1445 reconciliationem
1919 1406 1954 1443 a
1979 1395 2140 1463 parte
2171 1386 2282 1445 Dei
2309 1388 2562 1447 oblatam
2591 1408 2712 1447 am·
2785 1420 2796 1431 ι

300 1468 661 1546 plectantur;
711 1466 828 1525 Sed
880 1475 1089 1544 praeter
1117 1467 1261 1526 duas
1303 1467 1477 1525 hasce
1504 1465 1782 1542 loquendi
1809 1467 2060 1525 rationes
2108 1466 2361 1528 Christus
2408 1468 2580 1527 etiam
2602 1488 2710 1527 nos

303 1548 675 1606 reconciliare
722 1546 949 1621 dicitur,
998 1547 1167 1605 Rom.
1196 1567 1256 1605 v.
1290 1548 1384 1621 11,
1430 1546 1581 1623 Eph.
1611 1545 1672 1603 ii.
1707 1548 1800 1621 16,
1830 1566 1947 1605 non
1973 1554 2250 1624 tanquam
2299 1566 2473 1606 causa
2508 1568 2708 1607 recon-

303 1627 613 1686 ciliationis
640 1627 927 1705 primaria,
958 1626 1115 1704 quod
1132 1626 1271 1685 facit
1308 1627 1487 1701 Deus,
1518 1644 1636 1683 non
1673 1634 1948 1703 tanquam
1974 1627 2498 1687 reconciliationem
2525 1628 2708 1706 appli-

304 1727 459 1777 cans,
491 1707 649 1785 quod
675 1708 895 1767 faciunt
915 1707 1117 1767 fideles
1145 1726 1253 1783 ope
1286 1706 1534 1782 Spiritus
1567 1706 1648 1779 S„
1680 1707 1784 1765 sed
1811 1716 2085 1784 tanquam
2113 1707 2394 1766 mediator
2421 1708 2522 1785 qui
2551 1708 2710 1767 illam

302 1788 508 1847 merito
537 1808 642 1847 suo
670 1788 1017 1865 procuravit,
1062 1807 1179 1850 non
1208 1786 1381 1845 modo
1420 1806 1526 1845 nos
1570 1785 1646 1843 ad
1691 1787 1892 1863 gratiae
1937 1808 2057 1846 suae
2103 1788 2562 1847 communionem
2606 1809 2709 1847 vo-

306 1868 509 1942 cando,
542 1868 646 1926 sed
673 1876 731 1927 et
759 1868 904 1925 illud
934 1868 1061 1925 Deo
1090 1867 1420 1925 exhibendo
1449 1874 1684 1944 propter
1711 1867 1866 1943 quod
1895 1876 1953 1925 et
1981 1870 2147 1945 cujus
2176 1868 2389 1927 intuitu
2414 1868 2540 1945 ipse
2567 1869 2712 1927 iram

306 1966 535 2006 omnem
562 1948 725 2024 ponit
752 1948 1035 2023 nobisque
1082 1948 1375 2024 placatur3
1421 1966 1553 2004 cum
1594 1946 1748 2004 enim
1794 1946 2096 2005 dissidium
2125 1948 2274 2007 inter
2299 1967 2407 2007 nos
2435 1956 2494 2006 et
2523 1948 2712 2007 Deum

306 2036 493 2085 ortum
516 2027 741 2087 duabus
764 2026 953 2086 causis
982 2026 1291 2101 foveretur,
1321 2025 1475 2099 inde,
1497 2025 1728 2100 justitia
1758 2026 1868 2084 Dei
1891 2046 2019 2102 quae
2038 2027 2248 2085 iratum
2268 2047 2399 2085 eum
2422 2037 2595 2104 atque
2625 2030 2710 2086 in·-

306 2106 531 2167 fensum
552 2107 721 2164 nobis
742 2106 1069 2182 praestabat,
1090 2106 1242 2178 hinc,
1272 2103 1525 2179 peccatis
1553 2105 1766 2163 nostris
1792 2124 1922 2180 quae
1949 2104 2024 2163 ad
2041 2106 2412 2165 rebellionem
2443 2108 2713 2167 continuo

306 2205 415 2245 nos
468 2185 861 2261 impellebant,
916 2191 985 2243 ιιι
1036 2183 1428 2242 reconciliatio
1500 2181 1688 2241 solida
1755 2203 1822 2241 ac
1869 2184 2034 2241 firma
2081 2184 2476 2243 institueretur
2515 2186 2716 2247 debuit

302 2272 611 2341 utrumque
640 2264 1001 2323 obstaculum
1023 2263 1325 2338 removeri,
1357 2262 1517 2341 prius
1544 2262 1778 2339 quidem
1826 2271 2093 2341 respectu
2144 2263 2252 2321 Dei
2302 2284 2406 2342 per
2449 2266 2710 2325 satisfac-

308 2344 543 2420 tionem,
595 2344 880 2422 posterius
934 2352 1200 2422 respectu
1226 2344 1525 2402 hominum
1552 2362 1656 2420 per
1695 2342 2168 2421 justificationem
2205 2353 2264 2403 et
2312 2346 2717 2407 sanctificatio-

308 2444 459 2500 nem,
510 2434 817 2501 utrumque
871 2444 1011 2483 vero
1067 2424 1331 2485 Christus
1372 2424 1599 2501 peregit
1641 2424 1920 2501 sanguine
1966 2444 2090 2501 suo,
2135 2444 2270 2482 nam
2299 2434 2357 2485 et
2385 2446 2454 2485 eo
2475 2428 2720 2503 justitiae

312 2504 425 2563 Dei
453 2504 731 2564 satisfecit
756 2504 1087 2582 plenissime
1116 2512 1175 2563 et
1201 2512 1437 2582 peccata
1464 2512 1662 2563 nostra
1689 2504 1920 2580 delevit,
1953 2512 2126 2581 atque
2154 2504 2299 2565 adeo
2341 2507 2722 2569 conscientias

308 2593 535 2643 nostras
563 2585 805 2644 mundat
832 2585 905 2643 ab
934 2586 1205 2664 operibus
1230 2585 1491 2659 mortuiS,
1520 2604 1595 2643 ne
1623 2586 1870 2662 amplius
1919 2585 1979 2642 in
2015 2606 2084 2643 ea
2131 2594 2367 2662 peccata
2403 2586 2724 2647 incidamus

310 2684 440 2741 quae
472 2665 584 2724 Dei
612 2666 1065 2743 indignationem
1096 2674 1414 2743 provocent
1435 2672 1493 2722 et
1520 2665 2004 2723 reconciliationis
2033 2665 2330 2723 vinculum
2358 2666 2718 2743 abrumpant,

312 2745 415 2803 sed
444 2746 764 2804 serviamus
810 2746 937 2804 Deo
972 2766 1113 2804 vero
1160 2752 1219 2803 et
1254 2746 1411 2819 vivo,
1444 2744 1599 2803 Heb.
1629 2744 1709 2802 ix.
1747 2748 1837 2801 14.
1883 2744 1978 2801 Ita
1997 2753 2151 2801 recte
2179 2744 2304 2801 haec
2331 2747 2723 2805 reconciliatio

310 2831 369 2883 et
399 2826 559 2883 Patri
586 2834 644 2884 et
674 2825 827 2883 Filio
854 2824 1143 2897 tribuitur,
1168 2826 1339 2881 Patri
1363 2832 1429 2881 ut
1455 2843 1644 2881 causae
1661 2824 1878 2898 primae,
1909 2823 2060 2880 Filio
2077 2830 2142 2880 ut
2159 2843 2346 2881 causae
2365 2825 2718 2901 propinquae,

314 2904 473 2963 Patri
517 2904 709 2980 quoad
730 2904 1051 2977 consilium,
1078 2902 1231 2959 Filio
1252 2901 1446 2977 quoad
1472 2901 1890 2975 executionem,
1919 2900 2076 2958 Patri
2103 2901 2432 2959 inchoative
2461 2910 2520 2959 et
2546 2904 2720 2979 origi-

310 2983 537 3055 naliter,
570 2982 722 3040 Filio
751 2982 1066 3041 formaliter
1093 2989 1151 3039 et
1177 2979 1559 3053 terminative,
1596 2980 1754 3038 Patri
1781 2979 2186 3055 procuratoris,
2221 2980 2374 3038 Filio
2415 2982 2722 3042 meritorie.

398 3061 633 3119 XLVI.
680 3060 767 3119 Ne
795 3080 935 3119 vero
964 3061 1295 3119 dubitemus
1324 3059 1539 3117 Christi
1566 3068 1810 3118 mortem
1837 3058 1932 3115 hic
1961 3066 2234 3134 tanquam
2255 3060 2604 3127 meritoriam
2631 3083 2720 3121 re-

315 3140 735 3200 conciliationis
756 3160 987 3199 causam
1010 3139 1419 3205 intercessisse,
1433 3138 1548 3197 alia
1566 3139 1749 3197 utitur
1783 3138 1979 3216 phrasi
2005 3138 2252 3216 Spiritus
2279 3139 2338 3199 S.
2361 3160 2490 3218 quae
2513 3141 2724 3203 clarius

314 3221 571 3300 idipsum
620 3220 851 3294 evincit,
904 3240 1033 3280 cum
1080 3220 1371 3278 Christum
1400 3220 1681 3299 ἱλαστήριον
1723 3228 1780 3278 ει
1807 3220 2024 3295 ineps.
2065 3226 2252 3295 vocat,
2296 3220 2465 3282 Rom.
2507 3222 2589 3281 iii.
2621 3228 2718 3301 25,

320 3305 351 3361 1
408 3302 451 3363 J
455 3302 549 3362 oh.
600 3302 658 3361 ii.
703 3306 759 3361 2.
804 3300 955 3359 Nam
1003 3301 1126 3359 haec
1175 3299 1462 3358 vocabula
1527 3300 1824 3358 hominum
1864 3307 2228 3378 peccatorum
2284 3304 2720 3363 conversionem

316 3382 587 3461 primario
615 3403 733 3442 non
760 3381 1060 3459 respicere,
1107 3380 1209 3439 sed
1254 3380 1355 3438 irae
1396 3380 1610 3439 divinae
1640 3381 1996 3439 aversionem
2025 3381 2218 3458 aliquo
2246 3382 2566 3459 placamine
2593 3405 2724 3462 pro-

316 3474 590 3538 curatam,
614 3464 809 3523 notius
836 3470 925 3521 est
951 3480 1125 3538 quam
1152 3468 1218 3519 ut
1257 3460 1593 3537 probatione
1622 3460 1898 3539 indigeat.
1955 3461 2114 3520 Hinc
2153 3464 2261 3520 soz,
2297 3463 2594 3523 ἱλάσκεσθαι
2637 3474 2726 3524 est

320 3546 505 3603 Deum
524 3546 784 3620 placare,
816 3541 971 3619 apud
1001 3540 1259 3616 Homer„
1299 3541 1457 3618 quod
1484 3541 1779 3601 sacrificiis
1808 3542 2030 3601 solebat
2057 3542 2198 3618 fieri,
2240 3544 2410 3603 Iliad.
2434 3542 2504 3618 C„
2527 3542 2722 3603 Ἐνθιιδι

316 3648 403 3699 μιν
428 3622 649 3704 fabgaro
694 3628 785 3680 κει)
829 3628 843 3645 ’
878 3620 1005 3687 ναίοις
1053 3620 1298 3696 ilminat,
1328 3628 1505 3702 Κοῧςοι
1532 3623 1784 3695 Annualm,
1824 3622 1952 3681 Illic
1991 3643 2117 3681 eam
2158 3622 2302 3681 scili.
2347 3624 2514 3683 deam
2543 3626 2725 3683 tauris

320 3712 373 3761 et
398 3706 559 3779 agnis
576 3706 819 3778 placant
1011 3702 1023 3715 ‘
1044 3703 1487 3761 Atheniensium.
1575 3702 1732 3761 Hinc
1760 3702 2054 3761 ἱλιίσκισθιιι
2096 3711 2242 3761 teste
2281 3703 2541 3780 Hesych.
2572 3703 2724 3762 idem

319 3782 477 3858 quod
526 3784 833 3858 ἱξιλυῢσθῖιι,
881 3783 981 3841 sic?
1026 3782 1226 3858 λάομιιι
1270 3791 1359 3841 est
1391 3784 1702 3859 propitium
1735 3785 1918 3859 facio,
1961 3804 2066 3860 pro
2107 3802 2222 3860 quo
2259 3782 2528 3842 usitatius
2567 3785 2726 3841 ἱλασ-

319 3886 475 3937 ιιομαι
498 3866 684 3937 placO,
706 3863 977 3939 propitio,
1018 3862 1177 3939 quod
1198 3870 1257 3923 et
1282 3862 1513 3938 passive
1540 3872 1851 3940 usurpatur
1878 3863 2032 3941 apud
2058 3862 2205 3937 lxx„
2239 3862 2392 3922 Psal.
2422 3865 2548 3922 lxv.
2579 3866 2633 3936 3,
2665 3871 2726 3922 et

321 3941 512 4000 lxxix.
543 3944 599 4018 9,
646 3942 836 4003 Exod.
866 3943 1055 4001 xxxii.
1106 3946 1197 4017 14,
1242 3942 1423 4006 luco„
1468 3942 1644 4023 Κῖιςιος
1687 3948 1797 4024 me)
1835 3970 1919 4009 της
1963 3945 2233 4023 &paga-las,
2278 3950 2336 4002 et
2383 3942 2726 4014 ἐξιλάσκεσθαι

313 4024 573 4097 placare,
606 4023 857 4099 expiare,
874 4022 1337 4099 propitiationem
1348 4026 1578 4097 facere.-
1600 4024 1910 4100 respondet
1941 4023 2192 4081 Ilebraeo
2219 4048 2305 4086 -92
2333 4023 2490 4100 quod
2518 4023 2578 4080 in
2607 4023 2727 4081 Kal

321 4110 411 4161 est
440 4110 637 4178 teqere,
662 4103 898 4178 operire.
986 4102 1060 4159 In
1098 4102 1267 4161 Pihel
1309 4110 1415 4178 est,
1448 4106 1708 4179 placare,
1730 4104 2042 4180 propitium
2070 4104 2310 4160 reddere
2337 4103 2572 4178 capiare
2584 4126 2608 4175 ‚⁰
2651 4102 2730 4161 Et

324 4181 463 4258 quia
482 4181 569 4240 illi
583 4182 853 4259 jungitur
868 4182 1199 4259 praepositio
1226 4190 1308 4257 ¹75,
1356 4182 1544 4242 Levit.
1574 4203 1634 4241 v.
1669 4186 1760 4258 10,
1781 4191 1945 4246 :³¹³9
1975 4209 2080 4247 *aaa
2103 4182 2410 4253 ἔξιλιὶσισθιιι
2433 4186 2542 4262 ung>
2569 4185 2726 4241 asir&

322 4262 573 4337 expiabit
587 4282 705 4338 pro
733 4262 817 4338 iis,
848 4262 931 4320 ita
960 4262 1230 4339 jungitur
1272 4261 1610 4339 plerumque
1659 4262 1815 4339 apud
1863 4261 2101 4320 Graecos
2144 4280 2276 4319 cum
2323 4263 2726 4339 praepositione

322 4346 451 4421 τις),
481 4351 549 4401 ιιι
574 4342 789 4419 passim
819 4342 881 4400 in
910 4340 1121 4400 Lavit:
1165 4340 1475 4419 aliquando
1506 4342 1668 4400 Deus
1690 4341 1901 4400 dicitur
1925 4342 2222 4399 ἱλάσκεσθαι
2249 4342 2471 4402 scilicet
2496 4342 2726 4419 passive

320 4429 434 4487 ταῖς
484 4421 757 4503 ἆμιςτὶιις
799 4422 897 4481 vel
940 4426 1053 4486 ταῖς
1096 4418 1334 4485 incubas
1370 4422 1514 4497 ιἰμὸν,
1564 4420 1721 4479 Psal.
1766 4420 1890 4479 lxv.
1950 4422 2006 4495 3,
2067 4422 2260 4481 lxxix.
2311 4426 2365 4497 9,
2416 4422 2728 4500 aliquando
2819 4486 2830 4501 ,

320 4512 559 4581 peccata
603 4503 874 4563 dicuntur
920 4502 1233 4577 ἱλάσκεσθαι,
1278 4501 1431 4560 Heb.
1477 4502 1537 4559 ii.
1588 4503 1681 4576 17,
1729 4500 1794 4559 id
1837 4508 1926 4561 est
1972 4502 2214 4579 expiari,
2245 4503 2382 4581 quia
2401 4524 2504 4581 per
2531 4504 2728 4581 expia-

320 4583 537 4642 tionem
594 4603 631 4642 a
686 4583 914 4643 Christo
967 4582 1179 4641 factam
1250 4582 1412 4640 Deus
1480 4600 1652 4663 super
1718 4582 1836 4641 illis
1903 4581 2182 4659 placatur.
2263 4584 2422 4643 Hinc
2479 4583 2732 4661 ὅξὶλιισμιι

323 4664 482 4740 quod
526 4672 615 4723 est
648 4666 953 4739 placamen
1001 4680 1105 4722 seu
1159 4682 1369 4722 munus
1423 4660 1800 4740 placatorium
1839 4672 1898 4723 et
1944 4663 2390 4742 redemptorium
2435 4685 2550 4742 quo
2599 4666 2732 4740 quis
