3234 5192
497 279 613 337 718
1314 292 1393 333 DE
1422 290 1685 334 cineum
1717 288 2086 333 rosumere.
2443 276 2704 349 [nrsrur.
2733 287 2904 331 xxiv.

490 444 583 497 est
607 436 743 497 fidei
792 435 1025 496 Divinae
1053 434 1506 513 fundamentum,
1536 434 1685 494 illud
1711 435 1901 514 ipsum
1925 433 2042 493 fide
2087 432 2256 492 firma
2297 439 2357 493 et
2401 431 2694 492 infallibili
2736 430 2898 491 credi

492 518 687 577 debet.

572 595 691 656 XI.
736 598 791 656 5.
825 596 1059 675 Duplex
1080 602 1271 675 potest
1292 595 1416 655 dari
1444 594 1733 672 cognitio:
1763 593 1878 653 alia
1899 593 2154 670 confusa,
2185 592 2300 652 alia
2321 592 2593 653 distincta
2621 602 2681 653 et
2705 606 2896 659 certa:

490 676 757 737 Ecclesia
783 684 975 756 potest
1001 679 1187 736 notior
1206 678 1359 736 nobis
1378 695 1503 735 esse
1536 674 1733 733 Verbo
1749 674 2078 750 cognitione
2107 672 2361 751 confusa,
2391 682 2676 751 quatenus
2703 677 2894 754 primo

488 758 549 815 in
580 776 783 817 sensus
810 757 1065 832 incurrit,
1097 766 1157 815 et
1173 757 1434 816 Verbum
1462 754 1650 832 ipsum
1673 754 1862 813 adhuc
1890 754 2153 831 ignotum
2181 753 2363 813 instar
2385 754 2676 813 Proeconis
2703 766 2762 815 et
2789 757 2891 817 In-

490 840 756 915 terpretis
782 838 953 896 nobis
981 836 1249 914 proponit
1296 845 1354 895 et
1382 834 1777 911 commendat;
1829 842 2000 911 atque
2029 834 2112 892 ita
2151 852 2268 892 non
2295 853 2575 911 negamus
2629 837 2890 897 testimo-

486 917 649 977 nium
678 918 955 976 Ecclesiae
982 936 1152 993 posse
1174 916 1427 975 medium
1462 933 1588 974 esse
1615 918 1940 986 ἀναγωγαὶ,
1967 920 2026 973 et
2053 913 2426 972 ministeriale
2453 913 2531 972 ad
2577 914 2890 993 Scripturas

488 998 895 1056 authoritatem
923 996 1286 1055 credendam.
1332 996 1617 1054 Caeterum
1647 995 1783 1054 lieet
1803 996 1914 1053 hoc
1941 1001 2111 1072 pacto
2131 993 2317 1071 possit
2331 1013 2651 1072 praeparare
2679 1005 2738 1055 et
2765 1016 2894 1055 ma-

484 1077 776 1136 nuducere
804 1076 879 1135 ad
924 1075 1115 1150 fidem,
1145 1094 1263 1134 non
1310 1083 1500 1153 potest
1542 1080 1738 1133 tamen
1783 1074 1957 1134 fidem
1999 1074 2184 1151 ipsam
2233 1074 2586 1151 ingenerare,
2618 1076 2714 1134 vel
2743 1076 2890 1136 fides

486 1157 591 1215 illa
617 1156 725 1216 erit
751 1164 977 1216 tantum
1004 1157 1257 1216 humana
1284 1164 1343 1214 et
1369 1154 1628 1213 fallibilis
1657 1174 1759 1232 pro
1787 1154 2008 1213 ratione
2035 1153 2394 1213 fundamenti
2423 1154 2550 1231 sui;
2595 1157 2887 1233 quomodo

490 1238 849 1297 Samaritana
874 1236 1081 1296 mulier
1106 1256 1170 1295 se
1196 1235 1401 1294 habuit
1428 1234 1504 1293 ad
1528 1235 1800 1293 concives
1834 1254 1970 1293 suos
1999 1234 2228 1293 Christo
2255 1233 2583 1311 initiandos,
2615 1255 2732 1295 non
2759 1234 2888 1296 fun·

488 1316 679 1376 dando
698 1317 951 1394 ipsorum
971 1316 1163 1393 fidem,
1180 1315 1281 1375 sed
1302 1322 1528 1375 tantum
1550 1314 1858 1373 excitando
1877 1323 1934 1373 et
1954 1314 2029 1373 ad
2049 1313 2236 1391 ipsum
2257 1314 2712 1391 manuducendO,
2733 1318 2890 1378 uude

483 1397 596 1474 ipsi
614 1397 954 1474 profitentur
975 1416 1037 1455 se
1064 1416 1181 1456 non
1207 1405 1441 1475 propter
1464 1396 1709 1454 verbum
1734 1394 1918 1471 ipsius
1947 1394 2196 1470 credere,
2221 1394 2323 1453 sed
2343 1402 2575 1472 propter
2595 1414 2889 1457 sermones

488 1477 718 1552 Christi,
766 1477 903 1555 quia
929 1476 1271 1535 audiverant
1318 1485 1377 1536 et
1420 1474 1686 1533 viderant
1737 1474 1866 1553 ipsi,
1897 1474 1942 1534 J
1945 1474 2039 1532 oh.
2088 1474 2167 1532 iv.
2197 1478 2295 1533 42.
2343 1474 2460 1533 Sed
2497 1474 2546 1533 si
2594 1476 2788 1552 agitur
2814 1476 2888 1536 de

483 1556 814 1635 cognitione
842 1566 997 1615 certa
1025 1566 1085 1616 et
1110 1557 1367 1615 distincta
1388 1574 1517 1632 qun
1546 1554 1785 1613 fundare
1813 1554 1986 1613 debet
2001 1554 2177 1613 fidem
2203 1574 2319 1612 non
2340 1554 2649 1613 humanam
2671 1564 2732 1615 ct
2755 1577 2886 1633 pro-

480 1636 749 1711 babilem,
780 1635 885 1694 sed
912 1644 1127 1695 certam
1154 1644 1213 1695 et
1240 1634 1513 1711 divinam,
1539 1633 1613 1693 de
1639 1654 1756 1711 qua
1781 1632 1876 1693 hic
1920 1632 2325 1711 disceptamus,
2355 1654 2636 1711 negamus
2682 1636 2886 1695 Eccle-

482 1715 627 1775 siam
654 1715 934 1773 notiorem
962 1716 1133 1773 nobis
1158 1734 1286 1773 esse
1309 1714 1523 1789 Verb0,
1555 1714 1694 1790 quia
1719 1734 1794 1772 ex
1823 1712 1948 1789 ipso
1971 1713 2168 1771 Verbo
2197 1721 2422 1773 tantum
2450 1714 2584 1773 talis
2612 1714 2887 1777 distincta

484 1793 763 1853 Ecclesiae
790 1794 1045 1870 cognitio
1063 1794 1182 1871 peti
1208 1801 1415 1871 potest.
1462 1793 1762 1851 Hactenus
1791 1812 1930 1869 ergo
1959 1791 2170 1853 fallunt
2195 1800 2254 1852 et
2280 1792 2559 1853 falluntur
2585 1794 2884 1855 Adversa-

482 1874 556 1932 rii
581 1874 680 1951 qui
712 1872 1003 1933 circulum
1030 1874 1371 1933 declinaturi
1398 1872 1672 1951 miserum
1698 1873 1811 1931 hoc
1839 1872 2262 1951 subterfugium
2290 1882 2574 1951 quaerunt.

568 1953 725 2013 XII.
769 1956 849 2013 3⁰.
898 1952 1047 2014 Sunt
1073 1954 1175 2032 qui
1200 1960 1269 2013 ut
1288 1953 1782 2013 ratiocinationem
1833 1972 1996 2011 suam
2023 1974 2062 2011 a
2087 1952 2302 2013 circulo
2323 1954 2638 2031 vindicent,
2669 1956 2888 2033 excipi-

478 2042 602 2109 unt,
632 2042 758 2094 tum
786 2034 1018 2095 demum
1046 2035 1325 2094 circulum
1352 2053 1479 2095 esse
1506 2032 1739 2111 quando
1761 2052 2118 2111 consequens
2135 2054 2213 2093 ex
2240 2034 2615 2095 antecedente
2641 2035 2884 2110 illatum,

474 2115 639 2175 nulla
664 2116 780 2175 alia
804 2123 1187 2194 praeterquam
1236 2115 1630 2175 antecedentis
1673 2113 1882 2174 notitia
1926 2114 2136 2174 fultum
2165 2123 2223 2174 et
2267 2114 2591 2194 probatum,
2619 2134 2758 2173 mox
2805 2117 2883 2175 ad

478 2196 569 2256 sui
586 2195 979 2255 antecedentis
999 2195 1395 2274 probationem
1418 2195 1746 2269 assumitur,
1767 2214 1935 2253 secus
1964 2214 2104 2253 vero
2125 2214 2252 2255 esse
2269 2194 2502 2273 quando
2523 2214 2883 2273 consequens

475 2275 709 2334 aliunde
736 2276 923 2351 magis
940 2275 1237 2351 cognitum
1264 2294 1433 2351 quam
1466 2294 1541 2333 ex
1562 2274 1938 2332 antecedente
1959 2273 2037 2332 ad
2063 2294 2230 2333 suum
2259 2275 2607 2335 antecedens
2673 2276 2880 2335 roban·

472 2354 611 2413 dum
640 2352 982 2427 assumitur;
1026 2352 1137 2410 hoc
1164 2372 1303 2410 vero
1331 2353 1392 2409 in
1418 2352 1691 2427 praesenti
1737 2352 2056 2427 quaestione
2100 2372 2425 2429 occurrere,
2463 2373 2618 2431 quan
2659 2376 2694 2414 o
2723 2356 2879 2415 enim

471 2441 703 2511 propter
732 2431 1009 2489 Ecclesiae
1038 2429 1428 2489 testimonium
1456 2428 1710 2487 creditur
1739 2430 2050 2505 Scripturas
2079 2430 2414 2506 authoritas,
2446 2440 2570 2491 tum
2599 2434 2882 2495 Ecclesiae

472 2509 939 2569 infallibilitatem
966 2516 1083 2567 non
1110 2507 1269 2567 credi
1296 2528 1370 2566 ex
1400 2507 1581 2585 ipsius
1612 2507 1922 2584 Scripturas
1945 2508 2307 2583 authoritate,
2339 2510 2444 2569 sed
2470 2531 2547 2569 ex
2573 2516 2880 2572 communi·
2937 2566 2944 2571 .

472 2590 721 2669 busfidei
736 2589 967 2648 motivis.
1054 2589 1151 2649 Sic
1178 2587 1410 2666 quando
1436 2596 1672 2667 propter
1702 2585 2012 2665 Scripturoe
2049 2586 2442 2648 testimonium
2479 2590 2733 2649 creditur
2761 2592 2878 2650 Ee-

476 2670 667 2731 elesiae
695 2669 1093 2745 infallibilitas,
1130 2667 1485 2748 Scripturam
1512 2677 1650 2729 tunc
1675 2687 1793 2727 non
1814 2666 2063 2745 spectari
2087 2668 2324 2746 praecise
2353 2678 2524 2746 prout
2559 2690 2636 2729 ex
2661 2669 2878 2729 infalli-

475 2750 582 2811 bili
611 2751 889 2811 Ecclesiae
926 2750 1257 2810 testimonio
1284 2748 1543 2825 discitur,
1574 2747 1678 2807 sed
1718 2757 1888 2827 prout
1913 2768 1990 2807 ex
2037 2748 2438 2809 communibus
2478 2748 2616 2810 fidei
2643 2752 2883 2813 motivis

474 2830 750 2893 suadetur
777 2832 903 2909 ejus
930 2830 1247 2890 authoritas
1270 2852 1285 2907 ;
1330 2830 1414 2889 sic
1442 2831 1752 2890 Gretserus
1791 2828 2168 2888 ratiocinatur
2203 2830 2262 2887 in
2289 2838 2517 2891 tractat.
2546 2831 2620 2891 de
2641 2851 2876 2909 agnose.

482 2912 689 2991 Script.
715 2933 764 2971 c.
785 2916 840 2987 4,
866 2919 925 2971 et
946 2930 1077 2971 cum
1098 2930 1169 2971 eo
1188 2912 1503 2987 Tannerus,
1535 2910 1684 2987 disp.
1714 2910 1786 2969 de
1813 2909 1946 2985 fide,
1967 2928 2068 2987 spe
2089 2917 2148 2969 et
2169 2910 2388 2986 charit„
2419 2912 2566 2971 thes.
2591 2913 2687 2971 80.
2746 2912 2879 2972 Hoc

474 2992 664 3071 ipsum
691 2992 997 3052 latibulum
1025 2992 1295 3069 quaesivit
1334 2992 1509 3050 etiam
1559 2989 1882 3050 Cardinalis
1927 2990 2226 3049 Richelius
2251 2990 2312 3049 in
2357 2998 2522 3051 tract.
2547 2990 2774 3051 Gallico
2803 2992 2877 3052 de

478 3075 515 3107 “
537 3071 942 3131 convertendis
984 3072 1058 3130 iis
1105 3072 1205 3149 qui
1260 3070 1335 3129 ab
1365 3070 1630 3131 Ecclesia
1677 3070 2058 3130 secessionem
2103 3070 2420 3147 fecerunt,”
2447 3070 2548 3130 lib.
2592 3072 2632 3130 i.
2683 3092 2732 3131 c.
2762 3075 2835 3132 10
2865 3096 2880 3133 ε

478 3154 516 3187 “
530 3150 868 3225 Ecclesiae,''
888 3150 1093 3226 inquit,
1116 3151 1420 3228 “cognitio
1430 3170 1547 3211 non
1567 3150 1783 3227 pendet
1797 3149 2120 3209 necessario
2140 3170 2175 3207 a
2195 3148 2508 3228 Scriptura,
2521 3159 2712 3228 potest
2723 3152 2876 3211 enim

478 3229 743 3289 Ecclesia
763 3229 1036 3304 cognosci
1056 3230 1179 3289 sine
1202 3230 1499 3307 scriptura,
1526 3230 1681 3308 quod
1703 3237 1864 3307 patet
1881 3250 1956 3287 ex
1979 3250 2047 3288 eo
2066 3230 2222 3306 quod
2245 3250 2280 3287 a
2293 3230 2564 3289 fidelibus
2581 3233 2780 3309 agnita
2801 3232 2880 3291 sit

474 3330 511 3369 a
531 3307 818 3367 creatione
838 3326 1021 3383 usque
1050 3307 1125 3365 ad
1150 3308 1373 3367 Mosem
1394 3310 1496 3386 qui
1517 3309 1737 3385 primus
1760 3307 2000 3367 verbum
2026 3309 2135 3367 Dei
2157 3310 2386 3388 scriptis
2414 3311 2795 3388 consignavit,
2817 3320 2876 3371 et

475 3408 511 3448 a
536 3386 739 3467 primis
762 3386 1102 3445 Christianis
1130 3394 1439 3465 antequam
1464 3386 1736 3465 Apostoli
1763 3406 2076 3464 eorumque
2099 3387 2365 3467 discipuli
2397 3391 2780 3467 Evangelium
2811 3400 2872 3451 et

468 3469 653 3529 libros
682 3466 754 3527 N.
784 3468 851 3526 T.
884 3466 1374 3546 conscripsissent,
1406 3467 1489 3527 ita
1525 3486 1655 3526 cum
1689 3466 1943 3544 cognitio
1993 3468 2273 3527 Ecclesiae
2319 3490 2437 3528 non
2481 3471 2729 3547 pendeat
2771 3490 2871 3530 ne-

470 3548 718 3610 cessario
746 3566 783 3607 a
809 3546 1106 3625 scriptura,
1137 3546 1403 3627 quamvis
1446 3546 1826 3606 infallibiliter
1875 3545 2158 3624 scriptura
2205 3550 2478 3626 cognosci
2523 3570 2642 3609 non
2689 3551 2874 3629 possit

469 3632 581 3690 nisi
610 3650 682 3689 ex
716 3628 993 3703 Ecclesia,
1024 3648 1141 3687 non
1167 3627 1479 3687 incurritur
1495 3628 1557 3685 iu
1584 3627 1862 3686 circulum
1881 3627 2154 3686 vitiosum
2181 3628 2282 3705 qni
2307 3628 2462 3687 idem
2489 3650 2594 3707 per
2621 3630 2874 3708 seipsum

473 3710 737 3791 probat,'’
770 3706 877 3768 Sec.
922 3708 1091 3783 Quod
1120 3708 1169 3767 si
1196 3727 1421 3785 urgeas,
1452 3706 1742 3786 quomodo
1769 3726 1924 3766 nunc
1970 3706 2232 3767 Ecclesia
2259 3708 2382 3767 sine
2413 3710 2712 3787 Scriptura
2739 3730 2876 3789 cog-

466 3791 629 3851 nosci
676 3790 876 3867 possit,
922 3788 1137 3865 regerit
1181 3787 1503 3847 Ecclesiam
1552 3788 1798 3847 Roman.
1843 3807 1947 3866 pro
1990 3806 2130 3847 vera
2151 3787 2416 3847 Ecclesia
2463 3791 2751 3867 cognosci,
2789 3795 2870 3851 1⁰.

471 3872 621 3949 Quia
660 3888 955 3947 nunquam
1002 3870 1281 3927 hactenus
1324 3868 1583 3945 legitime
1630 3867 1898 3927 falsitatis
1947 3868 2213 3927 convinci
2240 3870 2444 3946 potuit,
2477 3873 2562 3929 2⁰.
2593 3869 2742 3945 Quia
2769 3890 2869 3929 eas

470 3970 670 4013 omnes
698 3959 864 4008 notas
892 3957 951 4008 et
976 3948 1333 4008 characteres
1361 3947 1583 4007 obtinet
1629 3967 1776 4025 quos
1819 3968 1895 4007 ex
1922 3948 2140 4007 lumine
2187 3949 2437 4008 naturali
2481 3970 2634 4009 verae
2665 3950 2867 4009 Eccle-

472 4034 571 4093 siae
600 4038 923 4108 competere
952 4028 1160 4087 debere
1198 4028 1618 4105 cognoscimus,
1661 4036 1804 4105 puta
1841 4028 2258 4105 antiquitatem,
2288 4031 2746 4107 perpetuitatem,
2777 4031 2868 4089 vi—

471 4112 805 4173 sibilitatem
835 4118 893 4170 et
918 4108 1063 4169 alias
1090 4108 1151 4167 id
1179 4128 1365 4186 genus
1392 4116 1559 4167 notas
1587 4127 1664 4167 ex
1691 4106 1901 4184 quibus
1950 4108 2095 4167 ratio
2113 4109 2343 4185 judicat
2369 4108 2442 4169 de
2489 4110 2732 4169 veritate
2761 4110 2866 4168 ali·

470 4193 638 4269 cujus
668 4190 978 4267 Ecclesiae3
1022 4189 1174 4249 uude
1200 4208 1335 4248 cum
1378 4208 1577 4247 omnes
1619 4187 1681 4245 in
1711 4187 1974 4247 Ecclesia
2022 4187 2191 4247 Rom.
2241 4188 2757 4267 deprehendantur,
2789 4210 2866 4249 ex

468 4291 537 4330 eo
566 4271 913 4330 sufficienter
938 4269 1211 4349 cognosci
1238 4268 1411 4329 etiam
1440 4268 1563 4327 sine
1592 4268 1875 4345 scriptura
1899 4287 2099 4327 veram
2127 4288 2254 4329 esse
2283 4269 2622 4329 Ecclesiam.

550 4348 741 4407 XIII.
786 4351 1065 4425 Quamvis
1091 4370 1231 4410 vero
1258 4350 1401 4408 mire
1430 4349 1542 4408 sibi
1576 4347 1856 4427 plaudant
1882 4346 2225 4408 Adversarii
2270 4348 2334 4407 in
2359 4350 2470 4409 hoc
2519 4356 2858 4427 eommeutO,

464 4448 581 4487 non
608 4427 841 4487 difficile
888 4438 979 4491 est
1016 4438 1211 4490 tamen
1254 4431 1383 4507 ejus
1415 4428 1832 4489 absurditatem
1861 4428 2178 4488 ostendere.
2240 4432 2292 4488 1.
2325 4429 2494 4505 Quod
2521 4429 2864 4509 supponitur

464 4505 648 4569 Verbi
674 4507 1079 4568 authoritatem
1110 4509 1343 4571 aliunde
1372 4530 1544 4587 quam
1571 4509 1647 4569 ab
1697 4509 1976 4569 Ecclesiae
2022 4508 2351 4569 testimonio
2389 4510 2677 4587 cognosci,
2708 4510 2861 4586 ipso-

459 4606 585 4649 rum
607 4584 917 4664 hypothesi
944 4598 1139 4664 aperte
1160 4598 1461 4665 repugnat.
1506 4590 1656 4649 Nam
1679 4590 1729 4649 si
1755 4608 1958 4649 revera
1977 4588 2236 4663 eredunt,
2265 4597 2332 4649 ut
2351 4590 2566 4667 passim
2588 4588 2859 4667 profiten-
