<?xml version="1.0" encoding="UTF-8"?>
<!DOCTYPE html PUBLIC "-//W3C//DTD XHTML 1.0 Transitional//EN"
    "http://www.w3.org/TR/xhtml1/DTD/xhtml1-transitional.dtd">
<html xmlns="http://www.w3.org/1999/xhtml" xml:lang="en" lang="en">
 <head>
  <title>
</title>
<meta http-equiv="Content-Type" content="text/html;charset=utf-8" />
  <meta name='ocr-system' content='tesseract 3.04.00' />
  <meta name='ocr-capabilities' content='ocr_page ocr_carea ocr_par ocr_line ocrx_word'/>
</head>
<body>
  <div class='ocr_page' id='page_1' title='image "./denecessariasec00turrgoog_0461.png"; bbox 0 0 3234 5192; ppageno 0'>
   <div class='ocr_carea' id='block_1_1' title="bbox 313 357 2726 432">
    <p class='ocr_par' dir='ltr' id='par_1_1' title="bbox 313 357 2726 432">
     <span class='ocr_line' id='line_1_1' title="bbox 313 357 2726 432; baseline 0.003 -25"><span class='ocrx_word' id='word_1_1' title='bbox 313 366 545 414; x_wconf 77' lang='lat' dir='ltr'><strong>msrur.</strong></span> <span class='ocrx_word' id='word_1_2' title='bbox 574 357 709 432; x_wconf 82' lang='lat' dir='ltr'>x11.]</span> <span class='ocrx_word' id='word_1_3' title='bbox 862 376 941 416; x_wconf 78' lang='lat' dir='ltr'><strong>nn</strong></span> <span class='ocrx_word' id='word_1_4' title='bbox 970 374 1445 416; x_wconf 58' lang='lat' dir='ltr'><strong>sArxsrsc&#39;rxoms</strong></span> <span class='ocrx_word' id='word_1_5' title='bbox 1472 375 1710 418; x_wconf 77' lang='lat' dir='ltr'><strong>cums-m</strong></span> <span class='ocrx_word' id='word_1_6' title='bbox 1739 371 2155 417; x_wconf 69' lang='lat' dir='ltr'><strong>uscnssrmrn.</strong></span> <span class='ocrx_word' id='word_1_7' title='bbox 2611 357 2726 414; x_wconf 80' lang='lat'><strong>411</strong></span> 
     </span>
    </p>
   </div>
   <div class='ocr_carea' id='block_1_2' title="bbox 316 508 2729 1040">
    <p class='ocr_par' dir='ltr' id='par_1_2' title="bbox 316 508 2729 1040">
     <span class='ocr_line' id='line_1_2' title="bbox 316 508 2726 592; baseline 0.002 -26"><span class='ocrx_word' id='word_1_8' title='bbox 316 508 473 569; x_wconf 85' lang='lat' dir='ltr'><strong>circa</strong></span> <span class='ocrx_word' id='word_1_9' title='bbox 496 513 675 586; x_wconf 88' lang='lat' dir='ltr'><strong>idem,</strong></span> <span class='ocrx_word' id='word_1_10' title='bbox 697 515 937 590; x_wconf 84' lang='lat' dir='ltr'><strong>justitia</strong></span> <span class='ocrx_word' id='word_1_11' title='bbox 962 515 1182 592; x_wconf 85' lang='lat' dir='ltr'><strong>quippe</strong></span> <span class='ocrx_word' id='word_1_12' title='bbox 1210 535 1271 575; x_wconf 90' lang='lat' dir='ltr'><strong>se</strong></span> <span class='ocrx_word' id='word_1_13' title='bbox 1298 516 1532 574; x_wconf 79' lang='lat' dir='ltr'>exeruit</span> <span class='ocrx_word' id='word_1_14' title='bbox 1556 514 1619 574; x_wconf 91' lang='lat' dir='ltr'><strong>in</strong></span> <span class='ocrx_word' id='word_1_15' title='bbox 1653 515 1974 587; x_wconf 83' lang='lat' dir='ltr'><strong>Christum,</strong></span> <span class='ocrx_word' id='word_1_16' title='bbox 2003 523 2068 574; x_wconf 92' lang='lat' dir='ltr'><strong>at</strong></span> <span class='ocrx_word' id='word_1_17' title='bbox 2092 531 2235 590; x_wconf 84' lang='lat' dir='ltr'><strong>erga</strong></span> <span class='ocrx_word' id='word_1_18' title='bbox 2259 531 2370 574; x_wconf 90' lang='lat' dir='ltr'><strong>nos</strong></span> <span class='ocrx_word' id='word_1_19' title='bbox 2395 513 2726 572; x_wconf 86' lang='lat' dir='ltr'><strong>misericor·</strong></span> 
     </span>
     <span class='ocr_line' id='line_1_3' title="bbox 316 588 2728 669; baseline 0.002 -23"><span class='ocrx_word' id='word_1_20' title='bbox 316 588 435 659; x_wconf 81' lang='lat' dir='ltr'><strong>(lia,</strong></span> <span class='ocrx_word' id='word_1_21' title='bbox 466 590 705 664; x_wconf 81' lang='lat' dir='ltr'><strong>justitia</strong></span> <span class='ocrx_word' id='word_1_22' title='bbox 721 595 783 650; x_wconf 89' lang='lat' dir='ltr'><strong>in</strong></span> <span class='ocrx_word' id='word_1_23' title='bbox 804 595 1109 669; x_wconf 88' lang='lat' dir='ltr'><strong>puniendo</strong></span> <span class='ocrx_word' id='word_1_24' title='bbox 1137 601 1394 668; x_wconf 83' lang='lat' dir='ltr'><strong>peccato,</strong></span> <span class='ocrx_word' id='word_1_25' title='bbox 1425 594 1828 652; x_wconf 86' lang='lat' dir='ltr'><strong>misericordia</strong></span> <span class='ocrx_word' id='word_1_26' title='bbox 1843 595 1906 651; x_wconf 87' lang='lat' dir='ltr'><strong>in</strong></span> <span class='ocrx_word' id='word_1_27' title='bbox 1933 595 2222 652; x_wconf 82' lang='lat' dir='ltr'><strong>salvando</strong></span> <span class='ocrx_word' id='word_1_28' title='bbox 2248 599 2570 668; x_wconf 78' lang='lat' dir='ltr'><strong>peccatore,</strong></span> <span class='ocrx_word' id='word_1_29' title='bbox 2592 593 2728 666; x_wconf 89' lang='lat' dir='ltr'><strong>jus-</strong></span> 
     </span>
     <span class='ocr_line' id='line_1_4' title="bbox 318 665 2729 747; baseline 0.002 -25"><span class='ocrx_word' id='word_1_30' title='bbox 318 665 468 724; x_wconf 85' lang='lat' dir='ltr'><strong>titioe</strong></span> <span class='ocrx_word' id='word_1_31' title='bbox 498 670 801 745; x_wconf 81' lang='lat' dir='ltr'><strong>objectum</strong></span> <span class='ocrx_word' id='word_1_32' title='bbox 829 680 919 730; x_wconf 91' lang='lat' dir='ltr'><strong>est</strong></span> <span class='ocrx_word' id='word_1_33' title='bbox 944 673 1124 747; x_wconf 87' lang='lat' dir='ltr'><strong>culpa</strong></span> <span class='ocrx_word' id='word_1_34' title='bbox 1149 673 1273 730; x_wconf 82' lang='lat' dir='ltr'><strong>sive</strong></span> <span class='ocrx_word' id='word_1_35' title='bbox 1312 674 1544 729; x_wconf 90' lang='lat' dir='ltr'><strong>malum</strong></span> <span class='ocrx_word' id='word_1_36' title='bbox 1569 673 1799 730; x_wconf 89' lang='lat' dir='ltr'><strong>morale</strong></span> <span class='ocrx_word' id='word_1_37' title='bbox 1818 672 1986 747; x_wconf 88' lang='lat' dir='ltr'><strong>quod</strong></span> <span class='ocrx_word' id='word_1_38' title='bbox 2006 671 2172 730; x_wconf 81' lang='lat' dir='ltr'><strong>Deus</strong></span> <span class='ocrx_word' id='word_1_39' title='bbox 2192 671 2458 729; x_wconf 88' lang='lat' dir='ltr'><strong>inultum</strong></span> <span class='ocrx_word' id='word_1_40' title='bbox 2477 671 2602 746; x_wconf 87' lang='lat' dir='ltr'><strong>pati</strong></span> <span class='ocrx_word' id='word_1_41' title='bbox 2624 689 2729 727; x_wconf 91' lang='lat' dir='ltr'><strong>ne-</strong></span> 
     </span>
     <span class='ocr_line' id='line_1_5' title="bbox 321 745 2725 825; baseline 0.002 -25"><span class='ocrx_word' id='word_1_42' title='bbox 321 745 471 818; x_wconf 90' lang='lat' dir='ltr'><strong>quit,</strong></span> <span class='ocrx_word' id='word_1_43' title='bbox 488 749 911 808; x_wconf 81' lang='lat' dir='ltr'><strong>misericordiae</strong></span> <span class='ocrx_word' id='word_1_44' title='bbox 931 768 1075 807; x_wconf 87' lang='lat' dir='ltr'><strong>vero</strong></span> <span class='ocrx_word' id='word_1_45' title='bbox 1090 749 1330 808; x_wconf 86' lang='lat' dir='ltr'><strong>miseria</strong></span> <span class='ocrx_word' id='word_1_46' title='bbox 1348 751 1471 808; x_wconf 87' lang='lat' dir='ltr'><strong>sive</strong></span> <span class='ocrx_word' id='word_1_47' title='bbox 1487 752 1719 808; x_wconf 89' lang='lat' dir='ltr'><strong>malum</strong></span> <span class='ocrx_word' id='word_1_48' title='bbox 1746 749 2066 825; x_wconf 87' lang='lat' dir='ltr'><strong>physicum</strong></span> <span class='ocrx_word' id='word_1_49' title='bbox 2092 750 2169 808; x_wconf 87' lang='lat' dir='ltr'><strong>ad</strong></span> <span class='ocrx_word' id='word_1_50' title='bbox 2191 749 2354 824; x_wconf 92' lang='lat' dir='ltr'><strong>quod</strong></span> <span class='ocrx_word' id='word_1_51' title='bbox 2371 766 2411 805; x_wconf 89' lang='lat' dir='ltr'><strong>a</strong></span> <span class='ocrx_word' id='word_1_52' title='bbox 2437 748 2725 806; x_wconf 79' lang='lat' dir='ltr'><strong>creaturis</strong></span> 
     </span>
     <span class='ocr_line' id='line_1_6' title="bbox 320 825 2726 903; baseline 0.002 -25"><span class='ocrx_word' id='word_1_53' title='bbox 320 829 755 885; x_wconf 87' lang='lat' dir='ltr'><strong>removendum</strong></span> <span class='ocrx_word' id='word_1_54' title='bbox 784 829 953 886; x_wconf 89' lang='lat' dir='ltr'><strong>Deus</strong></span> <span class='ocrx_word' id='word_1_55' title='bbox 988 845 1099 903; x_wconf 92' lang='lat' dir='ltr'><strong>pro</strong></span> <span class='ocrx_word' id='word_1_56' title='bbox 1140 828 1437 885; x_wconf 88' lang='lat' dir='ltr'><strong>immensa</strong></span> <span class='ocrx_word' id='word_1_57' title='bbox 1474 846 1587 886; x_wconf 89' lang='lat' dir='ltr'><strong>sua</strong></span> <span class='ocrx_word' id='word_1_58' title='bbox 1631 828 1901 886; x_wconf 86' lang='lat' dir='ltr'><strong>bonitate</strong></span> <span class='ocrx_word' id='word_1_59' title='bbox 1943 845 2176 902; x_wconf 79' lang='lat' dir='ltr'><strong>semper</strong></span> <span class='ocrx_word' id='word_1_60' title='bbox 2203 827 2549 902; x_wconf 79' lang='lat' dir='ltr'><strong>propendet,</strong></span> <span class='ocrx_word' id='word_1_61' title='bbox 2597 825 2726 884; x_wconf 83' lang='lat' dir='ltr'><strong>haec</strong></span> 
     </span>
     <span class='ocr_line' id='line_1_7' title="bbox 322 903 2727 1037; baseline 0 -75"><span class='ocrx_word' id='word_1_62' title='bbox 322 911 521 1037; x_wconf 48' lang='grc' dir='ltr'><strong>εἶξα</strong></span> <span class='ocrx_word' id='word_1_63' title='bbox 546 924 697 982; x_wconf 87' lang='lat' dir='ltr'><strong>opus</strong></span> <span class='ocrx_word' id='word_1_64' title='bbox 722 925 900 964; x_wconf 88' lang='lat' dir='ltr'><strong>suum</strong></span> <span class='ocrx_word' id='word_1_65' title='bbox 928 906 1209 967; x_wconf 87' lang='lat' dir='ltr'><strong>nimirum</strong></span> <span class='ocrx_word' id='word_1_66' title='bbox 1240 911 1593 978; x_wconf 87' lang='lat' dir='ltr'><strong>creaturam,</strong></span> <span class='ocrx_word' id='word_1_67' title='bbox 1620 905 1732 964; x_wconf 87' lang='lat' dir='ltr'><strong>illa</strong></span> <span class='ocrx_word' id='word_1_68' title='bbox 1771 905 2026 964; x_wconf 82' lang='lat' dir='ltr'><strong>destruit</strong></span> <span class='ocrx_word' id='word_1_69' title='bbox 2051 905 2318 964; x_wconf 85' lang='lat' dir='ltr'><strong>alienum</strong></span> <span class='ocrx_word' id='word_1_70' title='bbox 2344 903 2568 963; x_wconf 88' lang='lat' dir='ltr'><strong>scilicet</strong></span> <span class='ocrx_word' id='word_1_71' title='bbox 2591 923 2727 980; x_wconf 86' lang='lat' dir='ltr'><strong>pec-</strong></span> 
     </span>
     <span class='ocr_line' id='line_1_8' title="bbox 321 996 543 1040; baseline 0.018 -4"><span class='ocrx_word' id='word_1_72' title='bbox 321 996 393 1036; x_wconf 90' lang='lat' dir='ltr'><strong>ca</strong></span> <span class='ocrx_word' id='word_1_73' title='bbox 462 1000 543 1040; x_wconf 86' lang='lat' dir='ltr'><strong>m.</strong></span> 
     </span>
    </p>
   </div>
   <div class='ocr_carea' id='block_1_3' title="bbox 323 1057 2750 4724">
    <p class='ocr_par' dir='ltr' id='par_1_3' title="bbox 323 1057 2742 3842">
     <span class='ocr_line' id='line_1_9' title="bbox 407 1057 2728 1135; baseline 0 -18"><span class='ocrx_word' id='word_1_74' title='bbox 407 1057 527 1120; x_wconf 89' lang='lat' dir='ltr'><strong>VI.</strong></span> <span class='ocrx_word' id='word_1_75' title='bbox 572 1062 678 1121; x_wconf 89' lang='lat' dir='ltr'><strong>Ad</strong></span> <span class='ocrx_word' id='word_1_76' title='bbox 705 1062 951 1120; x_wconf 86' lang='lat' dir='ltr'><strong>tertium</strong></span> <span class='ocrx_word' id='word_1_77' title='bbox 994 1062 1214 1120; x_wconf 84' lang='lat' dir='ltr'><strong>iterum</strong></span> <span class='ocrx_word' id='word_1_78' title='bbox 1254 1062 1571 1120; x_wconf 83' lang='lat' dir='ltr'><strong>confundit</strong></span> <span class='ocrx_word' id='word_1_79' title='bbox 1596 1062 1914 1121; x_wconf 72' lang='lat' dir='ltr'><strong>haereticus</strong></span> <span class='ocrx_word' id='word_1_80' title='bbox 1950 1060 2252 1135; x_wconf 85' lang='lat' dir='ltr'><strong>justitiam</strong></span> <span class='ocrx_word' id='word_1_81' title='bbox 2289 1065 2354 1118; x_wconf 89' lang='lat' dir='ltr'><strong>et</strong></span> <span class='ocrx_word' id='word_1_82' title='bbox 2396 1059 2728 1118; x_wconf 87' lang='lat' dir='ltr'><strong>misericor-</strong></span> 
     </span>
     <span class='ocr_line' id='line_1_10' title="bbox 323 1136 2728 1216; baseline 0.001 -22"><span class='ocrx_word' id='word_1_83' title='bbox 323 1136 487 1195; x_wconf 83' lang='lat' dir='ltr'><strong>diam</strong></span> <span class='ocrx_word' id='word_1_84' title='bbox 540 1159 679 1198; x_wconf 89' lang='grc'>011111</span> <span class='ocrx_word' id='word_1_85' title='bbox 719 1139 1163 1216; x_wconf 77' lang='lat' dir='ltr'><strong>operationibus</strong></span> <span class='ocrx_word' id='word_1_86' title='bbox 1202 1146 1265 1197; x_wconf 91' lang='lat' dir='ltr'><strong>et</strong></span> <span class='ocrx_word' id='word_1_87' title='bbox 1315 1139 1573 1212; x_wconf 83' lang='lat' dir='ltr'><strong>effectis3</strong></span> <span class='ocrx_word' id='word_1_88' title='bbox 1614 1139 1679 1199; x_wconf 77' lang='lat' dir='ltr'>N</span> <span class='ocrx_word' id='word_1_89' title='bbox 1683 1159 1780 1199; x_wconf 89' lang='lat' dir='ltr'><strong>am</strong></span> <span class='ocrx_word' id='word_1_90' title='bbox 1808 1141 1858 1198; x_wconf 90' lang='lat' dir='ltr'><strong>si</strong></span> <span class='ocrx_word' id='word_1_91' title='bbox 1897 1139 2303 1198; x_wconf 83' lang='lat' dir='ltr'><strong>misericordia</strong></span> <span class='ocrx_word' id='word_1_92' title='bbox 2328 1139 2548 1198; x_wconf 85' lang='lat' dir='ltr'><strong>dicitur</strong></span> <span class='ocrx_word' id='word_1_93' title='bbox 2573 1140 2728 1197; x_wconf 87' lang='lat' dir='ltr'><strong>iram</strong></span> 
     </span>
     <span class='ocr_line' id='line_1_11' title="bbox 324 1218 2730 1310; baseline 0.002 -38"><span class='ocrx_word' id='word_1_94' title='bbox 324 1232 621 1290; x_wconf 86' lang='lat' dir='ltr'><strong>superare,</strong></span> <span class='ocrx_word' id='word_1_95' title='bbox 650 1219 765 1276; x_wconf 86' lang='grc'>1100</span> <span class='ocrx_word' id='word_1_96' title='bbox 790 1236 912 1274; x_wconf 89' lang='grc'>1100</span> <span class='ocrx_word' id='word_1_97' title='bbox 960 1218 1215 1294; x_wconf 74' lang='lat' dir='ltr'><strong>affective</strong></span> <span class='ocrx_word' id='word_1_98' title='bbox 1266 1219 1367 1275; x_wconf 87' lang='lat' dir='ltr'><strong>sed</strong></span> <span class='ocrx_word' id='word_1_99' title='bbox 1424 1219 1668 1310; x_wconf 57' lang='lat' dir='ltr'><strong>effective</strong></span> <span class='ocrx_word' id='word_1_100' title='bbox 1717 1218 2177 1292; x_wconf 75' lang='lat' dir='ltr'><strong>intelligendum</strong></span> <span class='ocrx_word' id='word_1_101' title='bbox 2227 1223 2335 1292; x_wconf 89' lang='lat' dir='ltr'><strong>est,</strong></span> <span class='ocrx_word' id='word_1_102' title='bbox 2381 1218 2527 1294; x_wconf 86' lang='lat' dir='ltr'><strong>quia</strong></span> <span class='ocrx_word' id='word_1_103' title='bbox 2551 1218 2730 1292; x_wconf 83' lang='lat' dir='ltr'><strong>plura</strong></span> 
     </span>
     <span class='ocr_line' id='line_1_12' title="bbox 324 1293 2729 1371; baseline 0.002 -22"><span class='ocrx_word' id='word_1_104' title='bbox 324 1293 536 1352; x_wconf 87' lang='lat' dir='ltr'><strong>effecta</strong></span> <span class='ocrx_word' id='word_1_105' title='bbox 561 1296 770 1371; x_wconf 73' lang='lat' dir='ltr'><strong>gratiae</strong></span> <span class='ocrx_word' id='word_1_106' title='bbox 798 1302 861 1353; x_wconf 89' lang='lat' dir='ltr'><strong>et</strong></span> <span class='ocrx_word' id='word_1_107' title='bbox 884 1295 1297 1354; x_wconf 70' lang='lat' dir='ltr'><strong>misericordias</strong></span> <span class='ocrx_word' id='word_1_108' title='bbox 1326 1297 1497 1354; x_wconf 82' lang='lat' dir='ltr'><strong>nobis</strong></span> <span class='ocrx_word' id='word_1_109' title='bbox 1516 1296 1758 1354; x_wconf 84' lang='lat' dir='ltr'><strong>exhibet</strong></span> <span class='ocrx_word' id='word_1_110' title='bbox 1782 1314 1966 1371; x_wconf 87' lang='lat' dir='ltr'><strong>quam</strong></span> <span class='ocrx_word' id='word_1_111' title='bbox 1997 1295 2250 1369; x_wconf 83' lang='lat' dir='ltr'><strong>justitiae</strong></span> <span class='ocrx_word' id='word_1_112' title='bbox 2278 1297 2358 1354; x_wconf 85' lang='lat' dir='ltr'><strong>ad</strong></span> <span class='ocrx_word' id='word_1_113' title='bbox 2384 1295 2620 1370; x_wconf 87' lang='lat' dir='ltr'><strong>piorum</strong></span> <span class='ocrx_word' id='word_1_114' title='bbox 2638 1314 2729 1354; x_wconf 87' lang='lat' dir='ltr'><strong>so-</strong></span> 
     </span>
     <span class='ocr_line' id='line_1_13' title="bbox 325 1369 2732 1450; baseline 0.003 -26"><span class='ocrx_word' id='word_1_115' title='bbox 325 1369 539 1429; x_wconf 89' lang='lat' dir='ltr'><strong>latium</strong></span> <span class='ocrx_word' id='word_1_116' title='bbox 562 1394 579 1442; x_wconf 72' lang='lat'>3</span> <span class='ocrx_word' id='word_1_117' title='bbox 624 1374 726 1432; x_wconf 85' lang='lat' dir='ltr'><strong>Ita</strong></span> <span class='ocrx_word' id='word_1_118' title='bbox 749 1374 890 1431; x_wconf 89' lang='lat' dir='ltr'><strong>licet</strong></span> <span class='ocrx_word' id='word_1_119' title='bbox 916 1374 1011 1432; x_wconf 78' lang='lat' dir='ltr'><strong>11ae</strong></span> <span class='ocrx_word' id='word_1_120' title='bbox 1058 1375 1195 1432; x_wconf 83' lang='lat' dir='ltr'><strong>duoe</strong></span> <span class='ocrx_word' id='word_1_121' title='bbox 1223 1375 1611 1450; x_wconf 74' lang='lat' dir='ltr'><strong>proprietates</strong></span> <span class='ocrx_word' id='word_1_122' title='bbox 1649 1393 1724 1433; x_wconf 87' lang='lat' dir='ltr'><strong>ex</strong></span> <span class='ocrx_word' id='word_1_123' title='bbox 1750 1392 1926 1450; x_wconf 75' lang='lat' dir='ltr'><strong>aequo</strong></span> <span class='ocrx_word' id='word_1_124' title='bbox 1952 1373 2072 1432; x_wconf 87' lang='lat' dir='ltr'><strong>sint</strong></span> <span class='ocrx_word' id='word_1_125' title='bbox 2096 1373 2344 1432; x_wconf 77' lang='lat' dir='ltr'><strong>infinitae</strong></span> <span class='ocrx_word' id='word_1_126' title='bbox 2372 1374 2437 1430; x_wconf 89' lang='lat' dir='ltr'><strong>in</strong></span> <span class='ocrx_word' id='word_1_127' title='bbox 2464 1373 2614 1444; x_wconf 89' lang='lat' dir='ltr'><strong>Deo,</strong></span> <span class='ocrx_word' id='word_1_128' title='bbox 2643 1379 2732 1431; x_wconf 83' lang='lat' dir='ltr'><strong>ta-</strong></span> 
     </span>
     <span class='ocr_line' id='line_1_14' title="bbox 326 1451 2734 1527; baseline 0.002 -24"><span class='ocrx_word' id='word_1_129' title='bbox 326 1464 465 1505; x_wconf 86' lang='lat' dir='ltr'><strong>men</strong></span> <span class='ocrx_word' id='word_1_130' title='bbox 494 1451 889 1510; x_wconf 83' lang='lat' dir='ltr'><strong>diversimode</strong></span> <span class='ocrx_word' id='word_1_131' title='bbox 916 1469 1041 1509; x_wconf 86' lang='lat' dir='ltr'><strong>sese</strong></span> <span class='ocrx_word' id='word_1_132' title='bbox 1068 1469 1211 1527; x_wconf 85' lang='lat' dir='ltr'><strong>erga</strong></span> <span class='ocrx_word' id='word_1_133' title='bbox 1228 1452 1499 1511; x_wconf 89' lang='lat' dir='ltr'><strong>homines</strong></span> <span class='ocrx_word' id='word_1_134' title='bbox 1518 1459 1788 1523; x_wconf 85' lang='lat' dir='ltr'><strong>exerunt,</strong></span> <span class='ocrx_word' id='word_1_135' title='bbox 1809 1453 1956 1510; x_wconf 90' lang='lat' dir='ltr'><strong>dum</strong></span> <span class='ocrx_word' id='word_1_136' title='bbox 1979 1469 2090 1510; x_wconf 91' lang='lat' dir='ltr'><strong>nec</strong></span> <span class='ocrx_word' id='word_1_137' title='bbox 2108 1452 2379 1509; x_wconf 89' lang='lat' dir='ltr'><strong>omnium</strong></span> <span class='ocrx_word' id='word_1_138' title='bbox 2419 1451 2734 1527; x_wconf 79' lang='lat' dir='ltr'><strong>aequaliter</strong></span> 
     </span>
     <span class='ocr_line' id='line_1_15' title="bbox 326 1525 2732 1605; baseline 0.003 -24"><span class='ocrx_word' id='word_1_139' title='bbox 326 1525 657 1602; x_wconf 86' lang='lat' dir='ltr'><strong>miseretur,</strong></span> <span class='ocrx_word' id='word_1_140' title='bbox 699 1547 809 1588; x_wconf 91' lang='lat' dir='ltr'><strong>nec</strong></span> <span class='ocrx_word' id='word_1_141' title='bbox 848 1547 1054 1587; x_wconf 85' lang='lat' dir='ltr'><strong>omnes</strong></span> <span class='ocrx_word' id='word_1_142' title='bbox 1099 1548 1175 1587; x_wconf 84' lang='lat' dir='ltr'><strong>ex</strong></span> <span class='ocrx_word' id='word_1_143' title='bbox 1216 1549 1393 1605; x_wconf 84' lang='lat' dir='ltr'><strong>aequo</strong></span> <span class='ocrx_word' id='word_1_144' title='bbox 1445 1530 1712 1604; x_wconf 87' lang='lat' dir='ltr'><strong>indurat,</strong></span> <span class='ocrx_word' id='word_1_145' title='bbox 1754 1531 1859 1589; x_wconf 88' lang='lat' dir='ltr'><strong>sed</strong></span> <span class='ocrx_word' id='word_1_146' title='bbox 1886 1535 2124 1588; x_wconf 83' lang='lat' dir='ltr'><strong>tantum</strong></span> <span class='ocrx_word' id='word_1_147' title='bbox 2170 1536 2354 1605; x_wconf 89' lang='lat' dir='ltr'><strong>prout</strong></span> <span class='ocrx_word' id='word_1_148' title='bbox 2376 1529 2529 1601; x_wconf 81' lang='lat' dir='ltr'><strong>vult,</strong></span> <span class='ocrx_word' id='word_1_149' title='bbox 2558 1530 2732 1605; x_wconf 70' lang='lat' dir='ltr'><strong>cnjus</strong></span> 
     </span>
     <span class='ocr_line' id='line_1_16' title="bbox 326 1604 2734 1684; baseline 0 -21"><span class='ocrx_word' id='word_1_150' title='bbox 326 1604 569 1677; x_wconf 86' lang='lat' dir='ltr'><strong>quidem</strong></span> <span class='ocrx_word' id='word_1_151' title='bbox 594 1607 1019 1683; x_wconf 67' lang='lat' dir='ltr'><strong>inaequalitatis</strong></span> <span class='ocrx_word' id='word_1_152' title='bbox 1045 1625 1224 1666; x_wconf 87' lang='lat' dir='ltr'><strong>causa</strong></span> <span class='ocrx_word' id='word_1_153' title='bbox 1249 1609 1483 1668; x_wconf 84' lang='lat' dir='ltr'><strong>occulta</strong></span> <span class='ocrx_word' id='word_1_154' title='bbox 1509 1627 1635 1667; x_wconf 85' lang='lat' dir='ltr'><strong>esse</strong></span> <span class='ocrx_word' id='word_1_155' title='bbox 1660 1613 1871 1684; x_wconf 81' lang='lat' dir='ltr'><strong>potest,</strong></span> <span class='ocrx_word' id='word_1_156' title='bbox 1893 1607 2120 1682; x_wconf 82' lang='lat' dir='ltr'><strong>injusta</strong></span> <span class='ocrx_word' id='word_1_157' title='bbox 2135 1625 2259 1666; x_wconf 87' lang='lat' dir='ltr'><strong>esse</strong></span> <span class='ocrx_word' id='word_1_158' title='bbox 2275 1625 2400 1667; x_wconf 88' lang='lat' dir='ltr'><strong>non</strong></span> <span class='ocrx_word' id='word_1_159' title='bbox 2420 1613 2633 1682; x_wconf 83' lang='lat' dir='ltr'><strong>potest,</strong></span> <span class='ocrx_word' id='word_1_160' title='bbox 2661 1613 2734 1666; x_wconf 89' lang='lat' dir='ltr'><strong>ut</strong></span> 
     </span>
     <span class='ocr_line' id='line_1_17' title="bbox 326 1681 2734 1762; baseline 0.001 -23"><span class='ocrx_word' id='word_1_161' title='bbox 326 1681 468 1740; x_wconf 88' lang='lat' dir='ltr'><strong>scite</strong></span> <span class='ocrx_word' id='word_1_162' title='bbox 497 1686 643 1743; x_wconf 87' lang='lat' dir='ltr'><strong>olim</strong></span> <span class='ocrx_word' id='word_1_163' title='bbox 674 1686 939 1760; x_wconf 85' lang='lat' dir='ltr'><strong>August.</strong></span> <span class='ocrx_word' id='word_1_164' title='bbox 1022 1685 1088 1746; x_wconf 87' lang='lat' dir='ltr'><strong>Si</strong></span> <span class='ocrx_word' id='word_1_165' title='bbox 1103 1723 1116 1736; x_wconf 73' lang='lat'><strong>.</strong></span> <span class='ocrx_word' id='word_1_166' title='bbox 1130 1687 1266 1762; x_wconf 89' lang='lat' dir='ltr'><strong>quis</strong></span> <span class='ocrx_word' id='word_1_167' title='bbox 1311 1705 1452 1746; x_wconf 86' lang='lat' dir='ltr'><strong>vero</strong></span> <span class='ocrx_word' id='word_1_168' title='bbox 1478 1686 1732 1745; x_wconf 81' lang='lat' dir='ltr'><strong>ulterius</strong></span> <span class='ocrx_word' id='word_1_169' title='bbox 1779 1693 2012 1762; x_wconf 85' lang='lat' dir='ltr'><strong>quaerat</strong></span> <span class='ocrx_word' id='word_1_170' title='bbox 2037 1703 2144 1743; x_wconf 91' lang='lat' dir='ltr'><strong>cur</strong></span> <span class='ocrx_word' id='word_1_171' title='bbox 2170 1686 2337 1744; x_wconf 87' lang='lat' dir='ltr'><strong>Deus</strong></span> <span class='ocrx_word' id='word_1_172' title='bbox 2363 1685 2734 1744; x_wconf 77' lang='lat' dir='ltr'><strong>describatur</strong></span> 
     </span>
     <span class='ocr_line' id='line_1_18' title="bbox 328 1763 2732 1841; baseline 0.002 -25"><span class='ocrx_word' id='word_1_173' title='bbox 328 1763 499 1820; x_wconf 89' lang='lat' dir='ltr'><strong>nobis</strong></span> <span class='ocrx_word' id='word_1_174' title='bbox 544 1764 609 1821; x_wconf 91' lang='lat' dir='ltr'><strong>in</strong></span> <span class='ocrx_word' id='word_1_175' title='bbox 656 1763 949 1839; x_wconf 88' lang='lat' dir='ltr'><strong>scriptura</strong></span> <span class='ocrx_word' id='word_1_176' title='bbox 995 1765 1242 1840; x_wconf 88' lang='lat' dir='ltr'><strong>pronior</strong></span> <span class='ocrx_word' id='word_1_177' title='bbox 1288 1766 1367 1822; x_wconf 82' lang='lat' dir='ltr'><strong>ad</strong></span> <span class='ocrx_word' id='word_1_178' title='bbox 1409 1765 1876 1824; x_wconf 86' lang='lat' dir='ltr'><strong>misericordiam</strong></span> <span class='ocrx_word' id='word_1_179' title='bbox 1911 1781 2095 1841; x_wconf 86' lang='lat' dir='ltr'><strong>quam</strong></span> <span class='ocrx_word' id='word_1_180' title='bbox 2132 1765 2212 1822; x_wconf 87' lang='lat' dir='ltr'><strong>ad</strong></span> <span class='ocrx_word' id='word_1_181' title='bbox 2243 1763 2562 1837; x_wconf 86' lang='lat' dir='ltr'><strong>justitiam,</strong></span> <span class='ocrx_word' id='word_1_182' title='bbox 2591 1781 2732 1822; x_wconf 89' lang='lat' dir='ltr'><strong>cum</strong></span> 
     </span>
     <span class='ocr_line' id='line_1_19' title="bbox 326 1836 2735 1916; baseline 0.002 -21"><span class='ocrx_word' id='word_1_183' title='bbox 326 1836 500 1898; x_wconf 88' lang='lat' dir='ltr'><strong>istius</strong></span> <span class='ocrx_word' id='word_1_184' title='bbox 528 1860 655 1899; x_wconf 90' lang='lat' dir='ltr'><strong>non</strong></span> <span class='ocrx_word' id='word_1_185' title='bbox 680 1842 881 1899; x_wconf 87' lang='lat' dir='ltr'><strong>minus</strong></span> <span class='ocrx_word' id='word_1_186' title='bbox 907 1859 1093 1916; x_wconf 88' lang='lat' dir='ltr'><strong>quam</strong></span> <span class='ocrx_word' id='word_1_187' title='bbox 1117 1842 1285 1901; x_wconf 88' lang='lat' dir='ltr'><strong>illius</strong></span> <span class='ocrx_word' id='word_1_188' title='bbox 1308 1842 1549 1900; x_wconf 86' lang='lat' dir='ltr'><strong>virtutis</strong></span> <span class='ocrx_word' id='word_1_189' title='bbox 1576 1843 1927 1900; x_wconf 82' lang='lat' dir='ltr'><strong>exercitium</strong></span> <span class='ocrx_word' id='word_1_190' title='bbox 1955 1842 2087 1900; x_wconf 91' lang='lat' dir='ltr'><strong>Deo</strong></span> <span class='ocrx_word' id='word_1_191' title='bbox 2114 1841 2192 1899; x_wconf 90' lang='lat' dir='ltr'><strong>sit</strong></span> <span class='ocrx_word' id='word_1_192' title='bbox 2217 1843 2526 1914; x_wconf 80' lang='lat' dir='ltr'><strong>naturale3</strong></span> <span class='ocrx_word' id='word_1_193' title='bbox 2553 1841 2735 1900; x_wconf 86' lang='lat' dir='ltr'><strong>ratio-</strong></span> 
     </span>
     <span class='ocr_line' id='line_1_20' title="bbox 328 1917 2736 1996; baseline 0.002 -23"><span class='ocrx_word' id='word_1_194' title='bbox 328 1935 435 1975; x_wconf 88' lang='lat' dir='ltr'><strong>nes</strong></span> <span class='ocrx_word' id='word_1_195' title='bbox 461 1917 633 1977; x_wconf 86' lang='lat' dir='ltr'><strong>istius</strong></span> <span class='ocrx_word' id='word_1_196' title='bbox 660 1919 1017 1978; x_wconf 85' lang='lat' dir='ltr'><strong>discriminis</strong></span> <span class='ocrx_word' id='word_1_197' title='bbox 1042 1921 1225 1978; x_wconf 81' lang='lat' dir='ltr'><strong>variae</strong></span> <span class='ocrx_word' id='word_1_198' title='bbox 1252 1920 1383 1978; x_wconf 86' lang='lat' dir='ltr'><strong>dari</strong></span> <span class='ocrx_word' id='word_1_199' title='bbox 1413 1928 1707 1996; x_wconf 82' lang='lat' dir='ltr'><strong>possunt:</strong></span> <span class='ocrx_word' id='word_1_200' title='bbox 1752 1921 1806 1980; x_wconf 93' lang='lat' dir='ltr'><strong>l.</strong></span> <span class='ocrx_word' id='word_1_201' title='bbox 1839 1921 2000 1990; x_wconf 78' lang='lat' dir='ltr'><strong>Quia</strong></span> <span class='ocrx_word' id='word_1_202' title='bbox 2025 1919 2456 1995; x_wconf 85' lang='lat' dir='ltr'><strong>suppliciorum</strong></span> <span class='ocrx_word' id='word_1_203' title='bbox 2481 1919 2736 1995; x_wconf 89' lang='lat' dir='ltr'><strong>peccatis</strong></span> 
     </span>
     <span class='ocr_line' id='line_1_21' title="bbox 330 1997 2738 2074; baseline 0.002 -24"><span class='ocrx_word' id='word_1_204' title='bbox 330 1997 793 2056; x_wconf 85' lang='lat' dir='ltr'><strong>constitutorum</strong></span> <span class='ocrx_word' id='word_1_205' title='bbox 830 1997 1012 2072; x_wconf 84' lang='lat' dir='ltr'><strong>longe</strong></span> <span class='ocrx_word' id='word_1_206' title='bbox 1044 1998 1369 2056; x_wconf 81' lang='lat' dir='ltr'><strong>maximam</strong></span> <span class='ocrx_word' id='word_1_207' title='bbox 1405 2007 1637 2074; x_wconf 86' lang='lat' dir='ltr'><strong>partem</strong></span> <span class='ocrx_word' id='word_1_208' title='bbox 1667 1998 1734 2056; x_wconf 90' lang='lat' dir='ltr'><strong>in</strong></span> <span class='ocrx_word' id='word_1_209' title='bbox 1771 1998 2050 2057; x_wconf 85' lang='lat' dir='ltr'><strong>futurum</strong></span> <span class='ocrx_word' id='word_1_210' title='bbox 2076 1999 2364 2056; x_wconf 74' lang='lat' dir='ltr'><strong>saeculum</strong></span> <span class='ocrx_word' id='word_1_211' title='bbox 2391 1997 2643 2070; x_wconf 83' lang='lat' dir='ltr'><strong>distulit,</strong></span> <span class='ocrx_word' id='word_1_212' title='bbox 2671 2004 2738 2056; x_wconf 89' lang='lat' dir='ltr'><strong>at</strong></span> 
     </span>
     <span class='ocr_line' id='line_1_22' title="bbox 330 2071 2737 2151; baseline 0.002 -23"><span class='ocrx_word' id='word_1_213' title='bbox 330 2071 631 2132; x_wconf 86' lang='lat' dir='ltr'><strong>infinitam</strong></span> <span class='ocrx_word' id='word_1_214' title='bbox 682 2076 1117 2151; x_wconf 88' lang='lat' dir='ltr'><strong>propemodum</strong></span> <span class='ocrx_word' id='word_1_215' title='bbox 1169 2075 1592 2133; x_wconf 87' lang='lat' dir='ltr'><strong>beneficiorum</strong></span> <span class='ocrx_word' id='word_1_216' title='bbox 1647 2076 1772 2133; x_wconf 89' lang='lat' dir='ltr'><strong>vim</strong></span> <span class='ocrx_word' id='word_1_217' title='bbox 1815 2082 1876 2134; x_wconf 92' lang='lat' dir='ltr'><strong>et</strong></span> <span class='ocrx_word' id='word_1_218' title='bbox 1921 2075 2154 2150; x_wconf 90' lang='lat' dir='ltr'><strong>copiam</strong></span> <span class='ocrx_word' id='word_1_219' title='bbox 2179 2076 2244 2132; x_wconf 91' lang='lat' dir='ltr'><strong>in</strong></span> <span class='ocrx_word' id='word_1_220' title='bbox 2273 2081 2571 2132; x_wconf 84' lang='lat' dir='ltr'><strong>creaturas</strong></span> <span class='ocrx_word' id='word_1_221' title='bbox 2597 2094 2737 2134; x_wconf 89' lang='lat' dir='ltr'><strong>suas</strong></span> 
     </span>
     <span class='ocr_line' id='line_1_23' title="bbox 330 2151 2735 2228; baseline 0.002 -22"><span class='ocrx_word' id='word_1_222' title='bbox 330 2151 561 2222; x_wconf 85' lang='lat' dir='ltr'><strong>effudit,</strong></span> <span class='ocrx_word' id='word_1_223' title='bbox 591 2170 663 2209; x_wconf 89' lang='lat' dir='ltr'><strong>ea</strong></span> <span class='ocrx_word' id='word_1_224' title='bbox 687 2169 781 2209; x_wconf 88' lang='lat' dir='ltr'><strong>res</strong></span> <span class='ocrx_word' id='word_1_225' title='bbox 806 2151 1123 2208; x_wconf 88' lang='lat' dir='ltr'><strong>hominum</strong></span> <span class='ocrx_word' id='word_1_226' title='bbox 1148 2151 1388 2224; x_wconf 87' lang='lat' dir='ltr'><strong>piorum</strong></span> <span class='ocrx_word' id='word_1_227' title='bbox 1414 2151 1646 2210; x_wconf 87' lang='lat' dir='ltr'><strong>animos</strong></span> <span class='ocrx_word' id='word_1_228' title='bbox 1689 2169 1759 2209; x_wconf 90' lang='lat' dir='ltr'><strong>eo</strong></span> <span class='ocrx_word' id='word_1_229' title='bbox 1785 2153 2029 2228; x_wconf 88' lang='lat' dir='ltr'><strong>impulit</strong></span> <span class='ocrx_word' id='word_1_230' title='bbox 2052 2159 2125 2208; x_wconf 89' lang='lat' dir='ltr'><strong>ut</strong></span> <span class='ocrx_word' id='word_1_231' title='bbox 2164 2151 2280 2209; x_wconf 88' lang='lat' dir='ltr'><strong>Dei</strong></span> <span class='ocrx_word' id='word_1_232' title='bbox 2306 2151 2735 2226; x_wconf 86' lang='lat' dir='ltr'><strong>benig-nitatem</strong></span> 
     </span>
     <span class='ocr_line' id='line_1_24' title="bbox 331 2227 2738 2304; baseline 0.002 -20"><span class='ocrx_word' id='word_1_233' title='bbox 331 2245 401 2284; x_wconf 90' lang='lat' dir='ltr'><strong>su</strong></span> <span class='ocrx_word' id='word_1_234' title='bbox 409 2247 515 2302; x_wconf 85' lang='lat' dir='ltr'><strong>pra</strong></span> <span class='ocrx_word' id='word_1_235' title='bbox 532 2228 797 2303; x_wconf 88' lang='lat' dir='ltr'><strong>reliquas</strong></span> <span class='ocrx_word' id='word_1_236' title='bbox 819 2227 952 2301; x_wconf 85' lang='lat' dir='ltr'><strong>ejus</strong></span> <span class='ocrx_word' id='word_1_237' title='bbox 972 2227 1221 2285; x_wconf 78' lang='lat' dir='ltr'><strong>virtutes</strong></span> <span class='ocrx_word' id='word_1_238' title='bbox 1239 2228 1301 2286; x_wconf 87' lang='lat' dir='ltr'><strong>in</strong></span> <span class='ocrx_word' id='word_1_239' title='bbox 1319 2229 1535 2287; x_wconf 84' lang='grc'>0001010</span> <span class='ocrx_word' id='word_1_240' title='bbox 1550 2229 1802 2301; x_wconf 88' lang='lat' dir='ltr'><strong>ferrent;</strong></span> <span class='ocrx_word' id='word_1_241' title='bbox 1831 2230 1886 2288; x_wconf 81' lang='lat'><strong>2.</strong></span> <span class='ocrx_word' id='word_1_242' title='bbox 1912 2229 2044 2288; x_wconf 87' lang='lat' dir='ltr'><strong>Etsi</strong></span> <span class='ocrx_word' id='word_1_243' title='bbox 2064 2229 2327 2288; x_wconf 79' lang='lat' dir='ltr'><strong>actiones</strong></span> <span class='ocrx_word' id='word_1_244' title='bbox 2344 2247 2479 2304; x_wconf 85' lang='lat' dir='ltr'><strong>quae</strong></span> <span class='ocrx_word' id='word_1_245' title='bbox 2501 2248 2540 2288; x_wconf 87' lang='lat' dir='ltr'><strong>a</strong></span> <span class='ocrx_word' id='word_1_246' title='bbox 2556 2230 2738 2304; x_wconf 86' lang='lat' dir='ltr'><strong>justi-</strong></span> 
     </span>
     <span class='ocr_line' id='line_1_25' title="bbox 330 2305 2738 2382; baseline 0.002 -20"><span class='ocrx_word' id='word_1_247' title='bbox 330 2305 417 2363; x_wconf 90' lang='lat' dir='ltr'><strong>tia</strong></span> <span class='ocrx_word' id='word_1_248' title='bbox 442 2312 800 2381; x_wconf 83' lang='lat' dir='ltr'><strong>promanant</strong></span> <span class='ocrx_word' id='word_1_249' title='bbox 828 2322 999 2380; x_wconf 84' lang='lat' dir='ltr'><strong>oeque</strong></span> <span class='ocrx_word' id='word_1_250' title='bbox 1024 2306 1087 2364; x_wconf 88' lang='lat' dir='ltr'><strong>in</strong></span> <span class='ocrx_word' id='word_1_251' title='bbox 1118 2323 1228 2364; x_wconf 85' lang='lat' dir='ltr'><strong>suo</strong></span> <span class='ocrx_word' id='word_1_252' title='bbox 1243 2325 1461 2382; x_wconf 88' lang='lat' dir='ltr'><strong>genere</strong></span> <span class='ocrx_word' id='word_1_253' title='bbox 1480 2308 1814 2367; x_wconf 83' lang='lat' dir='ltr'><strong>laudabiles</strong></span> <span class='ocrx_word' id='word_1_254' title='bbox 1836 2308 1958 2366; x_wconf 89' lang='lat' dir='ltr'><strong>sint</strong></span> <span class='ocrx_word' id='word_1_255' title='bbox 1976 2326 2116 2367; x_wconf 90' lang='lat' dir='ltr'><strong>cum</strong></span> <span class='ocrx_word' id='word_1_256' title='bbox 2141 2307 2216 2366; x_wconf 89' lang='lat' dir='ltr'><strong>iis</strong></span> <span class='ocrx_word' id='word_1_257' title='bbox 2241 2323 2376 2382; x_wconf 80' lang='lat' dir='ltr'><strong>quae</strong></span> <span class='ocrx_word' id='word_1_258' title='bbox 2405 2325 2444 2365; x_wconf 91' lang='lat' dir='ltr'><strong>a</strong></span> <span class='ocrx_word' id='word_1_259' title='bbox 2468 2307 2738 2367; x_wconf 83' lang='lat' dir='ltr'><strong>bonitate</strong></span> 
     </span>
     <span class='ocr_line' id='line_1_26' title="bbox 330 2384 2738 2461; baseline 0.003 -22"><span class='ocrx_word' id='word_1_260' title='bbox 330 2384 801 2458; x_wconf 86' lang='lat' dir='ltr'><strong>proficiscuntur,</strong></span> <span class='ocrx_word' id='word_1_261' title='bbox 845 2391 1143 2459; x_wconf 88' lang='lat' dir='ltr'><strong>quatenus</strong></span> <span class='ocrx_word' id='word_1_262' title='bbox 1184 2403 1397 2461; x_wconf 89' lang='lat' dir='ltr'><strong>nempe</strong></span> <span class='ocrx_word' id='word_1_263' title='bbox 1437 2404 1515 2444; x_wconf 83' lang='lat' dir='ltr'><strong>ex</strong></span> <span class='ocrx_word' id='word_1_264' title='bbox 1552 2387 1765 2446; x_wconf 88' lang='lat' dir='ltr'><strong>eodem</strong></span> <span class='ocrx_word' id='word_1_265' title='bbox 1803 2387 1972 2446; x_wconf 88' lang='lat' dir='ltr'><strong>fonte</strong></span> <span class='ocrx_word' id='word_1_266' title='bbox 2010 2387 2212 2444; x_wconf 83' lang='lat' dir='ltr'><strong>fluunt</strong></span> <span class='ocrx_word' id='word_1_267' title='bbox 2239 2405 2255 2456; x_wconf 83' lang='lat'>3</span> <span class='ocrx_word' id='word_1_268' title='bbox 2298 2385 2508 2445; x_wconf 85' lang='lat' dir='ltr'><strong>effecta</strong></span> <span class='ocrx_word' id='word_1_269' title='bbox 2533 2392 2738 2446; x_wconf 87' lang='lat' dir='ltr'><strong>tamen</strong></span> 
     </span>
     <span class='ocr_line' id='line_1_27' title="bbox 332 2460 2738 2537; baseline 0.004 -20"><span class='ocrx_word' id='word_1_270' title='bbox 332 2460 615 2520; x_wconf 88' lang='lat' dir='ltr'><strong>bonitatis</strong></span> <span class='ocrx_word' id='word_1_271' title='bbox 642 2462 705 2520; x_wconf 89' lang='lat' dir='ltr'><strong>in</strong></span> <span class='ocrx_word' id='word_1_272' title='bbox 732 2481 795 2520; x_wconf 89' lang='lat' dir='ltr'><strong>se</strong></span> <span class='ocrx_word' id='word_1_273' title='bbox 818 2468 963 2520; x_wconf 88' lang='lat' dir='ltr'><strong>sunt</strong></span> <span class='ocrx_word' id='word_1_274' title='bbox 980 2463 1437 2537; x_wconf 86' lang='lat' dir='ltr'><strong>jucundissima,</strong></span> <span class='ocrx_word' id='word_1_275' title='bbox 1455 2465 1610 2522; x_wconf 90' lang='lat' dir='ltr'><strong>nihil</strong></span> <span class='ocrx_word' id='word_1_276' title='bbox 1631 2465 1792 2523; x_wconf 90' lang='lat' dir='ltr'><strong>enim</strong></span> <span class='ocrx_word' id='word_1_277' title='bbox 1811 2466 2098 2524; x_wconf 84' lang='lat' dir='ltr'><strong>libentius</strong></span> <span class='ocrx_word' id='word_1_278' title='bbox 2117 2463 2262 2524; x_wconf 83' lang='lat' dir='ltr'><strong>facit</strong></span> <span class='ocrx_word' id='word_1_279' title='bbox 2285 2465 2482 2523; x_wconf 88' lang='lat' dir='ltr'><strong>bonus</strong></span> <span class='ocrx_word' id='word_1_280' title='bbox 2502 2463 2738 2526; x_wconf 86' lang='lat' dir='ltr'><strong>animus</strong></span> 
     </span>
     <span class='ocr_line' id='line_1_28' title="bbox 332 2541 2739 2619; baseline 0.002 -22"><span class='ocrx_word' id='word_1_281' title='bbox 332 2558 517 2616; x_wconf 88' lang='lat' dir='ltr'><strong>quam</strong></span> <span class='ocrx_word' id='word_1_282' title='bbox 564 2559 701 2598; x_wconf 89' lang='grc'>01110</span> <span class='ocrx_word' id='word_1_283' title='bbox 728 2541 1083 2599; x_wconf 89' lang='lat' dir='ltr'><strong>beneficium</strong></span> <span class='ocrx_word' id='word_1_284' title='bbox 1132 2543 1398 2614; x_wconf 85' lang='lat' dir='ltr'><strong>confert3</strong></span> <span class='ocrx_word' id='word_1_285' title='bbox 1442 2545 1654 2602; x_wconf 87' lang='lat' dir='ltr'><strong>effecta</strong></span> <span class='ocrx_word' id='word_1_286' title='bbox 1678 2563 1822 2602; x_wconf 87' lang='lat' dir='ltr'><strong>vero</strong></span> <span class='ocrx_word' id='word_1_287' title='bbox 1856 2544 2108 2619; x_wconf 80' lang='lat' dir='ltr'><strong>justitiae</strong></span> <span class='ocrx_word' id='word_1_288' title='bbox 2135 2561 2244 2618; x_wconf 90' lang='lat' dir='ltr'><strong>per</strong></span> <span class='ocrx_word' id='word_1_289' title='bbox 2268 2561 2331 2602; x_wconf 87' lang='lat' dir='ltr'><strong>se</strong></span> <span class='ocrx_word' id='word_1_290' title='bbox 2357 2542 2552 2600; x_wconf 80' lang='lat' dir='ltr'><strong>tristia</strong></span> <span class='ocrx_word' id='word_1_291' title='bbox 2579 2549 2739 2616; x_wconf 85' lang='lat' dir='ltr'><strong>sunt,</strong></span> 
     </span>
     <span class='ocr_line' id='line_1_29' title="bbox 332 2618 2738 2697; baseline 0.001 -22"><span class='ocrx_word' id='word_1_292' title='bbox 332 2618 487 2676; x_wconf 89' lang='lat' dir='ltr'><strong>nihil</strong></span> <span class='ocrx_word' id='word_1_293' title='bbox 531 2619 691 2676; x_wconf 90' lang='lat' dir='ltr'><strong>enim</strong></span> <span class='ocrx_word' id='word_1_294' title='bbox 726 2620 925 2676; x_wconf 87' lang='lat' dir='ltr'><strong>bonus</strong></span> <span class='ocrx_word' id='word_1_295' title='bbox 966 2619 1203 2678; x_wconf 90' lang='lat' dir='ltr'><strong>animus</strong></span> <span class='ocrx_word' id='word_1_296' title='bbox 1229 2622 1375 2679; x_wconf 82' lang='lat' dir='ltr'><strong>facit</strong></span> <span class='ocrx_word' id='word_1_297' title='bbox 1416 2623 1607 2696; x_wconf 87' lang='lat' dir='ltr'><strong>magis</strong></span> <span class='ocrx_word' id='word_1_298' title='bbox 1634 2622 1858 2679; x_wconf 87' lang='lat' dir='ltr'><strong>invitus</strong></span> <span class='ocrx_word' id='word_1_299' title='bbox 1884 2641 2068 2697; x_wconf 79' lang='lat' dir='ltr'><strong>quam</strong></span> <span class='ocrx_word' id='word_1_300' title='bbox 2095 2628 2166 2678; x_wconf 90' lang='lat' dir='ltr'><strong>ut</strong></span> <span class='ocrx_word' id='word_1_301' title='bbox 2191 2622 2296 2678; x_wconf 89' lang='lat' dir='ltr'><strong>det</strong></span> <span class='ocrx_word' id='word_1_302' title='bbox 2320 2620 2738 2695; x_wconf 83' lang='lat' dir='ltr'><strong>infortunium,</strong></span> 
     </span>
     <span class='ocr_line' id='line_1_30' title="bbox 332 2697 2739 2774; baseline 0.002 -22"><span class='ocrx_word' id='word_1_303' title='bbox 332 2715 456 2755; x_wconf 88' lang='lat' dir='ltr'><strong>non</strong></span> <span class='ocrx_word' id='word_1_304' title='bbox 484 2699 647 2774; x_wconf 87' lang='lat' dir='ltr'><strong>quod</strong></span> <span class='ocrx_word' id='word_1_305' title='bbox 679 2697 981 2772; x_wconf 89' lang='lat' dir='ltr'><strong>justitiam</strong></span> <span class='ocrx_word' id='word_1_306' title='bbox 1009 2706 1296 2770; x_wconf 86' lang='lat' dir='ltr'><strong>exerceat,</strong></span> <span class='ocrx_word' id='word_1_307' title='bbox 1326 2701 1429 2756; x_wconf 87' lang='lat' dir='ltr'><strong>sed</strong></span> <span class='ocrx_word' id='word_1_308' title='bbox 1458 2701 1622 2774; x_wconf 92' lang='lat' dir='ltr'><strong>quod</strong></span> <span class='ocrx_word' id='word_1_309' title='bbox 1642 2699 1896 2773; x_wconf 69' lang='lat' dir='ltr'><strong>justitiae</strong></span> <span class='ocrx_word' id='word_1_310' title='bbox 1924 2698 2203 2756; x_wconf 86' lang='lat' dir='ltr'><strong>exercitio</strong></span> <span class='ocrx_word' id='word_1_311' title='bbox 2245 2697 2430 2755; x_wconf 89' lang='lat' dir='ltr'><strong>alicui</strong></span> <span class='ocrx_word' id='word_1_312' title='bbox 2455 2697 2614 2754; x_wconf 86' lang='lat' dir='ltr'><strong>male</strong></span> <span class='ocrx_word' id='word_1_313' title='bbox 2642 2699 2739 2756; x_wconf 86' lang='lat' dir='ltr'><strong>sit.</strong></span> 
     </span>
     <span class='ocr_line' id='line_1_31' title="bbox 332 2773 2738 2850; baseline 0 -18"><span class='ocrx_word' id='word_1_314' title='bbox 332 2773 487 2834; x_wconf 90' lang='lat' dir='ltr'><strong>Cum</strong></span> <span class='ocrx_word' id='word_1_315' title='bbox 514 2774 703 2850; x_wconf 87' lang='lat' dir='ltr'><strong>igitur</strong></span> <span class='ocrx_word' id='word_1_316' title='bbox 728 2775 1133 2850; x_wconf 90' lang='lat' dir='ltr'><strong>quodcunque</strong></span> <span class='ocrx_word' id='word_1_317' title='bbox 1160 2783 1251 2833; x_wconf 90' lang='lat' dir='ltr'><strong>est</strong></span> <span class='ocrx_word' id='word_1_318' title='bbox 1276 2778 1339 2833; x_wconf 91' lang='lat' dir='ltr'><strong>in</strong></span> <span class='ocrx_word' id='word_1_319' title='bbox 1367 2776 1712 2833; x_wconf 88' lang='lat' dir='ltr'><strong>hominibus</strong></span> <span class='ocrx_word' id='word_1_320' title='bbox 1738 2775 2065 2846; x_wconf 85' lang='lat' dir='ltr'><strong>laudabile,</strong></span> <span class='ocrx_word' id='word_1_321' title='bbox 2093 2775 2157 2831; x_wconf 91' lang='lat' dir='ltr'><strong>in</strong></span> <span class='ocrx_word' id='word_1_322' title='bbox 2187 2774 2320 2831; x_wconf 90' lang='lat' dir='ltr'><strong>Deo</strong></span> <span class='ocrx_word' id='word_1_323' title='bbox 2348 2774 2442 2846; x_wconf 87' lang='lat' dir='ltr'><strong>sit,</strong></span> <span class='ocrx_word' id='word_1_324' title='bbox 2469 2780 2544 2832; x_wconf 90' lang='lat' dir='ltr'><strong>ut</strong></span> <span class='ocrx_word' id='word_1_325' title='bbox 2566 2776 2738 2850; x_wconf 89' lang='lat' dir='ltr'><strong>loqui</strong></span> 
     </span>
     <span class='ocr_line' id='line_1_32' title="bbox 330 2849 2739 2926; baseline 0 -17"><span class='ocrx_word' id='word_1_326' title='bbox 330 2855 542 2924; x_wconf 85' lang='lat' dir='ltr'><strong>solent,</strong></span> <span class='ocrx_word' id='word_1_327' title='bbox 566 2853 898 2924; x_wconf 71' lang='lat' dir='ltr'><strong>eminenter,</strong></span> <span class='ocrx_word' id='word_1_328' title='bbox 912 2851 1221 2925; x_wconf 83' lang='lat' dir='ltr'><strong>Scriptura</strong></span> <span class='ocrx_word' id='word_1_329' title='bbox 1240 2871 1381 2910; x_wconf 89' lang='lat' dir='ltr'><strong>eum</strong></span> <span class='ocrx_word' id='word_1_330' title='bbox 1398 2853 1568 2909; x_wconf 88' lang='lat' dir='ltr'><strong>nobis</strong></span> <span class='ocrx_word' id='word_1_331' title='bbox 1589 2853 1824 2908; x_wconf 90' lang='lat' dir='ltr'><strong>inducit</strong></span> <span class='ocrx_word' id='word_1_332' title='bbox 1843 2850 2308 2908; x_wconf 84' lang='lat' dir='ltr'><strong>benefacientem</strong></span> <span class='ocrx_word' id='word_1_333' title='bbox 2327 2849 2739 2926; x_wconf 86' lang='lat' dir='ltr'><strong>libentissime,</strong></span> 
     </span>
     <span class='ocr_line' id='line_1_33' title="bbox 332 2927 2742 3004; baseline 0 -17"><span class='ocrx_word' id='word_1_334' title='bbox 332 2932 680 3004; x_wconf 88' lang='lat' dir='ltr'><strong>punientem</strong></span> <span class='ocrx_word' id='word_1_335' title='bbox 699 2947 845 2986; x_wconf 85' lang='lat' dir='ltr'><strong>vero</strong></span> <span class='ocrx_word' id='word_1_336' title='bbox 864 2947 1018 3004; x_wconf 90' lang='lat' dir='ltr'><strong>pene</strong></span> <span class='ocrx_word' id='word_1_337' title='bbox 1044 2928 1321 3000; x_wconf 83' lang='lat' dir='ltr'><strong>invitum,</strong></span> <span class='ocrx_word' id='word_1_338' title='bbox 1351 2929 1497 3003; x_wconf 88' lang='lat' dir='ltr'><strong>quia</strong></span> <span class='ocrx_word' id='word_1_339' title='bbox 1512 2947 1696 3004; x_wconf 87' lang='lat' dir='ltr'><strong>opera.</strong></span> <span class='ocrx_word' id='word_1_340' title='bbox 1719 2927 2136 2984; x_wconf 66' lang='lat' dir='ltr'><strong>misericordiae</strong></span> <span class='ocrx_word' id='word_1_341' title='bbox 2164 2943 2304 2983; x_wconf 90' lang='lat' dir='ltr'><strong>cum</strong></span> <span class='ocrx_word' id='word_1_342' title='bbox 2331 2931 2620 2983; x_wconf 80' lang='lat' dir='ltr'><strong>creaturae</strong></span> <span class='ocrx_word' id='word_1_343' title='bbox 2648 2945 2742 2987; x_wconf 83' lang='lat' dir='ltr'><strong>sa-</strong></span> 
     </span>
     <span class='ocr_line' id='line_1_34' title="bbox 330 3001 2741 3078; baseline 0 -16"><span class='ocrx_word' id='word_1_344' title='bbox 330 3007 459 3064; x_wconf 89' lang='lat' dir='ltr'><strong>lute</strong></span> <span class='ocrx_word' id='word_1_345' title='bbox 487 3013 547 3064; x_wconf 92' lang='lat' dir='ltr'><strong>et</strong></span> <span class='ocrx_word' id='word_1_346' title='bbox 573 3005 1016 3063; x_wconf 80' lang='lat' dir='ltr'><strong>conservatione</strong></span> <span class='ocrx_word' id='word_1_347' title='bbox 1033 3004 1355 3078; x_wconf 85' lang='lat' dir='ltr'><strong>conjuncta</strong></span> <span class='ocrx_word' id='word_1_348' title='bbox 1380 3012 1538 3076; x_wconf 88' lang='lat' dir='ltr'><strong>sunt,</strong></span> <span class='ocrx_word' id='word_1_349' title='bbox 1561 3021 1747 3078; x_wconf 88' lang='lat' dir='ltr'><strong>opera</strong></span> <span class='ocrx_word' id='word_1_350' title='bbox 1771 3020 1911 3061; x_wconf 90' lang='lat' dir='ltr'><strong>vero</strong></span> <span class='ocrx_word' id='word_1_351' title='bbox 1931 3003 2184 3078; x_wconf 81' lang='lat' dir='ltr'><strong>justitiae</strong></span> <span class='ocrx_word' id='word_1_352' title='bbox 2206 3020 2344 3060; x_wconf 88' lang='lat' dir='ltr'><strong>cum</strong></span> <span class='ocrx_word' id='word_1_353' title='bbox 2361 3001 2528 3060; x_wconf 87' lang='lat' dir='ltr'><strong>illius</strong></span> <span class='ocrx_word' id='word_1_354' title='bbox 2554 3004 2741 3062; x_wconf 83' lang='lat' dir='ltr'><strong>exitio</strong></span> 
     </span>
     <span class='ocr_line' id='line_1_35' title="bbox 331 3079 2736 3157; baseline 0.001 -18"><span class='ocrx_word' id='word_1_355' title='bbox 331 3090 393 3140; x_wconf 90' lang='lat' dir='ltr'><strong>et</strong></span> <span class='ocrx_word' id='word_1_356' title='bbox 406 3083 658 3141; x_wconf 86' lang='lat' dir='ltr'><strong>miseria.</strong></span> <span class='ocrx_word' id='word_1_357' title='bbox 679 3083 735 3139; x_wconf 88' lang='lat'><strong>3.</strong></span> <span class='ocrx_word' id='word_1_358' title='bbox 761 3082 915 3140; x_wconf 86' lang='lat' dir='ltr'><strong>Cum</strong></span> <span class='ocrx_word' id='word_1_359' title='bbox 932 3082 1113 3157; x_wconf 88' lang='lat' dir='ltr'><strong>punit</strong></span> <span class='ocrx_word' id='word_1_360' title='bbox 1134 3082 1317 3152; x_wconf 86' lang='lat' dir='ltr'><strong>Deus,</strong></span> <span class='ocrx_word' id='word_1_361' title='bbox 1339 3081 1402 3138; x_wconf 89' lang='lat' dir='ltr'><strong>id</strong></span> <span class='ocrx_word' id='word_1_362' title='bbox 1417 3081 1561 3138; x_wconf 82' lang='lat' dir='ltr'><strong>facit</strong></span> <span class='ocrx_word' id='word_1_363' title='bbox 1586 3099 1662 3138; x_wconf 84' lang='lat' dir='ltr'><strong>ex</strong></span> <span class='ocrx_word' id='word_1_364' title='bbox 1688 3081 1868 3139; x_wconf 87' lang='lat' dir='ltr'><strong>unica</strong></span> <span class='ocrx_word' id='word_1_365' title='bbox 1894 3081 2203 3139; x_wconf 85' lang='lat' dir='ltr'><strong>severitate</strong></span> <span class='ocrx_word' id='word_1_366' title='bbox 2225 3087 2286 3138; x_wconf 90' lang='lat' dir='ltr'><strong>et</strong></span> <span class='ocrx_word' id='word_1_367' title='bbox 2302 3079 2557 3155; x_wconf 86' lang='lat' dir='ltr'><strong>justitia,</strong></span> <span class='ocrx_word' id='word_1_368' title='bbox 2587 3089 2652 3140; x_wconf 88' lang='lat' dir='ltr'><strong>at</strong></span> <span class='ocrx_word' id='word_1_369' title='bbox 2675 3083 2736 3142; x_wconf 88' lang='lat' dir='ltr'><strong>in</strong></span> 
     </span>
     <span class='ocr_line' id='line_1_36' title="bbox 333 3159 2740 3315; baseline 0 -19"><span class='ocrx_word' id='word_1_370' title='bbox 333 3159 1634 3313; x_wconf 53' lang='lat' dir='ltr'><strong>bpgssbfflffiffifflffv‘ssssffifflffiffi’</strong></span> <span class='ocrx_word' id='word_1_371' title='bbox 1642 3160 2740 3315; x_wconf 50' lang='lat' dir='ltr'><strong>AEffiffifflffiffifflz}</strong></span> 
     </span>
     <span class='ocr_line' id='line_1_37' title="bbox 334 3314 2739 3392; baseline 0.001 -18"><span class='ocrx_word' id='word_1_372' title='bbox 334 3319 432 3376; x_wconf 88' lang='lat' dir='ltr'><strong>vel</strong></span> <span class='ocrx_word' id='word_1_373' title='bbox 458 3316 726 3392; x_wconf 77' lang='lat' dir='ltr'><strong>praestita</strong></span> <span class='ocrx_word' id='word_1_374' title='bbox 750 3316 847 3372; x_wconf 83' lang='lat' dir='ltr'><strong>vel</strong></span> <span class='ocrx_word' id='word_1_375' title='bbox 874 3315 1215 3389; x_wconf 84' lang='lat' dir='ltr'><strong>praestanda</strong></span> <span class='ocrx_word' id='word_1_376' title='bbox 1231 3314 1503 3388; x_wconf 70' lang='lat' dir='ltr'><strong>justitiae,</strong></span> <span class='ocrx_word' id='word_1_377' title='bbox 1522 3315 1764 3390; x_wconf 86' lang='lat' dir='ltr'><strong>justitia</strong></span> <span class='ocrx_word' id='word_1_378' title='bbox 1783 3321 1845 3373; x_wconf 92' lang='lat' dir='ltr'><strong>et</strong></span> <span class='ocrx_word' id='word_1_379' title='bbox 1861 3335 1982 3392; x_wconf 85' lang='lat' dir='ltr'><strong>pax</strong></span> <span class='ocrx_word' id='word_1_380' title='bbox 1999 3335 2102 3375; x_wconf 86' lang='lat' dir='ltr'><strong>seu</strong></span> <span class='ocrx_word' id='word_1_381' title='bbox 2135 3316 2538 3376; x_wconf 86' lang='lat' dir='ltr'><strong>misericordia</strong></span> <span class='ocrx_word' id='word_1_382' title='bbox 2562 3317 2661 3376; x_wconf 91' lang='lat' dir='ltr'><strong>bic</strong></span> <span class='ocrx_word' id='word_1_383' title='bbox 2677 3338 2739 3378; x_wconf 88' lang='lat' dir='ltr'><strong>se</strong></span> 
     </span>
     <span class='ocr_line' id='line_1_38' title="bbox 332 3392 2737 3471; baseline 0 -17"><span class='ocrx_word' id='word_1_384' title='bbox 332 3402 548 3454; x_wconf 90' lang='lat' dir='ltr'><strong>mutuo</strong></span> <span class='ocrx_word' id='word_1_385' title='bbox 576 3395 940 3467; x_wconf 85' lang='lat' dir='ltr'><strong>osculantur,</strong></span> <span class='ocrx_word' id='word_1_386' title='bbox 960 3393 1123 3449; x_wconf 87' lang='lat' dir='ltr'><strong>unde</strong></span> <span class='ocrx_word' id='word_1_387' title='bbox 1145 3392 1367 3450; x_wconf 88' lang='lat' dir='ltr'><strong>mirum</strong></span> <span class='ocrx_word' id='word_1_388' title='bbox 1393 3393 1583 3451; x_wconf 86' lang='lat' dir='ltr'><strong>videri</strong></span> <span class='ocrx_word' id='word_1_389' title='bbox 1609 3412 1732 3452; x_wconf 91' lang='lat' dir='ltr'><strong>non</strong></span> <span class='ocrx_word' id='word_1_390' title='bbox 1761 3394 1938 3452; x_wconf 89' lang='lat' dir='ltr'><strong>debet</strong></span> <span class='ocrx_word' id='word_1_391' title='bbox 1963 3395 2013 3453; x_wconf 88' lang='lat' dir='ltr'><strong>si</strong></span> <span class='ocrx_word' id='word_1_392' title='bbox 2038 3394 2283 3471; x_wconf 88' lang='lat' dir='ltr'><strong>pronior</strong></span> <span class='ocrx_word' id='word_1_393' title='bbox 2309 3395 2542 3454; x_wconf 86' lang='lat' dir='ltr'><strong>dicatur</strong></span> <span class='ocrx_word' id='word_1_394' title='bbox 2568 3397 2647 3454; x_wconf 87' lang='lat' dir='ltr'><strong>ad</strong></span> <span class='ocrx_word' id='word_1_395' title='bbox 2673 3397 2737 3454; x_wconf 88' lang='lat' dir='ltr'><strong>id</strong></span> 
     </span>
     <span class='ocr_line' id='line_1_39' title="bbox 332 3471 2740 3549; baseline 0.001 -19"><span class='ocrx_word' id='word_1_396' title='bbox 332 3474 677 3532; x_wconf 80' lang='lat' dir='ltr'><strong>faciendum</strong></span> <span class='ocrx_word' id='word_1_397' title='bbox 718 3473 796 3529; x_wconf 87' lang='lat' dir='ltr'><strong>ad</strong></span> <span class='ocrx_word' id='word_1_398' title='bbox 839 3471 1005 3546; x_wconf 91' lang='lat' dir='ltr'><strong>quod</strong></span> <span class='ocrx_word' id='word_1_399' title='bbox 1030 3471 1209 3545; x_wconf 84' lang='lat' dir='ltr'><strong>plura</strong></span> <span class='ocrx_word' id='word_1_400' title='bbox 1234 3471 1414 3529; x_wconf 90' lang='lat' dir='ltr'><strong>simul</strong></span> <span class='ocrx_word' id='word_1_401' title='bbox 1456 3479 1822 3530; x_wconf 85' lang='lat' dir='ltr'><strong>concurrunt</strong></span> <span class='ocrx_word' id='word_1_402' title='bbox 1847 3474 2152 3545; x_wconf 81' lang='lat' dir='ltr'><strong>attributa,</strong></span> <span class='ocrx_word' id='word_1_403' title='bbox 2181 3472 2326 3548; x_wconf 87' lang='lat' dir='ltr'><strong>quia</strong></span> <span class='ocrx_word' id='word_1_404' title='bbox 2349 3473 2414 3530; x_wconf 90' lang='lat' dir='ltr'><strong>in</strong></span> <span class='ocrx_word' id='word_1_405' title='bbox 2441 3491 2513 3532; x_wconf 93' lang='lat' dir='ltr'><strong>eo</strong></span> <span class='ocrx_word' id='word_1_406' title='bbox 2541 3474 2740 3549; x_wconf 84' lang='lat' dir='ltr'><strong>gloria</strong></span> 
     </span>
     <span class='ocr_line' id='line_1_40' title="bbox 332 3547 2738 3628; baseline 0.001 -20"><span class='ocrx_word' id='word_1_407' title='bbox 332 3552 385 3627; x_wconf 90' lang='lat' dir='ltr'><strong>ej</strong></span> <span class='ocrx_word' id='word_1_408' title='bbox 394 3571 463 3608; x_wconf 91' lang='lat' dir='ltr'><strong>us</strong></span> <span class='ocrx_word' id='word_1_409' title='bbox 489 3553 671 3625; x_wconf 84' lang='lat' dir='ltr'><strong>longe</strong></span> <span class='ocrx_word' id='word_1_410' title='bbox 696 3547 993 3606; x_wconf 86' lang='lat' dir='ltr'><strong>illustrior</strong></span> <span class='ocrx_word' id='word_1_411' title='bbox 1008 3549 1229 3608; x_wconf 82' lang='lat' dir='ltr'><strong>evadit.</strong></span> <span class='ocrx_word' id='word_1_412' title='bbox 1268 3550 1325 3607; x_wconf 88' lang='lat'><strong>4.</strong></span> <span class='ocrx_word' id='word_1_413' title='bbox 1351 3549 1660 3625; x_wconf 88' lang='lat' dir='ltr'><strong>Scriptura</strong></span> <span class='ocrx_word' id='word_1_414' title='bbox 1675 3550 1760 3608; x_wconf 86' lang='lat' dir='ltr'><strong>ita</strong></span> <span class='ocrx_word' id='word_1_415' title='bbox 1778 3551 2051 3626; x_wconf 89' lang='lat' dir='ltr'><strong>loquitur</strong></span> <span class='ocrx_word' id='word_1_416' title='bbox 2071 3549 2447 3626; x_wconf 87' lang='lat' dir='ltr'><strong>potissimum</strong></span> <span class='ocrx_word' id='word_1_417' title='bbox 2465 3557 2738 3628; x_wconf 87' lang='lat' dir='ltr'><strong>respectu</strong></span> 
     </span>
     <span class='ocr_line' id='line_1_41' title="bbox 332 3627 2740 3705; baseline 0.001 -19"><span class='ocrx_word' id='word_1_418' title='bbox 332 3629 605 3686; x_wconf 89' lang='lat' dir='ltr'><strong>fidelium</strong></span> <span class='ocrx_word' id='word_1_419' title='bbox 631 3633 693 3684; x_wconf 92' lang='lat' dir='ltr'><strong>et</strong></span> <span class='ocrx_word' id='word_1_420' title='bbox 718 3627 1063 3698; x_wconf 90' lang='lat' dir='ltr'><strong>electorum,</strong></span> <span class='ocrx_word' id='word_1_421' title='bbox 1104 3645 1242 3685; x_wconf 90' lang='lat' dir='ltr'><strong>cum</strong></span> <span class='ocrx_word' id='word_1_422' title='bbox 1289 3629 1509 3703; x_wconf 80' lang='lat' dir='ltr'><strong>quibus</strong></span> <span class='ocrx_word' id='word_1_423' title='bbox 1535 3629 1682 3704; x_wconf 85' lang='lat' dir='ltr'><strong>quia</strong></span> <span class='ocrx_word' id='word_1_424' title='bbox 1709 3628 1838 3702; x_wconf 88' lang='lat' dir='ltr'><strong>agit</strong></span> <span class='ocrx_word' id='word_1_425' title='bbox 1875 3645 1951 3686; x_wconf 82' lang='lat' dir='ltr'><strong>ex</strong></span> <span class='ocrx_word' id='word_1_426' title='bbox 1975 3628 2195 3687; x_wconf 86' lang='lat' dir='ltr'><strong>foedere</strong></span> <span class='ocrx_word' id='word_1_427' title='bbox 2221 3628 2450 3704; x_wconf 84' lang='lat' dir='ltr'><strong>gratiae,</strong></span> <span class='ocrx_word' id='word_1_428' title='bbox 2478 3637 2549 3686; x_wconf 90' lang='lat' dir='ltr'><strong>ut</strong></span> <span class='ocrx_word' id='word_1_429' title='bbox 2573 3636 2740 3705; x_wconf 83' lang='lat' dir='ltr'><strong>patet</strong></span> 
     </span>
     <span class='ocr_line' id='line_1_42' title="bbox 336 3704 2739 3781; baseline 0.001 -19"><span class='ocrx_word' id='word_1_430' title='bbox 336 3706 669 3764; x_wconf 83' lang='lat' dir='ltr'><strong>misericors</strong></span> <span class='ocrx_word' id='word_1_431' title='bbox 694 3711 755 3762; x_wconf 91' lang='lat' dir='ltr'><strong>et</strong></span> <span class='ocrx_word' id='word_1_432' title='bbox 794 3704 1301 3780; x_wconf 81' lang='lat' dir='ltr'><strong>clementissimus,</strong></span> <span class='ocrx_word' id='word_1_433' title='bbox 1328 3712 1485 3765; x_wconf 87' lang='lat' dir='ltr'><strong>recte</strong></span> <span class='ocrx_word' id='word_1_434' title='bbox 1510 3706 1732 3765; x_wconf 86' lang='lat' dir='ltr'><strong>dicitur</strong></span> <span class='ocrx_word' id='word_1_435' title='bbox 1757 3707 1965 3765; x_wconf 86' lang='lat' dir='ltr'><strong>tardus</strong></span> <span class='ocrx_word' id='word_1_436' title='bbox 1992 3708 2071 3765; x_wconf 88' lang='lat' dir='ltr'><strong>ad</strong></span> <span class='ocrx_word' id='word_1_437' title='bbox 2097 3706 2249 3764; x_wconf 88' lang='lat' dir='ltr'><strong>iram</strong></span> <span class='ocrx_word' id='word_1_438' title='bbox 2273 3712 2336 3764; x_wconf 90' lang='lat' dir='ltr'><strong>et</strong></span> <span class='ocrx_word' id='word_1_439' title='bbox 2352 3707 2739 3781; x_wconf 87' lang='lat' dir='ltr'><strong>propensissi-</strong></span> 
     </span>
     <span class='ocr_line' id='line_1_43' title="bbox 338 3781 1089 3842; baseline 0.003 -2"><span class='ocrx_word' id='word_1_440' title='bbox 338 3801 473 3840; x_wconf 87' lang='lat' dir='ltr'><strong>mus</strong></span> <span class='ocrx_word' id='word_1_441' title='bbox 500 3785 577 3840; x_wconf 87' lang='lat' dir='ltr'><strong>ad</strong></span> <span class='ocrx_word' id='word_1_442' title='bbox 606 3781 1089 3842; x_wconf 86' lang='lat' dir='ltr'><strong>misericordiam.</strong></span> 
     </span>
    </p>

    <p class='ocr_par' dir='ltr' id='par_1_4' title="bbox 329 3859 2750 4724">
     <span class='ocr_line' id='line_1_44' title="bbox 419 3859 2742 3941; baseline 0.001 -23"><span class='ocrx_word' id='word_1_443' title='bbox 419 3859 580 3919; x_wconf 91' lang='lat' dir='ltr'><strong>VII.</strong></span> <span class='ocrx_word' id='word_1_444' title='bbox 624 3859 726 3919; x_wconf 89' lang='lat' dir='ltr'><strong>Ad</strong></span> <span class='ocrx_word' id='word_1_445' title='bbox 754 3867 1058 3936; x_wconf 87' lang='lat' dir='ltr'><strong>quartum,</strong></span> <span class='ocrx_word' id='word_1_446' title='bbox 1087 3861 1389 3938; x_wconf 86' lang='lat' dir='ltr'><strong>distingue</strong></span> <span class='ocrx_word' id='word_1_447' title='bbox 1416 3864 1788 3923; x_wconf 74' lang='lat' dir='ltr'><strong>necessitatem</strong></span> <span class='ocrx_word' id='word_1_448' title='bbox 1809 3865 2101 3941; x_wconf 74' lang='lat' dir='ltr'><strong>physicam</strong></span> <span class='ocrx_word' id='word_1_449' title='bbox 2117 3868 2180 3921; x_wconf 87' lang='lat' dir='ltr'><strong>et</strong></span> <span class='ocrx_word' id='word_1_450' title='bbox 2205 3863 2428 3932; x_wconf 77' lang='lat' dir='ltr'><strong>brutam</strong></span> <span class='ocrx_word' id='word_1_451' title='bbox 2447 3879 2487 3920; x_wconf 90' lang='lat' dir='ltr'><strong>a</strong></span> <span class='ocrx_word' id='word_1_452' title='bbox 2511 3864 2742 3923; x_wconf 74' lang='lat' dir='ltr'><strong>necessi-</strong></span> 
     </span>
     <span class='ocr_line' id='line_1_45' title="bbox 337 3940 2742 4019; baseline 0.001 -21"><span class='ocrx_word' id='word_1_453' title='bbox 337 3948 451 3999; x_wconf 75' lang='lat' dir='ltr'><strong>tate</strong></span> <span class='ocrx_word' id='word_1_454' title='bbox 477 3941 655 3999; x_wconf 77' lang='lat' dir='ltr'><strong>ethica</strong></span> <span class='ocrx_word' id='word_1_455' title='bbox 682 3949 736 3999; x_wconf 79' lang='lat' dir='ltr'><strong>et</strong></span> <span class='ocrx_word' id='word_1_456' title='bbox 758 3940 1047 4000; x_wconf 70' lang='lat' dir='ltr'><strong>rationali.</strong></span> <span class='ocrx_word' id='word_1_457' title='bbox 1130 3940 1223 3998; x_wconf 93' lang='lat' dir='ltr'><strong>De</strong></span> <span class='ocrx_word' id='word_1_458' title='bbox 1248 3941 1443 4016; x_wconf 89' lang='lat' dir='ltr'><strong>prima</strong></span> <span class='ocrx_word' id='word_1_459' title='bbox 1459 3944 1640 4001; x_wconf 87' lang='lat' dir='ltr'><strong>datur</strong></span> <span class='ocrx_word' id='word_1_460' title='bbox 1679 3943 2118 4019; x_wconf 84' lang='lat' dir='ltr'><strong>consequentia,</strong></span> <span class='ocrx_word' id='word_1_461' title='bbox 2148 3959 2284 4016; x_wconf 83' lang='lat' dir='ltr'><strong>quae</strong></span> <span class='ocrx_word' id='word_1_462' title='bbox 2311 3947 2503 4015; x_wconf 85' lang='lat' dir='ltr'><strong>agunt</strong></span> <span class='ocrx_word' id='word_1_463' title='bbox 2529 3958 2604 3998; x_wconf 84' lang='lat' dir='ltr'><strong>ex</strong></span> <span class='ocrx_word' id='word_1_464' title='bbox 2629 3941 2742 4000; x_wconf 77' lang='lat' dir='ltr'><strong>illa</strong></span> 
     </span>
     <span class='ocr_line' id='line_1_46' title="bbox 336 4019 2742 4098; baseline -0.001 -20"><span class='ocrx_word' id='word_1_465' title='bbox 336 4019 685 4078; x_wconf 86' lang='lat' dir='ltr'><strong>necessitate</strong></span> <span class='ocrx_word' id='word_1_466' title='bbox 710 4025 903 4094; x_wconf 82' lang='lat' dir='ltr'><strong>agunt</strong></span> <span class='ocrx_word' id='word_1_467' title='bbox 928 4037 1157 4096; x_wconf 85' lang='lat' dir='ltr'><strong>semper</strong></span> <span class='ocrx_word' id='word_1_468' title='bbox 1182 4025 1244 4077; x_wconf 90' lang='lat' dir='ltr'><strong>et</strong></span> <span class='ocrx_word' id='word_1_469' title='bbox 1268 4021 1479 4078; x_wconf 87' lang='lat' dir='ltr'><strong>eodem</strong></span> <span class='ocrx_word' id='word_1_470' title='bbox 1506 4022 1691 4079; x_wconf 90' lang='lat' dir='ltr'><strong>modo</strong></span> <span class='ocrx_word' id='word_1_471' title='bbox 1719 4028 2017 4098; x_wconf 86' lang='lat' dir='ltr'><strong>quantum</strong></span> <span class='ocrx_word' id='word_1_472' title='bbox 2043 4025 2296 4095; x_wconf 88' lang='lat' dir='ltr'><strong>possunt</strong></span> <span class='ocrx_word' id='word_1_473' title='bbox 2321 4036 2512 4093; x_wconf 87' lang='lat' dir='ltr'><strong>usque</strong></span> <span class='ocrx_word' id='word_1_474' title='bbox 2540 4019 2618 4077; x_wconf 80' lang='lat' dir='ltr'><strong>ad</strong></span> <span class='ocrx_word' id='word_1_475' title='bbox 2645 4019 2742 4076; x_wconf 91' lang='lat' dir='ltr'><strong>ul-</strong></span> 
     </span>
     <span class='ocr_line' id='line_1_47' title="bbox 336 4095 2744 4174; baseline 0 -19"><span class='ocrx_word' id='word_1_476' title='bbox 336 4097 549 4155; x_wconf 87' lang='lat' dir='ltr'><strong>timam</strong></span> <span class='ocrx_word' id='word_1_477' title='bbox 574 4096 892 4156; x_wconf 82' lang='lat' dir='ltr'><strong>activitatis</strong></span> <span class='ocrx_word' id='word_1_478' title='bbox 925 4099 1255 4172; x_wconf 82' lang='lat' dir='ltr'><strong>sphaeram3</strong></span> <span class='ocrx_word' id='word_1_479' title='bbox 1296 4098 1454 4173; x_wconf 82' lang='lat' dir='ltr'><strong>ignis</strong></span> <span class='ocrx_word' id='word_1_480' title='bbox 1497 4117 1622 4158; x_wconf 90' lang='lat' dir='ltr'><strong>non</strong></span> <span class='ocrx_word' id='word_1_481' title='bbox 1669 4105 1868 4174; x_wconf 86' lang='lat' dir='ltr'><strong>potest</strong></span> <span class='ocrx_word' id='word_1_482' title='bbox 1902 4117 2024 4156; x_wconf 90' lang='lat' dir='ltr'><strong>non</strong></span> <span class='ocrx_word' id='word_1_483' title='bbox 2051 4114 2242 4168; x_wconf 88' lang='lat' dir='ltr'><strong>urere,</strong></span> <span class='ocrx_word' id='word_1_484' title='bbox 2271 4102 2332 4154; x_wconf 90' lang='lat' dir='ltr'><strong>et</strong></span> <span class='ocrx_word' id='word_1_485' title='bbox 2358 4113 2591 4172; x_wconf 86' lang='lat' dir='ltr'><strong>semper</strong></span> <span class='ocrx_word' id='word_1_486' title='bbox 2616 4095 2744 4155; x_wconf 86' lang='lat' dir='ltr'><strong>urit</strong></span> 
     </span>
     <span class='ocr_line' id='line_1_48' title="bbox 336 4173 2748 4255; baseline -0 -21"><span class='ocrx_word' id='word_1_487' title='bbox 336 4175 417 4234; x_wconf 80' lang='lat' dir='ltr'><strong>ad</strong></span> <span class='ocrx_word' id='word_1_488' title='bbox 444 4181 781 4233; x_wconf 80' lang='lat' dir='ltr'><strong>extremum</strong></span> <span class='ocrx_word' id='word_1_489' title='bbox 804 4176 909 4235; x_wconf 90' lang='lat' dir='ltr'><strong>ubi</strong></span> <span class='ocrx_word' id='word_1_490' title='bbox 935 4175 1193 4234; x_wconf 87' lang='lat' dir='ltr'><strong>occurrit</strong></span> <span class='ocrx_word' id='word_1_491' title='bbox 1219 4176 1520 4250; x_wconf 85' lang='lat' dir='ltr'><strong>objectum</strong></span> <span class='ocrx_word' id='word_1_492' title='bbox 1546 4177 1797 4255; x_wconf 87' lang='lat' dir='ltr'><strong>aliquod</strong></span> <span class='ocrx_word' id='word_1_493' title='bbox 1813 4175 2245 4235; x_wconf 86' lang='lat' dir='ltr'><strong>combustibile.</strong></span> <span class='ocrx_word' id='word_1_494' title='bbox 2290 4173 2383 4231; x_wconf 91' lang='lat' dir='ltr'><strong>At</strong></span> <span class='ocrx_word' id='word_1_495' title='bbox 2400 4175 2476 4231; x_wconf 89' lang='lat' dir='ltr'><strong>de</strong></span> <span class='ocrx_word' id='word_1_496' title='bbox 2495 4175 2748 4233; x_wconf 88' lang='lat' dir='ltr'><strong>necessi-</strong></span> 
     </span>
     <span class='ocr_line' id='line_1_49' title="bbox 329 4251 2744 4328; baseline -0 -16"><span class='ocrx_word' id='word_1_497' title='bbox 329 4259 461 4312; x_wconf 74' lang='lat' dir='ltr'><strong>tate</strong></span> <span class='ocrx_word' id='word_1_498' title='bbox 506 4254 725 4313; x_wconf 89' lang='lat' dir='ltr'><strong>morali</strong></span> <span class='ocrx_word' id='word_1_499' title='bbox 769 4271 893 4312; x_wconf 89' lang='grc'><strong>000</strong></span> <span class='ocrx_word' id='word_1_500' title='bbox 939 4255 1119 4325; x_wconf 84' lang='lat' dir='ltr'><strong>valet,</strong></span> <span class='ocrx_word' id='word_1_501' title='bbox 1148 4253 1293 4328; x_wconf 88' lang='lat' dir='ltr'><strong>quia</strong></span> <span class='ocrx_word' id='word_1_502' title='bbox 1317 4255 1665 4312; x_wconf 84' lang='lat' dir='ltr'><strong>exercitium</strong></span> <span class='ocrx_word' id='word_1_503' title='bbox 1689 4255 1856 4313; x_wconf 88' lang='lat' dir='ltr'><strong>illius</strong></span> <span class='ocrx_word' id='word_1_504' title='bbox 1895 4253 2136 4312; x_wconf 81' lang='lat' dir='ltr'><strong>virtutis</strong></span> <span class='ocrx_word' id='word_1_505' title='bbox 2160 4251 2383 4327; x_wconf 87' lang='lat' dir='ltr'><strong>pendet</strong></span> <span class='ocrx_word' id='word_1_506' title='bbox 2407 4269 2446 4308; x_wconf 90' lang='lat' dir='ltr'><strong>a</strong></span> <span class='ocrx_word' id='word_1_507' title='bbox 2470 4252 2744 4311; x_wconf 84' lang='lat' dir='ltr'><strong>libertate</strong></span> 
     </span>
     <span class='ocr_line' id='line_1_50' title="bbox 336 4329 2745 4408; baseline -0 -18"><span class='ocrx_word' id='word_1_508' title='bbox 336 4331 671 4391; x_wconf 84' lang='lat' dir='ltr'><strong>voluntatis</strong></span> <span class='ocrx_word' id='word_1_509' title='bbox 691 4350 825 4408; x_wconf 82' lang='lat' dir='ltr'><strong>quae</strong></span> <span class='ocrx_word' id='word_1_510' title='bbox 844 4331 1245 4390; x_wconf 86' lang='lat' dir='ltr'><strong>diversimode</strong></span> <span class='ocrx_word' id='word_1_511' title='bbox 1268 4331 1425 4389; x_wconf 88' lang='lat' dir='ltr'><strong>illud</strong></span> <span class='ocrx_word' id='word_1_512' title='bbox 1451 4339 1648 4406; x_wconf 87' lang='lat' dir='ltr'><strong>potest</strong></span> <span class='ocrx_word' id='word_1_513' title='bbox 1669 4331 2031 4390; x_wconf 87' lang='lat' dir='ltr'><strong>modificare.</strong></span> <span class='ocrx_word' id='word_1_514' title='bbox 2080 4329 2182 4388; x_wconf 84' lang='lat' dir='ltr'><strong>Ita</strong></span> <span class='ocrx_word' id='word_1_515' title='bbox 2206 4329 2318 4388; x_wconf 86' lang='lat' dir='ltr'><strong>etsi</strong></span> <span class='ocrx_word' id='word_1_516' title='bbox 2344 4331 2745 4389; x_wconf 88' lang='lat' dir='ltr'><strong>necessarium</strong></span> 
     </span>
     <span class='ocr_line' id='line_1_51' title="bbox 338 4408 2746 4486; baseline 0 -19"><span class='ocrx_word' id='word_1_517' title='bbox 338 4409 417 4468; x_wconf 87' lang='lat' dir='ltr'><strong>sit</strong></span> <span class='ocrx_word' id='word_1_518' title='bbox 440 4429 519 4468; x_wconf 84' lang='lat' dir='ltr'><strong>ex</strong></span> <span class='ocrx_word' id='word_1_519' title='bbox 546 4417 719 4485; x_wconf 85' lang='lat' dir='ltr'><strong>parte</strong></span> <span class='ocrx_word' id='word_1_520' title='bbox 752 4411 1007 4484; x_wconf 75' lang='lat' dir='ltr'><strong>justitiae</strong></span> <span class='ocrx_word' id='word_1_521' title='bbox 1032 4408 1236 4486; x_wconf 86' lang='lat' dir='ltr'><strong>puniri</strong></span> <span class='ocrx_word' id='word_1_522' title='bbox 1281 4415 1609 4482; x_wconf 88' lang='lat' dir='ltr'><strong>peccatum,</strong></span> <span class='ocrx_word' id='word_1_523' title='bbox 1655 4409 1720 4466; x_wconf 88' lang='lat' dir='ltr'><strong>in</strong></span> <span class='ocrx_word' id='word_1_524' title='bbox 1746 4409 1857 4467; x_wconf 85' lang='lat' dir='ltr'><strong>illa</strong></span> <span class='ocrx_word' id='word_1_525' title='bbox 1882 4415 2083 4467; x_wconf 89' lang='lat' dir='ltr'><strong>tamen</strong></span> <span class='ocrx_word' id='word_1_526' title='bbox 2103 4427 2296 4485; x_wconf 82' lang='lat' dir='ltr'><strong>poenae</strong></span> <span class='ocrx_word' id='word_1_527' title='bbox 2323 4408 2746 4468; x_wconf 87' lang='lat' dir='ltr'><strong>distributione</strong></span> 
     </span>
     <span class='ocr_line' id='line_1_52' title="bbox 338 4486 2747 4562; baseline 0.001 -18"><span class='ocrx_word' id='word_1_528' title='bbox 338 4488 531 4546; x_wconf 87' lang='lat' dir='ltr'><strong>libera</strong></span> <span class='ocrx_word' id='word_1_529' title='bbox 578 4487 773 4547; x_wconf 85' lang='lat' dir='ltr'><strong>Patris</strong></span> <span class='ocrx_word' id='word_1_530' title='bbox 812 4489 1063 4548; x_wconf 82' lang='lat' dir='ltr'><strong>coelestis</strong></span> <span class='ocrx_word' id='word_1_531' title='bbox 1092 4486 1320 4546; x_wconf 64' lang='lat' dir='ltr'><strong>irnham</strong></span> <span class='ocrx_word' id='word_1_532' title='bbox 1370 4491 1595 4544; x_wconf 85' lang='lat' dir='ltr'><strong>certam</strong></span> <span class='ocrx_word' id='word_1_533' title='bbox 1641 4487 2034 4545; x_wconf 89' lang='lat' dir='ltr'><strong>oeconomiam</strong></span> <span class='ocrx_word' id='word_1_534' title='bbox 2087 4487 2402 4546; x_wconf 85' lang='lat' dir='ltr'><strong>admittere</strong></span> <span class='ocrx_word' id='word_1_535' title='bbox 2427 4493 2622 4562; x_wconf 89' lang='lat' dir='ltr'><strong>potest</strong></span> <span class='ocrx_word' id='word_1_536' title='bbox 2646 4489 2747 4546; x_wconf 87' lang='lat' dir='ltr'><strong>vel</strong></span> 
     </span>
     <span class='ocr_line' id='line_1_53' title="bbox 338 4564 2750 4643; baseline -0 -19"><span class='ocrx_word' id='word_1_537' title='bbox 338 4573 612 4642; x_wconf 86' lang='lat' dir='ltr'><strong>respectu</strong></span> <span class='ocrx_word' id='word_1_538' title='bbox 660 4567 947 4643; x_wconf 86' lang='lat' dir='ltr'><strong>temporis</strong></span> <span class='ocrx_word' id='word_1_539' title='bbox 994 4566 1145 4623; x_wconf 89' lang='lat' dir='ltr'><strong>dum</strong></span> <span class='ocrx_word' id='word_1_540' title='bbox 1170 4564 1464 4637; x_wconf 79' lang='lat' dir='ltr'><strong>differtur,</strong></span> <span class='ocrx_word' id='word_1_541' title='bbox 1494 4565 1594 4621; x_wconf 85' lang='lat' dir='ltr'><strong>vel</strong></span> <span class='ocrx_word' id='word_1_542' title='bbox 1619 4583 1809 4640; x_wconf 78' lang='lat' dir='ltr'><strong>poenae</strong></span> <span class='ocrx_word' id='word_1_543' title='bbox 1855 4564 2041 4640; x_wconf 88' lang='lat' dir='ltr'><strong>ipsius</strong></span> <span class='ocrx_word' id='word_1_544' title='bbox 2066 4567 2216 4624; x_wconf 90' lang='lat' dir='ltr'><strong>dum</strong></span> <span class='ocrx_word' id='word_1_545' title='bbox 2239 4571 2620 4642; x_wconf 86' lang='lat' dir='ltr'><strong>temperatur,</strong></span> <span class='ocrx_word' id='word_1_546' title='bbox 2648 4567 2750 4623; x_wconf 85' lang='lat' dir='ltr'><strong>vel</strong></span> 
     </span>
     <span class='ocr_line' id='line_1_54' title="bbox 338 4643 2750 4724; baseline -0.001 -20"><span class='ocrx_word' id='word_1_547' title='bbox 338 4661 738 4718; x_wconf 82' lang='lat' dir='ltr'><strong>personarum</strong></span> <span class='ocrx_word' id='word_1_548' title='bbox 780 4647 931 4704; x_wconf 88' lang='lat' dir='ltr'><strong>dum</strong></span> <span class='ocrx_word' id='word_1_549' title='bbox 973 4643 1347 4719; x_wconf 81' lang='lat' dir='ltr'><strong>transfertur,</strong></span> <span class='ocrx_word' id='word_1_550' title='bbox 1374 4660 1569 4720; x_wconf 84' lang='lat' dir='ltr'><strong>neque</strong></span> <span class='ocrx_word' id='word_1_551' title='bbox 1606 4643 1776 4706; x_wconf 84' lang='lat' dir='ltr'><strong>fraus</strong></span> <span class='ocrx_word' id='word_1_552' title='bbox 1803 4645 1936 4705; x_wconf 86' lang='lat' dir='ltr'><strong>ulla</strong></span> <span class='ocrx_word' id='word_1_553' title='bbox 1958 4651 2276 4724; x_wconf 86' lang='lat' dir='ltr'><strong>propterea</strong></span> <span class='ocrx_word' id='word_1_554' title='bbox 2297 4643 2427 4704; x_wconf 89' lang='lat' dir='ltr'><strong>fieri</strong></span> <span class='ocrx_word' id='word_1_555' title='bbox 2453 4645 2750 4704; x_wconf 86' lang='lat' dir='ltr'><strong>censenda</strong></span> 
     </span>
    </p>
   </div>
  </div>
 </body>
</html>
