3234 5192
285 352 519 395 merum.
548 335 707 417 xm]
906 356 985 399 na
1014 350 1494 397 sarxsracrroms
1520 352 1758 397 cuman
1789 354 2108 403 vannus.
2579 340 2696 403 481

272 494 593 572 emphasim
620 494 935 553 maximam
955 493 1148 569 habet,
1172 501 1237 553 ut
1256 513 1387 554 cum
1404 496 1581 555 scelus
1598 514 1878 555 vocamus
1897 495 2370 557 scelestissimum
2396 500 2692 561 hominem

273 574 375 651 qui
392 583 550 635 totus
568 575 627 633 in
648 574 964 635 sceleribus
984 575 1161 651 jacet,
1191 574 1275 633 ita
1301 574 1646 634 execrabilis
1672 574 1886 635 dicitur
1920 578 2204 636 execratio
2233 579 2374 654 ipsa,
2391 588 2472 657 ,ut
2499 580 2686 657 Aqui-

272 672 381 713 nas
406 662 617 728 monet,
636 658 835 729 factm
862 665 944 713 est
968 674 1095 729 ipsa
1121 654 1437 713 maledictio
1464 654 1602 731 quia
1627 653 1852 715 scilicet
1879 674 2106 714 omnem
2135 657 2596 717 maledictionem
2627 667 2687 718 et

274 734 662 794 calamitatem
690 754 865 812 quam
894 734 1022 792 Lex
1048 732 1377 793 minabatur
1402 734 1946 810 transgressoribus,
1973 735 2154 795 subiit
2178 743 2238 795 et
2264 735 2520 814 pertulit.
2597 737 2686 797 At

274 813 580 890 quomode,
612 813 856 891 inquies,
906 812 1062 872 filius
1107 813 1221 871 Dei
1267 812 1515 873 dilectus
1558 824 1619 872 et
1661 813 1849 872 omnis
1877 814 2296 875 benedictionis
2325 816 2532 876 author
2559 815 2686 875 fieri

271 894 461 970 potuit
487 893 779 954 execratio
795 898 823 953 Ρ
906 893 1001 952 Ita
1026 892 1260 953 horrida
1286 892 1417 951 visa
1442 900 1533 952 est
1557 892 1684 951 haec
1710 892 1928 953 locutio
1957 903 2016 954 et
2041 894 2190 955 dura
2213 896 2414 955 Hier0.
2445 903 2505 955 et
2531 896 2682 973 aliis,

270 980 337 1033 ut
364 974 643 1051 tropicam
684 994 814 1033 eam
854 972 1241 1050 existimarint
1282 980 1341 1031 et
1380 972 1575 1048 aliquo
1614 972 2122 1050 interpretamento
2162 975 2508 1052 leniendam,
2551 975 2686 1035 ideo

272 1052 569 1113 subaudiri
598 1054 805 1111 volunt
830 1052 1165 1130 particulam
1208 1051 1276 1116 ὡς
1309 1058 1377 1111 ut
1404 1050 1694 1128 significet
1719 1070 1850 1111 eum
1871 1052 1953 1113 ita
1974 1061 2280 1117 tractatum
2309 1054 2489 1115 fuisse
2516 1056 2684 1132 quasi

274 1142 431 1192 esset
460 1133 587 1193 Deo
616 1132 835 1192 incus-d
862 1158 997 1197 επις.
1058 1129 1175 1190 Sed
1204 1131 1255 1189 si
1282 1130 1377 1189 cui
1394 1130 1601 1191 durum
1631 1131 1742 1190 hoc
1769 1131 2001 1192 videtur
2027 1133 2242 1211 pudeat
2269 1136 2457 1212 ipsum
2480 1135 2684 1195 Crucis

274 1212 491 1271 Christi
516 1214 685 1289 cujus
712 1160 1072 1272 confessione
1099 1210 1452 1287 gloriamur:
1496 1210 1626 1269 Imo
1653 1210 1714 1269 in
1742 1230 1810 1270 eo
1839 1212 2029 1289 posita
2054 1221 2145 1272 est
2171 1222 2294 1273 tota
2315 1222 2512 1274 nostra
2528 1234 2680 1293 spes,

270 1292 347 1351 ab
376 1312 445 1351 eo
474 1291 689 1368 pendet
715 1292 986 1351 solatium
1027 1298 1289 1349 nostrum
1317 1297 1377 1349 et
1404 1290 1578 1365 salus,
1608 1290 1768 1367 quod
1797 1291 1959 1349 Deus
1986 1311 2214 1351 omnem
2243 1293 2386 1351 iram
2408 1295 2467 1351 in
2496 1294 2680 1353 filium

272 1370 557 1447 effuderit,
604 1378 672 1429 ut
716 1390 823 1431 nos
868 1370 929 1427 in
976 1368 1223 1447 gratiam
1271 1368 1566 1447 reciperet,
1612 1370 1772 1446 quod
1811 1370 2178 1432 maledixerit
2203 1381 2270 1433 ut
2295 1372 2680 1449 benediceret,

269 1449 431 1527 quod
457 1450 829 1528 dereliquerit
854 1458 921 1510 ut
946 1449 1009 1509 in
1032 1448 1416 1526 patrocinium
1444 1456 1503 1508 et
1528 1450 1770 1509 tutelam
1786 1450 2082 1527 reciperet,
2107 1452 2266 1529 quod
2287 1452 2683 1513 condemnarit

269 1538 337 1589 ut
363 1550 471 1589 nos
499 1530 845 1605 absolveret,
876 1530 1021 1589 alias
1050 1528 1101 1587 si
1126 1528 1263 1588 ficta
1288 1528 1467 1588 fuisse
1492 1530 1619 1589 haec
1650 1529 1866 1589 Christi
1893 1530 2211 1591 exinanitio
2239 1540 2300 1591 et
2327 1533 2518 1591 Patris
2545 1552 2680 1593 exe·

268 1610 468 1685 static,
497 1609 635 1669 ficta
661 1629 891 1687 quoque
918 1616 1071 1669 esset
1092 1617 1153 1668 et
1176 1608 1367 1667 inanis
1394 1628 1527 1686 spes
1554 1609 1756 1687 gloriae
1777 1618 1836 1669 et
1861 1610 2282 1671 benedictionis
2309 1632 2480 1690 quam
2509 1612 2584 1671 ab
2613 1634 2684 1672 eo

271 1699 664 1767 expectamuS.
759 1689 877 1749 Sed
924 1708 1065 1749 vero
1108 1708 1183 1747 ne
1230 1687 1327 1747 hic
1370 1688 1762 1766 impingamus
1808 1689 2229 1767 distinguenda
2264 1700 2354 1751 est
2401 1691 2683 1769 imprimis

270 1770 504 1845 gemina
523 1769 626 1827 illa
646 1794 815 1845 αχω-ις
836 1770 945 1829 sub
974 1788 1091 1847 qua
1119 1768 1382 1828 Christus
1402 1768 1755 1828 considerari
1783 1777 1990 1847 potest,
2005 1772 2300 1847 primaria
2317 1778 2376 1832 et
2402 1773 2684 1833 naturalis

269 1850 555 1927 quafilius
586 1850 715 1925 Dei,
742 1850 1087 1910 secundaria
1112 1856 1171 1907 et
1181 1848 1433 1923 forensis
1453 1869 1571 1925 qua
1594 1858 1686 1909 est
1705 1848 2003 1909 Mediator
2030 1858 2089 1911 et
2119 1852 2234 1911 Vas
2254 1852 2356 1929 qui
2383 1872 2486 1930 pro
2513 1852 2686 1913 nobis

272 1929 617 2006 spopondit,
660 1930 853 2007 quoad
880 1930 1123 2009 primam
1154 1928 1281 1987 Deo
1310 1928 1684 1988 charissimus
1706 1948 1932 2007 semper
1951 1928 2063 1990 fuit
2083 1938 2142 1990 et
2163 1950 2386 1991 summe
2413 1932 2680 2009 dilectus,

269 2006 333 2065 in
359 2028 475 2086 quo
503 2011 775 2069 voluntas
803 2018 863 2069 et
888 2028 1051 2068 amor
1078 2008 1271 2067 Patris
1296 2008 1467 2084 plene
1494 2008 1804 2085 acquievit,
1836 2010 1953 2069 Isa.
1983 2010 2108 2069 xlii.
2143 2014 2196 2086 1,
2221 2011 2434 2071 Matth.
2469 2012 2550 2073 iii.
2585 2016 2680 2086 17,

268 2088 463 2164 quoad
490 2088 801 2149 secundam
828 2090 979 2147 inter
1004 2094 1335 2164 peccatores
1352 2098 1688 2146 numeratus
1715 2096 1820 2163 est,
1851 2096 1912 2147 et
1937 2087 2359 2149 maledictionis
2387 2110 2533 2166 reos,
2563 2109 2682 2149 non

270 2166 334 2225 in
360 2188 420 2226 se
449 2168 553 2226 sed
580 2169 639 2225 in
658 2168 812 2226 nobis
840 2184 1084 2243 quorum
1122 2184 1428 2242 personam
1470 2166 1826 2241 sustinebat3
1871 2167 2079 2245 Itaque
2106 2188 2215 2227 nec
2241 2176 2410 2229 extra
2436 2169 2682 2246 gratiam

272 2246 386 2305 Dei
427 2265 555 2305 esse
607 2246 814 2323 potuit,
870 2253 931 2303 et
977 2252 1171 2303 tamen
1226 2244 1501 2303 sustinuit
1548 2245 1677 2322 ejus
1713 2245 1890 2323 iram;
1943 2247 2094 2305 Nam
2124 2247 2175 2306 si
2221 2255 2388 2307 extra
2434 2248 2684 2327 gratiam

268 2324 476 2385 fuisset
502 2324 791 2402 quomodo
817 2333 1040 2403 patrem
1068 2343 1240 2401 quem
1268 2322 1567 2385 habuisset
1593 2324 1865 2385 infestum
1892 2333 1952 2386 et
1972 2327 2066 2386 cui
2094 2346 2308 2389 exosus
2335 2326 2555 2405 fiiisset,
2590 2348 2682 2389 re-

268 2404 577 2465 conciliare
623 2405 793 2471 nobis
827 2405 1156 2484 potuisset?
1236 2404 1461 2464 Rursus
1508 2406 1800 2483 quomodo
1825 2425 1934 2465 nos
1961 2406 2035 2465 ab
2073 2406 2162 2466 ira
2203 2408 2316 2467 Dei
2359 2408 2680 2486 liberasset,

268 2485 383 2545 nisi
412 2506 538 2545 eam
568 2506 604 2544 a
630 2486 801 2546 nobis
828 2486 889 2544 in
917 2486 1171 2565 seipsum
1198 2484 1592 2547 transtulisset
1611 2488 1641 2543 Ρ
1679 2485 1810 2545 ideo
1827 2506 2136 2565 percussus
2156 2488 2267 2549 fuit
2286 2498 2522 2567 propter
2547 2510 2682 2567 pec-

268 2574 399 2625 cata
444 2575 642 2626 nostra
684 2574 745 2627 et
789 2567 981 2626 Deum
1028 2574 1305 2643 expertus
1354 2573 1443 2625 est
1486 2574 1762 2643 tanquam
1803 2566 2012 2626 iratum
2032 2567 2308 2645 judicem,
2339 2569 2499 2647 quod
2524 2578 2682 2630 recte

270 2645 526 2724 August.
574 2647 677 2706 lib.
706 2647 831 2707 xiv.
878 2654 1031 2707 cont.
1080 2646 1281 2706 Faust.
1311 2666 1363 2705 c.
1392 2644 1567 2723 xcvi„
1598 2646 1902 2724 expressit,
1946 2650 1983 2680 ‘⁴
2001 2666 2226 2725 semper
2253 2649 2594 2710 benedictus
2621 2650 2684 2709 in

270 2744 377 2785 sua
397 2727 645 2805 justitia,
674 2726 1019 2787 maledictus
1060 2734 1293 2804 propter
1318 2734 1518 2785 nostra
1544 2734 1784 2816 peccata
1811 2726 1870 2783 in
1899 2736 2082 2785 morte
2111 2737 2382 2805 suscepta
2407 2748 2482 2787 ex
2510 2749 2684 2805 poena

266 2810 515 2866 nostra.”
600 2806 807 2883 Itaque
844 2805 1135 2885 majestati
1178 2804 1393 2864 Christi
1438 2804 1587 2861 nihil
1635 2804 1892 2881 derogat,
1924 2804 2080 2881 quod
2109 2806 2234 2864 sine
2261 2806 2432 2883 culpa
2459 2816 2682 2867 reatum

267 2894 327 2944 et
367 2905 597 2964 posnam
646 2886 707 2942 in
750 2904 814 2943 se
862 2883 1181 2960 susceperit
1208 2891 1273 2941 ut
1300 2902 1406 2943 nos
1434 2903 1471 2941 a
1496 2902 1670 2959 poena
1695 2891 1756 2941 et
1783 2883 1952 2959 culpa
1979 2883 2152 2941 simul
2189 2883 2477 2944 liberaret.
2561 2884 2682 2943 De-

265 2964 444 3039 nique
470 2963 555 3023 sic
584 2963 847 3021 Christus
874 2958 1536 3021 maledictionem‘nobis
1564 2959 1820 3020 debitam
1848 2962 1912 3019 in
1939 2981 2000 3021 se
2028 2961 2340 3036 transtulit,
2371 2970 2437 3021 ut
2463 2982 2534 3021 ea
2565 2982 2684 3022 non

268 3042 442 3101 fuerit
468 3042 711 3101 obrutus
740 3040 843 3100 sed
872 3061 998 3099 eam
1026 3040 1249 3115 vicerit,
1280 3040 1657 3117 superaverit,
1702 3040 2038 3117 aboleverit,
2071 3050 2136 3101 ut
2162 3050 2316 3101 esset
2357 3042 2486 3101 fons
2518 3043 2684 3121 jugis

266 3128 327 3181 et
351 3121 733 3180 inexhaustus
758 3120 1181 3180 benedictionis
1207 3120 1279 3181 iis
1307 3118 1409 3197 qui
1436 3118 1786 3179 crediderint
1805 3119 1867 3177 in
1887 3140 2036 3181 eum.

349 3200 611 3259 XXIII.
655 3200 855 3279 Atque
874 3200 1011 3260 hinc
1038 3200 1261 3279 liquido
1288 3206 1449 3279 patet
1495 3218 1611 3277 quo
1654 3200 1787 3277 jure
1827 3201 1922 3259 vel
1947 3200 2142 3279 potius
2188 3210 2406 3281 quanta
2433 3223 2564 3263 cum
2592 3202 2680 3263 iu·

256 3282 417 3360 juria
438 3280 729 3341 Pontifieii
750 3289 910 3341 tanta
939 3280 1059 3341 stili
1084 3280 1317 3341 diritate
1345 3278 1646 3357 exagitent
1683 3279 1840 3358 quod
1867 3281 1942 3341 ab
1981 3281 2353 3360 integerrimo
2381 3284 2681 3362 Theologo

268 3362 514 3422 Calvino
540 3370 757 3439 nostr0‚
790 3362 1045 3421 sectione
1092 3380 1155 3422 x.
1201 3360 1508 3436 Catechis.,
1540 3358 1758 3421 dictum
1805 3361 1914 3421 fuit
1950 3361 2024 3422 de
2065 3362 2362 3424 doloribus
2406 3372 2466 3424 et
2491 3366 2682 3443 poenis

267 3442 483 3503 Christi
510 3442 927 3518 satisfactoriis,
972 3462 1103 3501 eum
1146 3442 1273 3502 scil.
1302 3444 1363 3501 in
1404 3442 1509 3501 tali
1528 3442 1714 3517 fiai-sse
1755 3444 2115 3503 damnatione
2163 3445 2514 3505 constitutum
2553 3453 2618 3504 ut
2646 3466 2684 3504 a

268 3522 396 3581 Deo
437 3542 499 3581 se
541 3522 881 3583 derelictum
923 3530 1273 3600 conquestus
1314 3522 1417 3599 sit3
1462 3522 1628 3601 quasi
1671 3522 1806 3582 inde
1849 3532 2200 3600 sequeretur,
2251 3524 2407 3601 quod
2449 3524 2685 3583 nonnisi

266 3621 495 3661 summa
522 3622 655 3661 cum
682 3603 979 3679 impietate
1008 3602 1142 3679 dici,
1172 3611 1240 3663 ut
1266 3602 1383 3662 illis
1410 3602 1646 3680 quidem
1667 3603 1918 3679 videtur,
1948 3612 2156 3681 potest,
2200 3604 2484 3664 Christum
2497 3602 2682 3677 finisse

265 3683 615 3741 damnatum.
699 3682 851 3740 Nam
878 3690 943 3741 ut
968 3702 1087 3742 non
1115 3682 1375 3743 dicamus
1402 3703 1521 3741 non
1542 3700 1672 3741 esse
1693 3682 1849 3759 quod
1871 3692 2106 3760 propter
2132 3683 2293 3741 illam
2321 3702 2522 3741 vocem
2553 3690 2680 3741 tan-

266 3768 465 3837 topere
492 3760 555 3818 in
582 3780 689 3821 nos
716 3762 1143 3823 excandescant
1169 3770 1229 3823 et
1255 3762 1700 3838 debacchentur,
1747 3782 1879 3821 cum
1920 3762 2217 3840 Scriptura
2258 3762 2386 3839 ipsa
2432 3780 2550 3819 non
2577 3761 2682 3819 ab-

262 3838 495 3899 horreat
542 3860 579 3899 a
622 3843 997 3902 damnationis
1041 3861 1204 3918 voce,
1244 3861 1380 3901 nam
1428 3842 1577 3899 latro
1622 3860 1940 3901 conversus
1993 3843 2238 3903 alterum
2291 3840 2684 3919 blasphemias

264 3928 624 3979 eructantem
652 3922 736 3980 sic
764 3922 1208 3999 compescebat:
1252 3924 1288 3955 ‘⁴
1312 3921 1401 3979 Ne
1431 3922 1623 3981 Deum
1651 3919 1886 3997 quidem
1913 3921 2083 3981 times
2109 3941 2242 3981 cum
2270 3920 2331 3978 in
2359 3919 2563 3979 eadem
2601 3920 2689 3979 sis

265 3998 635 4059 damnatione
658 4000 717 4077 ;’'
745 4022 877 4060 cum
906 4010 965 4061 et
995 4002 1197 4059 Patres
1224 4020 1294 4059 ea
1320 4019 1438 4058 non
1458 4000 1639 4061 semel
1655 4000 1926 4077 legantur
1942 4000 2052 4076 usi,
2083 3999 2325 4059 Tertull.
2355 3999 2418 4059 li.
2438 3998 2522 4058 iii.
2545 4018 2682 4057 con·

264 4086 357 4138 tra
384 4079 589 4139 Marci.
634 4100 684 4139 c.
714 4080 795 4155 ii.,
828 4085 865 4115 ‘⁸
882 4100 998 4139 non
1026 4080 1138 4140 erit
1164 4079 1456 4157 indignior
1482 4087 1669 4138 morte
1707 4078 2000 4155 nativitas,
2032 4088 2092 4139 et
2131 4098 2302 4139 cruce
2347 4077 2601 4154 infamia,
2624 4086 2684 4137 et

268 4178 441 4217 carne
469 4158 765 4219 damnatio
784 4160 842 4235 ;’'
874 4160 1199 4237 Cyprianus
1220 4159 1293 4218 de
1316 4160 1581 4236 passione
1606 4158 1840 4235 Christi,
1873 4161 1909 4192 ‘⁶
1931 4159 2236 4219 damnatus
2265 4166 2354 4217 est
2379 4166 2446 4216 ut
2473 4157 2682 4216 libera·

264 4245 355 4296 ret
376 4238 682 4299 damnatos
695 4240 753 4317 ;”
776 4240 1022 4317 Gregor.
1042 4258 1307 4317 magnus,
1326 4238 1525 4297 moral.
1538 4237 1601 4297 li.
1619 4237 1702 4297 iii.
1722 4259 1772 4297 c.
1791 4242 1849 4314 2,
1873 4239 1908 4272 ‘⁴
1922 4238 2034 4312 Qui
2047 4238 2206 4297 Patri
2224 4244 2314 4295 est
2331 4237 2570 4313 aequalis
2580 4257 2684 4315 per

266 4318 670 4396 Divinitatem,
690 4320 853 4380 venit
872 4328 1107 4398 propter
1125 4339 1233 4378 nos
1264 4317 1339 4377 ad
1356 4317 1591 4395 flagella
1609 4337 1714 4395 per
1734 4336 1981 4393 carnem,
2001 4336 2131 4395 quse
2159 4316 2430 4375 nimirum
2451 4315 2686 4395 flagella

264 4418 381 4457 non
404 4400 725 4477 susciperet
752 4400 865 4459 nisi
897 4398 1179 4459 sormam’'
1196 4398 1453 4457 damnati
1485 4397 1789 4457 “hominis
1810 4396 2146 4457 redimendo
2175 4396 2575 4474 sumpsisset,”
2606 4398 2685 4457 Et

264 4488 485 4556 postea,
508 4482 546 4513 ‘⁴
560 4480 713 4539 Eum
724 4480 825 4557 qui
844 4480 967 4539 sine
986 4488 1222 4557 peccato
1240 4486 1330 4537 est
1346 4498 1449 4556 pro
1466 4474 1867 4556 peecatoribus
1877 4476 2115 4537 damnat
2127 4480 2175 4538 :”
2195 4476 2324 4536 Imo
2335 4476 2483 4537 varii
2493 4497 2568 4536 ex
2579 4477 2680 4536 ad-

262 4559 708 4637 versariisipsis,
722 4568 871 4619 teste
893 4558 1234 4621 Suaresioin
1247 4561 1302 4634 3,
1316 4578 1373 4635 q.
1390 4560 1485 4634 53,
1506 4555 1713 4633 Art.8,
1737 4557 1885 4635 disp.
1899 4558 2046 4617 xliii.
2059 4565 2200 4617 sect.
2219 4558 2270 4632 1,
2287 4558 2322 4590 “
2341 4556 2544 4617 Refert
2555 4558 2681 4616 Me·
2743 4594 2747 4599 .

260 4636 458 4715 dina‚’'
482 4638 688 4719 inquit,
717 4643 754 4675 ‘⁴
776 4640 1027 4701 sensisse
1056 4638 1283 4719 aliquos
1312 4638 1644 4700 Catholicos
1673 4636 1962 4699 Christum
1992 4658 2223 4717 passum
2253 4636 2432 4697 fuisse
2461 4637 2684 4717 aliquas

2312 4722 2348 4777 2
2394 4736 2438 4776 u
2649 4748 2658 4753 -
