3234 5192
261 407 489 447 msrcr.
523 383 622 466 11.]
1001 401 1224 440 xosrns
1257 401 1334 439 AB
1375 399 1655 440 necessu
1688 401 1953 442 amus-A.
2604 385 2677 440 3³

249 546 392 604 alias
421 543 692 604 Ecclesia
715 550 929 622 praeter
953 541 998 602 J
1001 541 1262 600 udaicam
1291 540 1480 599 adhuc
1509 549 1633 599 erat
1676 541 2003 602 constituta.
2090 541 2173 602 At
2198 543 2294 602 hic
2322 543 2435 600 alia
2462 543 2673 602 omnia.

251 626 398 683 Nam
426 635 486 686 et
517 625 788 684 Ecclesia
831 623 1064 700 Papalis
1105 631 1228 680 tota
1267 619 1608 678 idololatriae
1652 621 1823 696 plena
1864 631 1969 696 est,
2002 623 2266 681 Christus
2297 621 2439 680 alibi
2470 622 2668 680 Eccle-

251 707 366 764 sias
419 706 684 783 puriores
741 703 944 761 erexit.
1033 701 1115 761 Ut
1168 721 1326 777 erg0,
1383 700 1520 758 licet
1575 699 1841 758 Christus
1894 702 2249 778 permitteret
2296 711 2417 760 tum
2474 701 2673 758 audire

255 785 596 860 Pharisaeos,
629 782 804 842 modo
831 782 908 840 ab
935 801 1132 840 eorum
1161 780 1442 838 fermento
1470 779 1580 838 sibi
1603 791 1877 839 caverent
1902 782 2119 854 fideleS,
2142 791 2333 840 tamen
2364 779 2675 838 Christiani

249 883 457 923 nomen
485 884 605 922 non
635 863 876 922 meritus
903 869 1055 920 esset
1083 861 1150 934 is,
1181 859 1282 936 qui
1309 859 1548 918 obtentu
1578 859 1719 916 dicti
1748 860 1961 918 Christi
2003 881 2037 918 a
2082 865 2396 939 synagoga
2422 858 2677 919 Judai‘ca

251 963 363 1002 non
393 944 748 1016 recessisset,
778 949 912 1018 post
953 940 1322 998 constitutam
1353 940 1673 998 Ecclesiam
1704 940 2103 1014 Christianam,
2136 961 2211 998 ex
2248 961 2364 1017 quo
2406 938 2675 1016 Apostoli

253 1025 634 1082 secessionem
679 1043 714 1080 a
761 1021 804 1080 J
807 1020 990 1079 udaeis
1017 1019 1320 1096 urgebant,
1353 1018 1470 1076 Act
1499 1019 1556 1077 ii.
1587 1021 1684 1093 40,
1729 1021 1904 1078 Exite
1931 1041 2004 1077 ex
2044 1022 2151 1078 Ιιαε
2171 1021 2547 1096 qenes-atione,
2594 1018 2675 1076 ita

251 1123 354 1160 nec
381 1121 654 1162 verorum
684 1099 940 1158 fidelium
969 1099 1200 1157 nomine
1217 1098 1380 1175 digni
1409 1107 1560 1172 sunt,
1589 1098 1693 1175 qui
1725 1099 2045 1158 Pharisaeos
2073 1099 2381 1158 hodiernos
2409 1098 2669 1173 audiunt,

250 1191 308 1241 et
337 1182 632 1240 Ecclesiae
661 1199 806 1258 quas
833 1179 1070 1255 collegit
1101 1179 1260 1236 Deus
1300 1185 1690 1236 contemnunt.
1778 1179 2079 1256 Babylone
2120 1189 2455 1237 manserunt
2476 1178 2517 1236 J
2522 1177 2671 1236 udaei

253 1263 378 1320 sine
419 1262 675 1335 crimine,
721 1258 978 1318 nondum
1027 1257 1216 1316 soluta
1275 1257 1629 1334 captivitate,
1683 1256 1785 1315 sed
1827 1278 2003 1335 quum
2048 1267 2274 1334 tempus
2316 1257 2673 1316 liberationis

252 1341 514 1415 accessit,
542 1341 736 1417 quise
779 1337 1050 1396 fratribus
1091 1356 1204 1394 non
1247 1336 1635 1413 adjunxerant
1675 1336 1749 1392 ad
1792 1336 2138 1412 exeundum,
2168 1339 2373 1396 merito
2402 1335 2675 1412 culpandi

253 1420 584 1478 veniebant.
669 1419 826 1477 Dum
853 1417 1206 1494 captivitatis
1245 1415 1457 1474 durant
1497 1424 1774 1492 tempora,
1802 1414 1940 1473 licet
1980 1435 2105 1473 esse
2136 1417 2443 1492 captivum,
2476 1425 2677 1491 postea

257 1517 405 1556 vero
431 1519 544 1557 non
571 1499 872 1576 captivus;
924 1495 1026 1554 sed
1074 1515 1278 1554 servus
1321 1504 1411 1553 est
1457 1495 1559 1571 qui
1599 1514 1831 1552 manere
1868 1495 2085 1570 statuit,
2132 1515 2240 1552 nec
2286 1495 2425 1553 licet
2452 1513 2669 1551 moram

253 1578 482 1637 trahere
525 1587 763 1636 sonante
811 1576 998 1650 turba,
1069 1576 1191 1632 Exi
1233 1595 1263 1634 e
1311 1577 1618 1650 Babylone,
1672 1575 1785 1632 nisi
1840 1575 2089 1652 pessime
2144 1575 2314 1634 nobis
2344 1573 2671 1632 consultum

251 1659 544 1717 volumus.

255 1775 526 1820 Ecclesiam
595 1775 734 1820 Rom.
863 1735 982 1794 XI.
1029 1735 1143 1793 His
1181 1755 1320 1794 vero
1365 1735 1424 1794 in
1463 1745 1827 1794 antecessum
1874 1735 1951 1794 ad
1986 1737 2225 1813 majoris
2262 1735 2671 1815 propositionis

315 1848 420 1878 esse
442 1835 736 1878 idololatriae
777 1815 1267 1875 confirmationem
1297 1823 1356 1873 et
1383 1814 1669 1872 vindicias
1696 1817 1777 1874 ita
1806 1815 1993 1889 dictis,
2026 1817 2429 1874 descendimus
2457 1816 2531 1874 ad
2564 1817 2669 1874 mi·

315 1907 452 1936 Μ
487 1893 738 1949 probatur.
779 1895 936 1953 noris
956 1895 1371 1971 probationem,
1403 1902 1462 1952 et.
1501 1895 1805 1953 ostendere
1834 1896 2179 1971 suscipimus
2208 1897 2521 1954 Ecclesiam
2556 1899 2661 1952 Pa-

245 1981 446 2054 palem
487 1997 622 2034 vere
645 1995 772 2034 esse
793 1975 1225 2032 idololatricam.
1311 1973 1442 2031 Non
1471 1974 1630 2051 quod
1657 1995 1907 2032 crassam
1938 1976 2257 2034 Gentilium
2288 1974 2671 2034 idololatriam

257 2059 394 2116 huic
437 2055 708 2132 affingere
751 2055 1016 2126 velimus,
1048 2054 1212 2130 quasi
1255 2054 1350 2110 vel
1400 2052 1634 2129 Jovem,
1665 2055 1760 2112 vel
1792 2055 2059 2130 Martem,
2092 2055 2185 2113 vel
2214 2055 2328 2112 alia
2356 2057 2587 2114 exoleta
2613 2065 2673 2114 et

255 2137 464 2195 fictitia
503 2136 762 2213 gentium
801 2134 1038 2192 numina
1073 2133 1262 2191 adhuc
1302 2143 1627 2192 veneretur.
1737 2135 1853 2192 Sed
1898 2135 2037 2210 quia
2070 2135 2177 2192 etsi
2217 2134 2503 2209 subtilius,
2554 2154 2671 2191 non

257 2217 452 2274 minus
493 2225 686 2273 tamen
726 2233 863 2272 vere
906 2221 964 2272 et
1001 2213 1228 2289 proprie
1261 2221 1558 2288 peccatum
1597 2213 1755 2272 istud
1794 2214 2117 2272 committit.
2204 2215 2351 2272 Nam
2382 2235 2511 2272 cum
2540 2213 2671 2272 duae

257 2295 576 2373 potissimae
618 2295 734 2352 sint
775 2292 1116 2350 idololatriae
1147 2292 1386 2368 specieS‚
1431 2293 1616 2369 prima
1660 2301 1926 2370 respectu
1954 2294 2160 2368 oly'ecti,
2192 2313 2323 2369 quae
2367 2293 2673 2350 damnatur

257 2383 546 2453 praecepto
573 2374 776 2451 primo,
807 2371 1036 2447 quando
1064 2371 1222 2429 aliud
1250 2371 1390 2448 quid
1417 2383 1628 2448 praeter
1654 2392 1855 2430 verum
1888 2373 2075 2430 Deum
2098 2372 2297 2431 divino
2320 2381 2377 2430 et
2399 2372 2671 2449 religioso

257 2455 420 2513 cultu
463 2454 688 2528 colitur,
738 2449 1024 2528 quomodo
1065 2449 1386 2509 idololatrae
1427 2459 1590 2510 erant
1634 2451 1915 2527 Gentiles,
1957 2453 2055 2529 qui
2098 2453 2275 2510 falsos
2328 2453 2485 2510 Deos
2520 2451 2668 2510 cole-

257 2535 416 2608 bant,
441 2543 502 2593 et
527 2541 813 2610 quotquot
840 2530 1133 2603 creaturis,
1165 2530 1440 2588 honorem
1469 2538 1526 2588 et
1554 2533 1773 2590 cultum
1807 2532 1930 2590 Deo
1960 2531 2069 2590 soli
2098 2531 2352 2590 debitum
2386 2532 2669 2608 reddunt3

257 2615 440 2672 altera
479 2622 745 2690 respectu
787 2611 952 2685 modi,
998 2629 1126 2686 quae
1169 2609 1424 2667 secundo
1465 2610 1738 2670 mandato
1778 2612 2130 2688 prohibetur,
2174 2612 2404 2688 quando
2448 2613 2541 2668 vel
2571 2631 2669 2668 ve-

257 2713 359 2750 rus
404 2693 564 2751 Deus
603 2693 663 2750 in
705 2691 951 2765 imagine
992 2689 1216 2762 colitur,
1247 2690 1536 2765 quomodo
1580 2690 1859 2749 Israelitae
1902 2691 1961 2748 in
1996 2692 2240 2765 desert0,
2272 2701 2330 2749 et
2357 2691 2671 2751 Jcroboam

259 2773 322 2829 in
349 2771 669 2830 defectione
699 2791 820 2844 sua,
855 2770 1042 2828 Deum
1071 2769 1130 2826 in
1159 2769 1360 2826 vitulis
1389 2770 1705 2844 coluerunt,
1750 2770 1845 2828 vel
1895 2770 2075 2828 falsus
2105 2770 2301 2828 itidem
2332 2771 2390 2826 in
2421 2770 2671 2846 imagine

259 2850 532 2910 adoratur
552 2860 617 2910 ut
637 2851 942 2909 simulacra
965 2849 1282 2907 Gentilium
1313 2856 1477 2907 erant
1518 2848 1791 2908 falsorum
1838 2850 2111 2907 Deorum.
2200 2849 2515 2926 Utriusque
2546 2848 2667 2906 ido·

261 2931 503 2989 lolatriae
525 2950 682 2989 ream
710 2948 838 2987 esse
867 2928 1186 2986 Romanam
1216 2927 1410 2986 sedem
1439 2928 1849 3004 pertendimus.

865 3007 1020 3066 XII.
1067 3007 1151 3066 Ut
1191 3027 1329 3083 ergo
1371 3027 1406 3064 a
1446 3009 1632 3082 prima
1669 3007 1857 3083 specie
1907 3005 2212 3080 ordiamur,
2244 3025 2373 3083 quae
2404 3007 2555 3064 circa
2582 3009 2671 3065 ob·

812 3090 1022 3164 jectum
1049 3097 1331 3145 versatur.
1419 3085 1514 3142 Sic
1537 3086 1851 3161 arguimus.
1938 3085 2048 3158 Qui
2076 3085 2337 3143 divinum
2368 3094 2425 3144 et
2442 3086 2671 3163 religio-

265 3185 392 3224 sum
421 3166 639 3225 cultum
667 3166 906 3225 exhibet
931 3166 1225 3240 creaturiS,
1257 3173 1316 3224 et
1346 3165 1419 3222 iis
1447 3165 1546 3241 qui
1575 3174 1781 3223 natura
1809 3185 1925 3223 non
1954 3175 2087 3224 sunt
2118 3166 2233 3242 Dii,
2266 3165 2317 3224 is
2342 3167 2491 3225 bene
2533 3166 2673 3224 dici·

263 3253 360 3303 tur
397 3254 456 3304 et
497 3256 586 3304 est
625 3266 828 3304 revera
867 3246 1187 3304 idololatra.
1283 3243 1370 3304 At
1411 3244 1675 3303 Ecclesia
1714 3244 1975 3303 Romana
2016 3246 2189 3304 talem
2232 3246 2449 3306 cultum
2492 3246 2679 3306 defert

267 3325 556 3398 creaturis,
609 3345 766 3402 erg0.
871 3326 1064 3402 Major
1105 3325 1178 3383 ab
1220 3325 1346 3402 ipsa
1386 3325 1726 3383 idololatriis
1768 3325 1839 3384 de
1883 3325 2213 3386 definitione
2264 3327 2493 3402 petitur,
2539 3328 2675 3404 quia

265 3403 606 3479 idololatria,
638 3425 712 3463 ex
742 3404 1074 3464 definitione
1109 3405 1393 3482 Apostoli,
1425 3405 1568 3462 nihil
1597 3404 1757 3463 aliud
1784 3415 1873 3464 est
1900 3425 2069 3481 quam
2118 3407 2411 3483 αξίιίζισοιι
2430 3433 2517 3466 m
2540 3423 2672 3466 λιτ-

265 3483 404 3564 ‘sim
429 3488 496 3564 τῇ
520 3485 672 3543 mim
696 3487 842 3566 rag-2
868 3489 948 3542 τὶν
973 3487 1232 3558 κτίσαντα,
1268 3485 1434 3543 Rom.
1465 3485 1502 3543 i.
1533 3487 1631 3558 25,
1656 3505 1763 3544 nec
1790 3484 1992 3544 abnuit
2019 3486 2223 3545 Thom.
2254 3489 2313 3544 ii.
2350 3493 2456 3546 2ae.
2488 3507 2545 3563 q.
2576 3491 2673 3548 94.

267 3572 374 3622 art.
406 3567 462 3622 3.
493 3574 550 3622 et
577 3565 638 3622 in
669 3566 883 3641 Ephes.
905 3585 964 3624 v.
995 3569 1050 3639 5,
1081 3565 1181 3640 qui
1209 3565 1592 3622 idololatriam
1619 3565 1763 3623 dicit
1788 3584 1931 3638 esse,
1963 3585 2088 3623 cum
2114 3569 2293 3624 honor
2322 3569 2448 3625 Deo
2468 3569 2677 3626 debitus

267 3652 548 3700 creaturoe
589 3644 942 3720 impenditur,
987 3643 1144 3721 quod
1187 3643 1427 3702 Tertull.
1471 3643 1571 3702 lib.
1603 3644 1641 3701 i.
1692 3644 1765 3701 de
1806 3644 2002 3703 idolol.
2027 3645 2151 3720 jam
2180 3655 2313 3704 ante
2354 3655 2673 3722 notaverat,

267 3724 592 3780 Idololatra
627 3733 720 3796 est,
755 3725 854 3800 qui
883 3726 1010 3782 Deo
1039 3743 1168 3782 suos
1205 3725 1442 3799 deneqat
1477 3725 1713 3781 honores
1751 3733 1803 3781 et
1828 3727 2046 3799 confert
2070 3725 2214 3783 aliis.
2304 3726 2399 3782 Sic
2428 3744 2675 3782 errorem

269 3801 806 3878 Collyridianornm,
841 3803 909 3860 B.
946 3803 1250 3878 Virginem
1291 3802 1560 3880 religiose
1601 3803 1981 3876 adorantium,
2021 3806 2196 3883 a'u'gm·
2234 3801 2537 3861 ιῖδαλοπωὶυ
2576 3823 2677 3864 vo-

267 3884 421 3940 cavit
463 3882 800 3939 oxthodoxa
839 3882 1170 3958 antiquitas,
1211 3889 1278 3940 ut
1320 3891 1408 3940 est
1448 3881 1602 3958 apud
1644 3884 1855 3958 Epz‘ph.
1887 3882 2059 3940 haere.
2097 3886 2193 3942 79.
2281 3883 2377 3941 Sic
2408 3883 2677 3960 Arianos,

267 3961 365 4037 qui
391 3960 702 4034 Christum,
724 3981 890 4036 quem
911 3981 1128 4020 meram
1157 3969 1475 4019 creaturam
1504 3961 1945 4035 arbitrabantur,
1971 3962 2239 4040 religiose
2262 3961 2543 4035 colebant,
2576 3981 2671 4019 vo-

269 4040 424 4098 cavit
467 4037 907 4110 ιέδαλοποιουηις,
939 4050 1262 4098 creaturam
1288 4042 1565 4115 facientes
1617 4043 1843 4099 idolum.
1934 4041 2024 4099 Ita
2066 4042 2111 4098 si
2156 4041 2457 4118 probatum
2503 4041 2683 4099 semel

267 4118 456 4192 fuerit,
489 4119 823 4196 religiosum
867 4131 924 4178 et
967 4120 1227 4178 divinum
1270 4119 1490 4178 cultum
1533 4117 1809 4178 creaturis
1854 4120 2117 4178 exhiberi
2160 4141 2195 4178 a
2240 4119 2577 4192 pontificiis,
2609 4141 2678 4179 eo

249 4197 390 4274 ‚ipso
433 4197 887 4258 demonstratum
928 4199 1101 4258 fuerit
1142 4219 1267 4258 esse
1297 4199 1648 4258 idololatras.
1734 4200 1937 4258 Cultus
1965 4207 2159 4257 autem
2206 4198 2529 4273 religiosus,
2574 4199 2684 4258 soli

273 4277 400 4335 Deo
425 4277 678 4352 debitus,
703 4279 799 4338 vel
827 4289 916 4338 est
937 4280 1185 4337 internus
1213 4279 1420 4353 cordis,
1452 4279 1544 4337 vei
1564 4288 1827 4336 externus
1849 4279 2120 4355 corporis.
2186 4277 2271 4338 Ut
2291 4277 2443 4335 enim
2466 4287 2683 4337 utram-

269 4375 382 4433 que
403 4357 655 4416 hominis
682 4369 902 4436 partem
925 4359 1142 4418 creavit
1159 4367 1218 4417 et
1263 4358 1522 4432 redemit,
1555 4358 1616 4416 in
1644 4367 1886 4433 utraque
1928 4357 2099 4414 etiam
2130 4366 2189 4414 et
2232 4355 2343 4414 coli
2372 4365 2430 4416 et
2456 4357 2685 4418 adorari

277 4437 425 4494 vult.
511 4436 610 4494 Ad
653 4436 928 4496 internum
959 4437 1200 4496 refertur
1236 4457 1362 4514 spes
1403 4447 1456 4496 et
1475 4437 1717 4516 fiducia,
1748 4455 1877 4512 quae
1920 4436 1980 4492 in
2022 4437 2146 4494 solo
2192 4436 2315 4494 Deo
2349 4438 2687 4497 collocanda

271 4523 376 4590 est,
407 4515 563 4574 unde
592 4515 714 4593 ipse
738 4517 962 4596 fiducia
989 4527 1182 4576 nostra
1223 4528 1278 4576 et
1313 4537 1438 4593 spes
1479 4516 1705 4588 dieitur,
1740 4513 1893 4572 Psal.
1923 4514 2089 4590 lxxi„
2137 4515 2259 4574 Col.
2288 4517 2326 4575 i.
2358 4521 2473 4592 27„
2512 4521 2539 4575 1
2586 4519 2677 4577 Ti-

271 4595 452 4652 moth.
483 4595 521 4653 i.
559 4598 608 4653 1.
696 4597 821 4654 Deo
864 4596 1016 4654 enim
1051 4616 1165 4654 non
1203 4605 1444 4669 tantum,
1475 4605 1540 4654 ut
1557 4595 1753 4670 primo
1792 4595 1938 4652 Vero
1964 4615 2069 4672 per
2096 4595 2285 4672 fidem,
2317 4597 2419 4656 sed
2447 4607 2513 4656 ut
2538 4618 2685 4656 sum-

273 4693 362 4730 mo
393 4675 558 4731 Bono
599 4695 704 4750 per
729 4675 998 4733 fiduciam
1041 4685 1096 4734 et
1139 4695 1316 4753 spem,
1349 4684 1438 4734 est
1467 4672 1896 4734 adhaerendum.
1984 4675 2089 4734 Cui
2120 4676 2270 4734 enim
2300 4696 2401 4734 cor
2426 4685 2685 4744 nostrum

292 3067 504 3113 Ratione
537 3065 744 3126 objecti.
