3234 5192
552 352 664 409 168
1310 374 1387 415 ns
1430 373 1799 415 Nscsssmm
1843 375 2199 419 sscsssloss
2575 366 2833 437 [msru‘r.
2863 384 2974 424 vu.

772 530 806 567 λ
1128 518 1205 575 30
1544 536 1570 567 '³
1869 518 1987 575 200
2307 545 2334 575 -ι
2619 523 2733 579 200

770 618 807 648 οι
1169 598 1201 655 1
1551 620 1568 651 ·.
1957 599 1992 654 6
2304 627 2337 661 ⁹2
2657 602 2734 657 40

778 698 813 729 τ·
1088 674 1205 733 300
1536 698 1569 732 n
1913 676 1992 732 40
2305 704 2334 739 r
2655 680 2734 745 70

786 780 805 810 ι
1170 754 1206 811 5
1553 776 1574 802 ⁸
1919 754 1993 812 10
2307 784 2334 819 =
2665 758 2742 815 50

791 862 807 889 ι
1132 836 1159 891 Ῑ
1169 838 1207 893 Ο
1543 858 1563 883 *³
1917 834 1946 891 1
1953 836 1992 891 Ο
2315 864 2331 893 ·.
2696 838 2733 894 6

788 939 808 969 v
1132 917 1211 974 50
1538 940 1573 975 n
1877 917 1995 974 400
2305 932 2342 981 :5
2618 917 2734 973 300

784 1015 806 1043 ο
1128 996 1207 1059 70

783 1102 804 1136 ς
1086 1073 1203 1131 200

1086 1231 1202 1289 666
1863 1236 1978 1295 666
2605 1231 2722 1288 666

554 1388 653 1447 Sic
682 1392 907 1465 optime
935 1390 1209 1467 Pontifex
1249 1394 1563 1463 Romanus,
1594 1393 1841 1469 ejusque
1866 1394 2040 1454 Sedes
2067 1396 2434 1470 designatur.
2522 1392 2586 1449 Is
2629 1392 2790 1451 enim
2826 1410 2962 1450 vere

552 1467 802 1528 Latinus
855 1477 963 1541 est,
993 1470 1097 1546 qui
1140 1468 1343 1529 Latini
1382 1470 1616 1545 imperii
1659 1472 1941 1548 reliquias
1987 1482 2049 1532 et
2088 1476 2287 1531 sedem
2342 1472 2654 1541 antiquam
2715 1470 2958 1542 obtinet,

548 1548 899 1623 cultumque
940 1548 1265 1623 publicum,
1304 1566 1429 1605 non
1468 1549 1591 1606 alio
1633 1568 1902 1607 sermone
1949 1570 2132 1627 quam
2177 1552 2411 1618 Latine,
2473 1549 2675 1623 peragi
2716 1549 2961 1624 patitur,

548 1644 659 1683 nec
712 1627 831 1683 alio
886 1626 1220 1700 diplomata
1272 1633 1332 1684 et
1385 1627 1622 1684 decreta
1675 1646 1788 1685 sua
1840 1629 2077 1687 emittit.
2173 1628 2309 1686 Imo
2368 1625 2628 1685 Ecclesia
2687 1628 2962 1686 Romana

552 1701 776 1762 Graecis
823 1705 1161 1777 appellatur
1198 1704 1433 1773 Latina,
1475 1710 1536 1762 et
1574 1706 1704 1762 haec
1731 1705 2030 1765 distinctio
2086 1708 2236 1765 adeo
2285 1703 2538 1778 insignis
2584 1713 2728 1775 erat,
2771 1713 2844 1763 ut
2895 1706 2960 1763 in

548 1782 931 1855 generalibus
978 1780 1243 1839 conciliis
1297 1782 1692 1840 occidentales
1747 1789 1944 1857 patres
2003 1802 2108 1842 seu
2149 1782 2425 1859 episcopi,
2480 1782 2700 1853 Latini,
2745 1784 2962 1857 reliqui

552 1877 693 1917 vero
740 1859 947 1929 Graeci,
1002 1858 1454 1917 discriminatim
1502 1861 1982 1934 appellarentur3
2025 1870 2152 1919 tam
2198 1866 2469 1919 accurate
2523 1867 2771 1917 eventus
2825 1880 2960 1919 cum

550 1938 831 1996 vaticinio
858 1935 1166 1997 consentit.
1213 1938 1428 1997 Sedem
1455 1938 1638 1995 etiam
1664 1938 1716 2013 ej
1725 1948 1794 1997 us
1823 1938 2082 1999 Romam
2109 1958 2250 2009 esse,
2299 1956 2393 1995 res
2413 1944 2502 1995 est
2528 1938 2592 1995 in
2617 1941 2957 2013 propatu10.

552 2015 647 2073 Ex
675 2035 797 2092 qua
819 2016 1308 2091 interpretatione
1336 2018 1683 2075 commodus
1712 2017 1902 2076 oritur
1929 2038 2152 2089 sensus,
2181 2018 2334 2075 nihil
2375 2021 2445 2073 ut
2472 2034 2622 2091 opus
2648 2016 2725 2072 sit
2761 2034 2957 2073 recur-

548 2112 675 2152 rere
716 2096 793 2153 ad
835 2094 1053 2153 subtile
1094 2094 1337 2170 quidem
1378 2101 1439 2153 et
1476 2096 1852 2171 ingeniosum
1892 2116 1962 2156 ac
2001 2098 2344 2157 abstrusum
2375 2093 2680 2153 clarissimi
2729 2093 2959 2153 Potteri

549 2172 881 2245 inventum,
910 2174 1013 2231 sed
1055 2173 1251 2231 nescio
1277 2192 1355 2231 an
1383 2193 1552 2249 seque
1592 2175 1672 2232 sit
1711 2176 1991 2247 solidum,
2020 2185 2080 2234 et
2105 2194 2181 2234 ex
2207 2181 2404 2232 mente
2434 2172 2692 2248 Spiritus
2735 2172 2956 2243 Sancti,

548 2270 669 2325 quo
696 2253 997 2327 pertendit
1036 2260 1388 2326 computum
1414 2252 1595 2311 istum
1620 2254 1750 2311 fieri
1788 2256 2020 2327 debere,
2048 2261 2110 2312 et
2134 2271 2454 2311 numerum
2493 2250 2748 2308 inveniri
2787 2270 2959 2326 posse

546 2346 653 2403 per
678 2330 1107 2389 exuaetionem
1134 2330 1347 2389 radicis
1374 2332 1682 2407 quadratae
1709 2334 1947 2391 numeri
1973 2334 2110 2403 666,
2140 2332 2246 2409 qui
2265 2331 2341 2389 sit
2364 2329 2618 2388 numeri·
2637 2330 2732 2401 25,
2761 2349 2868 2405 per
2895 2350 2956 2388 se

546 2408 925 2483 multiplicati
942 2427 1081 2467 cum
1107 2408 1495 2467 fractionibus
1520 2410 1616 2479 41,
1641 2413 1947 2485 quomodo
1975 2429 2263 2469 numerus
2283 2410 2414 2479 144,
2433 2408 2538 2484 qui
2557 2427 2843 2466 numerus
2869 2416 2958 2467 est

544 2491 731 2544 coetus
751 2486 1055 2561 virginum
1084 2494 1144 2545 et
1169 2505 1340 2546 novae
1369 2486 1728 2561 Jerusalem,
1756 2490 2064 2549 derivatur
2090 2508 2167 2547 ex
2182 2488 2382 2547 radice
2409 2488 2708 2563 quadrata
2737 2487 2828 2558 12,
2851 2504 2957 2562 per

544 2580 606 2619 se
626 2564 1051 2640 multiplicata3
1082 2566 1186 2641 qui
1204 2583 1489 2623 numerus
1508 2567 1728 2641 passim
1751 2570 2002 2627 recurrit
2020 2569 2084 2625 in
2105 2566 2498 2643 descriptione
2516 2565 2954 2640 Hierosolymae

544 2642 811 2714 coelestis,
851 2644 949 2702 cui
1001 2645 1076 2702 12
1114 2644 1528 2716 fundamenta,
1576 2645 1651 2702 12
1691 2653 1898 2720 portae,
1951 2647 2026 2705 12
2063 2647 2279 2723 angeli,
2340 2645 2417 2703 12
2459 2644 2674 2715 tribus,
2717 2647 2820 2703 διο.
2851 2645 2955 2703 tri-

544 2720 816 2779 buuntur
842 2723 906 2780 in
936 2724 1114 2797 Ape„
1140 2729 1209 2779 ut
1234 2734 1520 2781 numerus
1548 2723 1624 2780 25
1645 2724 1709 2780 in
1739 2723 1972 2799 Papatu
1989 2727 2208 2801 passim
2230 2724 2475 2783 obtinet.
2561 2722 2795 2781 Relicta
2814 2741 2956 2797 ergo

542 2817 654 2856 suo
680 2801 814 2859 loco
842 2803 1137 2861 sententia
1160 2802 1291 2872 ista,
1316 2803 1532 2860 sufficit
1571 2804 1651 2859 ad
1687 2802 2028 2862 institutum
2068 2810 2360 2875 nostrum,
2389 2820 2710 2859 numerum
2738 2801 2953 2859 Bestiae

540 2878 781 2953 praecise
811 2881 1062 2941 inveniri
1090 2881 1151 2939 in
1182 2880 1523 2939 nominibus
1550 2882 1861 2955 praedictis.

642 2958 957 3019 XXXVI.
1018 2960 1269 3020 Frustra
1314 2960 1599 3018 Bellarm.
1648 2966 1709 3018 et
1755 2960 1859 3018 alii
1919 2960 2015 3019 hic
2061 2968 2384 3037 reponunt,
2430 2978 2650 3019 nomen
2679 2958 2951 3031 Latinus,

548 3042 619 3093 ut
646 3036 941 3111 significat
968 3038 1315 3111 Romanum,
1346 3057 1465 3096 non
1508 3039 1685 3099 scribi
1726 3057 1831 3114 per
1858 3064 1912 3110 u,
1943 3042 2046 3097 sed
2092 3060 2198 3115 per
2237 3040 2491 3115 simplex
2531 3042 2679 3115 Iota,
2710 3047 2772 3098 et
2811 3047 2954 3098 tunc

539 3132 660 3171 non
702 3118 949 3175 reddere
991 3120 1166 3177 illum
1207 3136 1543 3176 numerum.
1629 3116 1794 3175 Nam
1847 3126 2244 3195 praeterquam
2296 3119 2459 3193 quod
2518 3118 2804 3188 Irenaeus,
2847 3117 2952 3191 qui

542 3191 749 3249 Graece
796 3198 1005 3267 procul
1044 3195 1231 3255 dubio
1271 3198 1487 3253 melius
1535 3196 1721 3266 novit,
1749 3204 1811 3255 et
1861 3197 2067 3257 Groece
2107 3198 2288 3255 etiam
2325 3196 2571 3271 scripsit,
2601 3200 2714 3255 hoc
2753 3198 2950 3265 habet,

542 3276 577 3301 ‘⁶
600 3279 824 3335 Annam
853 3276 1131 3344 nomen,”
1172 3273 1385 3348 inquit,
1444 3276 1666 3331 “valde
1714 3275 2034 3332 verisimile
2089 3283 2194 3347 est,
2245 3276 2528 3350 quoniam
2579 3274 2948 3332 verissimum

539 3363 793 3421 regnum
836 3351 949 3407 hoc
988 3352 1173 3409 habet
1214 3351 1595 3421 vocabulum,
1654 3351 1856 3408 Latini
1895 3352 2054 3409 enim
2095 3360 2235 3411 sunt
2275 3354 2380 3428 qui
2421 3373 2582 3411 nunc
2617 3360 2870 3427 regnant
2893 3353 2949 3421 ;”

532 3424 775 3500 jamdiu
816 3426 1199 3485 observatum
1247 3435 1351 3499 est,
1387 3426 1628 3486 Graecos
1668 3426 1901 3485 literam
1929 3456 1944 3486 ι
1987 3430 2048 3486 in
2075 3430 2516 3506 diphthongum
2545 3458 2581 3491 u
2611 3438 2950 3489 convertere

538 3504 749 3561 solitos
790 3503 992 3576 fuisse,
1047 3524 1235 3580 quum
1303 3524 1433 3564 eam
1488 3512 1627 3563 ante
1683 3533 1704 3564 ι
1755 3508 2182 3581 producebant,
2241 3517 2310 3567 ut
2363 3518 2650 3580 Ananim,
2700 3516 2948 3583 Σαβεῖιος,

536 3590 777 3651 Antinoe,
800 3584 1418 3656 Antonianasczbinus,
1447 3582 1718 3657 Latinus,
1748 3592 1818 3643 ut
1844 3586 2024 3643 celeb.
2061 3585 2324 3661 Scaliger
2350 3598 2536 3661 notat,
2567 3590 2862 3650 animadv.
2886 3591 2946 3647 in

542 3664 759 3721 Euseb.
786 3662 1003 3721 Chron.
1046 3684 1100 3738 p.
1132 3663 1262 3721 106.
1336 3662 1417 3720 Et
1445 3671 1658 3720 notum
1687 3672 1778 3723 est
1803 3670 2030 3721 veteres
2059 3664 2366 3725 Romanos
2412 3688 2520 3744 pro
2550 3700 2584 3742 a,
2614 3671 2800 3743 longo
2827 3687 2948 3743 quo

538 3760 698 3798 nunc
725 3741 971 3810 utimur,
994 3740 1436 3817 diphthongum
1455 3766 1491 3799 u
1521 3760 1852 3820 usurpasse,
1881 3750 1953 3799 ut
1979 3744 2154 3819 queis,
2169 3745 2440 3821 preimus,
2470 3747 2757 3827 capteivci,
2786 3748 2948 3822 apud

540 3819 849 3887 Plautum,
907 3822 1007 3875 &a
1060 3818 1158 3877 Sic
1217 3820 1279 3876 in
1350 3819 1566 3891 Enni0‚
1633 3821 2080 3897 Quamprimum
2139 3822 2353 3897 Cascei,
2417 3828 2656 3905 populei
2724 3836 2949 3885 tenuere

536 3896 818 3955 Lateinoi.
904 3898 1047 3955 Non
1098 3898 1330 3955 meliori
1374 3916 1510 3955 cum
1556 3902 1788 3959 ratione
1817 3900 2077 3971 additur,
2107 3903 2300 3960 multa
2347 3906 2467 3963 alia
2509 3906 2754 3965 nomina
2795 3906 2943 3974 dari,

534 3994 669 4051 quae
716 3977 973 4035 eundem
1022 3994 1339 4034 numerum
1380 3978 1679 4049 exhibent,
1722 3989 1793 4039 ut
1834 3985 2028 4053 Τιῖτιιν,
2058 3990 2348 4059 Ama-mc,
2383 3998 2626 4063 Ευιιηας,
2661 3989 2682 4044 0⁸
2716 3998 2946 4055 Nam-5,

533 4061 593 4111 et
622 4055 753 4113 sim.
836 4054 997 4113 Nam
1040 4072 1149 4111 nos
1189 4074 1312 4111 non
1353 4074 1429 4113 ex
1470 4058 1597 4114 solo
1639 4059 1880 4116 nomine
1917 4058 2134 4117 Bestiae
2179 4074 2684 4137 argumentamur,
2729 4065 2830 4123 sed
2871 4082 2946 4121 ex

531 4134 773 4193 nomine
812 4134 945 4192 aliis
972 4132 1187 4192 Bestiae
1218 4134 1375 4191 notis
1416 4134 1753 4208 conjuncto,
1783 4139 1945 4213 quod
1988 4140 2064 4195 de
2106 4140 2239 4199 aliis
2279 4145 2622 4203 nominibus
2663 4144 2778 4201 dici
2820 4162 2944 4199 non

528 4220 739 4287 potest.
780 4220 791 4239 ’·
826 4214 1007 4271 Adde
1034 4214 1198 4287 quod
1228 4213 1425 4269 solum
1465 4214 1577 4269 hoc
1616 4232 1833 4273 nomen
1864 4216 2118 4275 Latinus
2143 4220 2241 4277 vel
2268 4218 2572 4283 Romanus
2597 4230 2688 4281 est
2725 4238 2942 4279 nomen

529 4291 741 4365 prioris
770 4292 1016 4351 Bestiae:
1046 4291 1271 4349 frustra
1296 4309 1438 4348 vero
1466 4293 1756 4365 quaeritur
1777 4296 1943 4353 aliud
1967 4298 2222 4371 quodvis
2249 4317 2466 4358 nomen
2495 4301 2804 4361 continens
2831 4317 2944 4356 nu-

529 4384 761 4428 merum
787 4372 924 4443 666,
954 4370 1067 4429 nisi
1095 4372 1277 4428 etiam
1306 4368 1521 4428 Bestiae
1548 4370 1714 4429 illius
1738 4391 1956 4432 nomen
1985 4376 2079 4433 sit.
2163 4376 2439 4453 Denique
2459 4384 2616 4439 male
2643 4378 2944 4455 pertendit

526 4447 710 4505 etiam
764 4450 1136 4521 Bellarmin„
1176 4450 1226 4507 si
1256 4447 1507 4508 Latinus
1554 4450 1632 4507 sit
1673 4470 1892 4511 nomen
1945 4455 2322 4527 Antichristi,
2383 4466 2418 4492 ‘⁶
2436 4459 2652 4517 debere
2706 4459 2762 4515 ei
2815 4476 2939 4515 esse

526 4526 855 4599 proprium,
886 4534 946 4585 et
981 4527 1275 4585 usitatum
1321 4528 1600 4599 maxime,
1632 4536 1696 4588 at
1733 4550 1929 4609 neque
1971 4536 2279 4611 proprium
2313 4555 2440 4594 esse
2477 4556 2696 4596 nomen
2737 4537 2937 4609 Papae,

525 4604 630 4661 sed
668 4621 1001 4674 commune,
1031 4624 1141 4663 nec
1181 4605 1489 4679 usitatum,
1520 4608 1665 4683 quia
1704 4628 2018 4686 nunquam
2059 4633 2119 4672 se
2163 4612 2342 4689 Papae
2387 4616 2636 4675 Latinos
2662 4614 2939 4683 voeant‚”

522 4680 669 4755 quia
717 4683 1001 4757 supponit
1048 4702 1269 4741 nomen
1318 4686 1433 4743 hoc
1480 4706 1603 4745 esse
1649 4688 1862 4748 debere
1904 4692 2216 4769 proprium
2275 4693 2650 4766 Antichristi,
2681 4712 2820 4751 cum
2862 4692 2938 4749 sit
