3234 5192
293 402 528 443 msrur.
559 381 767 466 xitum]
863 400 941 441 Dr:
985 400 1460 441 suist-Acmonia
1488 400 1724 442 emus'ri
1756 402 2181 444 PERFEC'HONE.
2590 390 2706 449 699

296 542 455 621 quod
479 551 716 602 vocatur
737 543 871 601 ultio
901 542 1149 617 Domini,
1178 561 1298 601 ver.
1330 544 1426 601 34.
1479 546 1559 601 3⁰.
1591 543 1783 602 Exod.
1809 544 1996 603 xxxii.
2023 547 2113 620 10,
2150 548 2241 621 14,
2277 546 2438 605 Deus
2465 554 2713 609 testatur

298 642 362 683 se
392 632 689 701 peccatum
732 622 1073 681 idololatriae
1115 622 1189 680 ob
1217 642 1417 699 preces
1447 622 1634 681 Mosis
1663 622 1966 697 dimisisse,
1999 632 2057 684 et
2083 634 2277 682 tamen
2304 635 2539 702 propter
2565 629 2712 687 illud

297 713 598 781 peccatum
628 702 812 761 multa
838 703 1021 760 millia
1042 702 1435 761 Israfflimrum
1464 702 1903 762 interficiuntur.
1948 707 2030 763 4⁰.
2057 704 2209 762 Mosi
2239 714 2298 764 ει
2325 706 2547 765 Aaroni
2576 728 2708 783 pec-

298 792 493 842 catum
520 781 941 842 incredulitatis
968 782 1347 861 proculdubio
1388 784 1694 841 remissum
1721 792 1827 859 est,
1859 794 2052 843 tamen
2079 794 2274 843 manet
2299 804 2471 861 poena
2496 786 2714 845 luenda

299 870 434 940 post
462 861 689 939 culpam
718 863 1033 937 remissam,
1065 863 1201 940 quia
1228 863 1551 922 moriuntur
1578 864 1640 920 in
1683 864 1930 939 desert0,
1979 864 2151 922 Num.
2183 885 2284 923 xx.
2317 868 2412 940 24,
2445 872 2504 924 et
2535 866 2709 926 Dent.

298 942 491 1001 xxxii.
522 945 617 1017 50,
649 944 745 1001 51.
791 942 887 999 Ex
915 943 1127 1020 quibus
1148 951 1207 1001 et
1234 943 1363 1001 aliis
1392 942 1677 1001 similibus
1704 943 1848 1002 loeis
1871 944 2154 1021 colligunt
2181 943 2304 1003 fieri
2330 964 2502 1022 posse
2529 954 2596 1004 ιιι
2621 966 2712 1005 re·

300 1022 481 1080 missa
524 1023 693 1099 culpa
743 1031 977 1101 propter
1006 1023 1221 1081 Christi
1273 1023 1756 1100 Satisfactionem,
1788 1032 2020 1083 maneat
2063 1033 2256 1084 tamen
2300 1025 2470 1084 nobis
2499 1026 2714 1084 luenda

299 1121 475 1179 poena
496 1101 759 1179 quaedam
788 1102 1138 1181 temporalis,

386 1182 602 1241 XVII.
651 1182 769 1243 Sed
794 1203 911 1241 non
960 1182 1191 1242 difficile
1220 1182 1445 1241 estfhoc
1474 1182 1649 1242 etiam
1694 1182 2176 1243 Adversariorum
2205 1184 2384 1243 telum
2413 1185 2709 1262 repellere,

301 1262 354 1321 si
382 1262 553 1321 modo
576 1252 987 1340 distinguimus
1010 1262 1223 1321 Poenas
1240 1264 1483 1339 proprie
1495 1263 1698 1339 dictas,
1725 1282 1760 1320 a
1785 1265 1972 1341 poenis
2001 1265 2290 1340 analoyt’ce
2317 1272 2378 1323 et
2403 1264 2712 1344 improprie

302 1342 385 1401 ita
412 1342 600 1417 dictis,
631 1342 711 1401 id.
740 1343 988 1402 miseriis
1016 1351 1077 1402 et
1102 1343 1544 1402 calamitatibus.
1591 1342 1724 1401 Non
1745 1363 2026 1420 negamus
2043 1344 2192 1402 enim
2225 1345 2386 1402 varia
2413 1364 2713 1421 poenarum

304 1442 521 1499 genera
547 1442 673 1481 esse
702 1423 914 1500 quibus
944 1423 1105 1483 Deus
1134 1424 1193 1481 in
1214 1432 1543 1501 peccatores
1571 1422 1997 1482 animadvertit.
2073 1422 2190 1482 Sed
2217 1424 2369 1482 inter
2394 1444 2492 1483 eas
2519 1433 2715 1483 tamen

302 1522 581 1579 magnum
611 1502 918 1561 discrimen
946 1512 1034 1563 est
1063 1503 1545 1563 constituendum.
1589 1502 1815 1580 Quippe
1835 1504 1974 1563 licet
1994 1503 2068 1562 ab
2096 1503 2299 1562 eodem
2329 1524 2528 1563 omnes
2555 1503 2714 1564 fonte

303 1584 576 1659 profectae
628 1582 948 1659 videantur,
994 1592 1231 1661 peccato
1277 1584 1565 1658 videlicet,
1598 1584 1764 1660 cujus
1812 1592 1976 1642 reatu
2025 1586 2062 1617 “
2082 1584 2208 1641 haec
2237 1585 2516 1642 malorum
2545 1585 2716 1643 terris

303 1663 569 1722 incubuit
596 1664 858 1739 cohors,’'
902 1664 1011 1722 etsi
1058 1664 1236 1723 facies
1285 1671 1524 1722 externa
1570 1664 1718 1721 nihil
1766 1663 2008 1739 differat,
2039 1663 2172 1721 finis
2199 1672 2392 1721 tamen
2423 1673 2481 1722 et
2508 1664 2716 1723 modus

306 1742 737 1803 diversissimus
758 1752 864 1803 est.
911 1743 1059 1803 Nam
1086 1753 1153 1803 ut
1179 1746 1338 1802 Deus
1365 1742 1631 1802 bifariam
1659 1746 1907 1821 spectari
1934 1752 2142 1821 potest,
2173 1744 2270 1801 vel
2298 1753 2364 1803 ut
2389 1738 2590 1803 Jiadex
2617 1744 2716 1805 vel

304 1830 373 1881 ut
404 1824 593 1899 Pater,
622 1832 691 1883 ιιι
717 1825 760 1884 J
766 1824 920 1883 udex
948 1825 1049 1902 qui
1076 1824 1200 1902 agit
1228 1844 1303 1883 ex
1324 1824 1555 1901 justitia
1594 1824 1670 1881 ad
1699 1824 2033 1900 vindictam,
2065 1835 2130 1883 ut
2161 1824 2334 1883 Pater
2361 1826 2460 1902 qui
2490 1826 2614 1902 agit
2641 1844 2718 1884 ex

305 1923 499 1963 amore
548 1903 623 1962 ad
678 1905 1127 1980 correctionem;
1185 1912 1251 1963 ut
1292 1906 1535 1963 homines
1573 1904 1636 1961 in
1691 1904 1912 1982 duplici
1951 1904 2150 1964 ordine
2192 1906 2414 1964 censeri
2453 1914 2714 1983 possunt,

308 1983 405 2041 vel
453 1992 521 2041 ut
570 1984 730 2059 impii
775 1984 877 2061 qui
928 1985 1077 2061 legis
1128 1984 1520 2043 maledictioni
1569 1984 1833 2060 subsunt,
1885 1985 1982 2041 vel
2021 1992 2088 2043 ut
2113 1986 2319 2061 fideles
2360 1986 2460 2061 qui
2501 1986 2718 2063 recepti

306 2069 441 2120 sunt
481 2062 542 2119 in
583 2061 773 2121 foedus
814 2064 1061 2139 gratiae3
1128 2064 1221 2121 Ita
1262 2064 1479 2141 duplex
1522 2071 1611 2121 est
1655 2062 1766 2121 Dei
1819 2062 2121 2139 judicium,
2168 2063 2327 2121 aliud
2369 2066 2546 2139 ἱεραῖς
2585 2066 2716 2122 vin-

306 2141 494 2216 dictae,
541 2141 699 2199 aliud
739 2143 1147 2218 Evanqelieum
1187 2150 1247 2199 et
1284 2150 1587 2219 paternum
1630 2142 2026 2217 castigationis
2057 2163 2070 2215 ;
2117 2142 2197 2199 Et
2236 2143 2558 2215 afflictiones
2585 2162 2716 2221 quse

306 2220 639 2279 hominibus
680 2221 1067 2279 immittuntur
1108 2220 1351 2279 duorum
1395 2228 1529 2279 sunt
1571 2240 1865 2297 generum,
1912 2219 2067 2277 Aliae
2121 2222 2310 2298 poenis
2337 2222 2564 2299 proprie
2593 2224 2716 2281 dic·

307 2300 385 2358 tis
447 2308 841 2371 accensentur,
884 2300 1021 2378 quia
1080 2301 1368 2379 peccatori
1429 2319 1505 2358 ex
1562 2300 1763 2359 ordine
1816 2300 2060 2377 justitiae
2117 2300 2335 2359 divinae
2375 2300 2719 2379 infliguntur

308 2378 385 2439 ad
438 2380 721 2442 ultionem
763 2388 823 2439 ει
884 2380 1332 2440 satisfactionem
1393 2380 1505 2439 Dei
1547 2379 1769 2456 offensi,
1815 2380 2142 2457 cujusmodi
2183 2389 2320 2440 sunt
2359 2380 2474 2440 illae
2516 2402 2716 2441 omnes

348 2480 439 2519 use
480 2460 673 2538 impiis
714 2468 773 2520 et
814 2461 1074 2538 reprobis
1114 2461 1211 2520 vel
1252 2461 1311 2519 in
1352 2462 1463 2519 hoc
1503 2460 1720 2519 mundo
1761 2459 2117 2538 infliguntur,
2161 2461 2257 2519 vel
2299 2462 2360 2519 in
2403 2462 2584 2521 altero
2629 2463 2716 2521 iu—

307 2480 581 2619 gigendae
624 2548 776 2617 sunt,
811 2542 965 2600 Aliae
1007 2561 1147 2601 vero
1190 2541 1489 2621 analogice
1530 2549 1756 2601 tantum
1800 2540 1882 2600 ita
1930 2550 2228 2617 vocantur,
2260 2542 2398 2619 quia
2422 2563 2540 2601 non
2584 2551 2719 2603 sunt

311 2641 497 2698 poenae
552 2621 879 2701 judiciales,
924 2622 1029 2681 sed
1068 2630 1359 2701 paternae3
1404 2641 1522 2680 non
1562 2622 1638 2680 ad
1679 2620 2012 2696 vindictam,
2066 2622 2168 2680 sed
2209 2622 2285 2679 ad
2327 2622 2668 2681 medicinam
2701 2644 2716 2700 3

308 2721 427 2762 non
455 2722 531 2761 ex
572 2704 658 2761 ira
697 2702 947 2779 Judicis,
980 2702 1083 2761 sed
1110 2722 1185 2760 ex
1228 2720 1420 2760 amore
1460 2701 1679 2778 patris;
1723 2720 1839 2759 non
1883 2702 1958 2759 ad
2001 2700 2466 2778 destructionem,
2513 2702 2615 2761 sed
2644 2702 2720 2761 ad

311 2782 723 2842 correctionem
753 2804 767 2859 ;
812 2803 930 2841 non
972 2780 1269 2859 supplicia,
1302 2780 1406 2838 sed
1444 2779 1700 2838 remedia
1728 2802 1742 2854 ;
1786 2800 1903 2837 non
1934 2779 2249 2839 satisfactio
2277 2783 2716 2858 praeteritorum,

312 2862 417 2921 sed
442 2862 755 2939 praecautio
782 2861 1139 2935 futurorum;
1184 2859 1385 2936 quales
1403 2878 1589 2935 poenae
1620 2867 1756 2917 sunt
1783 2859 1899 2917 illae
1929 2878 2128 2916 omnes
2156 2879 2284 2935 quae
2311 2860 2583 2919 fidelibus
2611 2861 2716 2919 im·

310 2941 633 3015 mittuntur,
680 2960 811 3016 quae
845 2944 1021 3018 juxta
1048 2938 1241 2997 varios
1280 2938 1425 2995 fines
1467 2937 1894 2997 distribuuntur
1919 2938 1980 2995 in
2011 2946 2126 2995 tres
2176 2940 2438 3015 species:
2494 2943 2546 2998 1.
2594 2966 2717 2998 παι-

311 3016 439 3079 δείαν
488 3027 547 3079 ει
590 3026 835 3095 »ovo-elan,
878 3038 1009 3096 quse
1060 3026 1150 3077 est
1198 3026 1437 3096 paterna
1478 3016 1784 3094 castigatio
1826 3038 1955 3095 quae
1997 3017 2070 3075 ad
2119 3019 2481 3094 peccantium
2526 3040 2722 3079 emen-

312 3098 605 3158 dationem
647 3108 870 3159 tantum
907 3098 1172 3176 pertinet,
1218 3097 1291 3155 de
1332 3116 1449 3173 qua
1492 3096 1646 3155 Heb.
1690 3097 1792 3156 xii.
1825 3100 1880 3170 6,
1912 3102 1968 3169 7,
2000 3097 2186 3175 Apoc.
2215 3098 2296 3155 iii.
2333 3100 2446 3173 193
2491 3102 2550 3159 2.
2580 3096 2717 3158 δοκι-

310 3180 517 3255 μισ-ίαν,
548 3199 679 3257 quse
707 3187 796 3239 est
822 3179 1054 3256 pietatis
1071 3177 1391 3254 exploratio
1415 3196 1543 3253 quae
1566 3175 1810 3235 refertur
1827 3176 1898 3235 ad
1919 3178 2265 3254 exemplum,
2287 3178 2358 3237 de
2377 3198 2491 3257 qua
2509 3180 2717 3240 Jacob.

314 3260 352 3318 i.
384 3264 439 3334 2,
473 3263 527 3337 3,
548 3269 614 3319 ut
642 3260 831 3318 visum
858 3258 967 3317 fuit
994 3258 1055 3316 in
1074 3257 1409 3315 Abrahamo
1429 3266 1487 3315 ct
1515 3256 1559 3315 J
1562 3257 1674 3315 obo
1698 3278 1712 3332 3
1759 3260 1814 3316 3.
1842 3255 2125 3339 μαςτῦςιυ,
2147 3259 2305 3336 quod
2333 3268 2556 3337 spectat
2583 3260 2718 3320 doc·

313 3341 480 3399 trinae
508 3339 761 3399 coelestis
786 3359 892 3417 per
915 3338 1207 3416 proprium
1238 3337 1577 3414 sanguinem
1606 3337 2087 3415 obsignationem‚
2119 3338 2191 3397 dc
2221 3358 2336 3417 quo
2365 3344 2401 3398 2
2422 3340 2571 3399 Tim.
2600 3341 2639 3399 i.
2660 3343 2718 3419 8,

316 3428 375 3480 ει
404 3421 458 3479 A
504 3439 591 3480 oc.
620 3420 699 3477 vi.
733 3422 788 3479 9.

396 3442 648 3559 XIQHL
694 3499 827 3559 Non
852 3518 1133 3576 negamus
1162 3498 1395 3576 quidem
1423 3500 1529 3557 has
1558 3497 1914 3558 calamitates
1931 3520 2134 3575 poenas
2169 3519 2339 3577 posse
2368 3500 2485 3559 dici
2511 3502 2720 3578 impro-

308 3582 441 3657 prie
469 3589 526 3639 et
535 3584 807 3659 fiyurate,
832 3588 891 3638 et
919 3580 1002 3637 sic
1022 3599 1140 3637 non
1166 3599 1295 3639 raro
1324 3579 1516 3637 vocari
1540 3580 1601 3636 in
1629 3578 1924 3656 Scriptura
1944 3580 2120 3637 variis
2148 3580 2220 3637 de
2239 3580 2464 3639 causis:
2497 3584 2549 3639 1.
2571 3581 2722 3655 Quia

314 3660 467 3719 mala
495 3661 605 3719 ista
633 3668 693 3719 et
718 3660 1054 3718 afflictiones
1090 3668 1295 3718 natura
1322 3678 1426 3717 sua
1452 3660 1675 3735 peccati
1707 3667 1840 3717 sunt
1869 3679 2052 3736 poenae
2081 3667 2140 3718 et
2168 3660 2517 3736 stipendium
2540 3680 2555 3735 ς
2601 3661 2722 3718 Ita-

316 3760 428 3817 que
474 3760 803 3818 quanquam
846 3738 1117 3798 fidelibus
1160 3739 1371 3815 quibus
1415 3747 1650 3816 propter
1679 3738 1970 3797 Christum
2012 3738 2157 3796 nihil
2202 3739 2428 3815 poenale
2474 3739 2724 3817 amplius

316 3829 578 3898 superest
605 3820 921 3897 ferendum,
964 3838 1081 3877 non
1110 3818 1185 3877 ad
1210 3836 1459 3897 poenam,
1492 3818 1596 3876 sed
1623 3818 1700 3875 ad
1725 3819 2070 3877 medicinam
2099 3826 2157 3877 et
2183 3818 2414 3895 pietatis
2441 3819 2721 3879 exercita-

318 3900 533 3959 tionem
561 3900 923 3979 infligantur3
956 3908 1149 3959 tamen
1169 3899 1307 3975 quia
1326 3898 1437 3957 hoc
1465 3898 1683 3956 habent
1702 3906 1908 3957 natura
1937 3918 2055 3973 sua,
2079 3906 2302 3957 mutato
2331 3906 2486 3957 statu
2514 3918 2722 3957 nomen

318 3981 507 4039 adhuc
533 3982 815 4040 retinetur
840 3979 1156 4057 antiquum,
1205 3986 1264 4037 et
1304 3998 1489 4056 poenae
1522 3978 1794 4037 dicuntur
1821 3978 1958 4056 quia
1985 3978 2124 4037 olim
2151 3976 2399 4053 fuerunt,
2443 3986 2500 4036 et
2529 3978 2580 4036 si
2606 3996 2722 4038 non

303 4062 651 4137 formaliter,
702 4068 764 4119 at
805 4060 1175 4129 materialiter
1216 4058 1369 4116 idem
1398 4068 1534 4118 sunt
1560 4078 1692 4117 cum
1721 4078 1790 4117 eo
1818 4058 1972 4136 quod
1995 4056 2157 4135 impii
2183 4057 2490 4134 patiantur,
2521 4058 2724 4118 eadem

320 4141 616 4201 calamitas
645 4148 920 4217 utrosque
946 4158 1097 4217 saepe
1126 4137 1351 4217 premit,
1394 4138 1533 4197 licet
1560 4139 1674 4197 alio
1703 4146 1874 4214 atque
1905 4139 2018 4197 alio
2045 4138 2176 4196 fine.
2262 4141 2318 4196 2.
2364 4136 2514 4211 Quia
2552 4146 2620 4196 ut
2662 4139 2723 4198 in

282 4221 546 4299 ‘proprie
576 4220 746 4280 dictis
774 4220 960 4298 poenis
986 4228 1287 4297 peccatum
1316 4226 1405 4278 est
1431 4219 1659 4277 occasio
1689 4225 1747 4277 et
1795 4237 1969 4276 causa
2009 4216 2322 4295 impulsiva
2353 4217 2600 4295 illarum,
2644 4219 2728 4278 ita

318 4301 673 4359 calamitates
717 4301 843 4359 istae
888 4320 965 4358 ex
1009 4298 1308 4359 occasione
1350 4300 1573 4375 pcccati
1616 4306 1675 4356 ει
1711 4305 1947 4375 propter
1971 4296 2115 4355 illud
2145 4296 2568 4375 immittuntur3
2610 4299 2726 4358 nisi

320 4382 471 4439 enim
500 4390 797 4458 peccatum
828 4386 981 4438 esset
1007 4380 1169 4438 nulla
1195 4377 1493 4437 calamitas
1518 4378 1578 4435 in
1613 4378 1829 4436 mundo
1872 4385 2215 4435 cerneretur.
2301 4380 2358 4437 3.
2403 4377 2552 4452 Quia
2592 4398 2726 4438 caro

320 4461 445 4539 ipsa
472 4460 629 4519 luere
660 4459 847 4534 debet,
878 4467 1049 4518 vetus
1075 4460 1248 4517 homo
1277 4456 1495 4516 aboleri
1523 4466 1581 4516 ει
1608 4455 1844 4529 destrui,
1890 4465 1949 4517 et
1975 4465 2274 4535 peccatum
2303 4457 2366 4515 in
2393 4477 2563 4517 carne
2592 4478 2730 4517 con-

321 4541 578 4600 demnari
606 4548 665 4599 et
691 4538 882 4618 puniri
905 4562 920 4617 ;
964 4558 1071 4599 nec
1098 4538 1251 4597 enim
1282 4536 1492 4596 sufficit
1519 4537 1811 4596 Christum
1841 4537 1900 4595 in
1930 4556 2099 4597 carne
2129 4557 2234 4596 sua
2265 4537 2413 4598 illud
2453 4538 2721 4598 condem-

320 4641 506 4697 nasse,
529 4622 697 4681 Rom.
717 4620 840 4679 viii.
861 4622 915 4697 3,
938 4622 993 4696 4,
1026 4627 1083 4678 et
1110 4628 1364 4679 veterem
1391 4617 1684 4676 hominem
1714 4636 1781 4676 ac
1810 4638 2018 4697 corpus
2045 4618 2268 4695 peccati
2289 4618 2445 4678 cruci
2472 4618 2723 4677 affixisse

322 4702 395 4761 ad
424 4701 768 4763 deletionem
796 4708 1008 4776 reatus,
1056 4699 1167 4758 nisi
1211 4696 1358 4756 illud
1400 4697 1589 4775 ipsum
1633 4696 1694 4756 in
1738 4718 1907 4757 carne
1949 4707 2147 4759 nostra
2175 4698 2476 4775 crucifigat
2503 4706 2561 4757 et
2589 4718 2724 4756 con·
