3234 5192
473 328 590 387 316
1171 341 1250 381 ns
1280 340 1538 393 srnuw,
1569 338 1755 391 Aous,
1789 340 1863 380 m·
1892 340 2209 383 sanemus.
2516 326 2778 410 [msptrr.
2808 348 2889 389 vr.

467 488 598 565 ejus
625 484 1026 546 communione
1053 483 1256 563 procul
1281 502 1606 542 arceremur
1630 504 1644 542 ε
1684 481 2155 560 quandoquidem
2176 484 2337 543 nulla
2352 494 2543 563 potest
2568 506 2695 547 esse
2726 509 2889 549 sanc-

467 566 654 627 titatis
680 566 1110 644 perfectissima
1131 582 1262 623 cum
1289 562 1616 639 impuritate
1635 562 1962 621 communio
1984 584 1999 639 ;
2045 563 2141 622 Ita
2160 563 2275 623 duo
2292 565 2545 625 remedia
2562 567 2892 629 adhibenda

468 646 700 707 fuerunt
709 645 924 724 duplici
939 646 1034 705 isti
1047 643 1348 705 obstaculo
1357 641 1711 701 removendo
1725 664 1739 700 ε
1760 642 2007 720 primum
2020 643 2176 719 quod
2190 644 2475 721 justitiam
2491 646 2603 704 Dei
2612 648 2885 726 placaret,

469 727 732 803 alterum,
755 725 914 804 quod
935 723 1278 803 injustitiam
1293 730 1547 781 nostram
1566 730 1877 799 purgaret3
1898 722 2045 801 prim
2052 742 2148 782 um
2170 724 2419 784 occurrit
2438 725 2499 783 in
2519 726 2733 787 Christi
2756 748 2885 787 san-

467 806 644 884 guine
672 806 774 883 qui
791 806 1180 883 expiationem
1205 802 1428 882 peccati
1449 801 1584 861 fecit
1605 824 1620 877 3
1652 802 1897 861 alterum
1919 802 1979 860 in
2000 820 2165 879 aqua,
2185 822 2317 881 quae
2332 824 2439 863 nos
2456 805 2641 866 abluit
2660 807 2735 866 ab
2758 808 2887 885 ejus

467 886 758 946 sordibus.
791 885 963 946 Unde
977 882 1336 943 necessarius
1357 890 1417 941 et
1437 881 2053 941 indissolubilisnexus
2071 881 2313 941 duorum
2324 885 2563 944 istorum
2576 886 2884 948 beneficio-

465 985 594 1023 rum
620 973 782 1043 patet
803 987 818 1041 3
862 965 963 1043 qui
989 984 1160 1041 porro
1189 960 1512 1021 confirmari
1539 970 1738 1039 posset
1754 962 1997 1021 ulterius
2016 962 2193 1020 variis
2214 965 2598 1040 argumentis:
2641 966 2791 1025 Tum
2808 968 2884 1027 ab

463 1046 771 1119 Electione,
803 1063 932 1121 quse
961 1042 1148 1103 tendit
1173 1042 1249 1101 ad
1297 1040 1659 1100 vocationem
1706 1049 1764 1100 et
1802 1040 2293 1119 justificationem,
2326 1043 2495 1103 Rom.
2526 1045 2647 1105 viii.
2678 1048 2775 1123 30,
2806 1047 2884 1106 ad

465 1124 976 1184 sanctificationem
1010 1121 1274 1201 Spiritus,
1307 1129 1366 1181 et
1403 1119 1789 1180 obedientiam
1836 1121 1989 1196 fidei,
2043 1129 2101 1181 et
2144 1121 2531 1199 aspersionem
2580 1128 2882 1204 sanguinis

467 1203 698 1281 Christi,
734 1207 763 1262 1
793 1204 918 1264 Pet.
947 1204 986 1263 i.
1011 1206 1046 1262 2
1073 1225 1087 1280 ς
1118 1202 1267 1261 Tum
1287 1220 1322 1258 a
1331 1200 1795 1277 promt'ssiombus
1813 1199 2047 1259 foederis
2066 1201 2283 1279 gratias,
2305 1222 2435 1279 quae
2452 1204 2881 1283 inscriptionem

465 1283 644 1361 Legis
663 1284 724 1342 in
747 1283 1016 1344 cordibus
1034 1302 1166 1343 cum
1186 1280 1522 1341 remissione
1541 1291 1907 1357 peccatorum
1930 1282 2309 1359 conjungunt,
2334 1283 2377 1342 J
2380 1302 2457 1342 er.
2478 1286 2645 1344 xxxi.
2665 1289 2760 1363 33,
2782 1291 2879 1347 34.

465 1364 614 1424 Tum
645 1384 680 1423 a
709 1364 931 1425 Christo
957 1365 1101 1441 ipso,
1133 1362 1236 1440 qui
1261 1369 1328 1421 ut
1355 1360 1524 1419 nobis
1551 1359 1723 1420 datus
1751 1368 1841 1419 est
1860 1360 1919 1417 in
1949 1361 2157 1420 vadem
2176 1370 2235 1420 et
2256 1371 2463 1440 caput3
2510 1365 2604 1424 Ita
2622 1366 2698 1425 sit
2712 1368 2882 1427 nobis

455 1443 686 1522 justitia
711 1454 771 1504 et
799 1443 1192 1518 sanctificatio,
1228 1444 1257 1500 l
1292 1441 1422 1501 Cor.
1450 1440 1488 1499 i.
1521 1442 1616 1513 30,
1666 1460 1786 1499 non
1830 1441 2015 1499 solum
2061 1448 2126 1500 ut
2168 1442 2414 1502 redimat
2456 1464 2562 1504 nos
2606 1446 2680 1505 ab
2725 1448 2881 1506 omni

461 1524 784 1602 iniquitate,
817 1524 918 1583 sed
946 1524 1118 1584 etiam
1148 1529 1213 1581 ut
1238 1519 1504 1598 purificet
1531 1519 1643 1578 sibi
1670 1519 1783 1598 ipsi
1809 1520 1871 1578 in
1897 1521 2173 1598 populum
2196 1522 2539 1599 peculiarem
2560 1526 2878 1586 studiosum

461 1603 744 1662 bonorum
773 1622 1026 1681 operum,
1058 1602 1172 1661 Tit.
1203 1599 1262 1658 ii.
1299 1604 1410 1675 143
1469 1599 1616 1658 Tum
1659 1619 1694 1657 a
1734 1600 1970 1676 Spiritu,
2022 1601 2125 1677 qui
2176 1602 2426 1680 Spiritus
2474 1605 2790 1665 sanctitatis
2818 1616 2877 1666 et

461 1682 872 1741 consolationis
901 1681 1148 1757 dicitur3
1193 1680 1342 1739 Tum
1371 1679 1444 1737 ab
1475 1680 1776 1755 evanqclio,
1808 1678 1965 1756 quod
2006 1679 2181 1738 fidem
2223 1690 2282 1741 et
2310 1683 2643 1743 charitatem
2674 1687 2873 1763 praeci-

459 1760 584 1839 pit;
629 1761 778 1819 Tum
807 1780 844 1820 a
869 1761 1252 1834 sacr-amentis,
1283 1778 1413 1836 quae
1441 1757 1837 1817 remissionem
1867 1768 2233 1835 peccatorum
2264 1782 2393 1821 cum
2424 1765 2876 1826 sanctificatione

459 1839 631 1899 nobis
659 1840 988 1917 obsignant.
1073 1840 1224 1898 Nam
1251 1845 1318 1897 ut
1342 1837 1705 1915 baptizamur
1731 1838 1791 1896 in
1808 1838 2204 1899 remissionem
2222 1852 2607 1921 peccatorum,
2638 1844 2721 1905 ita
2739 1846 2879 1925 bap-

459 1920 668 1980 tismus
695 1926 786 1977 est
812 1920 1107 1978 lavacrum
1134 1915 1604 1996 regenerationis,
1636 1916 1751 1977 Tit.
1781 1918 1861 1977 iii.
1893 1921 1947 1994 5,
1980 1927 2039 1977 et
2056 1921 2474 1982 communionis
2496 1945 2627 1984 cum
2651 1925 2880 1986 Christo

460 2000 808 2077 symbolum,
843 1999 1010 2059 Rom.
1040 1998 1120 2057 vi.
1149 2001 1206 2074 3,
1229 2002 1268 2057 4
1292 2018 1307 2074 ;
1353 1996 1432 2055 Et
1459 1996 1520 2055 in
1548 1996 1729 2056 Coena
1756 1999 1993 2076 sanguis
2020 2000 2189 2059 nobis
2238 2001 2544 2064 exhibetur
2571 2013 2637 2064 ut
2664 2004 2881 2066 effusus

459 2080 522 2139 in
549 2079 941 2139 remissionem
971 2086 1353 2157 peccatorum,
1385 2076 1556 2136 Matt.
1585 2078 1752 2138 xxvi.
1782 2081 1878 2156 28,
1909 2087 1969 2137 et
1994 2088 2061 2139 ut
2109 2080 2443 2141 alimentum
2472 2085 2610 2143 vitoe
2648 2086 2879 2162 spiritu-

458 2160 584 2231 alis,
649 2182 738 2221 uae
768 2160 826 2217 in
857 2158 1306 2219 sanctificatione
1334 2155 1614 2216 consistit.

540 2238 602 2296 X
671 2239 750 2297 V.
795 2238 888 2297 Ut
913 2256 1054 2295 vero
1103 2236 1446 2311 conjunctio
1494 2236 1751 2293 istorum
1794 2237 2217 2295 beneficiorum
2264 2238 2327 2295 in
2377 2240 2571 2296 verbis
2616 2240 2662 2299 J
2664 2245 2880 2303 oannis

460 2316 800 2387 indicatur;
847 2315 948 2373 Ita
974 2322 1034 2373 et
1061 2333 1269 2373 eorum
1298 2314 1609 2372 distinctio.
1708 2313 1871 2371 Nam
1900 2314 2127 2372 frustra
2154 2316 2403 2373 dixisset
2418 2318 2649 2373 venisse
2680 2320 2881 2380 Chris-

457 2400 589 2450 tum
612 2394 674 2449 in
697 2411 858 2465 aqua
876 2400 938 2451 et
957 2392 1265 2467 sanguine,
1289 2392 1338 2449 si
1356 2391 1600 2448 unicum
1619 2399 1858 2448 tantum
1874 2392 2227 2449 beneficium
2248 2392 2549 2449 insinuare
2570 2394 2875 2470 voluisset,

455 2478 528 2528 ut
557 2469 853 2529 Pontificii
881 2488 1191 2545 perperam
1235 2468 1617 2528 confundunt
1654 2468 2149 2543 justificationem
2196 2488 2333 2526 cum
2376 2469 2875 2547 sanctificatione;

457 2568 594 2606 cum
623 2556 822 2607 tamen
851 2548 1299 2607 distinctissime
1324 2566 1448 2605 esse
1475 2546 1653 2616 bona,
1684 2564 1809 2603 non
1850 2548 2031 2606 modo
2085 2546 2393 2623 Scriptura
2418 2548 2741 2608 clarissime
2769 2554 2879 2611 do-

455 2632 602 2703 ceat,
637 2628 666 2686 1
703 2627 836 2687 Cor.
865 2628 905 2686 i.
937 2627 1030 2697 30,
1061 2633 1120 2685 et
1147 2626 1224 2683 vi.
1259 2626 1350 2697 11,
1380 2625 1483 2683 sed
1511 2642 1604 2682 res
1631 2625 1761 2699 ipsa
1802 2624 2132 2683 necessario
2160 2626 2431 2685 evincat:
2512 2626 2577 2685 N
2580 2646 2676 2685 am
2696 2628 2879 2703 justi-

453 2706 652 2765 ficatio
679 2713 768 2764 cst
795 2712 962 2765 actus
988 2705 1256 2775 forensis,
1303 2704 1407 2779 qui
1445 2703 1514 2760 fit
1557 2722 1755 2761 coram
1804 2702 1953 2774 Deo,
2003 2704 2387 2762 sanctificatio
2418 2712 2585 2763 actus
2612 2710 2876 2781 moralis,

456 2784 562 2860 qui
591 2786 650 2841 in
683 2784 888 2855 nobis;
934 2784 1055 2843 Illa
1081 2802 1191 2842 nos
1212 2802 1250 2841 a
1269 2789 1438 2841 reatu
1456 2781 1683 2851 liberat,
1708 2780 1861 2839 Haec
1880 2800 1918 2839 a
1936 2783 2212 2853 macula;
2258 2782 2382 2841 Illa
2396 2783 2457 2841 in
2480 2784 2877 2859 imputatione

447 2863 700 2938 justitiae
729 2864 940 2921 alienae
970 2862 1257 2933 consistit,
1288 2860 1440 2919 Haec
1486 2858 1550 2916 in
1601 2858 1900 2917 infusione
1949 2858 2294 2919 inhaerentis
2318 2881 2333 2932 3
2380 2861 2504 2920 Illa
2528 2864 2707 2921 unico
2736 2873 2876 2923 actu

452 2942 780 3019 peragitur,
805 2942 957 3001 Haec
972 2959 1114 2999 vero
1137 2940 1459 2999 successive
1484 2962 1498 2998 ε
1546 2938 1787 3014 Optime
1815 2956 1956 3012 ergo
1984 2936 2023 2995 J
2032 2956 2253 2997 oannes
2281 2958 2501 3016 aquam
2520 2959 2560 2998 a
2585 2944 2876 3017 sanguine

455 3020 746 3091 distinxit,
795 3029 865 3079 ut
911 3019 1434 3079 sanctificationem
1478 3036 1518 3075 a
1555 3016 1984 3091 justificatione
2032 3016 2523 3092 distinguendum
2560 3038 2791 3096 semper
2814 3031 2876 3081 et

455 3116 578 3155 non
606 3098 1092 3157 confundendam
1122 3099 1472 3155 ostenderet.

536 3174 786 3233 XXVI.
832 3176 1020 3234 Porro
1089 3175 1192 3233 uia
1215 3175 1442 3250 gemini
1468 3174 1641 3232 istius
1666 3174 1934 3232 beneficii
1962 3176 2301 3248 symbolum
2327 3182 2389 3234 et
2414 3177 2681 3252 sigillum
2728 3181 2871 3238 dare

456 3252 650 3309 voluit
674 3252 737 3308 in
766 3254 1006 3310 duobus
1037 3196 1202 3309 {lovi
1231 3252 1593 3310 Testamenti
1611 3251 2010 3323 sacramentis,
2030 3253 2326 3329 baptismo
2343 3263 2403 3313 et
2428 3274 2474 3314 s.
2504 3274 2671 3315 eoena
2692 3280 2707 3327 ;
2730 3258 2869 3315 hinc

453 3328 682 3386 factum
708 3336 815 3400 est,
840 3335 908 3386 ut
935 3336 1257 3404 utrumque
1285 3330 1468 3387 etiam
1496 3330 1607 3385 sub
1626 3347 1787 3403 aqua
1806 3337 1867 3387 et
1887 3332 2175 3405 sanguine
2204 3334 2554 3392 secundario
2581 3334 2875 3409 intellige-

454 3412 635 3463 retur.
720 3404 801 3465 Et
827 3408 904 3464 de
934 3406 1212 3482 baptismo
1241 3406 1486 3481 quidem
1512 3424 1635 3463 non
1666 3406 1983 3463 obscurum
2006 3416 2095 3466 est
2111 3408 2285 3465 illum
2306 3430 2413 3485 per
2434 3431 2654 3488 aquam
2681 3414 2873 3489 desig-

454 3483 605 3555 nari,
637 3501 773 3541 cum
803 3492 863 3543 et
889 3485 1004 3541 hoc
1029 3484 1290 3541 voluerit
1334 3502 1458 3541 esse
1507 3483 1640 3557 ejus
1687 3484 1925 3557 signum
1976 3484 2263 3557 Christus,
2294 3496 2354 3545 et
2380 3508 2535 3566 saepe
2566 3490 2875 3568 Scriptura

453 3564 568 3619 hac
594 3561 839 3621 notione
868 3562 1042 3619 illum
1072 3560 1390 3638 exprimat,
1421 3560 1576 3636 Eph.
1606 3579 1663 3617 v.
1695 3562 1791 3633 26,
1822 3562 1939 3619 Tit.
1970 3562 2051 3620 iii.
2083 3564 2138 3621 5.
2222 3564 2313 3623 De
2343 3587 2504 3625 coena
2530 3570 2708 3627 etiam
2735 3571 2874 3629 licet

453 3640 648 3699 rarius
679 3646 965 3715 occurrat,
994 3640 1170 3698 facile
1198 3646 1399 3697 tamen
1427 3638 1751 3714 colligitur,
1781 3658 1915 3697 cum
1945 3641 2103 3699 enim
2130 3642 2208 3701 sit
2243 3646 2583 3705 communio
2613 3650 2874 3725 corporis

453 3726 514 3777 et
540 3719 850 3795 sanguinis
879 3718 1120 3791 Christi,
1155 3718 1184 3776 1
1220 3718 1351 3778 Cor.
1381 3736 1439 3775 x.
1475 3716 1568 3788 16,
1597 3736 1733 3791 quae
1780 3718 2116 3777 instituitur
2163 3720 2225 3778 in
2254 3728 2872 3785 commemorationem

453 3798 661 3855 mortis
693 3796 931 3870 Christi,
960 3815 1079 3855 non
1111 3797 1216 3855 abs
1246 3814 1308 3853 rc
1337 3797 1448 3854 sub
1475 3795 1715 3854 nomine
1743 3798 2052 3871 sanguinis
2079 3800 2428 3874 designatur
2454 3804 2652 3877 phrasi
2682 3824 2875 3863 sacra-

452 3876 699 3933 mentali
727 3882 788 3933 et
813 3876 1228 3951 metonymica,
1258 3894 1380 3951 qua
1405 3892 1622 3934 nomen
1652 3874 1874 3949 signati
1900 3877 2081 3934 datur
2128 3878 2315 3956 signo,
2363 3886 2424 3937 et
2470 3900 2685 3941 nomen
2714 3884 2869 3958 signi

451 3954 708 4012 vicissim
735 3954 971 4029 signato
995 3976 1009 4013 ε
1053 3956 1357 4029 quomodo
1391 3952 1560 4012 Galako
1605 3952 1827 4011 dicitur
1873 3972 1997 4012 esse
2044 3953 2282 4013 Novum
2334 3960 2759 4018 Testamentum
2806 3962 2871 4018 in

453 4030 750 4109 San-quine
782 4032 1020 4104 Christi,
1051 4030 1225 4089 Matt.
1255 4032 1415 4089 xxvi.

532 4110 822 4169 XXVII.
869 4110 1107 4180 Quibus
1133 4110 1219 4168 ita
1245 4110 1449 4187 positis
1475 4111 1735 4186 proclive
1767 4118 1859 4170 est
1906 4112 2259 4189 intelligere,
2290 4120 2592 4191 quomodo
2622 4110 2875 4178 duo'isti

448 4194 628 4248 testes
655 4208 814 4266 aqua
839 4195 900 4248 et
927 4188 1170 4265 sanguis
1198 4197 1551 4247 concurrant
1578 4192 1656 4248 ad
1684 4191 2093 4250 testimonium
2125 4194 2357 4253 Christo
2400 4198 2833 4271 perhibendum
2857 4222 2871 4259 z

450 4266 514 4324 N
517 4286 616 4326 am
644 4268 768 4326 sive
795 4269 935 4327 illos
962 4268 1291 4327 referamus
1317 4269 1394 4325 ad
1423 4278 1809 4339 sacramenta,
1842 4270 1976 4345 quis
1996 4289 2115 4328 non
2142 4272 2306 4331 videt
2326 4274 2455 4345 ista,
2476 4284 2685 4351 utpote
2706 4276 2869 4335 Novi

451 4344 714 4402 Foederis
741 4346 957 4421 sigilla,
988 4366 1108 4406 non
1135 4347 1324 4405 alium
1354 4346 1418 4403 in
1443 4348 1625 4405 finem
1646 4366 1770 4405 esse
1798 4348 2093 4421 instituta,
2114 4369 2295 4426 quam
2322 4354 2400 4410 ad
2429 4356 2870 4415 confirmandas

450 4428 513 4478 et
539 4422 944 4495 obsignandas
970 4426 1031 4481 in
1065 4424 1333 4483 Ecclesia
1367 4426 1789 4500 promissiones
1815 4427 2044 4500 gratiss,
2094 4438 2154 4485 et
2196 4430 2441 4487 verbum
2473 4434 2771 4507 evangelii
2797 4436 2873 4493 de

449 4498 494 4555 J
496 4516 600 4556 esu
632 4498 870 4557 Christo
899 4502 1056 4559 Filio
1085 4502 1199 4559 Dei
1219 4502 1623 4579 Redemptore
1639 4511 1845 4562 nostro
1866 4506 1891 4563 ἓ
1932 4504 2071 4563 Sive
2093 4508 2170 4564 ad
2194 4507 2477 4567 beneficia
2492 4514 2872 4571 sacramentis

449 4576 572 4634 illis
599 4575 933 4649 obsignata,
963 4580 1194 4635 clarum
1221 4586 1308 4636 est
1335 4580 1528 4637 eidem
1555 4582 1792 4639 veritati
1840 4583 2215 4641 luculentum
2244 4587 2647 4645 testimonium
2676 4593 2875 4665 perhi-
