3234 5192
582 284 697 341 164
1344 296 1424 336 nn
1452 294 1817 337 necessrium
1847 294 2197 336 sncnssrons
2591 276 2856 359 [msrur.
2889 294 2996 335 vn.

576 440 728 499 facta
748 439 929 518 ipsius
950 440 1183 498 omnino
1205 438 1281 497 sit
1296 436 1703 515 inquirendum
1722 459 1736 513 ς
1782 436 1886 495 sed
1907 444 2036 495 acta
2055 434 2214 495 illius
2233 436 2655 513 qualiacunque
2674 455 2780 513 pro
2800 436 2996 510 licitis,

576 529 637 579 et
664 521 787 598 ipse
814 519 1247 597 qualiscunque,
1276 538 1393 577 non
1420 516 1593 575 modo
1662 536 1726 575 ro
1755 524 1972 591 sancto,
2003 515 2107 573 sed
2135 516 2308 576 etiam
2336 536 2441 593 pro
2470 516 2848 593 sanctissimo,
2879 518 2999 576 imo

580 601 707 678 ipsa
728 600 1033 659 sanctitate
1053 600 1351 658 habeatur.
1382 601 1421 631 “
1446 598 1607 674 Papa
1651 597 1746 673 egi
1761 616 1880 654 non
1902 596 2166 672 subjacet
2192 595 2352 667 ulli‚’'
2383 596 2534 655 inter
2560 614 2730 655 casus
2750 596 2996 675 Papales

579 681 735 757 apud
768 680 1155 756 Hostiensem,
1208 680 1245 711 “
1266 678 1464 737 Habet
1510 684 1854 755 potestatem
1895 674 2424 751 eminentissimam,
2455 676 2864 753 plenissimam,
2896 678 2996 736 ab·

580 761 827 821 solutam
856 768 915 819 et
940 760 1305 833 illimitatam,
1338 758 1433 816 cui
1471 757 1619 814 nihil
1657 756 1892 831 resistit,
1920 776 2024 833 per
2065 775 2238 832 quam
2273 756 2466 814 omnia
2493 776 2664 835 super
2684 758 2800 833 jus,
2833 766 3002 817 extra

572 841 692 917 jus,
723 849 783 899 et
810 847 1011 899 contra
1029 840 1130 917 jus
1156 846 1365 916 potest,
1396 836 1533 913 quia
1558 845 1650 895 est
1676 836 1842 912 quasi
1885 837 2045 895 Deus
2073 836 2134 893 in
2159 836 2386 911 terris,”
2417 834 2527 895 ἀρ.
2619 835 2803 896 Tiber.
2834 840 2998 897 Deci.

580 921 621 979 l.
651 922 732 978 iii.
764 940 910 997 resp.
937 922 1011 977 14
1034 940 1049 994 3
1070 919 1345 977 Bertachi
1360 924 1567 994 repert.
1588 915 1840 975 dictione
1860 916 2020 993 Papa
2042 938 2056 993 ;
2083 916 2389 975 Glossator
2417 915 2699 994 Gratiani,
2721 918 2912 977 Causa
2937 921 2995 978 9.

585 1001 801 1075 Quaest.
832 1003 888 1074 3,
921 999 1153 1057 Canone
1174 1000 1376 1056 Nemo.
1398 999 1435 1029 “
1458 995 1780 1054 Concilium
1808 1015 1924 1054 non
1945 1002 2136 1073 potest
2155 994 2374 1074 Papam
2393 996 2677 1073 judicare.
2745 998 2916 1057 Unde
2946 1000 2998 1057 si

586 1088 744 1139 totus
772 1078 1023 1138 mundus
1050 1078 1373 1155 negotiaret
1398 1076 1461 1134 in
1482 1076 1678 1153 aliquo
1695 1076 1930 1153 negotio
1952 1084 2153 1135 contra
2172 1076 2407 1153 Papam,
2429 1076 2662 1135 videtur
2681 1078 2840 1154 quod
2867 1098 2998 1137 sen-

586 1158 783 1219 tentiae
828 1159 1001 1236 Papae
1034 1158 1303 1219 standum
1344 1157 1555 1216 esset.’'
1602 1156 1754 1231 Quia
1790 1164 1856 1215 ut
1883 1157 1944 1214 in
1971 1156 2074 1215 illo
2107 1155 2339 1215 Canone
2367 1157 2597 1233 legitur,
2633 1158 2892 1235 “Neque
2919 1159 2998 1217 ab

586 1239 879 1317 Auguste,
912 1258 1098 1317 neque
1126 1238 1200 1297 ab
1229 1238 1386 1297 omni
1422 1237 1593 1311 clero,
1625 1256 1815 1313 neque
1859 1256 1894 1294 a
1921 1236 2174 1313 regibus,
2227 1256 2414 1313 neque
2456 1258 2491 1295 a
2544 1238 2760 1314 populo
2808 1238 2996 1315 judex

577 1320 995 1400 judicabitur.’'
1080 1318 1255 1379 Unde
1282 1318 1461 1395 impia
1487 1317 1590 1376 illa
1627 1316 1914 1393 quidlibet
1935 1316 2186 1375 audendi
2214 1316 2415 1376 libido.
2449 1317 2600 1376 Dist.
2631 1320 2727 1392 40,
2761 1318 2996 1377 Canone

585 1402 656 1461 Si
672 1400 868 1477 Papa.
916 1399 1173 1478 “Hujus
1205 1399 1407 1477 culpas
1440 1398 1573 1457 istic
1606 1396 1953 1474 redarguere
1974 1396 2271 1473 praesumit
2291 1396 2620 1455 mortalium
2631 1398 2845 1473 nulluS,
2859 1400 2997 1475 quia

588 1489 831 1541 cunctos
858 1480 981 1557 ipse
1002 1480 1371 1559 judicaturus
1398 1498 1433 1536 a
1460 1477 1690 1536 nemine
1719 1487 1809 1535 est
1821 1476 2232 1554 judicandus.''

669 1560 933 1619 XXIX.
978 1559 1079 1617 Ad
1116 1560 1288 1618 istam
1333 1556 1682 1616 Antichristi
1711 1582 1913 1632 amum
1955 1556 2204 1633 pertinet
2245 1555 2419 1615 etiam
2449 1556 2606 1615 foeda
2647 1558 2994 1633 idolohtria,

583 1640 752 1717 cujus
778 1658 912 1698 reus
940 1658 1067 1697 esse
1095 1638 1312 1712 debuit,
1343 1646 1403 1697 et
1429 1644 1665 1715 propter
1701 1656 1874 1713 quam
1903 1638 2029 1714 ejus
2047 1636 2214 1695 sedes
2233 1637 2464 1695 nomine
2493 1637 2814 1713 meretricis,
2843 1658 2996 1697 scor-

584 1720 855 1778 tationum
880 1719 1096 1793 nutris,
1126 1717 1425 1795 indigitari
1447 1717 1595 1775 solet
1629 1716 1783 1793 apud
1803 1717 2112 1776 Joannem.
2199 1716 2349 1791 Quia
2374 1736 2518 1775 vero
2544 1716 2694 1776 hanc
2723 1717 2847 1776 sedi
2877 1718 2969 1776 Ro
2983 1753 2995 1763 ·

584 1818 771 1857 manae
791 1798 1114 1875 justissime
1142 1798 1404 1875 impingi,
1437 1796 1602 1873 Disp.
1636 1796 1720 1854 II.
1746 1796 1867 1855 III.
1907 1804 1966 1855 et
1989 1796 2098 1855 IV.
2137 1796 2528 1873 probavimus,
2559 1817 2676 1855 non
2703 1806 2808 1871 est,
2840 1799 3002 1874 quod

592 1887 786 1939 actum
814 1896 1073 1955 agamus.
1160 1877 1465 1955 Pergimus
1492 1876 1569 1935 ad
1595 1876 1856 1953 quintam
1893 1885 2105 1951 notam,
2137 1896 2268 1951 quae
2303 1875 2628 1935 Numerum
2655 1886 2714 1936 et
2745 1877 3002 1938 Charac-

1095 1967 1268 2016 terem
1296 1957 1511 2016 Bestiae
1540 1964 1778 2034 spectat,
1809 1956 1882 2015 de
1911 1975 2026 2033 quo
2057 1959 2242 2034 Apoc.
2283 1956 2406 2015 xiii.
2445 1959 2536 2031 16,
2573 1961 2664 2032 17,
2697 1960 2735 1991 ‘⁸
2754 1958 2833 2017 Et
2858 1958 3001 2017 facit

1095 2037 1354 2113 omne8,''
1373 2036 1561 2114 inquit
1580 2038 1625 2097 J
1627 2056 1844 2095 oannes
1861 2036 1932 2095 de
1955 2036 2210 2095 secunda
2227 2037 2443 2112 Bestia,
2477 2039 2736 2113 “parvos
2755 2046 2816 2097 et
2833 2058 2998 2117 mag-

1093 2138 1218 2193 nos,
1240 2117 1453 2176 divites
1474 2125 1533 2175 et
1558 2136 1858 2195 paupereS,
1887 2116 2103 2175 liberos
2120 2126 2178 2176 et
2207 2136 2423 2191 ser-VOS,
2453 2125 2521 2176 ut
2548 2118 2648 2176 det
2674 2118 2746 2177 iis
2763 2118 2998 2178 charac-

584 2208 767 2260 terem
813 2199 875 2257 in
920 2217 1098 2258 manu
1145 2218 1251 2257 sua
1298 2197 1552 2273 dextera,
1604 2206 1706 2257 aut
1757 2200 1820 2255 in
1873 2195 2158 2256 frontibus
2213 2197 2350 2272 suis,
2401 2204 2461 2257 et
2513 2216 2588 2256 ne
2641 2199 2772 2274 quis
2815 2200 3002 2275 possit

584 2298 773 2339 emere
822 2286 924 2337 aut
974 2278 1245 2353 vendere,
1294 2276 1409 2336 nisi
1462 2277 1564 2353 qui
1604 2276 1820 2337 habeat
1867 2277 2271 2351 characterem,
2324 2277 2448 2335 sive
2503 2297 2712 2336 nomen
2763 2278 2998 2355 Bestiae,

587 2360 713 2419 sive
754 2376 1057 2417 numerum
1100 2358 1350 2416 nominis
1392 2358 1538 2435 ejus.
1585 2357 1704 2415 Hic
1759 2356 2042 2434 sapientia
2087 2364 2214 2433 est3
2261 2357 2364 2434 qui
2405 2356 2847 2435 intelligentiam
2896 2360 3000 2418 ha-

585 2438 702 2515 bet,
760 2444 1054 2515 computet
1098 2456 1401 2497 numerum
1440 2436 1674 2511 Bestiae,
1723 2454 1998 2495 numerus
2039 2437 2192 2496 enim
2238 2437 2488 2495 hominis
2537 2447 2641 2513 est,
2693 2446 2753 2497 et
2797 2458 3000 2498 nume-

586 2537 687 2577 rus
733 2518 863 2596 ejus
892 2518 1069 2577 666.”
1130 2517 1281 2577 Nolo
1321 2518 1447 2596 jam
1487 2517 1741 2594 penitius
1787 2516 2091 2593 inquirere,
2122 2518 2265 2595 quid
2309 2536 2414 2595 per
2458 2517 2706 2595 priorem
2753 2518 3002 2578 bestiam

586 2598 1030 2675 intelligendum
1058 2596 1172 2674 sit3
1230 2618 1305 2656 an
1346 2596 1650 2674 imperium
1693 2596 2020 2655 Romanum
2061 2605 2233 2658 vetus
2275 2598 2384 2657 sub
2417 2598 2858 2677 imperatoribus
2888 2599 3000 2658 Pa-

588 2678 773 2757 ganis,
803 2686 869 2737 ut
894 2698 1011 2737 non
1036 2678 1239 2757 paucis
1290 2677 1518 2755 placet3
1562 2696 1639 2735 an
1679 2694 1819 2736 vero
1859 2676 2164 2755 imperium
2193 2676 2558 2753 Antichristi,
2615 2679 2774 2756 quod
2799 2686 3004 2756 postca

586 2758 814 2839 plenius
842 2758 1202 2835 describitur,
1234 2766 1300 2817 ut
1326 2756 1457 2817 aliis
1476 2757 1767 2837 plerisque
1787 2756 2038 2817 videtur.
2122 2758 2292 2833 Quod
2321 2758 2708 2819 Bellarminus
2737 2760 3004 2837 agnoscit

586 2840 690 2900 lib.
718 2840 799 2899 iii.
844 2839 917 2899 de
961 2839 1152 2899 Ponti.
1202 2858 1327 2918 cap.
1362 2840 1455 2915 15,
1503 2839 1539 2871 “
1563 2837 1791 2915 Idem,”
1820 2838 2025 2917 inquit,
2061 2840 2097 2872 ‘⁸
2119 2838 2519 2897 Antichristus
2566 2858 2670 2917 per
2696 2839 2841 2898 duas
2867 2840 3000 2899 bes·

584 2922 697 2981 tias
723 2920 1081 2999 exprimitur,
1111 2939 1215 2999 per
1240 2938 1433 2995 unam,
1464 2917 1688 2978 ratione
1715 2918 1891 2996 regioe
1930 2918 2204 2997 potentiae
2229 2927 2290 2977 et
2317 2918 2658 2995 tyrannidis,
2688 2938 2804 2998 qua
2831 2928 3005 2998 coget

586 3001 849 3060 homines
876 3001 1193 3077 violenter-3
1223 3020 1327 3079 per
1354 3000 1611 3075 alteram,
1643 2998 1865 3059 ratione
1907 2999 2147 3077 magicas
2169 2998 2326 3073 artis,
2358 3017 2475 3075 qua
2501 2999 2710 3058 callide
2735 2998 3002 3059 homines

587 3080 882 3140 seducet.''
968 3081 1101 3139 Hoc
1128 3089 1354 3140 tantum
1382 3080 1722 3139 observasse
1752 3079 2011 3156 sufficiet,
2041 3088 2315 3156 tanquam
2358 3086 2524 3138 extra
2551 3080 3002 3139 controversiam

586 3160 866 3238 positum;
896 3160 1269 3235 posteriorem
1296 3159 1556 3219 Bestiam
1586 3168 1832 3218 exterra
1841 3162 2226 3218 ascendentem
2240 3157 2663 3218 Antichristum
2676 3159 3000 3237 designare,

587 3256 706 3294 non
732 3245 850 3295 tam
878 3246 1145 3314 respectu
1171 3238 1475 3315 potestatis
1500 3238 1854 3316 temporalis,
1884 3247 1942 3297 et
1967 3248 2035 3299 ut
2069 3239 2439 3297 monarcham
2457 3247 2516 3297 et
2541 3238 2859 3317 principem
2885 3248 3002 3299 ter·-

588 3334 807 3391 renum,
840 3334 1013 3391 quam
1052 3316 1275 3375 ratione
1315 3318 1619 3394 potestatis
1647 3317 1978 3395 spiritualis,
2009 3326 2070 3377 et
2116 3327 2182 3377 ut
2207 3318 2797 3396 pseudo-prophetam
2824 3327 2884 3378 et
2910 3339 3002 3379 se-

590 3394 904 3470 ductorem,
940 3393 1123 3473 (quod
1150 3404 1315 3455 notat
1343 3396 1616 3455 Bellarm.
1649 3397 1778 3455 loco
1799 3397 2022 3478 citato,)
2047 3397 2148 3475 qui
2169 3397 2370 3458 debuit
2387 3398 2774 3458 characterem
2803 3400 3004 3477 impri—

588 3493 745 3533 mere
770 3474 832 3533 in
860 3474 1047 3534 fronte
1075 3482 1135 3533 et
1162 3474 1402 3535 dextera
1434 3476 1556 3535 suis
1599 3477 1868 3536 omnibus
1912 3485 1971 3537 et
2013 3477 2274 3555 singulis,
2305 3479 2467 3538 nullo
2493 3498 2729 3557 prorsus
2756 3486 3004 3557 excepto

587 3554 984 3633 cujuscunque
1000 3554 1214 3615 fuerint
1229 3554 1436 3633 gentis,
1450 3556 1813 3634 conditionis,
1829 3576 2023 3635 sexus,
2037 3566 2097 3618 et
2117 3560 2319 3634 astatis,
2335 3578 2452 3637 quo
2474 3560 2640 3638 quasi
2658 3560 2922 3637 symbolo
2943 3569 3006 3619 et

588 3644 807 3695 tessera
834 3636 1059 3695 solenni
1088 3654 1207 3696 suae
1234 3636 1295 3694 in
1316 3636 1619 3696 universos
1635 3638 1955 3716 potestatis,
1977 3639 2310 3706 adoratores
2332 3658 2532 3698 omnes
2551 3660 2686 3699 suos
2706 3640 3003 3717 insigniet.

590 3716 663 3775 In
690 3734 807 3794 quo
837 3716 1137 3792 Diabolus,
1168 3725 1235 3776 ut
1264 3716 1379 3775 Dei
1406 3716 1573 3775 simia
1606 3718 1896 3777 Christum
1927 3719 2203 3779 imitatur.
2269 3720 2356 3780 Ut
2382 3720 2536 3779 enim
2567 3720 2831 3779 Christus
2857 3720 3003 3779 dici-

584 3805 681 3857 tur
709 3814 847 3856 suos
874 3816 1075 3857 omnes
1104 3797 1335 3875 signare
1353 3796 1413 3854 in
1430 3796 1716 3858 frontibus
1745 3798 1939 3877 sigillo
1963 3799 2092 3875 Dei,
2123 3819 2248 3877 cap.
2277 3800 2398 3875 vii„
2429 3808 2496 3859 ut
2510 3801 2621 3859 hac
2638 3808 2777 3859 nota
2803 3820 2838 3859 a
2863 3800 3006 3860 filiis

588 3876 771 4017 siculi
798 3876 1279 4015 discenlierentur,
1310 3877 1393 3936 ita
1430 3877 1632 3937 Bestia
1687 3898 1823 3938 suos
1877 3888 2192 3939 sectatores
2245 3880 2441 3957 aliquo
2469 3880 2644 3940 etiam
2673 3881 3004 3941 charactere

587 3976 624 4017 o
664 3958 895 4034 signare
920 3977 999 4016 vo
1022 3957 1126 4017 uit.

667 4037 895 4097 XXX.
939 4037 1083 4113 Quis
1110 4046 1305 4097 autem
1350 4036 1428 4097 sit
1470 4038 1771 4098 character
1813 4038 1924 4099 iste
1953 4038 2304 4099 dissentiunt
2327 4040 2687 4117 interpretes.
2767 4040 3003 4100 Certum

586 4126 676 4178 est
702 4118 935 4195 quidem
968 4118 1249 4198 Spiritum
1283 4117 1557 4178 Sanctum
1600 4118 1697 4177 hie
1738 4118 1996 4179 alludere
2039 4120 2115 4178 ad
2154 4128 2417 4179 veterum
2443 4139 2680 4195 morem,
2711 4120 2812 4197 qui
2857 4118 3002 4196 stig-

585 4206 739 4257 mate
766 4200 1049 4259 notabant
1074 4200 1138 4258 in
1164 4218 1356 4275 manu,
1387 4198 1484 4259 vel
1512 4198 1614 4277 qui
1641 4198 1864 4258 militiae
1903 4218 2115 4259 nomen
2143 4199 2375 4276 dabant,
2405 4199 2560 4259 unde
2605 4200 2762 4278 apud
2789 4200 3003 4276 Veget.

584 4277 625 4336 l.
654 4277 714 4336 ii.
744 4298 795 4337 c.
826 4281 881 4355 5,
901 4281 1099 4340 milites
1116 4279 1389 4340 dicuntur
1406 4280 1605 4357 scripti
1619 4280 1850 4339 victuris
1865 4279 1927 4338 in
1946 4289 2067 4339 cute
2076 4280 2309 4357 punctis
2330 4302 2346 4357 3
2389 4280 2486 4339 vel
2507 4280 2608 4357 qui
2636 4280 2712 4338 ad
2737 4279 3006 4359 publicas

586 4374 790 4433 operas
834 4357 1305 4437 destinabantur3
1336 4360 1434 4419 vel
1477 4360 1579 4439 qui
1623 4360 1862 4420 servitio
1907 4358 2125 4420 addicti
2168 4368 2348 4437 erant,
2379 4360 2593 4438 quibus
2641 4361 2914 4439 stigmata
2940 4359 3006 4417 in

584 4432 771 4527 fronte
800 4436 1187 4516 inurebantur,
1218 4460 1336 4501 non
1378 4438 1553 4501 modo
1583 4440 1672 4499 ad
1717 4440 2124 4501 contumeliam
2169 4449 2228 4501 et
2273 4458 2522 4520 poenam,
2553 4440 2658 4499 sed
2693 4449 2755 4499 et
2781 4440 2856 4499 ad
2883 4439 3005 4499 dis-

582 4520 935 4591 tinctionem,
964 4528 1030 4578 ut
1057 4519 1212 4579 servi
1238 4519 1716 4599 dignoscerentur
1756 4540 1833 4580 ex
1873 4520 2236 4581 dominorum
2279 4540 2513 4581 suorum
2562 4521 2832 4598 stigmate
2857 4520 3006 4598 ipsis

580 4592 879 4670 impresso,
892 4603 951 4653 et
966 4596 1226 4673 ivumffli
1241 4600 1337 4658 vel
1350 4599 1563 4659 literati
1578 4609 1638 4660 et
1656 4625 1958 4677 oesypa-ema
1979 4600 2335 4662 dicebantur.
2379 4601 2601 4661 Verum
2619 4620 2738 4660 non
2755 4600 2889 4659 inde
2911 4616 3003 4658 se-

584 2012 627 2060 5.
644 2014 793 2069 Nota,
814 2014 1068 2060 character

665 2078 717 2119 et
738 2086 991 2118 numerus.
