3234 5192
345 365 578 408 msrur.
609 343 730 427 nn]
1215 363 1444 404 nosraA
1477 365 1554 402 Aa
1585 363 1865 404 scansis
1896 365 2161 406 nomm.
2690 349 2763 408 61

351 509 571 568 Christi
625 515 732 582 est,
783 513 1204 564 sacramentum
1275 505 1576 584 sanguinis
1632 507 1847 565 Christi
1902 508 2139 586 sanguis
2196 507 2409 568 Christi
2464 519 2571 588 est,
2630 511 2771 590 ita,”

354 588 464 648 &c.

437 668 653 728 XVII.
699 667 846 726 Cum
875 685 1014 724 vero
1043 685 1118 725 ex
1145 667 1237 724 his
1266 667 1405 726 satis
1435 687 1720 745 superque
1768 667 2003 744 liqueat,
2052 687 2259 745 panem
2290 689 2515 748 semper
2540 689 2771 732 manere

353 769 582 828 panem,
609 768 718 806 nec
747 747 1008 806 converti
1037 747 1096 804 in
1125 767 1334 824 corpus
1362 748 1592 822 Christi,
1626 748 1759 806 inde
1790 757 1991 826 sponte
2021 749 2280 825 sequitur
2306 769 2423 807 non
2450 769 2619 826 posse
2648 753 2773 811 sine

358 829 566 908 grandi
594 827 936 886 idololatriae
965 828 1202 886 crimine
1245 827 1468 886 adorari
1511 839 1570 887 et
1597 829 1729 888 coli.
1816 829 2035 886 Verum
2076 829 2169 888 hic
2217 830 2532 889 reclamant
2567 832 2775 890 acriter

357 909 694 983 adversarii,
726 917 784 966 ct
811 907 996 986 primo
1026 927 1264 984 gravem
1287 908 1396 966 sibi
1425 907 1547 966 fieri
1579 909 1848 986 injuriam
1872 917 2205 986 queruntur,
2238 910 2394 988 quod
2414 915 2771 992 cies-camena,-

359 991 443 1049 rei
473 995 836 1066 peragantur,
869 989 1102 1065 quando
1135 991 1170 1020 ‘⁴
1193 1007 1268 1046 ex
1297 1009 1400 1046 sua
1421 991 1706 1048 sententia
1727 1010 1932 1067 panem
1952 1010 2243 1049 remanere
2264 992 2512 1069 amplius
2540 1003 2773 1070 negant,

359 1079 420 1130 et
449 1069 742 1129 Christum
772 1069 960 1146 ipsum
989 1069 1098 1126 sub
1127 1068 1428 1146 speciebus
1473 1069 1655 1128 latere
1702 1070 1987 1129 inclusum
2038 1079 2315 1148 statuunt,
2348 1072 2543 1150 itaque
2570 1093 2687 1131 non
2717 1094 2779 1133 se

359 1151 438 1209 ad
465 1169 690 1228 panem,
723 1149 826 1207 sed
856 1149 930 1206 ad
959 1149 1250 1206 Christum
1281 1149 1675 1210 adorationem
1700 1169 1858 1208 suam
1890 1151 2257 1210 terminarc.’'
2346 1153 2441 1211 Sic
2470 1155 2775 1213 Bellarmt‘·

359 1251 470 1290 nus
507 1239 766 1304 excusat,
827 1231 909 1286 sic
951 1231 1234 1288 Richelius
1275 1238 1333 1288 ct
1383 1231 1497 1304 alii,
1531 1232 1805 1289 Antonius
1854 1251 1992 1289 vero
2048 1231 2119 1289 de
2150 1233 2411 1291 Dominis
2456 1234 2780 1313 Episcopus

367 1310 741 1390 Spalatensis,
773 1310 922 1368 libro
953 1314 1008 1368 7.
1039 1310 1110 1368 de
1141 1311 1287 1387 ch.
1334 1311 1556 1368 Eccles.
1589 1331 1639 1368 c.
1670 1311 1769 1385 xi.,
1809 1312 1931 1388 jam
1964 1309 2037 1368 ad
2068 1310 2407 1370 Pontificios
2434 1314 2779 1373 reditui-iens

360 1399 664 1470 peccatum
691 1391 948 1448 minuere
977 1399 1231 1466 conatur,
1265 1397 1322 1448 et
1349 1391 1615 1468 quamvis
1646 1391 1985 1449 sacramenti
2015 1390 2233 1448 cultum
2256 1391 2555 1468 improbet,
2586 1403 2779 1452 tamen

363 1471 602 1531 crimine
635 1470 974 1528 idololatriae
1017 1491 1148 1528 eum
1189 1471 1394 1529 nititur
1433 1471 1695 1545 liberare,
1730 1473 1767 1504 ‘⁴
1790 1470 1997 1546 Quia,''
2022 1470 2226 1547 inquit,
2262 1472 2419 1548 “per
2444 1483 2663 1532 rectam
2690 1475 2777 1531 in·

361 1551 640 1612 tentionis
670 1551 1060 1625 directionem,
1094 1551 1194 1628 qui
1224 1551 1432 1609 docent
1460 1571 1667 1628 panem
1695 1571 1813 1610 non
1840 1551 2087 1628 amplius
2116 1571 2241 1610 esse
2270 1571 2494 1628 panem,
2527 1553 2629 1610 sed
2659 1573 2782 1612 cor·

405 1653 478 1691 us
507 1631 738 1706 Christi,
783 1631 870 1688 illi
899 1631 1154 1708 profecto
1203 1651 1408 1709 panem
1438 1652 1554 1691 non
1583 1631 1845 1691 adorant.
1934 1630 2050 1690 Sed
2070 1631 2255 1690 solum
2286 1652 2360 1690 ex
2390 1635 2781 1712 suppositione

362 1653 507 1771 licet
533 1711 680 1770 falsa
709 1711 924 1769 Christi
947 1731 1152 1788 corpus
1183 1731 1317 1770 vere
1346 1711 1641 1771 adorabile
1669 1713 1911 1770 adorant
1930 1713 1986 1788 ;’'
2010 1721 2069 1771 et
2096 1712 2269 1790 paulo
2296 1722 2444 1790 post,
2478 1719 2513 1748 ‘⁶
2538 1714 2707 1789 Quod
2736 1715 2787 1773 si

367 1793 584 1852 scirent
613 1793 722 1850 sub
765 1792 1066 1868 speciebus
1095 1793 1211 1850 illis
1239 1793 1405 1870 panis
1447 1803 1506 1852 et
1531 1793 1657 1850 vini
1698 1813 1815 1852 non
1840 1793 2019 1851 latere
2062 1813 2263 1850 verum
2307 1793 2521 1853 Christi
2560 1815 2787 1873 corpus,

369 1881 526 1932 certe
555 1871 774 1930 nullam
805 1873 920 1931 illis
949 1873 1291 1932 exhiberent
1318 1873 1729 1948 adorationem,
1773 1881 1895 1932 tota
1924 1893 2064 1948 ergo
2104 1893 2268 1932 mens
2310 1874 2671 1933 adorantium
2714 1875 2790 1934 ad

369 1953 560 2013 solum
591 1953 808 2012 Christi
835 1973 1042 2029 corpus
1069 1954 1290 2028 vivum,
1335 1961 1394 2012 et
1420 1973 1536 2011 non
1565 1952 1641 2011 ad
1684 1953 1903 2031 aliquid
1944 1953 2103 2012 aliud
2146 1953 2431 2030 dirigitur,
2464 1952 2571 2013 Sec.
2617 1955 2711 2013 Ita
2739 1955 2791 2014 si

366 2041 672 2112 peccatum
700 2042 805 2108 est,
858 2053 1108 2092 errorem
1163 2042 1388 2093 tantum
1437 2053 1564 2092 esse
1593 2034 1656 2091 in
1710 2034 2025 2107 intellectu,
2071 2053 2187 2092 non
2228 2034 2435 2093 vitium
2480 2035 2539 2092 in
2580 2035 2787 2094 volun·

371 2123 510 2173 tate.
614 2113 686 2171 R.
731 2113 952 2172 Verum
1001 2133 1374 2191 quascunque
1429 2114 1490 2172 in
1544 2114 1759 2173 formas
1800 2134 1861 2172 se
1916 2122 2163 2189 vertant,
2208 2115 2421 2173 crimen
2478 2115 2793 2192 impactum

375 2193 666 2252 declinare
719 2202 1031 2272 nequeunt.
1108 2197 1160 2253 1.
1234 2195 1410 2252 Falsa
1454 2195 1764 2271 hypothesi
1818 2194 2022 2254 nititur
2058 2203 2179 2252 tota
2232 2195 2357 2252 haec
2412 2195 2791 2272 ratiocinati0,

374 2273 542 2353 quasi
589 2274 746 2332 bona
797 2275 1061 2348 intentio,
1117 2274 1214 2333 vel
1256 2274 1402 2332 falsa
1458 2275 1777 2352 suppositio
1817 2274 2065 2334 liberent
2113 2295 2149 2332 a
2201 2282 2455 2352 peccate,
2500 2294 2629 2333 cum
2674 2295 2793 2334 cer·

377 2365 500 2414 tum
527 2362 724 2414 tamen
765 2355 842 2413 sit
881 2363 1183 2432 utramque
1225 2375 1342 2412 non
1385 2355 1662 2414 sufficere.
1728 2356 1877 2414 Sane
1921 2356 1970 2414 si
2025 2355 2127 2412 illa
2154 2354 2396 2414 intentio
2436 2355 2535 2412 vel
2561 2356 2798 2433 negatio

377 2436 544 2514 panis
570 2453 778 2512 panem
805 2435 996 2512 reipsa
1023 2444 1322 2511 everteret,
1355 2456 1472 2494 non
1499 2436 1680 2493 verbo
1719 2443 1886 2494 tenus
1904 2444 2143 2510 tantum,
2176 2443 2235 2494 et
2260 2461 2398 2494 ma
2438 2432 2579 2508 δοξαν
2604 2445 2803 2514 posset

379 2515 508 2576 tolli
536 2523 872 2593 peccatum3
917 2516 1020 2574 sed
1047 2536 1165 2574 non
1194 2525 1519 2594 spectamus
1547 2516 1644 2574 hic
1672 2516 1813 2593 quid
1862 2516 2057 2575 dicant
2104 2516 2200 2574 vel
2231 2518 2497 2592 sentiant,
2530 2516 2632 2574 sed
2660 2515 2803 2595 quid

383 2596 649 2655 Christus
678 2595 1008 2672 instituerit,
1041 2605 1100 2655 et
1127 2597 1268 2674 quid
1299 2597 1372 2655 sit
1395 2617 1470 2655 ex
1511 2597 1596 2655 rei
1626 2596 1885 2655 veritate.
1971 2596 2103 2654 Non
2145 2596 2387 2656 adorent
2428 2617 2568 2674 ergo
2594 2617 2801 2674 panem

385 2675 674 2734 Pontificii
705 2697 780 2734 ex
809 2695 914 2734 sua
940 2677 1276 2751 intentione,
1309 2678 1446 2754 quia
1473 2677 1717 2735 credunt
1747 2677 2037 2735 Christum
2066 2696 2211 2751 esse,
2244 2677 2485 2736 adorant
2506 2687 2697 2736 tamen
2728 2697 2803 2735 ex

381 2757 464 2815 rei
491 2755 756 2830 veritate,
788 2765 960 2835 atque
989 2757 1071 2816 ita
1091 2757 1472 2816 idololatriam
1504 2758 1709 2815 saltem
1738 2757 2091 2815 materialem
2114 2757 2497 2815 committunt.
2582 2761 2638 2815 2.
2672 2757 2805 2815 Hoc

384 2835 598 2914 effugio
636 2836 804 2895 facile
849 2857 908 2895 se
951 2845 1247 2896 tuerentur
1289 2857 1486 2896 omnes
1541 2837 1896 2910 idololatrae3
1940 2836 2097 2912 quod
2152 2856 2267 2893 non
2310 2843 2551 2912 possunt
2591 2843 2803 2904 tamen,

385 2937 552 2976 nemo
583 2917 736 2975 enim
780 2925 884 2992 est,
929 2919 1029 2994 qui
1067 2937 1143 2976 ex
1185 2918 1331 2976 falsa
1371 2918 1566 2994 aliqua
1607 2916 1919 2993 hypothesi
1946 2935 2063 2972 non
2105 2923 2321 2991 peccet.
2408 2913 2689 2972 Israeliten
2718 2915 2804 2972 in-

385 2997 701 3056 tendebant
729 3017 866 3055 sane
893 3017 1096 3055 verum
1129 2999 1335 3069 Deum,
1381 2997 1480 3074 qui
1521 3016 1623 3054 eos
1666 2995 1946 3053 eduxerat
1987 3015 2061 3052 ex
2093 2995 2379 3071 AEgyptO,
2410 2992 2599 3052 colere
2627 2993 2687 3051 in
2714 2994 2805 3052 vi-

384 3077 522 3152 tulo,
553 3096 672 3134 non
693 3077 824 3135 ideo
845 3086 1038 3136 tamen
1064 3079 1256 3136 minus
1284 3077 1623 3136 idololatrae.
1708 3074 1839 3132 Non
1880 3074 2012 3134 ideo
2052 3073 2242 3132 minus
2290 3073 2609 3132 idololatrae
2638 3074 2683 3134 J
2685 3093 2809 3134 ero-

389 3157 582 3215 boami
621 3158 854 3234 posteri,
899 3158 1000 3236 qui
1045 3159 1234 3217 Deum
1277 3156 1512 3215 Israelis
1553 3157 1616 3214 in
1658 3153 1859 3212 vitulis
1900 3153 2232 3228 adorabant,
2265 3155 2362 3213 vel
2404 3155 2655 3231 Ethnici,
2705 3157 2809 3232 qui

392 3246 682 3295 creaturas
710 3257 813 3314 pro
841 3239 998 3296 veris
1028 3239 1158 3296 Diis
1187 3237 1469 3312 colebant,
1521 3237 1617 3295 vel
1647 3235 1733 3293 illi
1754 3235 1855 3314 qui
1884 3235 2065 3294 solem
2094 3236 2377 3313 colebant,
2408 3237 2811 3296 existimantes

393 3335 516 3375 esse
545 3317 856 3392 Christum,
886 3325 953 3376 ut
979 3319 1154 3378 habet
1181 3319 1474 3394 Anqustin.
1503 3316 1724 3396 praefat.
1754 3317 1813 3374 in
1846 3317 2059 3376 Psalm.
2106 3319 2283 3394 xciii„
2330 3325 2387 3376 et
2414 3317 2514 3377 lib.
2538 3339 2641 3376 xx.
2672 3337 2807 3376 con·

393 3403 480 3454 tra
507 3397 710 3455 Faust.
739 3417 788 3456 c.
814 3401 870 3456 2.
902 3401 957 3474 5,
991 3400 1044 3457 6.
1135 3399 1232 3458 Sic
1261 3400 1312 3457 si
1339 3399 1470 3476 quis
1501 3397 1927 3458 Antichristum
1956 3418 2060 3476 pro
2091 3398 2321 3458 Christo
2348 3398 2565 3473 adoret,
2598 3418 2671 3457 an
2700 3397 2801 3456 mi·

395 3495 502 3535 nus
531 3477 836 3537 idololatra
863 3480 989 3552 erit,
1019 3480 1157 3556 quia
1185 3479 1560 3538 intentionem
1589 3479 1767 3538 habet
1796 3479 1981 3536 solum
2007 3479 2297 3538 Christum
2324 3478 2651 3538 adorandi?
2691 3477 2807 3536 Ne-

391 3576 681 3634 quaquam
709 3579 723 3616 :
752 3558 996 3618 intentio
1023 3559 1178 3617 enim
1205 3567 1271 3618 ut
1297 3569 1454 3618 recta
1477 3559 1570 3634 sit,
1591 3558 1767 3635 dirigi
1796 3558 1969 3618 dcbet
1996 3579 2071 3618 ex
2089 3560 2269 3618 verbo
2299 3559 2409 3618 Dei
2430 3569 2671 3632 tantum,
2692 3577 2810 3616 non

393 3655 532 3696 vero
559 3657 636 3696 ex
663 3657 822 3696 mero
849 3639 1060 3698 mentis
1093 3639 1347 3713 arbitrio,
1377 3657 1485 3698 nec
1540 3659 1699 3698 error
1726 3640 1935 3698 mentis
1963 3649 2203 3698 excusat
2238 3639 2445 3698 vitium
2472 3638 2809 3698 voluntatis.

477 3717 727 3777 XVIII.
774 3718 1058 3777 Nimirum
1081 3720 1404 3796 synon-antia
1424 3719 1691 3796 quaedam
1721 3727 1809 3778 est
1831 3720 2201 3778 excusatione
2222 3719 2416 3795 digna,
2448 3717 2563 3774 alia
2579 3724 2669 3775 est
2688 3718 2810 3775 cul·

393 3797 621 3873 pabilis,
654 3805 712 3856 et
739 3818 872 3875 quse
901 3799 1116 3857 crimen
1145 3807 1432 3876 aggravat
1458 3801 1653 3877 potius
1695 3819 1869 3876 quam
1895 3799 2121 3858 minuit.
2208 3797 2397 3872 Quum
2425 3797 2811 3855 involuntaria

395 3885 499 3950 est,
532 3887 590 3937 et
617 3879 770 3937 circa
795 3899 866 3938 ea
891 3899 1022 3956 quae
1053 3887 1188 3938 sunt
1225 3880 1392 3954 sacti,
1426 3888 1484 3939 et
1511 3899 1642 3957 quae
1691 3879 1774 3938 ita
1815 3888 1949 3939 sunt
1990 3879 2249 3952 obscura,
2279 3886 2345 3935 ut
2373 3877 2679 3955 quantavis
2708 3875 2808 3935 ad-

393 3956 576 4015 hibita
605 3956 908 4035 diligentia
935 3959 1152 4037 percipi
1181 3979 1296 4017 non
1323 3960 1565 4037 possint,
1597 3959 1829 4019 veniam
1859 3979 1995 4017 sane
2034 3967 2298 4018 meretur.
2361 3957 2447 4014 At
2476 3956 2525 4014 si
2554 3958 2807 4014 volunta-

391 4037 488 4094 ria
515 4045 603 4096 est
631 4047 690 4097 et
715 4063 1024 4105 emmae-nc
1065 4040 1126 4098 in
1153 4039 1325 4098 rebus
1340 4041 1509 4116 jurz's,
1541 4060 1689 4118 quas
1729 4060 1805 4098 ex
1846 4038 2032 4097 officio
2074 4045 2337 4096 tenemur
2374 4055 2563 4110 nosse,
2594 4044 2653 4094 et
2680 4055 2810 4113 quae

395 4115 717 4177 luculenter
741 4119 912 4178 nobis
939 4119 1210 4178 revelatae
1239 4128 1390 4194 sunt,
1421 4129 1648 4180 tantum
1675 4119 1841 4178 abest
1860 4129 1925 4177 ut
1953 4126 2207 4193 excuset,
2238 4125 2303 4175 ut
2333 4116 2658 4192 graviorem
2685 4137 2809 4176 rea·

395 4203 520 4255 tum
548 4197 772 4258 inferat.
855 4199 900 4259 J
902 4219 996 4258 am
1022 4199 1118 4258 hic
1147 4219 1324 4277 quum
1361 4200 1651 4259 Pontificii
1704 4199 2045 4277 profitentur
2099 4215 2161 4255 se
2189 4196 2420 4255 credere
2448 4215 2657 4273 panem
2686 4215 2814 4257 esse

397 4276 709 4354 Christum,
743 4288 802 4339 et
829 4279 1096 4358 ignorare
1118 4299 1244 4339 esse
1271 4299 1496 4358 panem,
1541 4300 1659 4338 non
1689 4288 1777 4339 est
1818 4277 2143 4356 ignorantia
2182 4275 2391 4353 prioris
2432 4277 2666 4354 ordinis,
2712 4277 2817 4337 sed

393 4359 747 4436 posterioris,
778 4359 916 4436 quia
943 4369 1002 4419 et
1027 4361 1138 4419 hoc
1168 4359 1312 4419 scire
1341 4369 1610 4420 tenentur
1657 4379 1733 4417 ex
1774 4357 1977 4432 officio,
2010 4365 2069 4415 et
2094 4365 2337 4434 possunt
2354 4377 2429 4417 ex
2456 4358 2653 4435 verbo,
2686 4379 2815 4419 cum

393 4444 484 4495 tot
511 4439 868 4516 argumentis
897 4440 958 4498 in
991 4441 1286 4517 Scriptura
1311 4440 1422 4498 hoc
1451 4441 1891 4512 demonstretur,
1912 4445 1993 4512 ut,
2024 4436 2137 4496 nisi
2166 4447 2369 4516 sponte
2399 4441 2665 4499 caecutire
2693 4440 2815 4498 vel·

395 4516 536 4593 lent,
567 4517 738 4578 facile
765 4519 828 4578 id
855 4527 1254 4596 agnoscerent.
1317 4520 1522 4597 Itaque
1543 4526 1783 4596 peccato
1812 4537 1917 4576 suo
1935 4517 2317 4594 ignorantiam
2337 4531 2653 4598 praetexere
2700 4539 2817 4579 non

393 4607 656 4674 possunt,
687 4599 826 4676 quia
852 4599 1180 4678 ignorantia
1207 4597 1534 4659 voluntaria
1577 4606 1667 4657 est
1694 4605 1753 4656 et
1779 4597 2061 4676 affectata,
2103 4620 2234 4677 quae
2276 4619 2381 4677 pro
2418 4601 2506 4658 ria
2534 4601 2703 4679 culpa
2730 4619 2818 4658 ar·

395 4678 609 4736 cessita
635 4687 742 4758 est,
767 4687 827 4740 et
854 4699 1029 4758 quam
1055 4699 1172 4739 non
1203 4699 1356 4758 segre
1400 4699 1436 4739 a
1480 4699 1542 4740 se
1587 4677 1893 4758 dispellere
1920 4689 2173 4759 possent,
2205 4680 2257 4741 si
2283 4699 2351 4740 oc
2418 4699 2483 4740 os
2509 4679 2719 4740 mentis
2746 4677 2822 4738 ad
