3234 5192
293 377 530 420 msru‘r.
574 358 646 440 1.]
1038 379 1266 422 ιιοετιυ
1295 383 1374 422 ΑΒ
1403 383 1685 425 accessu
1716 385 1981 428 aonam.
2685 369 2723 424 5

289 527 473 594 catur,
519 519 786 578 Christus
827 539 959 578 cum
1005 521 1208 598 Belial,
1250 522 1356 582 lux
1397 545 1530 584 cum
1571 526 1843 602 tenebris,
1890 526 2049 586 Arca
2090 547 2221 587 cum
2266 529 2509 606 Dagone
2559 547 2713 585 com-

289 608 554 678 ponatur,
585 597 805 658 idolum
833 598 1023 658 denuo
1051 601 1306 678 erigatur
1345 603 1408 661 in
1448 603 1623 663 domo
1654 605 1781 680 Dei,
1813 613 1872 664 et
1900 606 2282 666 Conscientiae
2310 607 2383 666 iis
2424 606 2711 684 compedi-

289 679 400 738 bus
427 679 742 756 illigentur,
773 677 986 755 quibus
1013 679 1212 740 divino
1239 682 1520 742 beneficio
1549 684 1728 743 semel
1756 685 1985 745 fuerunt
2012 686 2282 745 exolutus.

371 758 484 818 VI.
531 758 619 816 Eo
647 776 788 816 vero
815 759 1139 834 respexisse
1167 761 1435 820 malefida
1455 783 1653 822 eorum
1682 765 1939 840 consilia,
1970 764 2071 842 qui
2098 774 2158 825 et
2185 763 2466 842 superiori
2495 765 2708 838 seculo,

288 845 350 895 et
383 838 496 896 hoc
525 837 700 896 etiam
727 845 941 914 nostro,
975 839 1339 900 Reformatas
1363 841 1657 902 Ecclesiae
1700 863 1831 902 cum
1862 844 2125 903 Romana
2151 844 2480 903 consociare
2510 843 2709 902 studu-

287 925 474 992 erunt,
505 935 692 976 caecus
721 925 810 975 est
835 917 935 994 qui
963 937 1080 976 non
1107 918 1320 978 videat.
1404 921 1552 980 Nam
1582 921 1721 980 dum
1748 921 1851 998 illi,
1897 922 1992 982 vel
2034 923 2455 983 controversias
2483 930 2709 982 nostras

289 995 627 1055 imminuere
669 1003 729 1054 et
769 997 998 1056 elevare
1036 997 1293 1075 subdole,
1325 999 1686 1060 dissimulata
1714 997 1998 1062 sententia
2026 1021 2147 1080 sua,
2176 1003 2275 1062 vel
2302 1001 2495 1062 fucata
2534 1009 2595 1062 et
2621 1002 2706 1060 in·

285 1084 543 1135 crustata
569 1075 846 1154 speciosis
886 1075 1214 1155 pigmentis,
1259 1088 1395 1138 sunt
1422 1081 1631 1157 conati,
1661 1081 1757 1139 vel
1786 1081 2121 1159 simpliciter
2165 1093 2425 1142 nostrum
2468 1081 2542 1140 ad
2570 1101 2708 1141 suos

287 1154 534 1214 reditum
577 1163 847 1214 urserunt
873 1154 949 1214 ad
988 1175 1188 1234 pacem
1229 1166 1291 1217 et
1329 1158 1599 1218 unionem
1640 1161 1955 1238 colendam,
1995 1163 2277 1239 promissa
2324 1169 2384 1221 et
2430 1162 2627 1222 oblata
2666 1180 2703 1221 a

477 1253 584 1293 sua
621 1253 738 1294 non
775 1234 1088 1294 abolitione
1115 1255 1313 1296 eorum
1350 1257 1480 1315 quae
1509 1258 1617 1297 nos
1646 1239 1959 1316 offendunt,
1992 1249 2051 1301 et
2090 1261 2125 1300 a
2168 1241 2567 1300 communione
2598 1259 2703 1300 sua

285 1313 568 1372 hactenus
587 1313 924 1389 absterrent,
955 1315 1058 1374 sed
1078 1314 1422 1376 evidentiori
1449 1325 1675 1377 tantum
1686 1319 2069 1396 explicatione
2088 1329 2145 1378 et
2166 1321 2554 1379 excusatione.
2586 1319 2703 1378 Vel

288 1392 340 1450 si
371 1393 499 1451 Deo
539 1392 744 1470 placet,
774 1392 1084 1470 aliqualem
1121 1395 1182 1452 in
1221 1395 1428 1454 ritibus
1457 1397 1715 1456 externis
1740 1398 2034 1457 nonnullis
2062 1399 2523 1458 reformationem
2568 1407 2704 1457 sunt

285 1471 570 1548 polliciti;
599 1471 744 1530 nihil
764 1471 996 1531 interim
1023 1474 1380 1534 remittentes
1407 1475 1480 1534 de
1501 1477 1807 1554 praecipuis
1840 1477 2196 1536 auctoritatis
2226 1477 2545 1536 Pontificioe
2570 1476 2699 1535 fun·

285 1551 589 1626 dementis,
620 1551 832 1628 quibus
859 1551 1040 1610 salvis
1079 1553 1462 1629 manentibus,
1494 1554 1657 1613 nulla
1684 1555 1778 1614 vel
1820 1555 2147 1616 reformatio
2188 1577 2343 1632 vera,
2374 1556 2471 1615 vel
2516 1555 2702 1615 solida

285 1630 676 1690 reconciliatio
704 1631 998 1724 expectari
1038 1639 1229 1710 potest
1256 1641 1356 1692 aut
1397 1632 1588 1693 debet.
1674 1635 1871 1694 Facile
1908 1636 2183 1714 colligere
2210 1645 2301 1697 est
2327 1635 2469 1713 quid
2494 1635 2583 1693 illi
2609 1655 2697 1693 ar·

285 1709 444 1768 tibus
471 1709 594 1770 suis
619 1710 806 1770 moliti
833 1710 965 1784 sint,
997 1721 1056 1770 et
1081 1712 1396 1770 etiamnum
1437 1713 1764 1790 moliantur,
1794 1714 1939 1772 nihil
1969 1715 2188 1774 scilicet
2225 1715 2401 1790 aliud,
2432 1734 2605 1792 quam
2634 1724 2699 1774 ut

283 1788 478 1848 fucato
517 1789 678 1866 pacis
703 1796 992 1866 praetextu
1018 1810 1124 1850 nos
1151 1791 1212 1850 in
1248 1791 1554 1869 pristinum
1584 1793 1881 1852 servitutis
1902 1794 2113 1871 jugum
2140 1794 2434 1870 reducant,
2466 1803 2525 1854 et
2556 1815 2697 1853 eun-

284 1867 416 1927 dem
442 1888 672 1945 magnae
697 1869 1016 1928 meretricis
1043 1879 1339 1944 craterem,
1362 1891 1478 1948 quo
1498 1871 1663 1931 virus
1682 1891 1847 1932 suum
1872 1881 2150 1933 terrarum
2179 1873 2384 1934 ineolis
2409 1875 2694 1951 propinat,

281 1967 422 2008 auro
450 1947 684 2024 quidem
711 1957 772 2007 et
796 1949 966 2007 melle
987 1948 1214 2026 illitum,
1241 1949 1344 2009 sed
1362 1959 1712 2009 venenatum
1741 1971 1965 2028 semper
1992 1960 2207 2011 aeterno
2235 1953 2553 2012 animarum
2580 1951 2697 2010 dis·

281 2027 512 2104 pendio,
544 2027 858 2086 bibendum
883 2029 1199 2106 porrigant.
1304 2028 1482 2088 Absit
1521 2039 1588 2089 ut
1628 2049 1735 2089 nos
1770 2039 1887 2090 tam
1931 2032 2301 2110 inauspicatae
2339 2032 2498 2109 pacis
2538 2051 2701 2090 amor
2738 2081 2759 2102 ,

281 2107 2698 2268 fflffiffmmnfz2⁰252‘ffp3221‘2335321‘32333f320²³112323⁶q2¹331¹2m³2335

283 2265 554 2323 omnibus
593 2265 894 2324 colendam
939 2265 1136 2326 docuit
1181 2267 1416 2342 Paulus,
1465 2268 1568 2327 sed
1609 2274 1649 2326 εἰ
1692 2266 1906 2346 δυνατὴ,
1958 2267 2125 2329 Rom.
2177 2270 2279 2328 xii.
2330 2273 2424 2328 18.
2508 2270 2695 2344 Quam

283 2353 476 2404 autem
502 2342 629 2403 fieri
655 2345 766 2404 hoc
793 2365 910 2404 non
937 2346 1136 2422 possit,
1167 2348 1542 2423 quantumvis
1578 2349 1766 2424 optari
1793 2347 2019 2424 debeat,
2042 2349 2393 2408 certissimus
2420 2349 2697 2426 magister

283 2431 527 2482 eventus
544 2424 671 2501 jam
688 2425 830 2483 satis
856 2424 1069 2501 docuit,
1101 2434 1159 2484 et
1185 2445 1306 2484 nos-
1317 2427 1518 2502 paucis
1545 2426 1993 2486 demonstraturi
2020 2447 2236 2487 sumus.

286 2517 500 2563 accessio
550 2518 743 2575 duplex,
885 2504 1032 2562 VII.
1064 2505 1150 2564 Ut
1169 2525 1308 2582 ergo
1329 2504 1556 2565 facilius
1577 2527 1697 2565 rem
1714 2516 1895 2566 totam
1914 2507 2179 2585 persequi
2201 2507 2513 2582 valeamus,
2534 2514 2694 2565 ante-

337 2576 735 2679 ῗὴὼξψιιξι
805 2603 978 2660 quam
1005 2584 1066 2641 in
1092 2585 1378 2660 hypothesi
1413 2584 1486 2644 de
1532 2586 1867 2645 Secessione
1907 2595 2105 2646 nostra
2146 2586 2221 2644 ab
2266 2586 2529 2645 Ecclesia
2579 2586 2694 2644 Ro-

339 2633 614 2748 issffmtamss
649 2648 750 2736 cn?—
805 2683 976 2721 mana
996 2662 1371 2741 disputemuS,
1396 2665 1662 2742 quaedam
1690 2665 1764 2724 de
1790 2665 2123 2724 Secessione
2152 2665 2213 2722 in
2264 2666 2401 2723 thesi
2444 2666 2693 2742 praemit-

341 2749 533 2807 nabilis·
795 2741 970 2802 tenda
995 2752 1147 2817 sunt,
1167 2763 1242 2801 ex
1270 2744 1482 2821 quibus
1503 2745 1576 2804 de
1597 2743 1755 2803 illius
1774 2744 1871 2803 vel
1892 2745 2234 2804 necessitate
2252 2745 2345 2802 vel
2374 2745 2695 2803 temeritate

275 2822 539 2900 judicare
563 2831 891 2901 promptum
933 2821 1059 2880 erit.
1143 2823 1276 2882 Hoc
1303 2831 1494 2882 autem
1537 2832 1671 2883 ante
1712 2823 1906 2883 omnia
1945 2823 2403 2901 praestruendum
2451 2831 2541 2881 est
2566 2823 2687 2880 fun-

285 2902 651 2978 damentum3
716 2899 1198 2978 quemadmodum
1259 2903 1582 2978 Martyrem
1630 2923 1803 2962 causa
1840 2904 2009 2978 facit,
2056 2923 2169 2961 non
2215 2901 2563 2978 supplicium,
2609 2901 2692 2959 sic

284 3001 395 3040 non
421 2983 628 3058 quoem's
654 2981 848 3040 statim
883 2981 1170 3056 separatio
1197 2981 1414 3039 crimen
1455 2980 1693 3056 inducit,
1725 2989 1785 3039 et
1810 2983 2065 3040 Schisma
2089 2979 2244 3055 facit,
2275 2979 2379 3037 sed
2406 2999 2595 3052 cama,
2630 2987 2695 3038 ut

285 3060 430 3120 bene
459 3061 598 3120 olim
637 3060 877 3120 notabat
906 3059 1232 3119 Cassander
1259 3063 1328 3118 de
1355 3061 1509 3132 Offic-
1537 3061 1653 3118 viri
1678 3059 1787 3136 pii.
1832 3059 1917 3117 Ut
1944 3077 2083 3136 ergo
2116 3061 2327 3134 duplex
2354 3057 2695 3117 secessionis

288 3129 462 3198 causa
497 3139 622 3198 dari
647 3147 856 3218 potest,
901 3139 1000 3197 vel
1027 3141 1206 3214 justa,
1247 3139 1345 3196 vel
1371 3139 1566 3214 iniqua
1585 3162 1611 3210 ,·
1651 3137 1733 3197 ita
1759 3137 1977 3214 duplex
2026 3138 2276 3197 occurrit
2300 3139 2543 3213 secessio,
2579 3137 2695 3195 alia

287 3220 432 3278 bona
459 3227 518 3278 et
556 3217 880 3292 laudabilis,
907 3217 1026 3276 'alia
1051 3219 1210 3275 mala
1235 3225 1295 3276 et
1335 3216 1659 3294 culpabilis.
1740 3219 1913 3276 Bona
1948 3225 2037 3276 est
2077 3237 2113 3276 a
2152 3217 2299 3276 falso
2340 3226 2399 3278 et
2438 3217 2591 3276 malo
2620 3215 2695 3275 ad

286 3298 502 3356 bonum
529 3306 588 3357 et
623 3317 844 3372 verum,
873 3317 1004 3374 quse
1045 3316 1119 3354 ex
1160 3295 1314 3356 bono
1370 3295 1670 3374 principio,
1715 3297 1841 3356 zelo
1904 3297 2125 3357 scilicet
2188 3297 2300 3356 Dei
2360 3297 2578 3374 gloriae,
2636 3304 2695 3355 et

287 3377 420 3437 odio
475 3397 594 3436 non
633 3377 948 3452 hominum,
993 3374 1097 3433 sed
1137 3376 1346 3436 erroris
1386 3384 1446 3435 et
1487 3375 1847 3451 idololatriae,
1896 3377 1973 3435 ad
2006 3377 2222 3436 bonum
2270 3376 2441 3435 finem
2488 3376 2691 3452 tendit,

289 3457 508 3517 scilicet
545 3455 786 3515 liberam
827 3453 1244 3514 confessionem
1286 3455 1564 3531 veritatis,
1609 3464 1669 3514 et
1708 3455 1838 3533 puri
1878 3456 2069 3514 cultus
2109 3454 2293 3514 divini
2334 3455 2691 3515 exercitium.

287 3538 457 3595 Mala
483 3543 699 3610 contra,
719 3555 850 3611 quoe
877 3555 952 3594 ex
973 3533 1142 3592 malis
1167 3534 1463 3612 principiis
1483 3534 1681 3610 oritur,
1714 3543 1773 3594 et
1798 3534 1875 3592 ad
1901 3535 2115 3594 malum
2142 3535 2315 3594 finem
2343 3534 2539 3610 fertur,
2563 3555 2693 3611 qum

288 3625 376 3675 est
401 3635 438 3674 a
476 3633 618 3674 vero
645 3623 704 3673 et
729 3615 886 3672 bono
913 3613 988 3671 ad
1027 3613 1238 3672 falsum
1265 3621 1324 3672 et
1349 3613 1584 3672 malum.
1671 3614 1839 3672 Illius
1866 3614 2196 3690 exemplum
2223 3623 2387 3673 extat
2421 3615 2482 3672 in
2516 3615 2699 3673 Setho

289 3695 530 3772 ejusque
549 3693 798 3770 posteris
817 3712 854 3751 a
881 3692 1046 3751 Caini
1075 3692 1390 3770 propagine
1419 3712 1482 3750 sc
1505 3692 1964 3769 segregantibus,
1990 3693 2139 3752 Gen.
2163 3693 2242 3752 iv.
2272 3697 2349 3752 26
2371 3715 2385 3770 3
2416 3693 2477 3750 in
2500 3692 2694 3751 Abra-

288 3773 457 3832 hamo
487 3793 520 3832 e
549 3771 821 3832 Chaldaea
859 3779 918 3830 et
960 3771 1146 3849 patlia
1187 3789 1291 3830 sua
1317 3770 1516 3829 divino
1556 3771 1829 3830 mandato
1868 3771 2189 3848 secedente,
2222 3772 2371 3831 Gen.
2414 3771 2515 3830 xii.
2552 3775 2603 3845 1,
2634 3775 2696 3846 2,

292 3855 368 3926 33
398 3853 442 3912 J
443 3871 529 3912 os.
569 3851 738 3910 xxiv.
769 3853 842 3926 33
885 3851 946 3908 in
977 3849 1297 3927 Proselytis
1324 3869 1400 3908 ex
1442 3850 1801 3909 Ethnicismo
1843 3850 1919 3908 ad
1955 3850 2232 3927 populum
2278 3851 2387 3909 Dei
2416 3849 2693 3908 acceden-

291 3931 482 4008 tibus;
531 3931 594 3989 in
639 3929 942 4008 Apostolis
984 3929 1226 4006 aliisque
1269 3928 1539 3988 fidelibus
1603 3948 1639 3987 a
1701 3930 1745 3989 J
1748 3929 2012 3988 uda’ismo
2060 3929 2135 3988 ad
2190 3928 2693 3988 Christianismum

291 4009 719 4070 transeuntibus
741 4031 756 4086 ;
795 4009 858 4066 in
877 4028 1016 4067 vere
1034 4007 1306 4067 fidelibus
1333 4027 1408 4066 ex
1427 4007 1610 4066 Babel
1633 4008 1997 4083 exeuntibus,
2028 4007 2101 4066 ad
2120 4028 2291 4085 quam
2312 4007 2695 4067 secessionem

291 4109 398 4148 nos
424 4098 600 4148 vocat
641 4087 944 4163 Dominus,
991 4088 1106 4146 Isa.
1147 4087 1231 4145 lii.
1278 4090 1390 4163 113
1435 4090 1472 4144 2
1517 4087 1647 4146 Cor.
1690 4089 1771 4146 vi.
1811 4090 1901 4163 173
1933 4086 2121 4164 Apoc.
2164 4085 2331 4144 xviii.
2369 4089 2425 4144 4.
2512 4087 2692 4147 Istius

291 4188 428 4228 vero
467 4170 532 4226 in
561 4167 882 4226 secessione
922 4166 1124 4226 decem
1151 4165 1406 4225 tribuum
1435 4166 1543 4225 sub
1571 4165 1617 4225 J
1617 4167 1925 4224 eroboamo
1952 4165 2169 4225 vitulos
2212 4183 2416 4223 aureos
2456 4165 2517 4222 in
2561 4166 2693 4226 Dan

291 4257 350 4306 et
375 4247 586 4306 Bethel
616 4247 944 4322 colentium,
971 4249 1010 4304 ·1
1046 4245 1193 4322 Reg.
1223 4244 1325 4304 xii.
1355 4247 1434 4304 28
1465 4267 1480 4320 ;
1545 4245 2035 4304 Samaritanorum
2062 4245 2123 4302 in
2160 4242 2376 4320 templo
2398 4243 2691 4324 Garizim3

291 4326 335 4385 J
334 4327 632 4386 ndaeorum
661 4326 722 4384 in
753 4325 970 4402 templo
1013 4325 1446 4401 Heliopolitano
1477 4321 1875 4400 adorantium3
1904 4322 2301 4382 haereticorum
2323 4342 2399 4382 ex
2434 4324 2698 4385 Ecclesia

295 4405 636 4484 Apostolica
707 4414 964 4481 tempore
1019 4403 1063 4464 J
1065 4402 1309 4463 ohannis
1356 4403 1710 4478 exeuntium,
1765 4406 1795 4461 1
1848 4401 2063 4461 Johan.
2112 4401 2173 4460 ii.
2222 4404 2295 4461 19
2319 4424 2333 4479 ;
2382 4405 2695 4464 carnalium

291 4483 522 4544 illorum
563 4484 636 4544 de
683 4483 896 4562 quibus
937 4484 981 4543 J
983 4483 1146 4543 udas.
1181 4484 1273 4541 19.
1354 4484 1390 4516 “
1409 4482 1520 4557 Qui
1564 4482 1785 4560 seipsos
1848 4489 2172 4558 segregant,
2242 4481 2517 4560 Spiritum
2578 4503 2695 4543 non

289 4562 629 4623 habentes.'¹
716 4561 1034 4640 Utriusque
1073 4560 1334 4622 meminit
1365 4561 1597 4636 Paulus,
1628 4565 1665 4619 2
1694 4561 1843 4620 Tim.
1886 4559 1945 4619 ii.
1981 4559 2071 4636 18,
2113 4563 2204 4637 19,
2236 4581 2367 4620 cum
2393 4562 2529 4620 hinc
2570 4563 2694 4639 qui·

291 4639 420 4700 dem
449 4641 683 4721 impiam
711 4649 876 4700 notat
917 4641 1262 4720 apostasiam
1309 4639 1613 4718 Hymenaei
1644 4647 1703 4698 ct
1732 4639 1962 4713 Phileti,
1993 4641 2091 4718 qui
2121 4659 2156 4698 a
2182 4641 2425 4699 veritate
2466 4641 2695 4700 recede-
