3234 5192
376 376 609 419 msPU‘r.
639 356 797 441 xvh]
962 376 1042 415 DF.
1086 374 1563 417 SATlsFAc'rloms
1591 374 1830 416 CHRISTI
1858 376 2181 417 VERITATE.
2671 360 2788 421 525

378 520 511 577 dum
533 518 615 577 sic
634 516 959 596 appellant;
984 518 1067 577 sic
1090 517 1441 594 HesychiuS,
1467 515 1740 589 Varium,
1769 516 2115 576 Aristoteles
2137 518 2198 575 in
2226 524 2476 579 tractatu
2503 518 2576 577 de
2605 520 2788 581 virtu-

380 598 537 657 tibus
556 607 613 657 et
634 598 793 656 vitiis
814 618 995 675 agens
1012 602 1128 677 mg?
1149 600 1245 663 τῆς
1264 598 1467 660 δειλίας
1489 595 1670 651 ὕπεστι
1693 596 1744 651 δέ
1764 618 1844 661 τις
1865 598 2138 671 εὐλάξεια,
2167 602 2204 631 “
2223 597 2422 657 subest
2443 598 2554 674 ei,”
2584 600 2791 676 inquit,

388 680 423 711 ‘⁴
444 678 679 755 quidam
708 678 937 737 timor.''
972 678 1139 735 Philo
1162 675 1233 735 de
1254 678 1378 735 vita
1407 676 1591 734 Mosis
1620 676 1779 751 dicit,
1815 679 1849 709 ‘⁴
1873 676 2098 734 Mosem
2128 676 2305 736 fuisse
2331 686 2539 737 natura
2567 680 2790 754 ἐυλαῦῆ,

384 756 708 817 timidum.”
742 757 959 815 Plutar.
980 757 1051 815 de
1072 756 1293 815 Pericle
1317 760 1432 833 mg}
1452 759 1535 811 τὸν
1553 759 1710 833 λόγον
1737 752 1772 822 ἦ
1777 778 1798 810 ν
1821 758 2072 832 εὐλαῦὴς,
2096 759 2132 789 “
2154 757 2354 815 timide
2382 757 2457 815 ad
2485 757 2794 817 dicendum

384 838 752 897 accedebat.”
781 837 877 897 Sic
906 838 964 895 in
994 837 1173 896 sacris
1198 836 1324 895 lxx.
1356 836 1566 913 saepius
1594 836 1880 900 εὐλαῦείας
1901 854 2102 893 vocem
2127 846 2408 913 usurpant
2429 838 2502 895 ad
2529 838 2794 897 timorem

383 926 442 975 et
468 936 739 995 pavorem
787 917 1207 995 designandum
1237 935 1411 992 quam
1460 914 1536 972 ad
1582 915 1920 991 religionem
1951 924 2008 973 et
2034 916 2305 991 pietatem
2349 918 2792 993 connotandum,

382 997 510 1056 Jos.
540 997 685 1055 xxii.
716 1000 811 1073 24,
846 998 1099 1053 εὐλάᾰεια
1127 994 1613 1073 1·espondet.Heb.
1643 1016 1768 1055 rsa-r
1797 1014 1926 1071 quse
1950 996 2300 1055 anxietatem
2327 1006 2526 1073 notat3
2576 1001 2605 1055 1
2636 998 2792 1057 Sam.

382 1077 546 1135 xviii.
582 1080 673 1151 15,
717 1078 1047 1133 εὐλαΰεῒσθαι
1090 1077 1325 1154 ponitur
1370 1095 1474 1151 pro
1502 1090 1617 1148 τος
1646 1082 1706 1133 et
1746 1073 1872 1134 Jer.
1917 1075 2060 1133 xxii.
2113 1078 2190 1135 25
2211 1098 2227 1147 ;
2260 1077 2448 1135 Exod.
2479 1077 2560 1136 iii.
2603 1080 2659 1154 6,
2689 1097 2794 1154 pro

383 1174 505 1231 ⁸³⁸5
536 1156 621 1215 sic
650 1154 787 1215 Act.
810 1156 977 1214 xxiii.
1012 1157 1102 1220 10,
1138 1156 1444 1219 εὐλαῦηθείς
1470 1174 1574 1230 pro
1606 1154 1844 1229 φοξηθεὶς
1871 1155 2105 1230 ponitur
2134 1158 2170 1189 ‘⁴
2191 1156 2456 1216 tribunus
2484 1156 2694 1217 timens
2721 1178 2794 1217 ne

384 1236 603 1294 Paulus
631 1235 1109 1313 discerperetur.''
1168 1234 1312 1293 Cum
1335 1254 1474 1311 ergo
1496 1233 1796 1292 tritissima
1825 1234 1900 1293 sit
1922 1242 1980 1293 ct
2001 1236 2214 1294 usitata
2233 1235 2400 1295 istius
2429 1238 2591 1296 vocis
2613 1238 2790 1316 signi-

384 1314 595 1389 ficati0,
625 1315 765 1393 quid
794 1315 1001 1374 mirum
1033 1315 1083 1372 si
1108 1314 1204 1372 hic
1231 1313 1545 1372 retineatur
1563 1316 1592 1371 ?

468 1394 587 1451 IX.
634 1394 805 1453 Hanc
832 1402 1025 1453 autem
1052 1413 1169 1452 non
1212 1402 1433 1452 tantum
1474 1395 1708 1451 retineri
1750 1413 1919 1471 posse
1955 1394 2058 1453 scd
2084 1396 2407 1453 necessario
2435 1396 2545 1454 hoc
2573 1396 2634 1453 in
2660 1397 2791 1455 loco

385 1472 743 1532 retinendam
773 1494 898 1532 esse
924 1474 1107 1531 multa
1135 1481 1268 1532 sunt
1296 1492 1423 1549 quse
1451 1474 1696 1549 probent
1723 1497 1736 1532 ε
1785 1477 1836 1531 1.
1873 1475 2098 1555 Scopas
2121 1482 2181 1533 et
2209 1477 2572 1553 ἀλληλουχία
2599 1477 2790 1534 verbo-

384 1574 529 1629 rum,
554 1573 687 1611 nam
709 1562 1123 1631 praecesserunt
1142 1554 1257 1629 illa,
1296 1554 1505 1613 Obtulit
1520 1574 1720 1629 preces
1743 1563 1796 1615 et
1809 1556 2236 1630 supplicationes
2264 1575 2386 1613 cum
2416 1556 2714 1630 lachrymis
2741 1564 2796 1613 et

385 1636 629 1693 clamore
650 1634 854 1709 υαῑὶᾱο,
887 1642 947 1693 at
975 1645 1127 1693 certe
1148 1634 1249 1710 qui
1270 1634 1414 1691 nihil
1436 1643 1702 1692 metuunt
1722 1654 1910 1711 neque
1937 1643 2244 1712 precantur
2271 1654 2457 1711 neque
2486 1636 2636 1693 inter
2661 1654 2788 1713 pre·

386 1714 633 1772 candum
661 1715 1003 1787 exclamant,
1028 1714 1125 1771 vel
1146 1713 1535 1772 vociferantur
1562 1722 1620 1771 et
1641 1714 1968 1791 lachrymas
1995 1714 2260 1789 fundunt,
2291 1714 2406 1773 imo
2436 1734 2566 1773 cum
2593 1732 2794 1792 preces

384 1792 461 1852 ad
482 1814 613 1853 eum
635 1794 909 1871 dirigeret
938 1794 1037 1871 qui
1064 1802 1289 1871 poterat
1310 1814 1441 1851 eum
1464 1812 1693 1852 servare
1713 1814 1786 1851 ex
1803 1803 2004 1869 morte,
2029 1794 2226 1871 utique
2249 1804 2406 1853 metu
2433 1794 2628 1871 aliquo
2657 1814 2792 1853 con·

386 1874 647 1933 strictum
674 1874 851 1933 fuisse
878 1894 1112 1932 neccsse
1142 1883 1230 1932 est
1254 1897 1266 1949 ;
1312 1874 1505 1950 itaque
1534 1880 1599 1931 ut
1629 1874 1926 1949 sequentia
1953 1874 2338 1950 respondeant
2363 1875 2650 1951 prioribus
2677 1894 2794 1934 non

384 1954 553 2014 aliter
581 1954 837 2010 εὐλάίὲεια
864 1973 1039 2030 quam
1065 1974 1169 2029 per
1194 1954 1457 2011 timorem
1487 1952 1654 2011 reddi
1680 1961 1888 2029 potest.
1920 1958 1975 2011 2.
2006 1955 2266 2012 Aliorum
2294 1958 2540 2013 locorum
2570 1956 2792 2013 collatio

385 2054 515 2110 quae
562 2041 779 2091 metum
824 2032 1069 2091 eundem
1118 2039 1177 2089 et
1222 2033 1395 2107 longe
1445 2032 1770 2107 graviorem
1818 2034 2047 2091 Christo
2091 2034 2352 2091 tribuunt
2385 2054 2562 2110 quum
2591 2035 2794 2093 dicunt

387 2114 727 2185 ἀδημονῆσαι,
760 2113 1109 2186 ἐκθαμζῆσαι,
1158 2112 1558 2169 contristatum
1585 2110 1763 2168 fuisse
1781 2130 1964 2187 usque
2006 2112 2082 2169 ad
2108 2121 2366 2185 mortem,
2397 2132 2472 2170 an
2501 2132 2638 2171 vero
2669 2114 2791 2171 haec

386 2192 663 2269 gaudium
682 2199 741 2248 et
766 2189 1053 2264 fiduciam,
1080 2208 1271 2247 annon
1292 2189 1483 2266 potius
1502 2197 1716 2247 metum
1742 2198 1800 2248 et
1820 2189 2170 2249 anxietatem
2197 2189 2556 2266 important?
2583 2192 2794 2269 ecquid

384 2291 527 2347 ergo
570 2270 875 2328 timeamus
918 2268 1107 2327 dicere
1138 2276 1351 2327 metum
1380 2268 1499 2327 filio
1521 2267 1634 2326 Dei
1661 2268 1913 2328 adscribi
1940 2269 2014 2327 ab
2046 2269 2348 2345 Apost010,
2381 2290 2510 2328 cum
2539 2270 2791 2349 idipsum

384 2350 457 2409 de
487 2369 555 2408 eo
578 2350 701 2426 jam
729 2358 899 2409 antea
926 2348 1213 2407 efficacius
1240 2348 1652 2425 praedicassent
1693 2370 1838 2407 evan
1845 2348 2067 2427 gelistae
2087 2354 2116 2408 Ρ
2158 2352 2214 2410 3.
2245 2351 2478 2409 Natura
2513 2353 2792 2427 phraseos

382 2430 477 2489 hic
506 2439 793 2507 usurpata}
822 2450 951 2507 quae
973 2430 1149 2488 alium
1180 2448 1409 2488 sensum
1453 2429 1896 2489 commodiorem
1938 2450 2055 2489 nou
2081 2437 2272 2508 potest
2297 2430 2462 2506 ferre,
2493 2450 2622 2490 cum
2653 2429 2794 2490 dici·

382 2518 477 2569 tur
520 2513 861 2575 εἰσακουσθεὶς
903 2513 1013 2567 ἀπο
1057 2512 1153 2577 τῆς
1202 2511 1507 2582 εὐλαῦιίας,
1552 2528 1687 2568 nam
1733 2511 1782 2569 si
1831 2520 2124 2571 vertamus
2165 2531 2281 2586 pro
2329 2512 2642 2570 reverentia
2695 2512 2794 2571 vel

378 2592 605 2667 pietate,
619 2592 777 2668 quod
791 2591 864 2650 V.
878 2591 954 2649 V.
969 2598 1027 2649 ct
1046 2590 1322 2649 Erasmus
1339 2590 1571 2664 habent,
1588 2610 1703 2648 non
1727 2590 1885 2648 aliud
1903 2591 2218 2650 declarabit
2235 2594 2356 2651 Pro
2369 2612 2540 2669 quam
2553 2600 2794 2667 propter

383 2672 481 2731 vel
506 2674 805 2731 secundum
832 2672 929 2729 vel
956 2670 1177 2747 aliquid
1218 2670 1503 2746 ejusmodi
1546 2671 1704 2745 quod
1747 2672 2034 2747 significet
2075 2690 2190 2748 quo
2219 2679 2482 2748 respectu
2513 2672 2588 2729 sit
2615 2691 2790 2729 exau·

384 2750 577 2826 ditus3
622 2752 705 2809 ita
732 2760 797 2809 ut
824 2770 1027 2808 sensus
1057 2750 1132 2808 sit
1163 2750 1452 2807 Christum
1502 2748 1839 2807 exauditum
1887 2749 2065 2808 fuisse
2109 2768 2144 2807 a
2169 2751 2339 2808 Patre
2368 2758 2601 2826 propter
2627 2770 2789 2808 reve-

382 2832 625 2890 rentiam
656 2850 835 2905 suam,
866 2830 1005 2906 quia
1032 2829 1119 2887 illi
1164 2830 1225 2885 in
1269 2829 1536 2885 omnibus
1581 2828 1857 2886 obediens
1885 2828 1993 2886 fuit
2021 2837 2294 2903 tanquam
2322 2829 2476 2886 filius
2505 2828 2750 2887 dilectus
2773 2851 2788 2904 3

385 2909 469 2967 sic
486 2910 809 2967 reverentia
830 2928 1003 2965 causa
1024 2908 1133 2965 erit
1150 2908 1316 2983 cujus
1339 2906 1525 2981 gratia
1544 2906 1718 2963 Pater
1739 2926 1866 2963 eum
1889 2906 2227 2964 exaudierit.
2261 2908 2344 2964 At
2367 2907 2414 2963 si
2437 2908 2546 2964 hoc
2571 2905 2786 2967 voluis·

385 2995 475 3046 set
493 2988 701 3064 Apost.
724 3006 865 3045 usus
886 2987 1090 3045 fuisset
1110 2986 1303 3061 potius
1324 2985 1826 3061 praepositionibus
1846 2986 1951 3059 διὰ,
1986 2987 2152 3059 κατὰ,
2185 2993 2244 3043 et
2272 2986 2411 3058 ὑπὲρ,
2443 3004 2614 3061 quam
2643 3005 2788 3062 prte-

381 3067 667 3143 positione
682 3069 805 3141 ἀπὸ,
820 3067 988 3142 cujus
1009 3064 1263 3123 insolens
1286 3064 1455 3139 plane
1474 3072 1562 3121 est
1578 3083 1717 3121 usus
1734 3064 1845 3121 hoc
1864 3084 2036 3122 sensu
2055 3064 2208 3141 apud
2219 3065 2489 3140 probatos
2499 3066 2786 3143 authores,

382 3164 517 3205 nam
537 3166 667 3223 quse
688 3145 957 3223 exempla
978 3144 1238 3220 congerit
1267 3143 1541 3201 Bellarm.
1570 3143 1609 3201 1.
1634 3143 1712 3200 iv.
1744 3142 1816 3201 de
1847 3143 2060 3201 Christi
2089 3144 2294 3217 anima,
2325 3164 2372 3202 c.
2406 3147 2460 3219 8,
2492 3153 2556 3203 ut
2584 3146 2790 3207 doceat

382 3226 845 3304 praepositionem
875 3228 985 3281 ἀπὸ
1023 3242 1435 3301 nonnunquam
1464 3224 1613 3281 sumi
1661 3242 1764 3299 pro
1789 3224 1877 3279 διὰ
1899 3234 2156 3300 propter,
2187 3224 2378 3283 aliena
2397 3234 2547 3301 sunt,
2579 3233 2644 3285 ut
2664 3226 2782 3302 illa,

386 3306 597 3366 Matth.
628 3306 771 3379 xiii„
805 3307 915 3361 ἀπὸ
944 3307 1039 3371 τῆς
1068 3308 1259 3381 χαρᾶς
1278 3304 1491 3379 ὑπάγει,
1540 3305 1710 3380 “prae
1733 3303 1946 3379 gaudio
1976 3305 2156 3379 abit,'’
2185 3312 2244 3363 et
2269 3305 2476 3363 xxviii.
2507 3308 2562 3382 4,
2596 3310 2706 3364 niort
2735 3308 2786 3365 δὲ

384 3409 471 3443 του
516 3388 672 3463 ‹ptem›
717 3387 1015 3458 ἐσείσθησαν,
1050 3384 1189 3441 Luc.
1222 3384 1386 3441 xxiv.
1418 3386 1512 3459 41,
1544 3381 1619 3439 ἔτι
1649 3384 1701 3439 δε
1725 3383 2072 3441 ἀπιστούντων
2100 3386 2272 3441 αὐτῶν
2313 3388 2422 3443 ἀπὸ
2450 3392 2657 3464 χαρᾶς,
2692 3392 2788 3444 κα)

380 3466 767 3546 θαυμαζόντων
810 3467 847 3498 “
868 3465 1057 3522 adhuc
1086 3464 1226 3541 ipsis
1254 3484 1369 3523 non
1414 3463 1780 3523 credentibus
1827 3486 1945 3543 prae
1991 3466 2220 3542 gaudiO,
2272 3474 2330 3524 et
2373 3466 2713 3528 mirantibus
2732 3468 2790 3543 ;'’

387 3547 484 3605 Sic
508 3547 645 3605 Act.
670 3546 771 3603 xii.
801 3548 892 3619 14,
924 3554 984 3603 et
1012 3543 1153 3603 Luc.
1186 3544 1329 3603 xxii.
1360 3547 1474 3603 45:
1504 3564 1637 3601 nam
1667 3544 1724 3601 iu
1755 3545 1846 3603 his
1869 3545 2135 3604 omnibus
2158 3546 2440 3623 exemplis
2469 3549 2578 3603 ἀπὸ
2607 3548 2786 3625 signi-

382 3626 517 3685 ficat
536 3646 669 3702 prce
708 3632 767 3683 et
793 3632 957 3683 notat
998 3644 1227 3683 causam
1268 3625 1626 3683 intrinsecam
1666 3644 1702 3681 a
1741 3644 1858 3701 qua
1883 3627 2263 3684 movebantur
2290 3626 2562 3703 agentia:
2605 3637 2666 3685 at
2691 3628 2788 3686 hic

380 3705 526 3763 nihil
553 3705 685 3778 tale,
716 3724 833 3761 non
862 3705 1015 3762 enim
1043 3705 1167 3781 ipse
1197 3704 1458 3763 Christus
1500 3703 1802 3762 exaudivit
1844 3706 2092 3782 seipsum
2123 3725 2240 3782 pree
2262 3706 2490 3781 pietate,
2521 3706 2625 3763 sed
2654 3726 2782 3765 cum

381 3784 505 3861 ipse
534 3783 665 3860 pius
693 3791 862 3859 esset,
896 3785 990 3843 vel
1017 3785 1209 3861 potius
1236 3785 1372 3861 quia
1398 3784 1528 3861 pius
1547 3792 1716 3859 esset,
1751 3784 2022 3843 statuitur
2048 3784 2356 3843 exauditus
2385 3785 2458 3843 ab
2481 3785 2610 3860 alio,
2643 3786 2781 3845 nim.

382 3884 417 3921 a
447 3864 617 3922 Patre
641 3886 655 3939 3
701 3872 759 3921 et
785 3864 911 3922 haec
938 3864 1085 3923 ratio
1134 3864 1609 3940 chrysostomum
1655 3864 1839 3922 movit
1879 3865 2079 3941 procul
2108 3864 2284 3922 dubio
2311 3872 2378 3922 ut
2405 3866 2783 3924 reverentiam

380 3943 532 4002 hanc
562 3943 721 4001 Patri
747 3944 941 4020 potius
968 3964 1138 4020 quam
1172 3944 1326 4002 Filio
1356 3943 1649 4016 tribueret,
1681 3943 1764 4001 ita
1809 3952 1876 4001 ut
1915 3945 2076 4002 Deus
2105 3964 2173 4001 eo
2201 3944 2259 4000 in
2289 3943 2505 4001 honore
2535 3952 2592 4002 et
2619 3964 2782 4004 reve—

378 4023 565 4080 rentia
591 4022 774 4080 filium
818 4022 1085 4082 habuerit
1126 4032 1191 4082 ut
1238 4043 1370 4081 eum
1414 4022 1754 4095 exaudierit,
1787 4042 1959 4082 sensu
2003 4032 2194 4082 tamen
2238 4022 2618 4097 incommodO,
2650 4026 2787 4101 quia

378 4102 701 4161 reverentia
729 4101 801 4159 de
828 4103 1045 4161 honore
1065 4103 1258 4179 potius
1276 4102 1486 4161 dicitur
1501 4101 1786 4159 inferioris
1809 4122 1947 4179 erga
1975 4102 2323 4179 superiorem
2348 4124 2362 4176 ς
2405 4110 2785 4181 praeterquam

378 4179 537 4257 quod
581 4182 631 4239 si
676 4182 747 4239 de
798 4182 969 4240 Patre
1014 4182 1391 4259 intelligenda
1434 4190 1589 4240 esset
1632 4181 1959 4241 addendum
2003 4181 2206 4239 fuisset
2248 4201 2564 4258 pronomen
2603 4185 2782 4243 αὐτου.

380 4260 587 4338 Itaque
616 4260 765 4320 cum'
782 4280 887 4319 nec
936 4262 1007 4319 de
1052 4264 1377 4321 reverentia
1413 4260 1518 4317 filii
1562 4280 1703 4337 erga
1749 4262 1996 4335 Patrem,
2043 4261 2180 4318 licet
2223 4262 2319 4335 pia
2362 4262 2436 4321 sit
2477 4265 2780 4339 sententia,

378 4340 605 4417 phrasis
633 4341 881 4418 intelligi
922 4342 1123 4419 possit,
1158 4362 1267 4401 nec
1309 4341 1381 4400 de
1422 4340 1746 4399 reverentia
1791 4340 1982 4398 Patris
2021 4360 2161 4416 erga
2199 4340 2400 4416 filium,
2433 4352 2694 4418 superest
2721 4353 2787 4404 ut

378 4422 553 4480 timor
573 4422 667 4479 hic
690 4429 921 4479 notetur
942 4430 999 4479 et
1018 4430 1221 4497 metus,
1242 4440 1359 4479 non
1384 4418 1587 4497 ἄλογος
1604 4428 1663 4477 et
1683 4420 1887 4478 brutus
1918 4420 2020 4477 sed
2036 4420 2349 4495 rationalis,
2381 4440 2416 4478 a
2444 4440 2558 4499 quo
2588 4423 2780 4483 Chris.

380 4510 474 4561 tus
501 4502 779 4561 liberatus
808 4501 899 4559 sit.
984 4500 1186 4577 Neque
1234 4520 1391 4559 nova
1430 4500 1615 4557 videri
1658 4499 1846 4573 debet,
1879 4508 1978 4557 aut
2013 4500 2290 4559 inusitata
2315 4500 2440 4559 haec
2467 4503 2692 4579 phrasis
2719 4514 2785 4566 ut

380 4584 655 4641 exaudiri
677 4583 881 4658 aliquis
908 4580 1133 4640 dicatur
1161 4602 1234 4641 eae
1252 4590 1411 4655 metu,
1442 4599 1545 4657 pro
1574 4600 1644 4638 eo
1687 4580 1842 4657 quod
1884 4588 1972 4638 est
1999 4581 2070 4638 ab
2098 4583 2288 4639 eodem
2314 4582 2562 4657 liberari,
2594 4586 2782 4661 posito

381 4662 755 4722 antecedente
782 4682 887 4739 pro
916 4662 1309 4739 consequenti,
1342 4681 1493 4737 nam,
1544 4660 1699 4720 Psal.
1751 4660 1895 4720 xxii.
1925 4663 2022 4737 21,
2053 4660 2230 4720 totius
2271 4663 2547 4739 phraseos
2589 4684 2780 4724 exem·
