3234 5192
856 1150 1393 1229 DISPUTATIO
1457 1150 2047 1247 THEOLOGIGA,

264 1393 399 1485 DE
466 1392 1328 1489 SATISFACTIONIS
1396 1391 1846 1486 CHRISTI
1907 1394 2672 1511 PERFEGTIONE‚

1115 1654 1337 1723 PARS
1409 1654 1826 1723 SECUNDA,

1286 1886 1662 1893 ———-——----

344 2058 394 2116 Ι.
440 2059 685 2118 Asserta
713 2057 1119 2135 Disputatione
1147 2058 1497 2134 praecedenti
1510 2064 1988 2125 urm-vanas&
2018 2060 2436 2136 Salikfactiomb
2461 2065 2679 2125 Christi

257 2140 643 2215 Persectr‘one:
687 2137 1092 2214 Expendenda
1118 2155 1273 2195 nunc
1303 2146 1438 2196 sunt
1468 2138 1954 2197 Adversariorum
1992 2150 2349 2216 argumenta,
2382 2142 2594 2219 quibus
2622 2146 2674 2204 si

260 2240 377 2279 non
406 2218 623 2277 directe
651 2224 711 2277 et
734 2221 905 2297 γυμνῇ·
930 2222 1151 2297 κεφαλῇ’,
1196 2224 1257 2275 at
1284 2237 1361 2275 ex
1390 2216 1626 2295 obliquo
1655 2226 1715 2275 et
1741 2217 2036 2294 indirecte,
2059 2238 2186 2277 eam
2215 2221 2314 2279 vel
2343 2222 2671 2283 convellere

257 2300 356 2359 vel
382 2298 730 2357 labefactare
759 2305 1057 2357 conantur.
1143 2295 1292 2371 Quia
1318 2316 1458 2357 vero
1484 2318 1745 2374 pugnare
1791 2298 1980 2357 solent
2024 2298 2414 2360 diversimode
2443 2309 2567 2360 tum
2595 2324 2671 2363 ex

258 2379 584 2455 Scripturis,
610 2386 731 2437 tum
778 2398 855 2437 ex
880 2378 1142 2452 Ratione,
1179 2386 1245 2437 ut
1292 2388 1679 2437 commentum
1725 2398 1892 2438 suum
1949 2380 2248 2439 stabiliant
2275 2390 2333 2441 et
2359 2381 2672 2460 hypothesi

260 2481 380 2520 suae
409 2460 681 2534 serviant,
715 2457 984 2519 distincte
1014 2458 1189 2518 etiam
1226 2457 1692 2536 respondendum
1737 2468 1843 2519 est.
1908 2460 2044 2519 Non
2090 2460 2325 2538 quidem
2353 2472 2418 2522 ut
2448 2464 2668 2541 sigilla·

258 2542 363 2600 tim
392 2561 461 2599 ea
488 2540 681 2599 omnia
707 2558 1122 2617 persequamur
1166 2558 1297 2616 quae
1324 2539 1398 2597 ab
1427 2538 1570 2616 ipsis
1618 2538 1811 2599 afferri
1855 2541 2045 2600 solent
2073 2542 2149 2601 ad
2176 2543 2386 2603 erroris
2413 2543 2506 2603 sui
2532 2565 2668 2605 con-

256 2621 673 2697 firmationem3
720 2619 838 2679 Sed
864 2630 931 2679 ut
958 2640 1025 2679 ea
1053 2626 1279 2679 tantum
1328 2619 1726 2696 expendamus
1769 2640 1900 2699 quae
1944 2622 2222 2698 majorem
2267 2622 2540 2683 videntur
2565 2626 2667 2685 ha-

256 2702 394 2761 bere
422 2702 547 2761 veri
575 2701 845 2777 speciem,
877 2720 1123 2777 quaeque
1152 2700 1364 2777 saepius
1392 2698 1465 2757 ab
1494 2699 1637 2777 ipsis
1666 2700 1856 2759 solent
1883 2700 2078 2777 objici.

338 2782 425 2841 ΙΙ.
472 2782 551 2839 Et
578 2789 643 2841 ut
680 2800 716 2837 a
746 2780 1043 2857 Scriptura
1078 2778 1325 2856 primum
1371 2777 1664 2837 ordiamur
1688 2801 1702 2837 ε
1747 2780 2073 2837 Palmarius
2122 2800 2235 2857 quo
2286 2780 2532 2841 subinde
2581 2782 2669 2841 uti

252 2862 443 2921 solent
468 2860 633 2919 locus
661 2866 824 2919 extat
871 2858 945 2916 ad
992 2858 1115 2917 Col.
1144 2858 1183 2915 i.
1226 2861 1323 2932 24,
1374 2856 1477 2915 ubi
1506 2858 1723 2916 Paulus
1769 2857 2258 2935 imperfectionem
2310 2860 2666 2921 satisfactio-

252 2940 345 2999 nis
394 2939 625 3012 Christi,
677 2946 737 2995 et
783 2938 1185 2995 necessitatem
1246 2936 1715 2995 Satisfactionum
1759 2936 2138 2997 humanarum
2193 2947 2390 3015 aperte
2433 2939 2666 2998 videtur

254 3038 549 3093 asserere;
597 3020 633 3051 “
656 3015 961 3089 Gaude0,''
992 3016 1198 3091 inquit,
1234 3014 1361 3073 “de
1402 3014 1475 3072 iis
1504 3035 1634 3091 quae
1683 3016 1871 3093 patior
1917 3037 2022 3094 pro
2071 3017 2257 3093 vobis,
2289 3026 2348 3077 et
2389 3018 2664 3095 reliquias

252 3098 626 3159 afflictionum
655 3096 869 3155 Christi
898 3095 1185 3173 adimpleo
1213 3095 1274 3153 in
1302 3114 1472 3153 carne
1499 3116 1630 3154 mea
1667 3115 1769 3171 pro
1799 3116 2036 3173 corpore
2081 3098 2226 3173 ejus,
2259 3097 2416 3175 quod
2442 3106 2531 3157 est
2553 3098 2661 3158 Ec-

250 3179 427 3239 clesia
446 3179 501 3255 ;''
532 3177 594 3236 in
621 3176 832 3255 quibus
859 3176 1071 3248 verbis,
1102 3175 1280 3249 varia,
1310 3183 1376 3233 ut
1402 3174 1543 3252 ipsis
1571 3175 1806 3253 quidem
1835 3177 2082 3253 videtur,
2111 3177 2294 3239 latent
2321 3188 2664 3255 argumenta

251 3280 358 3339 pro
387 3257 672 3319 sententia
700 3276 819 3315 sua.
896 3259 972 3315 1⁰.
1019 3252 1188 3330 Quod
1218 3255 1436 3314 Paulus
1465 3264 1637 3315 vocat
1664 3256 1963 3333 passiones
1993 3278 2128 3317 suas
2173 3260 2208 3291 ‘⁶
2229 3260 2543 3341 ὑπτςέματιι
2567 3262 2662 3319 viv

250 3337 477 3413 θλίψιν,
503 3346 590 3399 τοῦ
614 3344 845 3419 Χριστοῦ,
870 3336 1141 3414 reliquias
1192 3336 1523 3413 passionum
1554 3336 1830 3413 Christi,”
1859 3337 2001 3397 satis
2044 3338 2235 3399 innuit
2283 3360 2409 3399 esse
2437 3340 2660 3417 aliquid

252 3421 411 3499 quod
438 3418 822 3498 supplendum
850 3425 940 3476 est
975 3416 1343 3494 passionibus
1391 3416 1642 3476 Christi:
1686 3417 1836 3476 Nam
1883 3418 1931 3477 si
1959 3419 2146 3497 plenae
2195 3428 2358 3479 erant
2402 3429 2461 3479 et
2487 3420 2656 3480 abso-

248 3502 387 3561 lutae
417 3499 685 3561 omnibus
712 3498 983 3571 numeris,
1006 3496 1220 3557 frustra
1247 3504 1307 3555 et
1352 3516 1650 3575 perperam
1680 3498 1938 3575 reliquiae
1977 3499 2094 3559 illis
2123 3500 2528 3559 tribuerentur.
2574 3505 2654 3561 2⁰.

248 3582 401 3656 Quia
443 3600 560 3639 non
603 3586 829 3639 tantum
857 3577 998 3637 dicit
1025 3598 1151 3637 esse
1180 3578 1453 3654 reliquias
1496 3578 1830 3655 passionum
1875 3580 2126 3657 Christi3
2179 3580 2283 3639 sed
2335 3600 2393 3639 se
2418 3580 2657 3640 vicissim

249 3682 345 3721 eas
373 3663 605 3737 implere
620 3680 737 3737 pro
757 3666 931 3736 parte
956 3679 1077 3733 sua,
1107 3660 1485 3738 ἅπαναπληςῧ,
1514 3659 1744 3735 inquit:
1789 3658 1874 3717 At
1911 3659 1964 3718 si
2003 3659 2190 3738 plenae
2234 3659 2481 3734 fuerunt,
2513 3660 2656 3736 quid

250 3761 396 3819 opus
422 3740 573 3799 foret
599 3759 698 3799 eas
726 3739 914 3798 denuo
944 3738 1181 3815 implere
1201 3741 1230 3797 Ρ
1271 3742 1352 3798 3⁰.
1397 3738 1547 3811 Quia
1573 3737 1716 3797 dicit
1739 3758 1799 3797 se
1833 3740 1971 3816 pati
1997 3760 2112 3816 pm
2141 3740 2274 3816 ipsis
2301 3749 2354 3797 et
2385 3760 2499 3815 pro
2527 3759 2650 3797 cor·-

242 3841 385 3899 pore
436 3821 650 3881 Omni
682 3822 837 3897 quod
859 3828 940 3877 est
979 3819 1256 3893 Ecclesia,
1286 3818 1445 3895 quod
1498 3817 1617 3875 dici
1651 3838 1768 3876 non
1815 3828 2028 3897 posset,
2075 3820 2190 3879 nisi
2230 3818 2653 3879 satisfactionis

244 3902 437 3961 locum
466 3901 749 3959 habiturae
790 3899 1036 3959 fuissent
1084 3900 1211 3976 ejus
1250 3898 1548 3975 passiones
1578 3919 1593 3957 ε
1639 3898 1797 3957 Hinc
1846 3899 2154 3977 Caietanus
2181 3900 2410 3959 Tracta.
2449 3899 2522 3958 de
2551 3898 2650 3958 In-

244 3982 406 4059 dulg.
436 4000 494 4059 q.
526 3984 581 4057 3,
615 3982 651 4013 “
671 3979 841 4056 Quod
868 3978 1039 4037 fuerit
1068 3987 1395 4039 sanctorum
1423 3978 1667 4038 intentio
1697 3978 1817 4056 pati
1843 3999 1946 4057 pro
1975 3979 2160 4056 nobis,
2185 3986 2430 4039 testatur
2458 3979 2647 4057 Apos-

244 4062 401 4123 tolus
429 4060 691 4135 dicendo,
714 4059 1027 4135 Adimpleo
1056 4080 1125 4117 ea
1152 4079 1281 4136 quae
1310 4058 1520 4118 desunt
1546 4059 1878 4136 passionum
1900 4059 2111 4119 Christi
2133 4079 2234 4136 pro
2263 4080 2500 4137 corpore
2523 4060 2650 4136 ejus
2735 4101 2737 4103 -

242 4141 401 4221 quod
430 4150 518 4201 est
546 4140 827 4215 Ecclesia,
858 4139 959 4198 ubi
1000 4140 1300 4197 manifeste
1336 4146 1495 4216 patet
1539 4138 1797 4197 divinam
1826 4139 2247 4215 providentiam
2275 4140 2646 4216 disposuisse,

240 4230 309 4283 ut
336 4222 545 4299 aliquae
574 4228 903 4280 sanctorum
948 4219 1245 4296 passiones
1294 4226 1622 4297 spectarent
1668 4217 1744 4277 ad
1791 4220 2272 4297 complementum
2313 4219 2648 4297 passionum

248 4302 467 4362 Christi
492 4321 597 4380 pro
626 4304 863 4379 corpore
891 4298 1035 4372 ejus,
1068 4308 1127 4358 et
1146 4299 1297 4357 hanc
1314 4298 1732 4357 ordinationem
1765 4308 1994 4357 sanctos
2021 4298 2336 4377 adimplere
2366 4299 2486 4358 suis
2513 4320 2646 4379 pas-

244 4382 505 4441 sionibus
528 4379 1188 4458 superabuudantibu8.”
1272 4378 1396 4437 Nec
1424 4378 1593 4437 aliter
1618 4378 1893 4436 Bellarm.
1939 4380 2041 4438 lib.
2072 4380 2109 4437 i.
2141 4379 2214 4437 de
2253 4378 2488 4457 Indulg.
2518 4401 2644 4458 cap.

240 4463 343 4534 iii„
368 4464 405 4495 “
426 4461 666 4540 Optavit
695 4458 1014 4538 Apostolus
1042 4457 1311 4517 fidelibus
1338 4456 1611 4535 prodesse
1657 4458 1924 4517 omnibus
1969 4459 2158 4519 modis
2185 4459 2396 4537 quibus
2433 4458 2495 4519 id
2520 4460 2648 4520 fieri

158 4582 171 4593 ·
236 4551 481 4622 poterat,
512 4542 656 4601 nihil
685 4542 837 4602 enim
867 4538 1098 4617 excipit,
1130 4538 1233 4617 qui
1258 4537 1417 4613 dicit,
1450 4537 1856 4598 Libentissime
1883 4539 2185 4618 impendar
2213 4560 2316 4618 pto
2343 4541 2647 4601 animabus

241 4624 471 4701 vestris,
523 4628 559 4683 2
612 4624 740 4682 Gor.
790 4620 911 4696 xii„
964 4620 1151 4696 potuit
1225 4625 1417 4678 autem
1482 4616 1756 4694 prodesse
1816 4620 2292 4683 communicando
2345 4621 2644 4701 passiones
