3234 5192
512 290 637 347 130
1286 306 1363 345 ns
1408 304 1775 346 NECESSARIA
1819 303 2168 345 SECESSmNB
2553 289 2816 368 [meror.
2848 310 2934 349 vi.

517 466 675 525 rege,
725 446 827 505 sed
881 446 1073 523 qualis
1118 454 1259 505 tunc
1304 446 1415 506 fuit
1482 446 1590 506 sub
1658 454 1824 505 sexto
1881 445 2084 523 capite.
2136 446 2294 524 quod
2341 444 2452 505 fuit
2505 448 2934 524 imperatorum.

520 527 671 586 Nam
698 534 764 586 ut
785 526 1069 585 doctiores
1098 526 1243 586 bene
1272 527 1670 602 observarunt,
1701 528 1827 585 hoec
1856 527 2120 585 Romano
2163 526 2338 585 statui
2383 528 2638 604 apprime
2683 548 2928 605 congru·

518 616 641 683 unt,
674 617 733 666 et
758 616 964 683 septem
992 608 1183 683 capita
1211 616 1343 685 apte
1380 607 1706 667 referuntur
1733 606 1808 665 ad
1847 615 2066 684 septem
2115 608 2307 684 capita
2353 608 2666 684 regiminiS,
2719 608 2933 684 quibus

518 686 618 746 ille
648 695 833 747 status
872 687 1197 746 successive
1240 687 1537 764 subjectus
1577 687 1704 762 fuit,
1755 689 1939 763 Reges
1967 686 2203 762 scilieet,
2257 688 2540 763 Consules,
2587 689 2929 763 Dictator-es,

519 767 899 843 Decemviros,
934 767 1211 825 Tribunos
1232 768 1465 825 militum
1486 768 1774 826 consulari
1789 775 2080 843 potestate,
2110 769 2506 842 Imperatores,
2533 768 2926 844 Patriarehas,

519 856 579 907 et
622 848 826 906 horum
876 847 1131 925 quinque
1169 848 1293 924 jam
1334 845 1563 905 fuerant
1606 856 1665 905 et
1705 847 2032 905 ceciderant
2070 848 2114 907 J
2118 846 2321 906 oannis
2361 854 2637 925 tempore.
2696 849 2930 907 Sextum

518 928 789 986 nimirum
820 926 1111 985 Cassarum
1156 927 1459 1004 imperium
1481 934 1642 1003 erat;
1685 927 1976 1003 septimum
2023 926 2282 986 nondum
2330 937 2584 1003 venerat,
2614 937 2674 988 et
2713 930 2931 1005 exiguo

520 1017 777 1083 tempore
806 1006 1012 1065 durare
1036 1006 1252 1081 debuit,
1300 1006 1756 1067 ecclesiasticum
1784 1007 2006 1066 seilicet
2031 1008 2290 1085 regimen
2321 1007 2829 1083 Partriarcharum,
2855 1028 2932 1067 ex

520 1106 637 1164 quo
664 1086 969 1164 imperium
1012 1086 1200 1145 Roma
1243 1087 1803 1166 Constantinopolim
1831 1087 2174 1147 translatum
2218 1097 2344 1163 est;
2389 1108 2488 1147 eos
2531 1088 2684 1147 enim
2727 1088 2932 1147 Romae

522 1166 847 1226 dominatos
876 1184 1001 1225 esse
1028 1175 1193 1227 notat
1218 1168 1497 1243 Socrates,
1542 1167 1645 1227 lib.
1687 1167 1768 1226 vi.
1799 1186 1924 1245 cap.
1959 1171 2050 1243 11,
2094 1168 2232 1227 licet
2258 1168 2489 1227 illorum
2532 1168 2793 1246 regimen
2820 1168 2928 1226 im·

520 1247 881 1325 peratoribus
930 1266 1155 1325 semper
1196 1248 1369 1307 fuerit
1410 1248 1867 1308 subordinatum
1973 1250 2245 1309 Octavum
2291 1248 2558 1326 denique,
2609 1258 2668 1309 et
2710 1249 2928 1324 Bestia,

520 1348 649 1405 quse
680 1327 947 1405 designat
995 1327 1440 1403 Antichristum,
1492 1328 1594 1406 qui
1620 1328 1858 1407 quidem
1885 1337 2154 1388 censetur
2190 1338 2448 1405 octavus,
2494 1338 2728 1407 propter
2775 1328 2934 1388 illius

521 1428 807 1467 summum
836 1417 895 1467 et
922 1408 1249 1467 absolutum
1279 1409 1598 1487 imperium,
1631 1408 1926 1467 diversum
1954 1428 1991 1467 a
2029 1408 2332 1486 prioribus,
2365 1410 2536 1467 simul
2563 1418 2758 1468 tamen
2802 1429 2932 1486 sep-

518 1489 713 1563 timus„
744 1486 881 1565 quia
908 1507 984 1546 ex
1014 1488 1351 1547 Patriareha
1393 1488 1667 1547 Pontifex
1695 1487 1882 1547 factus
1929 1497 2020 1548 est
2045 1488 2453 1562 oecumenicus,
2483 1496 2544 1546 et
2579 1508 2776 1565 parem
2805 1489 2930 1564 glo-

520 1569 663 1625 riam
708 1567 1009 1625 habiturus
1048 1577 1171 1627 erat
1191 1569 1279 1625 illi
1314 1567 1776 1645 magnificentiae,
1817 1586 1992 1645 quam
2039 1586 2252 1645 magna
2295 1567 2398 1625 illa
2425 1566 2634 1625 civitas
2662 1566 2929 1643 obtinuit,

520 1657 643 1706 tum
672 1666 803 1705 cum
834 1646 1082 1704 maxime
1112 1646 1341 1707 floreret
1367 1656 1426 1706 et
1452 1647 1850 1725 triumpharet.

602 1726 688 1784 X.
734 1725 967 1801 Quint0,
1012 1745 1081 1784 ea
1122 1727 1309 1785 Roma
1355 1735 1446 1786 est
1488 1726 1778 1803 Babylon,
1830 1746 1960 1804 quse
2006 1727 2043 1759 “
2061 1724 2417 1784 nundinetur
2463 1724 2686 1783 animas
2745 1724 2928 1783 homi-

519 1805 717 1881 num,”
762 1805 950 1883 Apoc.
982 1805 1145 1864 xviii.
1180 1809 1271 1865 13.
1356 1805 1444 1866 At
1468 1805 1946 1865 nundinationem
1973 1804 2292 1863 animarum
2321 1806 2510 1863 Roma
2539 1806 2788 1865 Ethniea
2815 1826 2932 1863 non

520 1885 797 1961 exercuit,
829 1885 932 1945 sed
961 1886 1195 1963 Papalis
1222 1893 1457 1946 exercet
1484 1885 1818 1961 foedissim0,
1849 1895 1970 1945 tam
2011 1884 2278 1943 vivorum
2306 1904 2481 1963 quam
2511 1885 2926 1961 defunctorum,

517 1974 585 2026 ut
612 1966 798 2026 cuivis
824 1973 1043 2025 notum.
1129 1966 1259 2026 Imo
1286 1974 1472 2027 totum
1512 1984 1758 2044 regnum
1802 1966 2148 2025 Pontificum
2205 1984 2364 2024 mera
2393 1973 2482 2024 est
2522 1974 2844 2025 mercatura
2870 1975 2931 2025 et

518 2046 877 2123 nundinatiO,
908 2046 1009 2106 ubi
1050 2048 1260 2122 omnia,
1292 2047 1467 2106 etiam
1497 2046 1877 2122 sanctissima,
1909 2066 2122 2105 venum
2151 2053 2536 2124 exponuntur.
2595 2047 2811 2105 Goelum
2851 2056 2933 2105 est

517 2130 729 2203 venale,
774 2129 1057 2203 Demque,
1110 2127 1300 2205 inquit
1344 2128 1718 2187 Mantuanus.
1801 2126 1957 2186 Vide
2011 2128 2237 2185 Taoeam
2282 2126 2528 2185 Cancell.
2617 2126 2816 2203 Sext0,
2860 2146 2932 2185 ea

521 2208 709 2267 Roma
753 2206 1113 2284 intelligitur,
1165 2227 1243 2266 ex
1288 2227 1406 2286 qua
1446 2207 1754 2287 postremis
1795 2207 2150 2285 temporibus
2191 2206 2352 2265 exire
2394 2206 2634 2283 jubetur
2678 2206 2930 2285 populus

521 2288 653 2347 Dei.
727 2286 813 2345 At
854 2306 1141 2365 nusquam
1174 2288 1422 2365 Spiritus
1454 2290 1703 2349 Sanctus
1723 2287 1900 2366 jussit
1927 2286 2130 2346 fideles
2163 2287 2352 2345 Roma
2373 2286 2622 2345 Ethnica
2643 2286 2928 2360 secedere,

515 2386 627 2427 nec
675 2366 987 2425 Christiani
1040 2386 1295 2445 unquam
1322 2368 1597 2447 leguntur
1623 2369 1684 2426 vi
1710 2368 1887 2447 hujus
1913 2368 2187 2445 praecepti
2216 2367 2462 2425 Romam
2492 2367 2801 2425 Ethnicam
2828 2366 2932 2426 de·

513 2446 780 2521 seruisse,
825 2446 929 2505 sed
967 2446 1183 2506 ibidem
1211 2468 1453 2527 semper,
1477 2448 1651 2507 etiam
1671 2447 2046 2507 saevientibus
2062 2446 2574 2525 persecutionibus,
2599 2456 2931 2506 constantes

513 2534 968 2605 perseverarunt.
1060 2527 1335 2606 SeptimO,
1368 2529 1420 2587 si
1464 2538 1699 2607 propter
1731 2527 2116 2587 idololatriam
2159 2527 2468 2587 Ethnicam
2517 2527 2600 2586 sic
2641 2527 2798 2586 dicta
2838 2537 2928 2587 est

518 2608 723 2683 Roma,
766 2626 869 2667 cur
919 2608 1121 2667 Patres
1149 2616 1283 2686 post
1309 2608 1469 2667 illam
1513 2608 1818 2683 sublatam,
1850 2628 1976 2667 eam
2025 2627 2143 2667 non
2170 2607 2443 2667 desinunt
2490 2626 2698 2666 vocare
2729 2608 2926 2684 Baby-

514 2688 709 2747 lonem
730 2690 759 2747 Ρ
842 2687 960 2747 Cur
988 2687 1327 2748 Marcellam
1376 2690 1758 2765 Hieronymus
1797 2688 2131 2747 abstrahere
2179 2688 2370 2747 Roma
2411 2688 2586 2764 cupit,
2619 2687 2729 2765 Ep.
2759 2688 2924 2759 xvii„

514 2766 671 2845 quod
700 2768 776 2827 sit
806 2767 1094 2846 Babylon,
1115 2769 1268 2828 unde
1297 2769 1547 2847 populus
1580 2768 1692 2829 Dei
1719 2769 1880 2828 exire
1913 2768 2154 2847 jubetur
2173 2772 2202 2827 1>
2284 2769 2400 2828 Cur
2428 2768 2554 2844 ipse
2582 2766 2770 2827 noluit
2798 2768 2924 2825 diu-

510 2847 629 2907 tius
650 2848 861 2907 morari
882 2848 1102 2924 Romae,
1126 2848 1285 2925 quod
1308 2850 1577 2927 Babylon
1596 2858 1765 2925 esset,
1800 2852 1836 2883 “
1854 2848 2028 2925 Ora,”
2057 2849 2247 2926 inquit
2283 2848 2360 2907 ad
2401 2846 2683 2921 Asellam,
2719 2849 2832 2906 “ut
2851 2846 2926 2905 de

517 2928 819 3005 Babylone
850 2928 1321 3007 Hierosolymam
1350 2930 1644 3007 regrediar
1663 2930 1729 2989 ?”
1792 2930 1910 2989 Cur
1935 2938 2024 2989 tot
2051 2928 2200 2988 inter
2225 2929 2386 3007 ipsos
2424 2926 2760 2985 Pontificios
2814 2927 2926 2986 hoc

517 3008 751 3067 nomine
799 3008 962 3067 illam
990 3008 1301 3087 designant
1320 3012 1349 3069 Ρ
1428 3010 1707 3087 Episcopi
1729 3010 1964 3087 Belyt‘ci,
2009 3010 2070 3067 in
2098 3008 2344 3087 epistola
2370 3007 2446 3067 ad
2474 3007 2780 3067 Nicolaum
2808 3008 2925 3085 pri-

514 3108 691 3161 mum,
724 3088 881 3164 apud
909 3089 1289 3162 Aventinum,
1320 3090 1424 3149 lib.
1454 3091 1534 3150 iv,
1564 3092 1778 3150 Annal.
1807 3091 1992 3165 Boia,
2018 3090 2220 3150 dicunt
2242 3090 2489 3147 Romam
2529 3107 2676 3159 esse,
2719 3107 2849 3166 quse
2891 3108 2929 3147 a

513 3167 693 3227 sacris
719 3168 953 3226 vatibus
976 3168 1304 3246 Babylonia
1330 3178 1608 3246 vocatur3
1658 3170 1860 3231 Uter-us
1886 3171 2211 3229 Leodt‘ensis
2237 3168 2300 3227 in
2327 3168 2496 3246 epist.
2539 3177 2744 3227 contra
2785 3168 2925 3226 Pas-

514 3247 739 3306 chalem
768 3245 853 3304 11.
902 3246 1058 3307 idem
1098 3250 1413 3327 profitetur,
1464 3251 1624 3328 apud
1674 3248 2054 3323 Aventinum,
2104 3248 2207 3308 lib.
2253 3269 2312 3307 v.
2356 3250 2560 3307 Petms
2607 3249 2922 3323 Bloesensis,

514 3326 703 3405 Epist.
732 3329 829 3401 44,
860 3337 919 3387 et
946 3328 1063 3404 alii,
1094 3337 1153 3389 et
1181 3329 1331 3390 inter
1358 3350 1457 3389 eos
1485 3330 1774 3408 praecipue
1801 3331 2138 3404 Petrarcha,
2170 3328 2272 3406 qui
2298 3327 2513 3405 passim
2545 3328 2791 3385 Romam
2818 3347 2924 3386 vo·-

514 3416 609 3467 cat
634 3408 981 3483 Babylonem
1028 3411 1389 3485 merem-icem,
1452 3420 1690 3468 matrem
1751 3409 2207 3467 idololatra-iarum
2251 3418 2306 3467 et
2348 3408 2764 3482 scortationum,
2813 3405 2924 3466 ἅτε.

515 3487 639 3547 Nec
666 3487 781 3545 alia
806 3486 917 3546 fuit
956 3507 1120 3547 mens
1150 3489 1436 3549 Ludovici
1478 3489 1654 3563 XII„
1685 3506 1882 3566 quum,
1907 3496 2122 3548 temere
2165 3496 2226 3548 et
2251 3487 2530 3566 injuriose
2557 3507 2594 3547 a
2619 3487 2663 3547 J
2668 3486 2784 3545 ulio
2836 3487 2923 3547 II.

514 3566 795 3627 Pontiflce
822 3569 1195 3647 proscriptus,
1219 3568 1548 3628 moribundi
1577 3567 1734 3627 senis
1759 3570 1961 3627 inanes
1989 3568 2146 3628 diras
2173 3568 2460 3629 contraria
2477 3568 2926 3628 obnunciatione

510 3668 789 3725 generose
814 3648 1039 3725 revicit,
1072 3670 1222 3709 caeso
1250 3650 1425 3708 etiam
1452 3668 1708 3723 nummo,
1753 3648 1854 3725 qui
1899 3648 2102 3709 titulos
2145 3649 2302 3726 regis
2333 3649 2595 3707 Francise
2641 3648 2926 3726 regnique

512 3728 775 3806 Neapoli.
818 3748 895 3787 ex
915 3749 1033 3788 una
1059 3738 1237 3806 parte,
1270 3738 1329 3789 et
1356 3728 1611 3805 insignia
1640 3728 1904 3787 Franciae
1931 3748 2006 3788 ex
2033 3728 2216 3788 altera
2243 3728 2526 3789 referebat
2554 3748 2687 3787 cum
2709 3728 2920 3805 elogio,

507 3810 763 3868 Perdam
788 3810 1098 3887 Babylonis
1124 3829 1340 3880 nomen,
1368 3808 1571 3885 quales
1597 3806 1789 3867 adhuc
1815 3808 1988 3868 hodie
2029 3809 2198 3868 multi
2221 3808 2601 3885 reperiuntur.

593 3888 714 3947 XI.
759 3888 1003 3948 Frustra
1028 3908 1167 3948 vero
1197 3888 1471 3947 Bellarm.
1515 3888 1813 3947 contendit
1855 3888 2292 3967 intelligendam
2339 3906 2467 3947 esse
2496 3889 2745 3947 Romam
2775 3887 2922 3945 Eth-

508 3968 719 4035 nicam.
749 3967 887 4046 quia
914 3969 957 4029 J
960 3988 1175 4028 oannes
1202 3968 1474 4045 loquitur,
1507 3968 1580 4027 de
1608 3986 1678 4027 ea
1716 3986 1847 4046 quse
1894 3970 2130 4029 tenebat
2174 3968 2476 4047 imperium
2527 3988 2701 4046 super
2754 3985 2925 4042 reges

508 4056 694 4124 terrse,
726 4056 785 4107 et
812 4068 943 4125 quae
971 4057 1093 4107 erat
1120 4048 1280 4107 ebria
1308 4047 1381 4106 de
1410 4048 1694 4125 sanguine
1733 4057 2078 4125 sanctorum,
2111 4058 2170 4109 et
2197 4048 2269 4107 de
2297 4048 2578 4126 sanguine
2607 4056 2924 4123 martyrum

508 4126 553 4188 J
555 4148 675 4204 esu,
707 4148 832 4205 cap.
862 4128 1006 4186 xvii.
1036 4131 1094 4203 6,
1124 4135 1183 4186 et
1200 4128 1365 4186 xviii.
1394 4131 1491 4203 24,
1516 4129 1628 4188 hoe
1655 4146 1796 4188 vero
1812 4130 2004 4189 locum
2024 4148 2139 4190 non
2167 4130 2380 4189 babere
2397 4130 2512 4189 nisi
2529 4129 2590 4186 in
2617 4148 2688 4187 ea
2717 4128 2920 4199 Roma,

506 4228 655 4285 quae,
686 4207 1065 4285 regnantibus
1095 4208 1323 4267 Nerone
1352 4217 1410 4268 et
1441 4208 1791 4284 Domitiam,
1821 4218 2105 4289 martyres
2122 4209 2466 4271 trucidabat.
2537 4208 2687 4267 Nam
2716 4204 2792 4263 ad
2817 4204 2924 4261 im-

506 4288 729 4363 perium
752 4286 987 4363 quidem
1016 4288 1174 4364 quod
1201 4287 1424 4364 attinet,
1456 4289 1597 4349 satis
1625 4298 1716 4350 est
1763 4290 2011 4350 Romam
2051 4301 2190 4352 tunc
2227 4290 2532 4368 imperium
2559 4284 2834 4344 habuisse
2861 4282 2924 4340 in

506 4384 707 4425 omnes
736 4372 957 4442 gentes,
988 4386 1119 4425 cnm
1167 4368 1278 4427 hoc
1326 4368 1617 4447 scriberet,
1670 4370 1828 4449 quod
1874 4372 2112 4433 innuere
2159 4372 2362 4445 voluit,
2392 4380 2460 4429 nt
2485 4364 2758 4424 disertius
2787 4362 2924 4421 urbs

506 4452 820 4519 notaretur,
851 4464 1026 4522 quam
1054 4446 1363 4527 indicabat,
1393 4450 1704 4529 nullusque
1733 4460 1887 4513 esset
1933 4452 2240 4513 dubitandi
2265 4452 2448 4509 locus.
2535 4442 2762 4503 Deinde
2791 4443 2922 4521 quis

504 4524 690 4583 nescit
720 4524 963 4585 Romam
996 4526 1269 4607 Papalem
1298 4530 1487 4591 adhuc
1514 4550 1641 4591 esse
1667 4532 2179 4609 locupletissimam
2222 4538 2281 4589 et
2321 4524 2799 4607 potentissimam,
2831 4542 2920 4582 or-

501 4604 593 4664 bis
620 4605 897 4684 reginam,
929 4626 1077 4688 quae,
1112 4612 1151 4643 ‘⁴
1169 4611 1326 4689 quod
1354 4632 1471 4671 non
1498 4612 1758 4691 possidet
1779 4612 1970 4688 armis,
1995 4613 2274 4689 religione
2302 4614 2462 4667 tenet
2480 4605 2546 4665 ‘?”
2592 4604 2746 4680 Quid
2769 4602 2922 4663 enim
