3234 5192
754 686 1458 765 DISPUTATIO
1539 686 2279 781 THEOLOGIGA,

363 956 508 1047 DE
583 958 1170 1052 BONORUM
1255 954 1741 1051 OPERUM
1821 956 2676 1053 NECESSITATE.

835 1452 1224 1527 Respondente
1254 1448 1534 1507 Damam
1564 1448 1899 1507 Binnnno
1926 1449 2171 1507 Παιανιεῖ.

931 1609 982 1667 Ι.
1027 1608 1193 1669 Licet
1215 1608 1472 1683 Quaestio
1489 1607 1562 1669 de
1583 1610 1881 1667 Bonorum
1915 1610 2165 1684 Operum
2182 1610 2523 1670 Necessitate
2544 1612 2735 1673 minus

324 1660 809 1767 Nffl‘ffffiss,q¹²oe⁸'
848 1688 1175 1749 necessaria
1217 1686 1502 1763 videatur,
1549 1688 1612 1745 in
1660 1695 1823 1746 tanta
1848 1689 2169 1765 praesertim
2224 1688 2539 1767 Evangelii
2582 1692 2731 1769 luce,

849 1768 1008 1845 quod
1033 1769 1180 1827 nihil
1207 1768 1366 1826 aliud
1408 1768 1598 1845 magis
1648 1767 1895 1827 sollicite
1943 1786 2118 1843 quam
2168 1768 2651 1831 sanctificationis
2680 1782 2739 1833 et

325 1845 608 1905 bonorum
647 1846 900 1925 Operum
947 1848 1204 1907 studium
1249 1848 1653 1907 commendare
1699 1847 1881 1923 solet3
1940 1846 2342 1907 Necessariam
2388 1858 2583 1909 tamen
2611 1872 2737 1911 eam

323 1925 531 2000 reddit,
575 1926 726 1985 Tum
771 1928 1188 2006 Epicureorum
1215 1936 1276 1986 et
1319 1926 1767 2003 Libertinorum,
1798 1946 2044 2003 quorum
2086 1929 2345 1988 seculum
2392 1929 2734 1991 hodiernum

327 2006 500 2063 nimis
528 2005 692 2065 ferax
719 2015 825 2082 est,
854 2007 1106 2082 licentia,
1137 2006 1239 2083 qui
1266 2007 1512 2083 gratiam
1542 2006 1657 2065 Dei
1685 2008 1748 2065 in
1777 2008 2041 2078 aina-yda,
2069 2016 2488 2085 convertentes,
2532 2020 2739 2088 putant

326 2103 388 2143 se
416 2085 650 2161 impune
678 2105 915 2162 peceare
944 2106 1132 2164 posse,
1179 2093 1244 2145 ut
1281 2086 1470 2160 gratia
1509 2086 1782 2162 abundet,
1833 2086 1983 2145 Tum
2014 2086 2461 2147 Antinomorum
2490 2088 2731 2167 insania,

327 2164 430 2239 qui
459 2173 676 2241 negant
706 2164 884 2243 Legis
910 2165 973 2223 in
990 2164 1208 2240 fideles,
1237 2174 1544 2241 postquam
1573 2166 1753 2225 semel
1780 2164 1889 2225 fuit
1917 2166 2212 2244 abrogata,
2244 2168 2428 2226 ullum
2456 2187 2583 2227 esse
2605 2170 2723 2247 jus,

325 2242 478 2301 Tum
507 2243 756 2321 denique
785 2244 1220 2305 Pontificiorum
1246 2244 1424 2303 intem
1469 2244 1633 2321 eries,
1664 2246 1765 2321 qui
1788 2244 2039 2323 Operum
2062 2246 2467 2307 necessitatem
2489 2248 2733 2309 ulterius

327 2341 500 2399 quam
523 2343 628 2401 par
647 2331 734 2382 est
761 2324 1187 2402 protendentes,
1218 2344 1346 2384 eam
1386 2345 1421 2383 a
1503 2325 1548 2385 J
1549 2324 1951 2384 ustificationis
1979 2332 2039 2385 et
2067 2326 2271 2385 salutis
2307 2328 2575 2387 meritum
2602 2350 2730 2407 per-

325 2422 520 2479 peram
543 2402 794 2463 referunt
817 2428 832 2481 ;
877 2404 1174 2483 Nobisque
1203 2424 1443 2482 gravem
1469 2412 1791 2482 propterea,
1823 2403 1927 2463 sed
1947 2406 2315 2465 falsissimam
2342 2416 2403 2467 et
2422 2408 2736 2487 injustissi-

325 2502 479 2540 mam
533 2481 723 2542 dicam
779 2484 1054 2559 scribunt,
1126 2485 1292 2561 quasi
1360 2504 1558 2543 eorum
1600 2484 2003 2545 necessitatem
2052 2486 2315 2545 absolute
2369 2508 2733 2567 negaremus,

324 2560 698 2641 doctrinaque
726 2574 924 2625 nostra
979 2565 1087 2625 sub
1115 2572 1403 2642 praetextu
1430 2563 1634 2641 gratiae
1661 2564 1933 2642 pietatem
1963 2566 2347 2643 extingueret,
2379 2576 2439 2627 et
2477 2568 2733 2630 habenas

324 2642 678 2719 quibuslibet
730 2646 984 2723 peccatis
1009 2646 1256 2703 laxaret.

325 2761 386 2806 In
437 2776 495 2808 ea.
542 2768 802 2821 peecatum
923 2725 1009 2784 ΙΙ.
1056 2724 1142 2785 Ut
1161 2744 1304 2801 ergo
1327 2722 1576 2783 sciamus
1604 2722 1749 2802 quid
1775 2723 1885 2783 hac
1912 2724 1974 2783 in
1990 2731 2156 2803 parte
2206 2724 2393 2785 Nobis
2410 2728 2727 2789 tenendum

383 2824 464 2865 est.
497 2822 548 2865 ιιι
579 2822 804 2869 Excussa
846 2806 938 2880 sit,
972 2803 1416 2867 Observandum
1443 2812 1534 2863 cst
1573 2812 1709 2863 ante
1752 2804 1960 2879 omnia,
1992 2812 2291 2882 peccatum
2312 2806 2439 2882 jam
2468 2805 2605 2865 olim
2632 2808 2729 2868 hic

383 2884 434 2923 et
455 2878 704 2925 Defectus.
847 2885 1042 2960 fuisse,
1073 2893 1132 2945 et
1150 2883 1378 2962 peccari
1399 2884 1715 2943 etiamnum
1755 2883 1929 2942 hodie
1954 2884 2235 2960 bifariam,
2268 2892 2328 2942 et
2366 2884 2427 2942 in
2454 2888 2727 2963 E'aecessu,

323 2970 382 3021 et
409 2961 472 3019 in
513 2966 770 3039 Defectu,
801 2964 1059 3041 duosque
1099 2964 1196 3022 hic
1237 2963 1506 3042 scopulos
1549 2984 1713 3041 aeque
1752 2962 2107 3040 periculosos
2149 2983 2465 3039 occurrere,
2511 2966 2725 3043 Epicu-

324 3044 602 3101 reismum
629 3051 690 3102 et
731 3044 1185 3103 Pharisai‘smum
1209 3066 1224 3102 ε
1289 3042 1460 3102 Alter
1487 3051 1576 3103 est
1603 3062 1821 3117 eorum,
1852 3042 1954 3119 qui
2001 3042 2219 3102 nullam
2250 3042 2502 3121 Operum
2524 3065 2724 3105 neces-

323 3122 553 3181 sitatem
581 3131 904 3201 agnoscunt
928 3145 942 3181 :
973 3122 1144 3182 Alter
1162 3142 1303 3183 vero
1332 3142 1530 3182 eorum
1558 3122 1662 3201 qui
1687 3122 1923 3180 nimiam
1941 3131 2189 3201 urgent:
2234 3123 2307 3182 In
2330 3126 2441 3182 1¹²¹¹¹²
2470 3124 2725 3203 impege-

323 3209 458 3260 runt
503 3203 642 3261 olim
695 3202 971 3281 Epicurei
1024 3210 1084 3261 et
1134 3202 1456 3262 Simoniani
1503 3224 1539 3262 a
1570 3203 1805 3262 Simone
1850 3203 2031 3281 Mago
2076 3203 2233 3279 dicti,
2281 3204 2384 3283 qui
2436 3205 2722 3266 bonorum

322 3281 574 3361 Operum
619 3284 1024 3344 necessitatem
1077 3302 1314 3361 prorsus
1367 3283 1675 3360 negabant,
1748 3282 2037 3359 docentes,
2092 3283 2295 3344 fideles
2349 3305 2465 3345 non
2520 3286 2731 3348 debere

321 3364 616 3423 attendere
666 3364 764 3423 ad‘
788 3364 1008 3441 Legem
1058 3362 1351 3440 Divinam,
1382 3382 1490 3422 nec
1519 3383 1719 3423 curare
1747 3382 1877 3441 quae
1930 3362 2015 3423 ibi
2060 3374 2349 3444 praecepta
2395 3366 2494 3426 vel
2547 3368 2731 3427 vetita

319 3442 546 3520 fuerint,
579 3443 684 3503 sed
708 3443 890 3502 libere
916 3462 1086 3521 posse
1113 3462 1286 3520 agere
1315 3463 1445 3520 quae
1466 3443 1701 3517 vellent,
1732 3451 1791 3502 et
1819 3444 1901 3503 sic
1942 3463 2166 3502 morum
2207 3445 2639 3523 turpitudinem,
2671 3457 2731 3508 et

318 3522 604 3598 quidlibet
621 3522 836 3600 agendi
857 3522 1142 3583 effraenem
1159 3522 1452 3583 licentiam
1473 3522 1853 3601 invehebant;
1896 3530 1962 3584 ut
1983 3524 2253 3585 observat
2274 3526 2433 3603 Aug.
2454 3526 2526 3585 de
2547 3527 2728 3587 haere-

319 3602 482 3661 sibus
531 3604 606 3661 ad
647 3603 788 3664 haer.
831 3606 884 3662 1.
930 3612 988 3662 et
1035 3602 1255 3663 Theod.
1284 3603 1387 3662 lib.
1422 3605 1474 3661 1.
1503 3603 1642 3663 haer.
1673 3602 1746 3662 de
1795 3604 2046 3663 Simone.
2132 3604 2317 3679 Quem
2366 3625 2614 3663 errorem
2652 3606 2727 3665 ab

320 3681 471 3742 Orco
499 3690 843 3743 revocarunt
868 3683 1201 3743 novissimis
1244 3683 1618 3759 temporibus,
1648 3683 1786 3743 licet
1827 3682 2005 3743 alium
2032 3684 2093 3742 in
2119 3684 2311 3761 finem,
2348 3684 2632 3743 Libertini
2668 3693 2729 3744 et

317 3762 638 3839 Antinomi,
669 3764 771 3841 qui
797 3764 950 3823 bona
977 3764 1167 3842 Opera
1206 3783 1324 3821 non
1350 3764 1691 3839 necessaria,
1722 3761 1828 3823 sed
1852 3760 2107 3845 ὶδιιίφομ
2133 3763 2479 3838 statuebant,
2510 3772 2569 3822 et
2594 3782 2726 3842 pro-

317 3842 662 3921 positionem
689 3843 762 3903 de
804 3844 1148 3903 necessitate
1189 3842 1471 3902 bonorum
1515 3842 1767 3921 Operum
1817 3843 2197 3921 ignominiose
2246 3842 2639 3920 exagitabant,
2662 3851 2730 3904 ut

318 3921 496 3982 refert
547 3923 727 3983 Sleid.
759 3924 918 3984 Hist.
971 3924 1076 3983 lib.
1135 3925 1191 3982 9.
1277 3922 1350 3980 In
1399 3922 1578 3983 alium
1633 3942 1773 3982 vero
1830 3924 2131 4003 scopulum
2184 3922 2548 3981 incurrerunt
2593 3931 2728 4000 post

321 4001 645 4063 Pharisaeos
662 4004 786 4082 jam
816 4004 1235 4082 Apostolorum
1261 4010 1520 4081 tempore
1569 4002 2029 4082 Pseudapostoli,
2060 4002 2161 4081 qui
2189 4002 2483 4061 exitialem
2510 4001 2725 4063 mixtu·

317 4104 442 4143 ram
469 4082 657 4143 faeere
686 4093 978 4159 conantes,
1009 4084 1196 4143 Mosis
1225 4103 1357 4143 cum
1380 4082 1629 4161 Christo,
1654 4082 1837 4159 Legis
1864 4102 1995 4141 cum
2037 4081 2378 4158 Evangelio,
2404 4088 2462 4140 et
2490 4100 2727 4158 operum

319 4184 452 4224 cum
478 4163 595 4224 fide
631 4164 694 4221 in
719 4165 955 4241 negotio
999 4164 1044 4224 J
1045 4162 1464 4238 ustificationis,
1497 4162 1678 4240 Legis
1720 4170 1779 4221 et
1825 4161 2291 4222 circumcisionis
2318 4160 2601 4237 imprimis
2622 4161 2727 4219 ob-

319 4244 714 4305 servationem·
731 4244 1034 4321 urgebant,
1085 4243 1342 4321 adeoque
1369 4242 1695 4303 necessaria
1740 4240 2158 4319 pertendebant
2186 4258 2311 4298 esse
2358 4240 2511 4298 bona
2540 4238 2731 4317 Opera

318 4324 396 4385 ad
412 4326 656 4385 salutem
685 4324 1139 4419 promerendam,
1163 4333 1230 4383 ut
1245 4321 1422 4382 refert
1449 4322 1659 4397 Lucas,
1680 4320 1964 4381 Actorum
1986 4340 2087 4379 xv.
2122 4322 2174 4378 1.
2200 4318 2455 4393 Quorum
2477 4321 2729 4399 vestigia

318 4404 597 4465 hodierno
647 4406 742 4467 die
788 4413 1059 4484 premunt
1127 4402 1435 4478 Pontificii‚
1496 4403 1599 4481 qui
1654 4409 1720 4460 ut
1763 4402 1953 4479 Opera
2006 4398 2299 4457 meritoria
2352 4397 2586 4477 faciunt,
2643 4402 2729 4461 ita

318 4484 721 4547 necessitatem
749 4506 948 4546 eorum
975 4484 1053 4545 ad
1080 4484 1325 4543 salutem
1350 4480 1807 4561 promerendam,
1853 4488 1912 4541 et
1939 4500 2015 4539 ex
2042 4479 2247 4539 merito
2274 4482 2727 4541 conservandam

321 4574 530 4643 urgent
557 4574 615 4627 et
642 4568 906 4644 exigunt.
951 4566 1046 4625 Ita
1074 4563 1376 4639 Diabolus,
1405 4559 1564 4641 quod
1589 4561 1653 4620 in
1678 4560 1809 4621 aliis
1836 4560 2098 4639 pluribus
2126 4558 2402 4621 doctrinae
2432 4561 2731 4641 Capitibus
