3234 5192
278 330 507 373 maru-r.
535 308 654 391 ιιι]
961 322 1040 363 ns
1068 320 1410 365 scurnum
1437 320 1643 364 sacam
1670 320 2109 363 amnoniurs.
2582 290 2707 357 259‘

277 471 390 531 nisi
409 472 536 549 jam
565 469 766 529 Canon
797 466 1223 543 Scripturarum
1249 462 1599 522 constitutus
1626 460 1833 521 fuisset
1859 469 1919 521 et
1934 460 2186 538 agnitus.
2236 457 2353 518 Sed
2380 457 2523 535 quid
2548 446 2707 534 opns'

276 551 492 625 multis,
523 568 657 609 cum
685 566 860 605 aurea
885 542 1250 604 Constantini
1279 541 1653 621 Imperatoris
1681 541 1758 600 ad
1794 540 2000 600 Patres
2048 538 2294 599 Concilii
2326 538 2523 631 verba,
2563 556 2694 615 quse

277 630 434 768 {¹3²⁶
459 620 2709 775 Thess‘iffieiffnssfiiffi'ssssffi3233'0511583‘ssgefffflflssffiofflissopffiffiss}

278 723 912 860 orazalxsagemqnhoeeqlt'
942 749 1084 860 quid
1111 722 1273 841 depre
1301 780 1503 839 divina
1551 746 1916 839 sentiendum
1960 718 2063 853 sig
2093 778 2334 855 proinde
2361 776 2551 855 posita
2576 776 2697 835 dis·

276 868 472 929 cordia
499 884 794 927 sumamus
823 884 899 923 cx
928 862 1122 921 verbis
1145 860 1428 920 divinitus
1455 858 1751 937 inspiratis
1770 855 2115 918 solutionem
2144 856 2541 935 quaestionis.”
2631 855 2697 915 Si

151 996 166 1005 ,
278 967 417 1026 ergo
443 955 691 1025 receptae
719 951 854 1003 sunt
881 963 917 1001 a
945 942 1216 1001 Patribus
1249 939 1559 1017 Scripturas
1587 946 1647 997 et
1672 958 1778 1017 pro
1829 937 2136 997 Canonicis
2160 936 2391 1013 habitae,
2424 936 2549 995 sine
2574 936 2699 995 ullo

279 1027 557 1087 Ecclesiae
584 1028 683 1086 vel
710 1022 1073 1102 particularis
1100 1020 1196 1080 vel
1221 1019 1568 1080 universalis
1595 1018 1829 1077 decreto
1850 1039 1866 1093 3
1911 1017 2055 1092 Quis
2074 1036 2193 1075 non
2212 1016 2375 1076 videt
2400 1015 2551 1075 male
2574 1035 2697 1075 sus-

279 1106 454 1185 pendi
481 1126 514 1165 e
707 1098 1910 1256 αυιὴοὲῗῖθῖΐᾙὲῒέἶτῖξῧῂὶᾜῖὲο
1919 1100 2166 1237 {soteres
2214 1196 2251 1235 a
2296 1176 2702 1254 suspendenda

368 1236 413 1281 ἃ
442 1236 654 1295 Α’8““”
803 1261 1148 1321 authoritate
1174 1260 1598 1336 Scripturarum
1626 1258 1701 1315 ab
1739 1256 2041 1333 Ecclesia3
2088 1257 2173 1316 Ut
2217 1264 2416 1315 contra
2463 1275 2699 1316 censue-

281 1343 400 1401 rint
420 1342 604 1421 ipsam
633 1340 958 1400 Ecclesiam
984 1360 1102 1399 non
1127 1338 1268 1397 alibi
1293 1357 1468 1415 quam
1502 1337 1565 1395 in
1613 1337 1925 1414 Scripturis
1966 1336 2335 1414 quaerendam
2363 1355 2507 1412 esse,
2538 1344 2597 1395 ct
2624 1356 2701 1395 ex

283 1421 404 1480 illis
431 1420 892 1498 cognoscendam
917 1442 930 1479 :
1016 1420 1208 1478 Instar
1236 1418 1493 1477 omnium
1521 1416 1690 1476 nobis
1718 1436 1871 1476 nunc
1900 1417 1976 1476 sit
2002 1436 2153 1475 uuus
2181 1415 2569 1493 Augustinus,
2600 1414 2702 1493 qui

283 1503 500 1580 passim
529 1502 640 1559 hoc
667 1500 920 1559 inculcat
946 1507 1146 1558 contra
1173 1498 1528 1573 Donatistae,
1581 1496 1687 1555 sed
1729 1495 1994 1575 nuspiam
2043 1495 2255 1555 clarius
2300 1496 2412 1555 hoc
2456 1503 2702 1557 testatur

285 1600 458 1659 quam
486 1580 589 1639 lib.
620 1580 694 1638 de
721 1580 942 1639 unitate
972 1578 1268 1653 Ecclesiae,
1301 1598 1427 1655 cap.
1457 1580 1514 1635 2.
1560 1578 1598 1611 ‘⁸
1624 1576 1785 1635 Inter
1812 1596 1921 1636 nos
1949 1584 2009 1635 et
2032 1575 2371 1635 Donatistae
2398 1584 2487 1635 est
2514 1595 2701 1653 quaes-

283 1660 367 1720 tio
393 1660 498 1719 ubi
525 1660 601 1719 sit
629 1659 926 1735 Ecclesia3
972 1658 1125 1734 Quid
1153 1677 1292 1735 ergo
1321 1656 1530 1717 factm‘i
1557 1676 1797 1733 sumus;
1840 1656 1902 1715 in
1930 1656 2125 1715 verbis
2146 1656 2361 1715 nostris
2389 1676 2517 1715 eam
2544 1676 2701 1734 quae-

285 1740 469 1816 situri,
500 1759 576 1799 an
602 1739 663 1798 iu
689 1738 886 1799 verbis
915 1738 1133 1817 Capitis
1172 1739 1264 1797 sui
1283 1741 1313 1797 ‘r’
1395 1736 1546 1796 Puta
1587 1736 1745 1815 quod
1786 1737 1850 1795 in
1892 1735 2051 1795 illius
2098 1735 2291 1814 potius
2334 1735 2529 1795 verbis
2578 1756 2703 1797 eam

284 1839 539 1898 quaerere
561 1818 894 1913 debeamus,
917 1820 1018 1897 qui
1036 1818 1270 1912 Veritas
1299 1824 1387 1877 est
1415 1825 1475 1911 et
1496 1818 1715 1911 optime
1743 1814 1909 1909 novit
1938 1816 2160 1895 Corpus
2188 1816 2415 1909 suum.'’
2463 1815 2561 1910 Sic
2579 1836 2703 1895 cap.

291 1898 1054 2051 32⁸2nfffflg‘1333125'2‘3‘
1074 1896 1697 2056 {ffatffzffiffi
1716 1896 2706 2055 “332¹3W‘22t03120mt12‘u

288 2058 591 2135 credimus,
621 2058 850 2135 utrique
879 2058 1182 2133 servimus,
1211 2057 1296 2115 ibi
1315 2075 1639 2134 quoeramus
1669 2055 2009 2131 Ecclesiam,
2060 2056 2142 2114 ibi
2170 2054 2545 2115 discutiamus
2572 2077 2705 2117 cau-

289 2158 414 2197 sam
439 2139 754 2197 nostram.”
799 2138 880 2196 Et
904 2138 1078 2215 paulo
1105 2144 1255 2215 post,
1289 2134 1695 2195 “Auferantur
1720 2134 1839 2211 illa,
1864 2154 1995 2213 quae
2016 2134 2295 2195 adversus
2322 2154 2429 2195 nos
2452 2136 2707 2196 invicem

289 2236 409 2276 non
435 2237 510 2275 ex
532 2216 745 2275 divinis
767 2216 1074 2276 Canonicis
1100 2215 1283 2290 libris,
1314 2214 1418 2273 sed
1445 2214 1679 2274 aliunde
1721 2216 2047 2291 recitamus,
2076 2213 2214 2293 quia
2238 2216 2374 2274 nolo
2402 2235 2479 2275 ex
2504 2216 2707 2275 huma-

291 2298 384 2355 nis
427 2295 802 2371 documentis,
853 2297 958 2357 sed
1005 2296 1220 2355 divinis
1269 2294 1532 2355 Oraculis
1583 2294 1855 2354 Sanctam
1898 2294 2220 2355 Ecclesiam
2268 2294 2709 2356 demonstrari.''

293 2376 374 2435 Et
401 2395 524 2453 cap.
558 2378 650 2451 16,
674 2377 710 2409 “
729 2383 924 2435 utrum
945 2376 1114 2454 ipsi,”
1147 2375 1368 2435 scilicet
1398 2374 1740 2451 Donatistae,
1774 2376 1811 2408 ‘⁴
1832 2374 2155 2435 Ecclesiam
2172 2382 2423 2452 teneant,
2450 2396 2571 2435 non
2596 2376 2713 2437 nisi

295 2456 637 2515 Divinarum
665 2455 1091 2533 Scripturarum
1122 2454 1429 2515 Canonicis
1437 2454 1604 2513 libris
1628 2453 1952 2529 ostendant,
1982 2455 2121 2533 quia
2146 2474 2254 2514 nec
2274 2474 2381 2515 nos
2405 2463 2711 2535 propterea

292 2536 538 2595 dicimus
565 2535 734 2594 nobis
763 2535 918 2595 credi
948 2543 1226 2629 oportere,
1258 2533 1414 2613 quod
1460 2534 1524 2592 in
1561 2534 1829 2594 Ecclesia
1873 2534 2089 2595 Christi
2114 2536 2313 2611 simus,
2342 2536 2480 2614 quia
2524 2536 2711 2615 ipsam

288 2636 462 2694 quam
489 2624 753 2675 tenemus
782 2615 1106 2675 Ecclesiam
1134 2615 1398 2693 Optatus,
1444 2614 1544 2673 vel
1575 2614 1941 2691 Ambrosius,
1973 2614 2071 2675 vel
2112 2614 2215 2675 alii
2260 2615 2711 2677 innumerabiles

293 2704 506 2755 nostrae
529 2695 962 2755 Communionis
990 2695 1266 2773 Episcopi
1292 2701 1617 2769 tenuerunt,
1649 2702 1751 2753 aut
1776 2694 1915 2773 quia
1933 2702 2095 2754 tanta
2120 2694 2269 2755 fiunt
2293 2694 2355 2753 in
2382 2714 2452 2753 eo
2478 2696 2711 2756 mirabi-

295 2774 378 2834 lia
403 2796 418 2851 ;
480 2774 852 2853 Quaecunque
879 2774 1020 2834 talia
1046 2774 1109 2833 in
1137 2774 1436 2834 Catholica
1474 2774 1742 2833 Ecclesia
1786 2774 1951 2850 fiunt,
2000 2773 2131 2832 ideo
2160 2782 2297 2833 sunt
2322 2775 2711 2851 approbanda,

295 2854 434 2933 quia
458 2856 524 2912 in
550 2854 850 2915 Catholica
874 2855 1039 2931 fiunt,
1070 2874 1190 2914 non
1215 2854 1348 2913 ideo
1375 2854 1504 2931 ipsa
1537 2852 1942 2913 manifestatur
1990 2852 2305 2929 Catholica,
2335 2854 2473 2929 quia
2498 2854 2624 2913 haec
2650 2855 2712 2913 in

297 2954 366 2993 ea
391 2933 556 2992 fiunt.
601 2934 737 3011 Ipse
766 2934 1051 2995 Dominus
1078 2935 1121 2994 J
1124 2955 1257 2995 esus
1279 2954 1412 2994 cum
1437 2932 1849 2993 resurrexisset
1875 2952 1911 2991 a
1928 2932 2186 3009 mortuis,
2218 2941 2277 2992 et
2303 2931 2715 3010 discipulorum

299 3013 484 3072 oculis
505 3011 820 3105 videndum
845 3015 1225 3094 manibusque
1243 3013 1600 3091 tangendum
1617 3032 1827 3105 corpus
1844 3030 2011 3105 suum
2030 3010 2276 3089 offerret,
2298 3031 2371 3071 ne
2392 3012 2533 3088 quid
2548 3012 2713 3073 falla-

297 3090 2717 3252 necassetue}mausus&metiamur:

301 3251 412 3311 &c.
498 3251 640 3327 Quae
667 3253 847 3313 verba
872 3254 1002 3314 luce
1029 3254 1347 3313 meridiana
1393 3254 1606 3313 clarius
1648 3253 1913 3331 probant,
1965 3251 2287 3313 Ecclesiam
2335 3273 2372 3312 a
2421 3253 2718 3335 Scriptura

300 3331 808 3392 demonstrandam
837 3353 964 3393 esse
993 3354 1068 3393 ex
1091 3335 1381 3394 sententia
1405 3334 1747 3412 Augustini.

383 3410 582 3471 XIII.
631 3411 751 3471 Sed
778 3412 926 3488 quia
951 3414 1300 3473 decantatus
1329 3432 1405 3472 ex
1431 3413 1564 3489 ejus
1612 3413 1769 3472 libro
1799 3418 2057 3473 “contra
2103 3412 2439 3490 Epistolam
2469 3416 2714 3476 Funda-

301 3490 548 3561 menti,”
593 3508 720 3567 cap.
752 3489 808 3563 5,
856 3491 1010 3550 solet
1049 3492 1382 3551 identidem
1421 3492 1594 3550 nobis
1622 3492 1803 3567 objici
1840 3494 2009 3552 locus
2031 3492 2137 3550 ubi
2181 3495 2301 3567 ait;
2344 3501 2380 3529 ‘⁸
2394 3494 2528 3569 Ego
2568 3513 2713 3553 vero

307 3566 640 3643 Evangelio
663 3587 787 3626 non
815 3570 1135 3641 crederem,
1162 3569 1277 3628 nisi
1303 3588 1398 3629 me
1423 3569 1747 3629 Catholicae
1768 3570 2015 3631 Eclesise
2042 3579 2445 3631 commoverat
2475 3572 2715 3630 Antho-

305 3644 508 3717 ritas,”
536 3653 860 3723 antequam
886 3648 966 3706 ad
1014 3648 1138 3706 alia
1183 3654 1572 3721 transeamus,
1613 3648 1925 3708 videamus
1970 3648 2177 3725 paucis
2216 3667 2296 3707 an
2342 3649 2601 3723 alicujus
2641 3650 2720 3707 sit

303 3724 590 3781 momenti
619 3726 698 3783 ad
726 3724 1082 3785 sententiam
1114 3726 1614 3785 Adversariorum
1642 3728 2113 3787 confirmandam
2136 3748 2151 3801 ;
2188 3726 2365 3785 facile
2392 3733 2595 3785 autem
2616 3728 2718 3785 de-

303 3800 622 3860 monstrari
646 3810 861 3879 potest,
890 3822 1202 3879 perperam
1227 3805 1428 3863 locum
1475 3806 1639 3863 hunc
1683 3805 1969 3863 adversus
2002 3824 2114 3864 nos
2139 3804 2375 3863 adduci.
2456 3803 2621 3862 Nam
2649 3812 2721 3863 ut

303 3894 426 3935 non
454 3880 740 3951 dicamus,
767 3883 948 3940 fidem
968 3888 1240 3941 nostram
1280 3901 1390 3942 nec
1431 3884 1707 3959 exemplo
1754 3902 1864 3942 nec
1908 3881 2248 3943 testimonio
2292 3884 2561 3940 humano
2586 3882 2718 3955 niti,

305 3956 578 4032 adeoque
645 3958 1040 4038 ualiscunque
1059 3960 1243 4018 fuerit
1267 3978 1436 4021 mens
1462 3960 1815 4037 Augustini,
1841 3980 1963 4020 non
1990 3979 2161 4039 posse
2202 3961 2404 4035 urgeri
2430 3961 2723 4019 adversus

305 4051 438 4105 nos,
475 4036 582 4108 qui
690 4038 892 4096 omino
934 4046 1143 4099 nostro
1185 4044 1423 4098 tantum
1469 4039 1719 4115 ejusque
1765 4039 2039 4099 Oraculis
2082 4046 2308 4098 stamus
2334 4044 2397 4097 et
2420 4038 2721 4109 cadimus;

304 4111 502 4170 multa
522 4120 664 4171 sunt
689 4132 824 4189 quse
844 4116 944 4175 hic
967 4116 1176 4193 reponi
1196 4124 1462 4193 possunt,
1489 4136 1566 4177 ex
1612 4118 1832 4193 quibus
1874 4118 2211 4176 luculenter
2250 4122 2435 4192 patet,
2464 4133 2721 4189 sensum,

309 4207 492 4264 quem
517 4190 716 4249 verbis
740 4192 868 4251 istis
893 4196 1191 4272 affingunt
1219 4196 1585 4267 Adversarii,
1613 4202 1745 4254 tum
1772 4214 1811 4254 a
1849 4196 2115 4267 veritate,
2142 4201 2275 4253 tum
2301 4214 2341 4252 a
2363 4198 2561 4252 mente
2591 4194 2723 4253 Au-

305 4268 534 4343 gustini
562 4268 996 4331 alienissimum
1021 4292 1162 4333 esse.
1245 4274 1452 4332 Primo
1479 4274 1661 4332 multi
1684 4292 1762 4332 ex
1812 4272 2139 4333 Pontificiis
2167 4290 2292 4329 non
2316 4272 2537 4330 infimae
2562 4279 2723 4333 notae

307 4344 542 4419 docent,
570 4348 634 4405 id
656 4348 1118 4427 intelligendum
1145 4369 1268 4411 non
1299 4352 1374 4411 de
1405 4351 1673 4412 Ecclesia
1690 4350 1986 4427 praesenti,
2013 4370 2123 4429 pro
2144 4350 2317 4425 cnjus
2336 4350 2725 4411 Authoritate

305 4422 406 4481 hic
429 4433 754 4501 pugnatur,
782 4432 888 4489 sed
930 4431 1029 4489 vel
1076 4432 1152 4489 de
1196 4429 1461 4490 Ecclesia
1505 4430 1829 4506 primitiva,
1878 4446 2013 4505 qum
2061 4436 2132 4487 ut
2176 4428 2445 4507 loquitur
2492 4429 2725 4491 Gerson

306 4506 566 4562 tractatu
588 4506 664 4563 de
689 4507 819 4567 vita
839 4507 1152 4585 Spirituali
1179 4510 1412 4581 animae,
1443 4509 1606 4569 Lect.
1636 4508 1693 4567 2.
1778 4514 1815 4543 “
1834 4506 1945 4567 Est
1960 4526 2169 4567 eorum
2194 4508 2463 4568 fidelium
2484 4528 2731 4586 congre-

307 4580 494 4655 gatio,
523 4583 630 4659 qui
661 4582 972 4647 Christum
999 4588 1298 4669 viderunt,
1329 4588 1673 4665 audierunt,
1721 4592 1783 4647 et
1827 4593 2007 4647 testam
2058 4587 2443 4649 extiterunt.”
2528 4589 2737 4665 Atque
