3234 5192
5 64 16 441 ι
290 342 529 385 msru‘r.
558 322 657 405 ιι]
923 342 1002 381 nn
1046 340 1387 383 semermis
1432 341 1639 383 sacas-2
1671 340 2112 383 Aurnomra'rs.
2595 326 2710 385 237

5 456 10 769 Ι

5 780 14 957 ι

302 482 769 559 Observandum,
804 482 854 543 I.
900 481 1070 557 Quod
1120 482 1367 561 Spiritus
1410 482 1509 543 hic
1548 482 1707 543 intus
1735 492 1956 543 testans
1997 502 2290 562 nunquam
2337 493 2636 562 separetur
2681 506 2718 545 a

306 565 525 641 Verbo,
554 562 713 642 quod
740 564 803 621 in
836 563 1133 639 Scriptura
1158 564 1517 623 continetur:
1560 583 1668 623 nec
1695 564 1810 623 alio
1837 564 2040 623 tendat
2065 565 2192 642 ejus
2239 565 2514 643 operati0,
2545 586 2718 643 quam

308 644 387 705 ad
414 644 837 722 obsignandam
866 643 927 701 in
956 644 1163 702 animis
1190 644 1405 703 nostris
1433 644 1692 703 divinam
1735 644 1904 703 istius
1930 644 2253 703 veritatem.
2338 644 2598 703 Verbum
2627 654 2718 705 est

309 726 493 783 instar
522 724 758 783 seminis
800 724 861 782 in
903 732 1113 782 terram
1156 724 1416 802 projecti,
1453 725 1702 801 Spiritus
1743 724 1926 783 instar
1952 724 2185 783 virtutis
2213 724 2480 801 vivificoe‚
2511 726 2718 803 quain

310 804 480 864 nobis
524 804 817 865 radicatur
864 812 925 863 et
952 804 1254 881 germinat.
1338 805 1601 864 Verbum
1643 813 1731 863 est
1779 805 2088 883 objectum,
2113 804 2271 882 quod
2297 804 2557 865 facultati
2583 826 2716 883 pro-

310 885 561 963 ponitur,
596 885 849 963 Spiritus
896 893 987 942 est
1032 883 1141 958 vie,
1192 901 1323 961 quoe
1368 884 1623 962 disponit
1664 885 1994 944 facultatem
2041 894 2104 944 ut
2145 884 2290 945 illud
2319 886 2720 963 amplectatur.

314 966 443 1040 Quo
470 965 785 1042 respiciunt
812 964 932 1040 illa,
966 964 1081 1023 Isa.
1109 964 1214 1024 lix.
1246 968 1341 1039 21,
1390 968 1426 997 “
1450 965 1727 1041 Verbum,
1753 965 1909 1043 quod
1937 964 2106 1043 posui
2131 964 2192 1023 in
2221 984 2318 1025 ore
2347 974 2464 1041 tuO,
2495 976 2554 1026 et
2586 968 2715 1045 Spi-

314 1046 461 1104 ritus
486 1046 585 1123 qui
614 1052 705 1105 est
732 1046 793 1103 in
821 1053 898 1120 te,
928 1064 1047 1103 non
1074 1044 1401 1119 recedent,'¹
1426 1042 1554 1120 810„
1599 1053 1660 1104 et
1687 1046 1846 1123 quod
1873 1046 2138 1105 Christus
2167 1046 2264 1123 ait,
2289 1044 2332 1104 J
2336 1046 2428 1105 oh.
2461 1048 2583 1106 xvi.
2619 1052 2712 1125 14,

314 1128 353 1158 ‘⁴
370 1124 639 1203 Accipiet
666 1125 737 1185 de
765 1144 913 1199 meo,
945 1133 1004 1184 et
1030 1124 1395 1184 annuntiabit
1431 1125 1658 1183 vobis.''
1745 1125 1918 1185 Unde
1945 1134 2106 1203 patet
2147 1126 2560 1185 alienissimum
2589 1148 2718 1187 esse

312 1226 348 1264 a
380 1205 599 1281 Spiritu
626 1204 1087 1282 AnabaptisticO,
1132 1205 1233 1281 qui
1261 1214 1321 1265 et
1352 1205 1708 1283 Scripturam
1757 1206 2089 1280 contemnit,
2121 1218 2180 1265 et
2223 1207 2468 1283 privatis
2515 1228 2583 1265 ac
2611 1229 2714 1267 ex-

316 1284 713 1343 traordinariis
738 1284 1189 1344 revelationibus
1217 1284 1501 1362 indulget.
1565 1286 1650 1343 11.
1693 1285 2110 1344 Testimonium
2139 1286 2250 1343 hoc
2298 1286 2436 1343 facit
2483 1288 2716 1363 quidem

316 1364 397 1423 ad
424 1363 711 1440 propriam
738 1364 1095 1443 singulorum
1138 1363 1397 1424 fidelium
1436 1364 1943 1437 confirmationem,
1993 1364 2051 1421 in
2097 1365 2308 1441 quibus
2339 1365 2588 1442 Spiritus
2614 1368 2716 1424 ha-

318 1444 473 1502 bitat
500 1452 557 1501 et
582 1454 860 1521 operatur,
893 1445 996 1504 sed
1043 1464 1159 1503 non
1208 1453 1399 1522 potest
1427 1444 1688 1503 adhiberi
1736 1445 1812 1503 ad
1858 1445 2102 1503 aliorum
2151 1444 2590 1521 convictionem,
2623 1448 2719 1505 vel

318 1523 771 1583 conversionem.
856 1525 1003 1584 Cum
1029 1525 1184 1583 enim
1205 1526 1315 1585 soli
1334 1524 1495 1585 fideli
1530 1524 1800 1602 cognitus
1849 1525 1924 1585 sit
1951 1532 2010 1583 et
2055 1532 2407 1603 perspectus,
2440 1526 2627 1603 Apoc.
2657 1528 2719 1587 ii.

322 1607 417 1679 17,
462 1604 879 1664 Testimonium
924 1606 1049 1683 ejus
1098 1606 1282 1665 solum
1312 1606 1545 1665 fidelem
1572 1606 1667 1665 cui
1693 1604 1970 1681 redditur,
2001 1606 2346 1683 persuadere
2373 1614 2580 1684 potest,
2612 1626 2721 1667 nec

314 1684 446 1743 aliis
472 1684 723 1762 prodest,
753 1685 867 1743 nisi
894 1686 1115 1744 ratione
1136 1684 1487 1763 effectorum,
1518 1706 1648 1763 quse
1677 1686 2036 1745 extrinsecus
2077 1685 2366 1761 videntur,
2412 1691 2448 1746 2
2481 1687 2609 1747 Cor.
2639 1688 2720 1747 iv.

321 1768 415 1825 13.
504 1764 673 1825 Unde
718 1766 1033 1824 ludibrium
1072 1766 1275 1825 merito
1302 1766 1590 1841 deberem,
1623 1766 1674 1825 si
1720 1766 1886 1826 alteri
1913 1766 2258 1845 persuadere
2285 1767 2496 1827 vellem
2531 1768 2717 1846 Scrip-

316 1852 505 1904 turam
546 1864 673 1905 esse
710 1845 985 1921 divinam,
1018 1846 1155 1923 quia
1185 1846 1435 1925 Spiritus
1483 1847 1542 1906 S.
1586 1846 1700 1905 hoc
1745 1846 1804 1905 in
1847 1866 1940 1906 me
1978 1854 2239 1907 testatur.
2306 1847 2426 1905 III.
2474 1848 2724 1925 Spiritus

316 1925 581 2003 privatus
596 1934 789 2003 potest
817 1925 933 1985 dici
960 1926 1183 1985 ratione
1208 1927 1451 2003 subjecti,
1480 1926 1617 2005 quia
1645 1934 1736 1986 est
1777 1928 1836 1985 in
1877 1946 2226 2005 unoquoque
2252 1927 2429 2003 fideli,
2461 1928 2566 1987 sed
2605 1948 2724 1988 non

316 2006 537 2064 ratione
548 2006 840 2082 principii,
864 2014 923 2065 et
944 2006 1318 2083 originaliter,
1342 2008 1479 2085 quia
1501 2007 1822 2066 communis
1841 2014 1931 2067 est
1948 2008 2054 2065 toti
2079 2007 2374 2083 Ecclesiae,
2408 2012 2444 2065 2
2471 2009 2602 2067 Cor.
2641 2009 2722 2069 iv.

322 2087 415 2159 13,
444 2093 511 2144 ut
542 2084 643 2144 Sol
669 2095 857 2145 totum
886 2086 1163 2145 mundum
1189 2086 1443 2145 lustrans
1472 2095 1531 2146 et
1556 2106 2023 2163 unumquemque
2051 2086 2346 2145 illustrans
2373 2087 2602 2163 privata
2628 2088 2728 2146 fax

318 2184 435 2223 non
456 2173 545 2224 est
566 2166 772 2243 cuique
795 2185 1053 2225 accensa.
1082 2166 1179 2225 Sic
1194 2166 1458 2243 Spiritus,
1472 2167 1571 2245 qui
1589 2167 1720 2226 luce
1743 2186 1847 2225 sua
1864 2186 1962 2224 cor
1981 2165 2152 2226 fidele
2169 2175 2441 2244 permeat,
2465 2167 2731 2243 privatus

319 2244 436 2303 dici
452 2246 667 2323 nequit,
699 2246 837 2323 quia
852 2246 1005 2305 idem
1034 2246 1299 2323 Spiritus,
1330 2248 1513 2325 quiin
1532 2246 1798 2307 Ecclesia
1815 2266 2041 2323 semper
2061 2246 2319 2324 spiravit,
2345 2246 2558 2323 quique
2577 2246 2726 2307 Ver-

315 2325 457 2384 bum
481 2325 785 2403 Prophetis
814 2335 873 2386 et
896 2325 1197 2405 Apostolis
1214 2327 1535 2405 inspiravit,
1566 2334 1818 2387 mentem
1837 2327 1964 2385 veri
1983 2326 2173 2387 fidelis
2195 2334 2521 2387 commovet
2545 2334 2606 2387 et
2625 2348 2727 2387 ex-

318 2406 475 2480 citat,
500 2405 855 2483 eandemque
876 2406 1153 2466 doctrinae
1170 2407 1359 2467 lucem
1377 2428 1550 2486 quam
1572 2408 1634 2465 in
1660 2408 1921 2467 Sacrario
1933 2406 2116 2467 Verbi
2137 2408 2417 2483 accendit,
2441 2408 2502 2465 in
2527 2408 2728 2469 Sacra·

316 2486 467 2544 rium
496 2486 686 2545 cordis
714 2486 902 2546 infert.
990 2486 1161 2546 Unde
1189 2496 1349 2565 patet
1375 2508 1547 2566 quam
1570 2488 1784 2566 injuste
1815 2487 2106 2548 Pontificii
2131 2490 2429 2549 Privatum
2456 2488 2731 2567 Spiritum

316 2565 487 2625 nobis
504 2565 795 2644 objiciant,
818 2585 988 2645 quem
1012 2587 1371 2627 communem
1390 2588 1517 2627 esse
1532 2567 1804 2628 fidelibus
1822 2568 2088 2627 omnibus
2107 2570 2430 2629 statuimus.
2463 2569 2575 2629 IV.
2602 2570 2730 2649 Spi-

317 2646 464 2705 ritus
484 2666 600 2705 non
633 2654 880 2706 testatur
894 2646 957 2705 in
973 2647 1241 2707 omnibus
1262 2648 1446 2707 Verbi
1466 2648 1868 2725 Auditoribus,
1901 2648 2006 2708 sed
2024 2656 2248 2708 tantum
2267 2650 2328 2707 in
2351 2649 2587 2726 Electis,
2611 2669 2728 2709 non

322 2734 516 2785 tamen
545 2726 755 2803 aequali
796 2726 1073 2787 claritatis
1091 2728 1188 2786 vel
1216 2728 1578 2788 certitudinis
1628 2728 1832 2806 gradu.
1925 2728 2060 2787 Non
2106 2728 2308 2787 testari
2354 2730 2414 2786 in
2459 2730 2728 2789 omnibus

320 2806 520 2883 liquet,
550 2826 667 2865 non
696 2806 869 2865 modo
897 2828 973 2867 ex
1000 2808 1277 2885 parabola
1291 2808 1365 2869 de
1384 2809 1618 2885 semine,
1653 2808 1864 2868 Matth.
1893 2808 2037 2881 xiii„
2070 2808 2173 2865 sed
2201 2827 2278 2865 ex
2305 2826 2374 2865 eo
2403 2807 2562 2883 quod
2597 2808 2726 2885 Spi-

320 2886 466 2946 ritus
493 2905 609 2946 non
653 2886 730 2946 sit
776 2887 1050 2963 omnium,
1082 2888 1222 2947 Joh.
1252 2888 1375 2947 xiv.
1404 2890 1496 2963 16,
1533 2891 1625 2963 17,
1655 2894 1722 2947 ut
1749 2907 1856 2945 nec
1893 2886 2058 2961 fides,
2099 2890 2136 2945 2
2160 2886 2360 2945 Thess.
2392 2886 2474 2943 iii.
2505 2891 2560 2961 2,
2609 2887 2728 2945 Sed

322 2974 547 3025 tantum
577 2967 929 3043 Electorum,
981 2968 1192 3045 quibus
1224 2968 1385 3027 Deus
1412 2967 1691 3044 peculiari
1719 2966 1908 3043 gratia
1949 2966 2206 3024 revelare
2251 2965 2524 3042 dignatur
2567 2984 2725 3043 mys-

320 3048 465 3105 teria
506 3067 625 3123 sua,
675 3048 885 3108 Matth.
930 3049 1011 3107 xi.
1042 3051 1138 3123 25,
1170 3051 1265 3124 26,
1297 3056 1363 3106 ut
1402 3047 1611 3107 mirum
1655 3066 1770 3105 non
1819 3046 1896 3105 sit
1941 3046 2156 3104 multos
2182 3043 2256 3104 de
2303 3044 2726 3123 Scripturarum

322 3128 563 3188 veritate
606 3128 888 3203 dubitare,
920 3129 1035 3186 imo
1064 3136 1123 3187 et
1150 3128 1225 3187 ab
1252 3148 1447 3187 earum
1475 3127 1591 3186 fide
1635 3126 1896 3201 deficere,
1929 3124 2068 3185 Joh.
2099 3126 2179 3185 vi.
2204 3128 2298 3201 64,
2332 3128 2428 3186 66.
2499 3126 2726 3187 Testari

320 3226 462 3266 vero
488 3209 550 3266 in
578 3208 847 3267 omnibus
874 3207 1145 3268 fidelibus
1186 3216 1428 3282 constat,
1460 3207 1597 3284 quia
1623 3208 1684 3266 in
1714 3226 1844 3265 eum
1893 3204 2066 3265 finem
2095 3205 2266 3266 datur
2313 3206 2471 3285 ipsis,
2501 3216 2568 3267 ut
2608 3216 2723 3267 tes-

318 3294 476 3347 tetur
502 3288 573 3347 de
602 3288 675 3347 iis
703 3308 833 3366 quae
860 3288 1029 3347 nobis
1057 3288 1195 3347 data
1212 3296 1361 3364 sunt,
1399 3291 1426 3347 1
1456 3288 1585 3347 Cor.
1616 3288 1676 3345 ii.
1711 3290 1801 3361 12,
1829 3294 1888 3345 et
1915 3286 2026 3345 nisi
2054 3288 2184 3364 quis
2203 3288 2416 3347 habeat
2447 3288 2724 3367 Spiritum

322 3367 552 3444 Christi,
585 3388 701 3427 non
731 3377 819 3427 est
860 3369 1006 3445 ejus,
1038 3369 1207 3429 Rom.
1237 3368 1360 3428 viii.
1392 3370 1448 3428 9.
1495 3366 1613 3428 Sed
1641 3375 1705 3426 ut
1733 3366 1948 3444 dispari
1975 3386 2244 3427 mensura
2271 3370 2726 3429 communicatur

316 3446 604 3524 fidelibus,
634 3457 807 3525 prout
834 3449 1049 3525 gradus
1078 3456 1213 3509 sunt
1240 3449 1301 3507 in
1323 3448 1794 3521 sanctificatione,
1823 3467 1928 3525 per
1967 3467 2113 3524 quos
2139 3448 2206 3507 fit
2233 3457 2299 3509 ut
2325 3450 2424 3508 alii
2453 3450 2582 3509 aliis
2611 3451 2728 3509 sint

320 3528 467 3587 etin
494 3528 607 3587 fide
638 3528 773 3587 etin
802 3529 1080 3589 charitate
1127 3529 1534 3606 provectiores,
1585 3531 1613 3585 1
1649 3528 1778 3587 Cor.
1809 3526 1868 3585 ii.
1902 3529 1956 3603 6,
2007 3528 2162 3586 Heb.
2210 3550 2267 3587 v.
2324 3532 2415 3604 13,
2453 3533 2544 3587 14.
2631 3530 2725 3587 Ita

318 3608 503 3687 major
528 3620 619 3669 est
644 3608 741 3667 vel
768 3608 955 3667 minor
983 3608 1267 3668 certitudo
1316 3618 1375 3668 et
1415 3607 1794 3687 perspicuitas
1836 3607 2153 3666 testimonii
2179 3608 2334 3685 quo'd
2365 3608 2424 3665 in
2452 3608 2594 3685 ipsis
2623 3628 2722 3666 ex·

314 3688 495 3749 hibet.
580 3690 779 3766 Atque
806 3689 941 3747 hinc
962 3688 1177 3748 factum
1204 3698 1271 3749 ut
1310 3710 1427 3749 non
1456 3708 1656 3747 omnes
1681 3688 1816 3747 libri
1849 3686 2008 3746 Sacri
2050 3687 2124 3745 ab
2146 3688 2414 3747 omnibus
2441 3706 2514 3745 ex
2559 3708 2725 3763 aequo

317 3788 421 3847 pro
450 3770 757 3828 Canonicis
786 3789 1011 3848 semper
1032 3769 1147 3829 sint
1173 3769 1374 3845 habiti,
1406 3768 1509 3828 sed
1537 3766 1772 3846 quidam
1801 3766 2002 3841 rejecti
2043 3765 2256 3824 fuerint
2282 3767 2356 3825 ab
2383 3766 2490 3841 his,
2522 3766 2623 3843 qui
2651 3766 2728 3825 ab

317 3849 433 3908 illis
462 3848 687 3909 fuerant
714 3850 946 3927 recepti.
1030 3849 1107 3908 V.
1154 3850 1237 3909 Ut
1258 3848 1678 3909 Testimonium
1705 3848 1967 3907 divinum
2000 3845 2248 3924 Spiritus
2289 3846 2664 3922 dignoscatur
2691 3866 2726 3905 a

321 3930 611 3989 contrario
644 3930 893 4009 Spiritus
922 3930 1155 3989 fanatici
1184 3930 1556 4005 TestimoniO,
1597 3929 1823 3989 nullum
1851 3928 2008 3987 aliud
2035 3928 2267 4009 κςιπίςιον
2294 3925 2504 3984 certius
2532 3933 2726 4002 potest

320 4010 599 4087 adhiberi,
644 4029 819 4088 quam
869 4010 1165 4089 Scriptura
1209 4012 1401 4085 Sacra,
1441 4018 1509 4070 ut
1550 4010 1912 4069 examinetur
1951 4010 2126 4087 juxta
2179 4010 2368 4067 Sacrae
2415 4006 2725 4083 Scripturas

316 4108 593 4165 normam,
624 4098 747 4149 tum
778 4090 916 4167 quia
942 4090 1145 4167 regula
1170 4091 1295 4150 haec
1323 4091 1493 4151 nobis
1532 4090 1781 4169 ponitur,
1829 4091 2000 4149 Dent.
2031 4088 2155 4147 xiii.
2191 4091 2241 4162 1,
2273 4091 2328 4161 2,
2350 4089 2406 4160 3,
2456 4084 2570 4143 Isa.
2601 4085 2725 4144 viii.

320 4172 417 4245 20,
452 4174 481 4229 1
516 4170 655 4230 Joh.
700 4171 779 4229 iv.
829 4174 879 4244 1,
912 4174 967 4245 2,
1013 4174 1068 4246 3,
1117 4173 1172 4246 8,
1205 4179 1327 4229 tum
1377 4172 1515 4249 quia
1580 4172 1829 4248 Spiritus
1867 4178 1956 4229 est
2003 4168 2281 4241 veritatis,
2333 4166 2444 4223 sibi
2500 4185 2726 4243 semper

320 4259 593 4310 constans
620 4259 679 4310 et
706 4250 1032 4325 conformis,
1062 4270 1169 4310 nec
1218 4251 1384 4309 aliter
1428 4258 1673 4310 testatur
1717 4251 1776 4309 in
1825 4250 2017 4322 eorde,
2059 4267 2230 4325 quam
2257 4253 2500 4305 testatus
2531 4256 2620 4305 est
2666 4248 2726 4305 in

320 4330 537 4391 Verbo=
623 4330 935 4409 Perperam
962 4339 1155 4389 tamen
1181 4330 1319 4389 hinc
1348 4330 1642 4389 Circulnm
1669 4330 1838 4389 nobis
1855 4329 2182 4405 impingunt
2201 4326 2507 4401 Ponfificii,
2535 4326 2728 4405 (cujus

320 4410 434 4487 ipsi
487 4408 793 4473 manifeste
848 4412 933 4469 rei
987 4409 1281 4488 tenentur)
1326 4429 1456 4469 cum
1511 4408 1808 4488 Scriptura
1860 4407 2066 4486 probet
2111 4406 2384 4485 Spiritum
2452 4408 2725 4485 objective,

321 4490 570 4569 Spiritus
599 4512 739 4551 vero
769 4491 972 4570 probet
1003 4491 1354 4568 Scripturam
1380 4489 1691 4564 efficienter,
1736 4488 1893 4565 quod
1934 4486 2207 4567 peculiari
2237 4486 2624 4566 disputatione
2653 4490 2728 4547 de

319 4572 545 4632 Uir-culo
566 4573 705 4633 alibi
733 4580 823 4631 est
850 4592 887 4630 a
912 4570 1080 4631 nobis
1101 4571 1576 4630 demonstramm.

399 4653 517 4711 XI.
567 4654 661 4712 Ex
689 4654 847 4712 hisce
878 4671 1016 4710 vero
1040 4652 1121 4731 ita
1147 4650 1366 4732 positia,
1393 4649 1559 4709 facile
1588 4648 1883 4727 colligitur
1903 4669 2164 4728 quaenam
2197 4649 2350 4708 sitin
2383 4648 2728 4727 gravissima
