3234 5192
429 353 545 409 524
1003 364 1081 403 ns
1112 363 1591 403 ssrrsrsc'rroms
1620 362 1856 403 cums-rr
1885 352 2206 404 vsa'x'rsrs.
2415 344 2614 425 [msru
2629 364 2677 401 r.
2707 360 2838 402 xv1.

424 510 676 583 θανάτου,
712 508 748 538 “
770 504 978 563 Tristis
1006 512 1095 563 est
1138 504 1331 562 anima
1358 523 1487 562 mea
1512 523 1696 581 usque
1727 504 1802 562 ad
1829 507 2124 579 mortem,”
2153 523 2266 561 non
2299 505 2471 562 tristis
2497 511 2742 577 tantum,
2771 510 2838 562 ut

425 589 602 649 vertit
628 588 705 647 V.
737 585 813 643 V.
844 584 1016 643 nimis
1036 584 1303 658 molliter,
1326 584 1429 643 sed
1448 586 1694 661 undique
1715 585 1903 657 tristis,
1928 592 1992 642 ut
2019 592 2173 643 recte
2197 584 2356 643 Beza
2376 592 2574 643 noster
2591 584 2711 641 vim
2732 602 2838 641 vo·

425 670 509 728 cis
538 665 870 745 compositae
898 664 1105 739 reddit,
1129 664 1286 740 quod
1315 664 1649 723 observavit
1677 664 1850 723 etiam
1880 663 1929 721 F
1933 664 2227 723 ranciscus
2252 663 2460 740 Lucas,
2497 666 2532 697 “
2552 668 2834 742 περίλυπος

426 747 598 807 valde
635 746 835 819 tristiS,
868 753 1045 821 auget
1072 744 1225 803 enim
1263 744 1595 821 praepositio
1625 749 1742 822 mg}
1768 744 1936 820 quasi
1963 744 2118 803 dicat
2145 744 2410 803 Tristitia
2436 744 2690 820 undique
2727 743 2832 802 ob-

430 848 589 888 sessa
614 834 675 885 et
702 824 1135 883 circumvallata
1178 832 1283 897 est,
1314 824 1397 883 ita
1433 834 1497 883 ut
1524 824 1720 883 nullus
1757 832 1953 900 pateat
1979 823 2172 883 exitus
2193 824 2248 883 :''
2278 844 2393 901 quo
2417 844 2590 883 sensu
2615 824 2834 899 passim

428 906 677 967 occurrit
702 904 858 981 apud
886 904 1210 980 scriptores.
1257 904 1411 963 Plut.
1442 904 1503 962 in
1524 904 1674 962 libro
1695 903 1768 962 de
1791 904 1922 963 edu.
1950 904 2053 962 lib.
2083 903 2222 963 dum
2249 904 2468 963 laetitiae
2495 913 2554 963 et
2580 902 2829 961 tristitie

428 1006 732 1047 excessum
757 983 1041 1061 prohibet,
1070 984 1208 1053 μήτε
1238 985 1285 1039 ἐν
1310 989 1432 1048 ταῖς
1462 986 1778 1061 εὐτςαγίαις
1807 988 2110 1063 περιχαρεῖς
2149 984 2286 1053 μήτε
2317 985 2364 1040 ἐν
2391 989 2510 1048 ταῖς
2541 988 2828 1059 συμφοξαῒς

428 1066 742 1145 περιλύπους
764 1066 1036 1141 ὑπάρχειν.
1056 1063 1269 1137 Tertio,
1284 1083 1399 1121 non
1416 1071 1640 1123 tantum
1663 1066 1945 1141 περίλυπος
1967 1063 2178 1123 dicitur
2197 1064 2301 1123 sed
2325 1066 2361 1096 “
2381 1082 2565 1140 usque
2586 1061 2662 1119 ad
2678 1080 2830 1119 mor-

426 1148 603 1223 tem,''
632 1165 748 1223 quo
768 1144 913 1203 bene
932 1144 1243 1220 significari
1264 1144 1405 1203 dicit
1436 1143 1711 1221 “pondus
1729 1143 2155 1202 tribulationis'’
2187 1144 2398 1203 Glossa
2424 1141 2826 1217 interlinearis,

427 1247 535 1286 nec
562 1226 715 1285 enim
742 1224 837 1282 hic
880 1222 1161 1282 terminus
1198 1224 1321 1281 sive
1349 1223 1575 1282 duratio
1602 1222 1852 1282 tristitiae
1899 1231 2133 1282 notatur
2159 1226 2432 1283 extensive
2459 1222 2617 1300 quod
2643 1220 2832 1281 voluit

428 1308 587 1384 Orig.
634 1312 693 1364 et
737 1312 867 1381 post
911 1323 1042 1363 eum
1094 1303 1313 1377 Hiera,
1366 1303 1468 1361 sed
1496 1304 1624 1381 ejus
1661 1303 2003 1379 magnitudo
2031 1310 2090 1362 et
2117 1304 2373 1381 gravitas
2413 1303 2674 1363 intensive
2699 1321 2832 1379 quae

424 1386 559 1446 talis
588 1385 696 1446 fuit
738 1394 805 1443 ut
846 1383 1059 1442 lethale
1108 1383 1197 1441 ini
1245 1383 1459 1441 doloris
1508 1384 1722 1441 vulnus
1768 1382 2058 1459 infligeret
2085 1392 2144 1443 et
2171 1383 2250 1442 ad
2274 1383 2458 1461 ipsius
2485 1383 2670 1442 veluti
2697 1380 2833 1441 Orci

426 1467 621 1526 fauces
668 1484 801 1523 eum
844 1463 1171 1537 deduceret,
1217 1463 1507 1540 quomodo
1536 1463 1778 1521 eandem
1826 1462 2082 1539 phrasim
2111 1463 2250 1522 alibi
2291 1464 2560 1541 usurpari
2587 1470 2828 1537 constat,

426 1546 544 1606 Isa.
587 1544 837 1603 xxxviii.
884 1548 936 1611 1,
982 1543 1054 1601 de
1097 1542 1347 1601 Ezechia
1388 1543 1486 1620 qui
1528 1552 1842 1619 aegrotasse
1883 1542 2127 1602 refertur
2165 1546 2252 1603 ad
2273 1553 2523 1619 mortem,
2570 1544 2708 1603 item
2758 1543 2830 1601 de

425 1627 469 1686 J
471 1645 583 1684 ona
607 1624 709 1702 qui
736 1623 915 1682 iratus
938 1622 1149 1681 dicitur
1174 1622 1352 1681 fuisse
1380 1625 1465 1681 ad
1486 1632 1738 1695 mortem,
1767 1623 1814 1683 J
1815 1642 1908 1682 on.
1939 1623 2018 1681 iv.
2049 1624 2105 1698 9,
2137 1623 2216 1681 id.
2245 1623 2605 1701 gravissime.

506 1705 652 1763 VII.
699 1703 783 1761 Ut
826 1710 1019 1761 autem
1066 1702 1324 1777 gravitas
1367 1702 1526 1761 illius
1574 1703 1776 1761 tristiae
1821 1701 2172 1780 designetur,
2220 1723 2338 1761 non
2365 1710 2588 1761 tantum
2617 1701 2828 1761 dicitur

423 1784 601 1844 fuisse
632 1780 875 1860 τάραξις,
907 1781 951 1840 J
953 1781 1047 1840 oh.
1094 1781 1195 1839 xii.
1246 1790 1304 1839 et
1334 1780 1497 1855 λύπη,
1530 1782 1635 1840 sed
1661 1782 1834 1841 etiam
1869 1786 2092 1859 ἀγωνία,
2124 1781 2265 1842 Luc.
2295 1782 2463 1857 xxii„
2501 1802 2618 1858 quo
2643 1781 2830 1840 nomi-

424 1884 499 1923 ne
547 1863 741 1923 Graeci
788 1860 1119 1937 exprimunt
1164 1861 1517 1920 anxietatem
1566 1862 1728 1919 illam
1771 1870 1830 1921 et
1875 1862 2050 1921 animi
2095 1881 2370 1939 angorem
2419 1882 2536 1939 quo
2563 1861 2825 1938 percelli·

424 1964 553 2003 mur
594 1962 740 2021 opus
787 1940 1025 2017 aliquod
1066 1940 1311 1999 arduum
1372 1943 1722 2019 aggressuri,
1770 1942 2132 2019 potissimum
2180 1961 2320 2001 vero
2369 1942 2442 2000 de
2496 1941 2569 2000 iis
2616 1940 2830 2001 dicitur

424 2024 525 2102 qui
552 2022 893 2082 acerrimum
920 2019 1156 2097 aliquod
1184 2030 1474 2080 certamen
1502 2029 1638 2080 sunt
1665 2022 1882 2097 inituri,
1913 2020 2218 2081 deducitur
2257 2022 2412 2081 enim
2441 2042 2476 2081 a
2503 2041 2647 2080 voce
2677 2022 2828 2099 ἀγὼν

421 2124 551 2183 quae
599 2112 881 2162 certamen
920 2108 1099 2175 notat,
1147 2099 1299 2159 unde
1348 2102 1606 2177 Hesych.
1639 2104 1846 2178 ἀγωνία
1892 2102 2162 2179 palaestra
2187 2110 2278 2161 est
2304 2103 2422 2161 imo
2469 2110 2529 2161 et
2569 2101 2826 2178 bellum3

422 2184 649 2261 ἀγωνιῶ,
671 2180 965 2257 κινδυνεύω;
996 2190 1055 2241 et
1078 2180 1257 2241 Orion
1282 2182 1438 2259 apud
1468 2181 1804 2259 Etymolog.
1835 2185 2044 2258 ἀγωνία,
2061 2184 2145 2238 ἔστι
2167 2186 2256 2238 τοῦ
2287 2185 2358 2247 εἰς
2389 2183 2578 2259 ἀγῶνα
2603 2184 2833 2251 μέλλον-

422 2285 509 2328 ινος
532 2264 784 2337 κατιέναι,
820 2265 854 2295 “
877 2262 949 2319 de
967 2282 1035 2321 eo
1057 2262 1158 2338 qui
1178 2262 1239 2319 in
1260 2270 1548 2321 certamen
1571 2261 1954 2321 descensurus
1975 2269 2066 2321 est
2087 2264 2143 2337 ;''
2169 2262 2313 2320 Cum
2335 2282 2474 2340 ergo
2493 2262 2834 2321 acerrimum

422 2343 687 2402 Christus
708 2362 841 2402 cum
864 2340 1112 2400 Diabolo
1134 2350 1193 2399 et
1222 2341 1418 2400 inferis
1439 2343 1555 2399 imo
1577 2350 1639 2400 et
1655 2362 1786 2400 cum
1805 2342 1930 2418 ipso
1951 2342 2078 2400 Deo
2097 2350 2388 2401 certamen
2409 2351 2564 2401 esset
2583 2343 2832 2402 initurus

420 2422 631 2480 mirum
650 2441 767 2479 non
795 2428 885 2479 est
910 2420 973 2476 in
993 2420 1203 2495 agonia
1244 2419 1470 2480 dicatur
1515 2421 1714 2481 fuisse.
1787 2422 2052 2499 Denique
2083 2422 2540 2498 eademjristitia
2565 2441 2670 2498 per
2697 2423 2831 2489 ἀδη-

419 2504 599 2571 μονίαν
626 2499 899 2576 graphice
926 2497 1286 2574 describitur,
1316 2499 1450 2558 talis
1478 2501 1633 2558 enim
1661 2510 1854 2560 motus
1881 2502 2056 2559 animi
2087 2502 2429 2579 exprimitur
2453 2502 2563 2558 hac
2591 2520 2736 2559 voce
2763 2507 2829 2560 ut

420 2580 647 2640 animus
675 2578 858 2637 veluti
884 2598 1003 2656 prae
1030 2579 1264 2637 horrore
1294 2580 1560 2639 concidat
1588 2589 1648 2640 et
1665 2582 1773 2640 sub
1801 2582 2054 2658 pondere
2081 2581 2341 2639 moeroris
2368 2581 2536 2658 quasi
2562 2579 2827 2640 fatiscat:

422 2662 507 2720 sic
534 2660 690 2737 apud
720 2660 989 2737 Hippoc.,
1022 2658 1123 2735 qui
1149 2659 1211 2716 in
1238 2660 1440 2719 morbo
1466 2661 1670 2719 lethali
1697 2670 1834 2720 sunt
1863 2661 2160 2721 constituti
2189 2660 2442 2730 ἀόἧμονες
2471 2660 2742 2719 dicuntur
2767 2669 2828 2721 et

422 2740 699 2817 Xenoph.
751 2739 850 2797 lib.
901 2742 957 2813 4,
986 2738 1141 2814 hist„
1172 2738 1315 2799 dicit
1360 2741 1687 2809 ἀδημονῆσαι
1716 2743 1820 2805 τὰς
1850 2740 2063 2819 ψυχὰς
2089 2761 2192 2818 pro
2215 2742 2546 2817 qravissime
2583 2741 2725 2815 anyi
2767 2750 2829 2801 ct

420 2840 569 2900 pene
595 2840 713 2899 prae
762 2818 959 2878 dolore
988 2819 1343 2895 exanimari;
1373 2819 1528 2879 unde
1558 2821 1786 2879 Eustat.
1838 2821 2073 2881 deducit
2099 2842 2136 2879 a
2163 2840 2306 2880 voce
2336 2820 2462 2885 ἅδος
2489 2823 2734 2897 satietas,
2763 2829 2830 2881 ut

422 2902 500 2961 sit
526 2901 693 2980 quasi
733 2900 911 2959 nimia
950 2899 1215 2959 dolorum
1264 2901 1527 2962 satietate
1555 2900 1837 2975 fatiscere,
1868 2901 1980 2959 nisi
2018 2901 2188 2959 malis
2217 2902 2484 2971 ἀδημονεῖν
2519 2900 2674 2960 idem
2701 2920 2830 2961 esse

422 2982 580 3059 quod
606 2982 654 3038 ἐν
682 2983 787 3059 ἅδῃ
814 2981 991 3055 μένειν,
1036 3000 1105 3039 ea
1152 2980 1401 3040 tristitiae
1455 2982 1607 3040 mole
1651 2981 1882 3058 gravari
1909 2989 1974 3040 ut
2003 2980 2188 3039 videri
2217 2983 2406 3058 possis
2433 2980 2590 3059 apud
2615 2980 2831 3041 inferos

425 3082 462 3120 a
504 3080 617 3120 ere.

462 3082 683 3199 gVIII.
729 3144 785 3196 2.
818 3141 961 3198 Cum
1006 3141 1231 3199 tristitia
1260 3142 1425 3200 timor
1460 3142 1746 3219 jungitur,
1791 3141 1944 3201 Heb.
1985 3160 2043 3200 v.
2087 3145 2142 3215 7,
2173 3141 2273 3200 ubi
2315 3140 2528 3201 dicitur
2571 3142 2832 3201 Christus

420 3218 729 3279 exauditus
759 3221 867 3273 ἀπὸ
896 3222 991 3284 τῆς
1020 3221 1307 3285 εὐλαᾱείας
1334 3242 1373 3279 α
1404 3230 1547 3279 metu
1574 3230 1636 3281 et
1661 3223 1884 3297 timore,
1935 3220 2093 3298 quod
2119 3220 2237 3280 dici
2262 3240 2380 3280 non
2407 3230 2605 3298 posset
2631 3222 2744 3281 nisi
2771 3222 2829 3279 in

419 3300 532 3357 hoc
559 3316 745 3372 agone
764 3298 1109 3356 constitutus
1136 3307 1295 3357 metu
1322 3300 1517 3377 aliquo
1545 3301 1846 3378 perculsus
1873 3300 2095 3360 fuisset.
2140 3300 2290 3375 Quia
2310 3320 2448 3359 vero
2472 3301 2747 3359 Bellarm.
2771 3309 2830 3361 et

422 3374 616 3436 caeteri
642 3394 719 3433 ex
746 3374 947 3432 eadem
974 3378 1375 3437 communione
1424 3381 1704 3455 grandem
1747 3382 1908 3441 litem
1950 3380 2120 3439 nobis
2147 3381 2432 3439 intentant
2459 3380 2530 3438 de
2559 3388 2829 3457 corrupto

421 3466 481 3517 et
508 3455 714 3515 falsato
741 3455 852 3512 hoc
879 3454 1009 3513 loco
1036 3456 1202 3532 quasi
1230 3476 1527 3535 perperam
1576 3462 1863 3525 εὐλαᾱείας
1907 3480 2112 3519 vocem
2139 3480 2244 3537 per
2269 3468 2484 3519 metum
2511 3458 2828 3519 reddideri-

418 3556 565 3611 mus,
596 3556 727 3613 quoe
754 3534 945 3613 potius
974 3555 1075 3611 per
1100 3539 1473 3596 reverentiam
1500 3547 1559 3598 et
1581 3540 1846 3615 pietatem
1874 3539 2168 3599 reddenda
2195 3549 2334 3616 erat,
2364 3539 2522 3617 quod
2549 3538 2828 3617 imprimis

418 3620 565 3679 ursit
592 3616 766 3675 etiam
795 3616 1050 3675 Cotonus
1077 3616 1429 3695 plagiarius3
1474 3638 1585 3696 age
1627 3620 1928 3679 videamus
1969 3640 2142 3697 quam
2168 3620 2364 3697 inepta
2391 3629 2450 3679 et
2477 3618 2728 3679 absurda
2755 3619 2832 3678 sit

418 3707 542 3759 tota
568 3697 693 3755 haec
722 3696 1027 3771 accusatio,
1059 3696 1271 3774 quippe
1298 3706 1357 3756 et
1378 3700 1640 3775 apposite
1667 3719 1867 3759 vocem
1897 3700 2046 3757 hanc
2074 3720 2179 3778 per
2205 3708 2420 3761 metum
2449 3700 2614 3759 reddi
2641 3719 2829 3777 posse,

420 3800 528 3839 nec
554 3776 723 3837 aliter
748 3777 859 3835 hoc
886 3776 945 3833 in
973 3777 1103 3835 loco
1144 3776 1353 3836 debere
1400 3778 1703 3838 manifeste
1745 3780 2190 3839 demonstraturi
2219 3800 2436 3839 sumus.
2523 3780 2654 3839 Non
2681 3780 2832 3839 imus

422 3858 657 3937 quidem
684 3856 907 3915 inficias
934 3876 1137 3915 vocem
1168 3858 1456 3923 εὐλαῦείας
1484 3878 1896 3936 nonnunquam
1937 3878 2041 3935 pro
2069 3860 2300 3936 pietate,
2329 3859 2629 3937 religione,
2659 3880 2824 3919 reve·

419 3939 607 3999 rentia
633 3957 737 3996 seu
764 3946 922 3996 metu
948 3937 1330 4014 reverentiali,
1359 3947 1427 3998 ut
1454 3939 1565 4016 ipsi
1591 3940 1924 4016 loquuntur,
1956 3940 2123 4014 sumi,
2153 3939 2640 4016 quemadmodum
2667 3940 2834 3999 timor

422 4038 541 4079 non
566 4038 697 4076 raro
726 4025 909 4076 totum
940 4016 1053 4075 Dei
1079 4016 1298 4077 cultum
1325 4027 1505 4094 notat,
1537 4027 1710 4095 atque
1752 4039 1822 4078 eo
1855 4038 2030 4079 sensu
2053 4028 2380 4097 usurpatur,
2414 4020 2570 4078 Heb.
2599 4020 2702 4077 xii.
2732 4022 2828 4095 28,

424 4098 559 4157 inde
589 4098 763 4157 etiam
786 4096 857 4155 fit
882 4104 949 4156 ut
977 4096 1089 4155 viri
1114 4096 1197 4174 pii
1224 4106 1283 4155 et
1309 4097 1567 4175 religiosi
1595 4099 1864 4159 dicantur
1891 4100 2152 4175 εὐλαᾱεῖς,
2185 4100 2327 4159 Luc.
2355 4099 2437 4176 ii.,
2469 4098 2606 4159 Act.
2637 4098 2696 4175 ii,
2727 4100 2834 4159 sed

421 4198 595 4237 unam
640 4177 736 4235 vel
782 4177 1126 4254 praecipuam
1170 4176 1339 4237 istius
1386 4179 1548 4237 vocis
1592 4198 1720 4238 esse
1765 4178 2242 4255 significationem
2283 4198 2686 4258 pernegamus,
2717 4180 2834 4240 imo

422 4258 757 4335 primarium
785 4265 844 4315 et
870 4257 1043 4335 longe
1070 4256 1595 4335 frequentissimum
1638 4260 1766 4337 ejus
1799 4278 1968 4318 usum
1997 4278 2123 4317 esse
2150 4259 2546 4336 pertendimus
2573 4268 2640 4317 ut
2664 4260 2832 4319 timo·

422 4357 543 4396 rem
572 4334 875 4413 significet,
905 4346 1121 4396 metum
1150 4338 1371 4397 scilicet
1412 4338 1796 4416 impendentis
1835 4338 2081 4415 alicujus
2107 4339 2246 4397 mali
2273 4338 2432 4418 quod
2459 4340 2644 4397 vitare
2673 4350 2830 4417 opte-

424 4436 591 4489 mus;
634 4434 742 4473 nec
768 4415 926 4474 istud
952 4416 1215 4493 ignorare
1244 4428 1487 4495 possunt
1526 4418 1628 4497 qui
1672 4419 1876 4478 Graece
1903 4418 2126 4496 aliquid
2153 4420 2378 4497 sciunt3
2425 4419 2508 4478 sic
2539 4419 2832 4495 Phavori„

426 4494 684 4551 ιύλάζεια
748 4496 968 4565 φυλακὴ
1026 4497 1113 4552 ἐπὶ
1168 4501 1357 4571 κακοῦ,
1410 4500 1742 4557 ιύλαὲεἴσθαι
1792 4502 1912 4556 ἀντὶ
1959 4502 2050 4555 ros
2093 4500 2371 4574 φοζεῒσθαι.
2448 4498 2831 4577 Glossarium,

426 4574 665 4637 ιῦλαεὴς
684 4572 710 4624 ὁ
740 4572 907 4635 δειλός
923 4574 1187 4649 pavidus,
1220 4577 1554 4647 εὐλαῢοῦμαι
1583 4597 1865 4655 revereor,
1897 4597 2117 4653 vereor,
2142 4578 2406 4637 formido.
2439 4580 2834 4657 Etymologici

424 4651 623 4727 magni
648 4648 873 4723 author,
906 4653 1141 4716 εὐλαίὴς
1172 4655 1297 4717 τινὲς
1326 4677 1409 4711 τον
1436 4658 1600 4711 δειλὸν
1630 4662 1728 4713 νιιιιιι
1757 4659 1980 4715 δειλαῒον
2005 4658 2238 4735 quidam
2267 4660 2520 4718 timidum
2545 4668 2650 4717 aut
2669 4660 2833 4736 pavi-
