3234 5192
554 322 675 380 470
1116 336 1194 376 ns
1226 333 1702 377 sarrsrAcrroms
1731 334 1965 375 camsi-1
1995 334 2318 376 vamum.
2540 316 2803 397 [Disrur.
2834 338 2968 381 xiv.

557 500 731 559 quam
774 498 1019 557 sponsor
1042 487 1239 538 noster
1260 496 1390 555 quse
1416 494 1524 535 nos
1552 476 1872 536 eommeriti
1901 496 2146 553 eramus,
2175 496 2284 535 nos
2311 498 2346 535 a
2373 485 2556 537 morte
2585 486 2800 539 aeterna
2824 480 2972 539 libe-

556 568 727 636 raret,
776 568 834 619 et
860 559 1135 618 liberatos
1184 576 1355 635 porro
1398 556 1475 615 ad
1519 564 1748 617 aeternae
1787 558 1926 617 vitae
1959 558 2384 636 possessionem
2412 559 2772 637 perduceret,
2802 569 2862 620 et
2889 562 2974 620 ita

560 639 1012 701 cumulatissime
1033 638 1247 697 divinae
1272 636 1516 715 justitiae
1545 635 1922 696 satisfaceret.

645 720 756 780 IV.
803 720 979 778 Hunc
1021 738 1148 779 esse
1190 736 1423 777 sensum
1464 717 1692 794 phrasis
1733 718 1902 777 istius
1929 717 2112 777 multa
2139 717 2575 777 demonstrant:
2622 723 2673 778 1.
2721 718 2972 780 Ονᾱὶηα-

562 802 658 860 ria
714 809 767 859 et
803 798 1265 876 frequentissima
1290 817 1488 855 vocum
1542 797 1778 856 istarum
1832 795 2164 876 siymflcatt‘o
2185 820 2204 855 .-
2245 817 2382 855 nam
2427 807 2722 877 receptum
2779 808 2868 859 est
2909 801 2975 859 in

565 881 724 941 omni
750 879 955 957 lingua
980 887 1047 938 ut
1090 898 1223 937 cum
1250 876 1473 953 aliquid
1499 876 1711 955 aliquis
1750 877 1887 936 feeit
1913 887 2014 937 aut
2040 896 2248 955 passus
2275 885 2364 937 est
2395 878 2526 937 vice
2554 889 2655 937 aut
2682 880 2809 939 loco
2831 880 2976 940 alte-

563 961 703 1036 rius,
752 959 817 1017 id
859 978 963 1036 pro
1006 959 1110 1017 illo
1156 974 1365 1035 passus
1392 964 1493 1015 aut
1539 956 1744 1016 fecisse
1793 957 2050 1033 dicatur3
2093 956 2320 1035 profani
2361 958 2669 1035 scriptores
2699 959 2891 1018 Graeci
2917 968 2979 1019 et

567 1039 762 1099 Latini
788 1040 1005 1116 passim
1032 1038 1113 1096 ita
1138 1038 1472 1114 loquuntur,
1504 1036 1587 1095 sic
1617 1036 1879 1113 Euripid.
1909 1038 1970 1095 in
1999 1035 2223 1097 Alcest.
2253 1036 2586 1115 saepissime,
2614 1042 2806 1103 Μαι
2857 1046 2980 1121 teng

568 1128 690 1180 nean
711 1122 747 1153 “
766 1118 981 1177 morior
1008 1138 1111 1196 pro
1132 1125 1189 1176 te
1208 1117 1264 1194 ;''
1294 1119 1363 1193 μὲ
1379 1119 1556 1181 θῆαι
1578 1120 1697 1197 ὑπὲξ
1719 1114 1849 1175 τοῦδ’
1869 1114 2051 1199 ἇιόςὸς,
2073 1114 2172 1176 οὐδ’
2205 1118 2299 1189 ἔγὺ
2321 1122 2415 1198 arg}
2437 1124 2526 1178 σ-οῧ
2557 1121 2592 1152 “
2613 1140 2686 1178 ne
2713 1120 2979 1179 moriaris

566 1221 672 1279 pro
687 1201 801 1258 hoc
816 1199 1000 1275 vir0,”
1020 1199 1058 1257 i.
1078 1218 1129 1256 e.
1148 1217 1253 1275 pro
1274 1217 1367 1255 me
1384 1194 1649 1274 δμωαῖς,
1673 1200 1710 1230 “
1727 1218 1914 1277 neque
1943 1218 2054 1275 ego
2072 1218 2176 1275 pro
2195 1200 2306 1273 te,’'
2327 1218 2457 1275 quae
2474 1218 2590 1257 non
2608 1200 2777 1259 aliter
2803 1220 2978 1277 quam

568 1279 943 1341 substitutiva
980 1278 1361 1355 intelligenda
1386 1286 1789 1356 argumentum
1819 1277 2134 1354 tragoediae,
2157 1278 2359 1337 uxoris
2378 1278 2508 1337 loco
2525 1279 2718 1338 mariti
2737 1281 2980 1358 jamjam

566 1360 828 1419 morituri
856 1358 1170 1435 morientis,
1196 1358 1398 1435 docet;
1434 1359 1517 1417 sic
1548 1358 1848 1417 Demosth.
1877 1378 1983 1435 pro
2013 1358 2252 1433 Corona,
2285 1358 2506 1438 ignimur
2530 1366 2747 1436 τοῦτ-ους,
2774 1366 2984 1435 pino»

568 1438 613 1499 δ’
668 1442 763 1511 ἔγὸ
815 1438 941 1497 τοῦθ’
1003 1444 1123 1520 ὕει-ις
1164 1446 1268 1515 σοῦ,
1323 1439 1484 1497 “hos
1532 1438 1825 1515 interroga
1867 1438 1967 1496 vel
2012 1438 2206 1515 potius
2226 1438 2288 1496 id
2317 1439 2402 1497 tui
2429 1439 2557 1498 loco
2584 1440 2790 1498 faciam
2811 1442 2865 1500 :''
2897 1442 2982 1499 sic

570 1521 727 1599 apud
781 1518 1115 1578 Terentium
1160 1520 1195 1551 “
1224 1538 1328 1596 pro
1350 1518 1451 1577 illo
1478 1525 1537 1577 te
1586 1517 1810 1593 ducam,
1859 1537 1968 1594 ego
2017 1538 2121 1595 pro
2163 1526 2222 1576 te
2264 1519 2476 1577 molam
2497 1519 2555 1595 ;’'
2582 1520 2737 1597 apud
2766 1520 2982 1598 Virgil.

576 1604 611 1635 “
638 1619 819 1659 unum
863 1618 968 1677 pro
1006 1598 1205 1657 multis
1248 1598 1481 1656 dabitur
1510 1606 1683 1675 caput
1701 1598 1750 1673 ;’'
1781 1597 1937 1675 apud
1965 1598 2146 1657 Cicer.
2181 1600 2217 1631 “
2237 1618 2390 1657 unus
2420 1598 2561 1657 Cato
2591 1608 2680 1659 est
2707 1600 2847 1658 mihi
2874 1621 2982 1679 pro

573 1688 805 1740 centum
834 1678 1146 1737 millibus.’'
1230 1676 1411 1754 Apud
1438 1678 1708 1735 authores
1738 1696 1932 1736 sacros
1959 1678 2105 1735 nihil
2132 1678 2504 1755 frequentius,
2538 1680 2736 1739 David
2763 1680 2984 1739 deflens

575 1760 797 1820 obitum
832 1757 1139 1817 Absalomi
1180 1756 1304 1831 filii,
1346 1762 1380 1815 2
1409 1756 1563 1816 Sam.
1602 1756 1768 1817 xviii.
1813 1760 1909 1831 33,
1963 1760 2000 1791 ‘⁴
2023 1756 2306 1816 Absalom
2361 1758 2448 1817 fili
2499 1760 2580 1817 mi
2609 1760 2740 1837 quis
2767 1760 2986 1820 tribuat

572 1840 716 1898 mihi
741 1848 809 1899 ut
830 1838 1042 1897 moriar
1066 1858 1171 1916 pro
1200 1840 1311 1913 te,”
1338 1836 1377 1894 i.
1401 1857 1451 1897 e.
1468 1838 1692 1895 utinam
1719 1844 1902 1915 prote
1931 1845 1990 1897 et
2015 1837 2145 1896 loco
2161 1844 2264 1896 tuo
2291 1847 2554 1899 mortuus
2573 1860 2760 1899 essem
2784 1863 2799 1917 ;
2831 1840 2983 1900 Gen.

573 1920 741 1979 xlvii.
776 1922 868 1995 16,
905 1922 997 1993 17,
1044 1920 1080 1951 ‘⁴
1100 1915 1271 1976 Dixit
1296 1915 1339 1976 J
1344 1917 1538 1995 oseph,
1570 1916 1703 1977 date
1740 1936 1950 1995 pecora
1976 1925 2172 1977 vestra
2197 1926 2258 1977 et
2283 1917 2435 1979 dabo
2462 1919 2632 1978 vobis
2658 1920 2852 1980 cibum
2878 1940 2988 1998 pro

574 2000 881 2079 pecoribus
902 1998 1113 2057 vestris
1138 2000 1186 2073 ;”
1207 1995 1397 2055 Exod.
1426 1996 1507 2056 iv.
1542 2000 1634 2071 16,
1669 2000 1705 2031 ‘⁴
1725 1997 2077 2074 Alloquetur
2101 1997 2226 2075 ipse
2254 2018 2357 2077 pro
2385 2006 2444 2057 te
2463 2000 2740 2077 populum
2767 2008 2833 2060 ut
2859 2000 2985 2077 ipse

578 2082 655 2141 sit
682 2080 789 2139 tibi
818 2078 948 2137 vice
976 2078 1111 2153 orie,
1141 2084 1207 2137 tu
1234 2097 1373 2137 vero
1404 2078 1483 2136 sis
1505 2077 1560 2137 ei
1586 2078 1716 2137 vice
1747 2078 1858 2136 Dei
1881 2078 1934 2155 ;’'
1966 2078 2139 2137 Num.
2167 2078 2292 2137 viii.
2327 2082 2418 2155 16,
2453 2082 2488 2113 “
2509 2079 2747 2139 Levites
2773 2080 2988 2139 dicitur

579 2151 743 2219 Deus
764 2158 877 2219 sibi
894 2158 1275 2236 assumpsisse
1302 2178 1406 2235 pro
1424 2158 1580 2217 omni
1609 2158 1900 2235 aperiente
1917 2158 2156 2217 vulvam
2179 2158 2232 2235 ;'’
2263 2156 2371 2218 διο.
2403 2160 2498 2218 Ita
2515 2159 2574 2217 in
2599 2160 2673 2219 N.
2699 2160 2787 2236 Τ.,
2813 2160 2984 2219 Rom.

574 2241 658 2299 ix.
710 2244 766 2315 3,
813 2239 1031 2298 Paulus
1078 2246 1241 2315 optat
1286 2239 1413 2297 fieri
1438 2238 1658 2313 ἀκέσιμα
1701 2241 1820 2318 ὕοι-ἐς
1859 2260 1952 2297 τω
1977 2236 2218 2313 acmen,
2247 2258 2366 2297 non
2413 2246 2638 2299 tantum
2675 2240 2736 2297 in
2759 2260 2985 2301 „eorum

580 2319 844 2397 gratiam,
897 2318 1002 2377 sed
1041 2318 1169 2376 vice
1214 2326 1273 2376 et
1299 2319 1429 2376 loco
1456 2318 1649 2395 utqui
1687 2320 1867 2377 exitio
1909 2338 2014 2378 suo
2042 2319 2282 2378 fratrum
2320 2318 2662 2379 Judaeorum
2705 2320 2986 2380 redimere

580 2397 760 2457 vellet
788 2397 1046 2471 salutem,
1094 2396 1379 2472 siquidem
1419 2398 1543 2455 fieri
1570 2406 1769 2476 posset
1795 2406 1854 2457 et
1902 2400 2030 2457 Deo
2073 2399 2156 2457 ita
2195 2399 2436 2475 luberet,
2481 2400 2608 2458 haec
2657 2400 2809 2459 enim
2849 2410 2990 2459 vota

582 2476 977 2537 conditionata
1004 2483 1140 2533 sunt
1164 2495 1283 2533 non
1310 2476 1593 2550 absoluta,
1616 2485 1750 2535 utut
1770 2477 2024 2537 conditio
2041 2498 2268 2557 semper
2308 2500 2427 2538 non
2453 2480 2824 2557 exprimatur,
2855 2500 2986 2558 quae

581 2577 698 2616 non
726 2554 981 2614 inferunt
1018 2555 1213 2613 statim
1242 2554 1378 2614 facti
1418 2556 1880 2634 possibilitatem,
1931 2557 2035 2616 sed
2061 2559 2380 2636 petentium
2397 2560 2629 2619 demum
2657 2561 2989 2639 exprimunt

580 2638 772 2697 zelum
792 2643 853 2695 et
868 2634 1165 2712 ardorem3
1196 2634 1281 2694 sic
1299 2640 1335 2693 2
1360 2636 1491 2695 Cor.
1510 2657 1569 2696 v.
1600 2639 1696 2712 20,
1721 2636 1991 2697 dicuntur
2019 2636 2290 2715 Apostoli
2321 2640 2663 2718 “legatione
2679 2640 2846 2718 fungi
2867 2643 2988 2721 faa-ig

582 2717 854 2799 Xgeero‘i‘ess'
905 2716 945 2775 i.
968 2735 1019 2775 e.
1064 2736 1181 2775 non
1208 2723 1433 2775 tantum
1459 2716 1702 2780 nomine,
1731 2725 1789 2776 et
1837 2717 2142 2777 autoritate
2173 2720 2403 2796 Christi,
2436 2719 2539 2779 sed
2565 2720 2748 2798 ipsius
2775 2721 2901 2781 vice
2931 2731 2992 2780 et

579 2800 727 2875 loc0,
776 2801 813 2832 “
834 2817 903 2856 ac
950 2797 1001 2855 si
1040 2796 1201 2856 Deus
1226 2797 1555 2857 hortaretur
1578 2816 1684 2875 per
1725 2800 1887 2874 nos,''
1917 2798 2122 2875 inquit.
2170 2800 2452 2877 Denique,
2481 2820 2556 2859 ne
2583 2801 2750 2879 plura
2777 2820 2988 2878 conge-

580 2898 793 2957 ramuS,
843 2878 1013 2937 Rom.
1060 2898 1117 2936 v.
1169 2882 1224 2953 7,
1274 2878 1435 2935 “vix
1479 2898 1581 2955 pro
1623 2879 1786 2955 justo
1825 2878 1956 2956 quis
1997 2878 2327 2957 moriatur,’'
2358 2877 2486 2957 «ᾖα,
2517 2901 2636 2940 non
2661 2882 2723 2938 in
2745 2881 2990 2959 gratiam

580 2960 867 3020 duntaxat
885 2958 1049 3036 justi,
1074 2957 1180 3017 sed
1195 2957 1322 3035 ejus
1343 2957 1488 3034 1000,
1512 2967 1579 3017 ut
1606 2959 1752 3017 bene
1771 2958 1964 3017 reddit
1987 2959 2169 3035 Syrus
2195 2980 2300 3037 per
2314 2980 2518 3020 vocem
2549 2958 2650 3033 η’πη
2680 2980 2808 3038 quae
2837 2980 2994 3019 com-

582 3041 961 3099 mutationem
989 3046 1169 3099 notat.
1254 3038 1350 3095 Ex
1392 3038 1485 3097 his
1528 3059 1668 3112 vero
1697 3047 1755 3099 et
1775 3039 1906 3098 aliis
1932 3058 2050 3097 non
2075 3041 2278 3117 paucis
2303 3040 2448 3099 locis
2475 3041 2801 3101 istiusmodi
2829 3041 2992 3100 colli-

583 3121 777 3196 gimus
802 3120 1117 3177 solemnem
1146 3137 1273 3177 esse
1296 3126 1355 3176 et
1380 3118 1580 3177 tritum
1618 3120 1680 3177 in
1711 3120 1867 3178 omni
1893 3120 2098 3196 lingua
2123 3140 2293 3179 usum
2319 3120 2476 3179 hunc
2503 3121 2742 3181 istarum
2769 3140 2992 3199 praepo-

586 3199 859 3258 sitionum
889 3216 924 3255 a
950 3218 1067 3273 quo
1093 3198 1363 3256 recedere
1388 3198 1593 3275 religio
1623 3198 1790 3258 nobis
1811 3219 1940 3259 esse
1967 3199 2142 3259 debet
2167 3220 2346 3277 quum
2374 3201 2518 3258 nihil
2535 3220 2643 3259 nos
2671 3201 2846 3279 cogit,
2875 3202 2996 3260 imo

584 3278 771 3335 multa
798 3296 867 3333 eo
895 3296 1003 3335 nos
1024 3277 1454 3336 evidentissime
1482 3279 1895 3338 manuducunt.

666 3356 746 3414 V.
790 3355 941 3413 Nam
996 3364 1056 3414 et
1080 3355 1245 3431 illud,
1278 3360 1333 3414 2.
1378 3356 1666 3415 evincitur
1703 3359 2020 3418 certissime
2063 3380 2137 3418 ex
2177 3360 2578 3439 proepoaitione
2622 3366 2732 3420 ain)
2771 3380 2902 3439 quae
2931 3360 2996 3419 in

584 3437 699 3495 hoe
726 3443 1069 3512 argumento
1086 3434 1260 3493 etiam
1282 3435 1604 3511 adhibetur,
1639 3437 1848 3497 Matth.
1879 3459 1982 3497 xx.
2013 3442 2108 3516 28,
2141 3441 2351 3500 dicitur
2377 3440 2607 3500 venisse
2637 3442 2901 3501 Christus
2926 3448 2998 3499 ut

587 3518 753 3576 daret
780 3514 1030 3575 animam
1058 3534 1219 3573 suam
1251 3512 1425 3596 λῦτςοι
1452 3520 1562 3575 αντὶ
1602 3520 1830 3593 πολλῶν,
1860 3525 1920 3578 et
1947 3520 2130 3579 Marc.
2161 3542 2220 3579 x.
2270 3524 2368 3581 45.
2427 3520 2574 3581 Haeo
2594 3522 2806 3599 quippe
2836 3540 2995 3580 eom-

590 3595 933 3657 munissime
961 3602 1021 3655 et
1046 3594 1297 3654 maxime
1326 3596 1553 3673 proprie
1583 3597 2054 3658 substitutionem
2081 3610 2140 3660 et
2173 3602 2678 3661 commutationem
2707 3602 2994 3679 designat,

588 3686 657 3739 ut
702 3677 867 3753 Disp.
896 3674 1142 3753 praeced.
1172 3674 1281 3735 Th.
1320 3677 1485 3734 xxvi.
1510 3677 1634 3755 jam
1683 3679 2073 3755 probavimus,
2115 3689 2177 3740 et
2211 3682 2560 3741 luculentius
2609 3702 2685 3741 ex
2711 3681 2855 3741 locis
2905 3700 2996 3740 se-

590 3758 903 3836 quentibus
951 3756 1331 3815 demonstrari
1358 3764 1587 3835 potest3
1620 3758 1703 3817 sic
1756 3761 1784 3816 1
1821 3760 1950 3819 Cor.
1981 3762 2064 3820 xi.
2099 3763 2191 3837 15,
2239 3764 2275 3795 “
2300 3761 2514 3821 Coma*
2546 3762 2758 3834 dicitur
2805 3760 2998 3821 “data

588 3836 815 3897 mulieri
832 3840 941 3895 ὀπὶ
976 3837 1296 3916 πιςιβολαῶυ
1311 3838 1351 3895 i.
1382 3858 1432 3896 e.
1466 3839 1502 3871 “
1520 3839 1834 3899 velamenti
1859 3842 2050 3918 loce,''
2082 3842 2224 3902 Luc.
2243 3843 2324 3900 xi.
2353 3845 2444 3917 11,
2473 3868 2544 3918 μη
2571 3848 2676 3900 ἀντι
2705 3840 2869 3919 ἰχθῦος
2890 3839 3004 3912 ’ἔφη

590 3916 807 3977 ἐπιδόσει
857 3920 995 3993 αὐτῇ
1044 3919 1079 3950 “
1102 3936 1173 3974 an
1218 3917 1349 3976 loco
1396 3918 1573 3995 piscis
1619 3918 1782 3979 dabit
1827 3920 1916 3978 illi
1959 3929 2282 3999 serpentem
2307 3926 2355 3982 θ’
2401 3922 2486 3981 sic
2533 3924 2701 3981 Rom.
2745 3923 2846 3980 xii.
2897 3926 2994 3997 17,

594 3999 806 4058 Matth.
826 4018 883 4057 v.
904 4000 1001 4069 38,
1026 3994 1132 4056 81⁶.
1166 3996 1538 4057 Potissimum
1552 4018 1692 4059 vero
1713 4020 1846 4059 cum
1865 4000 1940 4058 de
1956 4001 2218 4080 personis
2239 4002 2432 4079 agitur
2459 4002 2748 4081 significat
2775 4022 2846 4061 ea
2863 4022 2998 4081 par·

588 4078 769 4138 ticula
789 4078 1036 4137 alterum
1055 4078 1403 4137 successisse
1420 4078 1481 4136 in
1498 4079 1736 4138 alterius
1753 4081 1944 4139 locum
1967 4090 2048 4157 ut,
2073 4082 2284 4142 Matth.
2304 4082 2364 4140 ii.
2388 4088 2484 4160 22,
2507 4083 2833 4142 Archelaus
2849 4082 2998 4141 dici-

589 4168 685 4220 tur
706 4178 979 4235 regnasse
996 4162 1105 4216 ἆντὶ
1124 4156 1341 4239 Ἠςόδου
1361 4185 1449 4218 του
1466 4164 1652 4241 κατεὶς
1669 4164 1822 4218 αὐτου
1847 4162 2027 4220 “loco
2053 4162 2305 4221 Herodis
2322 4164 2503 4240 patris
2525 4163 2614 4221 sui
2635 4164 2759 4239 ;'’et
2781 4163 2998 4222 Matth.

590 4240 735 4299 xvii.
767 4244 863 4315 27,
889 4239 1128 4315 jubetur
1151 4242 1187 4272 ‘⁴
1212 4240 1421 4299 Petrus
1434 4241 1571 4299 dare
1600 4249 1872 4300 staterem
1892 4261 1996 4319 pro
2025 4262 2086 4301 se
2108 4251 2168 4301 et
2185 4242 2474 4319 Christ0,'’
2505 4248 2614 4302 αντὶ
2632 4250 2748 4319 :pc-‘23
2772 4248 2862 4302 καὶ
2889 4250 2998 4319 nv,

590 4340 779 4397 neque
820 4320 989 4378 aliter
1028 4318 1184 4397 apud
1220 4321 1549 4398 prophanos
1606 4322 1912 4400 scriptores
1953 4323 2015 4387 εἰς
2057 4322 2168 4382 ἀντὶ
2207 4328 2412 4382 πολλῶ
2451 4324 2664 4383 dicitur
2689 4344 2841 4383 unus
2867 4324 3001 4382 loco

589 4401 903 4458 multorum
926 4420 941 4471 3
970 4420 1101 4477 quae
1127 4408 1247 4461 tam
1276 4402 1433 4459 clara
1460 4410 1595 4461 sunt
1620 4410 1688 4461 ut
1715 4403 1876 4463 nulla
1903 4404 2217 4481 sophistica
2241 4406 2466 4483 possint
2481 4404 2657 4464 eludi.
2689 4405 2837 4463 Nam
2867 4422 3004 4480 quae

592 4478 934 4536 Adversarii
980 4478 1196 4558 effugia
1242 4481 1339 4539 hic
1383 4490 1617 4559 captant
1664 4492 1730 4543 ut
1757 4482 1920 4542 vocis
1947 4485 2116 4544 istius
2145 4485 2370 4562 pondus
2399 4486 2646 4559 elevent,
2676 4485 2834 4543 levia
2861 4494 3004 4544 sunt
3115 4530 3125 4533 -

590 4555 904 4615 admodum
924 4566 983 4616 et
1004 4560 1339 4637 straminea'3
1366 4561 1537 4621 Crell.
1562 4571 1763 4622 contra
1781 4564 1947 4624 Grot.
1965 4566 2272 4643 pertendit,
2297 4568 2373 4624 1⁰.
2398 4563 2748 4624 Particulam
2767 4564 2878 4624 aine*
2895 4584 3004 4642 pro

591 4638 709 4716 ὗπίς
738 4644 797 4695 ct
822 4634 955 4694 ἕνεκα
984 4638 1193 4714 simpli.
1222 4640 1362 4717 poni
1388 4660 1541 4718 saepe
1570 4662 1646 4701 ex
1679 4644 2016 4703 Doctior-um
2035 4646 2336 4721 sententia,
2363 4653 2426 4704 ut
2449 4646 2588 4704 Luc.
2613 4646 2652 4704 i.
2676 4648 2773 4723 20,
2797 4655 2856 4705 et
2873 4646 3004 4703 xix.
