3234 5192
511 321 625 377 352
1548 330 1624 370 ur:
1657 327 1887 370 MAxxA.
2501 311 2756 394 [msrr'r.
2791 331 2922 372 vm.

506 477 637 549 sint,
670 475 959 553 potuerint
987 483 1177 532 tamen
1208 473 1331 531 sine
1360 475 1487 550 ejus
1515 472 1846 550 cognitione
1885 471 2130 530 salutem
2159 473 2452 550 consequi.
2537 475 2658 532 Nec
2687 475 2921 532 difficile

502 555 665 629 foret,
698 557 747 614 si
794 557 857 614 id
888 575 1039 613 nunc
1088 575 1406 631 ageremus,
1460 555 1698 630 impium
1746 554 1920 612 istum
1949 571 2198 610 errorem
2228 554 2403 610 variis
2431 555 2752 612 rationibus
2779 575 2917 612 con-

502 635 775 712 fundere;
824 637 971 694 Nam
1002 636 1052 693 si
1075 635 1337 693 Christus
1364 634 1599 711 ignotus
1628 635 1736 692 fuit
1763 633 2041 711 patribuS,
2065 633 2354 709 quomodo
2385 632 2680 692 Abraham
2709 635 2924 693 dicitur

508 719 812 792 gestivisse
843 716 994 774 diem
1024 716 1149 791 ejus
1176 714 1392 788 videre,
1424 734 1670 790 eumque
1699 715 1916 772 vidisse
1939 723 1996 771 et
2025 713 2265 790 gavisus
2299 733 2442 788 esse,
2469 715 2512 773 J
2515 716 2607 774 oh.
2649 716 2773 773 viii.
2795 718 2870 773 56
2889 719 2920 774 ?

511 797 620 854 Vel
646 797 841 854 Moses
866 794 1191 872 praetulisse
1220 803 1483 852 narratur
1510 794 1882 870 opprobrium
1913 794 2125 853 Christi
2155 795 2315 871 gazis
2339 795 2727 872 AEgyptiacis,
2762 796 2918 856 Heb.

506 876 587 933 xi.
620 879 743 934 26?
819 875 939 933 Vel
983 878 1019 906 ‘⁶
1046 875 1246 932 Patres
1276 875 1335 930 in
1376 874 1490 930 fide
1514 875 1783 949 mortui,”
1807 883 2196 933 memorantur
2217 875 2290 932 ab
2313 875 2617 952 Apost010,
2652 876 2803 935 Heb.
2837 879 2920 936 xi.

504 975 633 1030 quas
656 975 771 1012 non
789 955 949 1012 aliud
970 962 1161 1030 potest
1178 954 1389 1011 habere
1408 953 1862 1027 fundamentum,
1885 974 2056 1030 quam
2079 955 2387 1030 Christum,
2418 965 2485 1014 ut
2513 958 2589 1016 sit
2611 957 2918 1016 salutaris?

506 1034 623 1092 Vel
652 1034 931 1092 Israelitae
974 1041 1217 1110 possunt
1260 1033 1374 1090 dici
1410 1033 1599 1096 edisse
1629 1043 1686 1091 et
1707 1033 1923 1092 bibisse
1954 1033 2244 1093 Christum
2266 1035 2326 1093 in
2349 1036 2594 1112 desertO,
2619 1038 2755 1096 dum
2785 1039 2920 1098 ede-

507 1115 647 1172 bant
677 1122 734 1172 et
762 1113 1039 1172 bibebant
1066 1113 1257 1171 cibum
1286 1121 1345 1171 et
1372 1122 1572 1189 potum
1602 1114 1975 1191 spiritualem,
2008 1115 2105 1191 qui
2137 1133 2267 1172 eum
2297 1115 2660 1192 significabat
2678 1120 2707 1176 Ρ

590 1194 851 1252 XXIX.
899 1194 1138 1267 Rursus,
1176 1193 1237 1252 Si
1266 1192 1501 1270 ignotus
1540 1194 1649 1253 fuit
1679 1193 1942 1252 Christus
1991 1194 2098 1252 sub
2128 1194 2327 1253 Veteri
2356 1196 2758 1274 Testament03
2803 1198 2924 1257 Vel

508 1274 643 1334 inde
666 1275 748 1351 fit,
773 1274 929 1353 quod
950 1274 1094 1332 nihil
1124 1274 1195 1332 de
1225 1293 1293 1332 eo
1327 1274 1597 1334 Patribus
1627 1274 1944 1333 revelatum
1973 1273 2170 1350 fuerit3
2205 1274 2301 1333 vel
2330 1277 2487 1352 quod
2508 1279 2921 1338 revelationem

510 1356 623 1415 sibi
678 1357 887 1416 factam
935 1355 1097 1414 nullo
1146 1354 1317 1412 modo
1363 1353 1775 1413 intellexerint.
1851 1353 2018 1411 Prius
2066 1353 2182 1412 dici
2210 1375 2326 1412 non
2373 1367 2581 1433 potest,
2615 1379 2742 1418 cum
2792 1359 2920 1418 infi-

508 1438 631 1496 nita
686 1445 885 1497 extent
924 1437 982 1494 in
1039 1434 1241 1493 Veteri
1286 1434 1658 1494 Testamento
1706 1434 2035 1491 testimonia
2081 1434 2153 1493 de
2205 1436 2462 1496 Persona
2517 1440 2731 1499 Christi
2761 1452 2924 1498 Θιαν-

510 1518 715 1599 θςόπου,
762 1518 835 1576 de
862 1517 989 1594 ejus
1016 1515 1253 1588 naturis,
1286 1513 1507 1589 officiis,
1538 1523 1597 1572 et
1618 1513 1929 1582 beneficiis,
1955 1513 2026 1570 de
2057 1514 2272 1589 duplici
2301 1523 2472 1591 statu,
2506 1519 2924 1580 humiliationis

510 1612 569 1656 et
597 1596 980 1669 exaltationis,
1012 1594 1296 1670 passionis
1324 1601 1383 1650 et
1411 1592 1631 1668 glorias.
1718 1591 1886 1647 Alias
1914 1611 2020 1648 nec
2051 1593 2327 1666 ChristuS,
2360 1615 2468 1654 nec
2499 1599 2788 1676 Apostoli,
2819 1621 2923 1678 po-

509 1676 757 1734 tuissent
784 1675 1024 1751 probare
1054 1671 1330 1746 mysteria
1358 1671 1718 1746 Evangelica
1755 1689 1830 1726 ex
1861 1669 2028 1725 Mose
2057 1678 2116 1726 et
2166 1671 2492 1748 ProphetiS‚
2524 1680 2682 1752 quod
2726 1689 2922 1740 tamen

508 1755 720 1832 passim
754 1755 827 1810 ab
876 1751 1015 1827 ipsis
1062 1750 1278 1808 factum
1321 1749 1587 1824 legimus,
1646 1750 1782 1804 Luc.
1814 1747 1977 1803 xxiv.
2010 1749 2105 1820 26,
2136 1751 2230 1822 27,
2263 1753 2359 1823 44,
2411 1752 2552 1812 Joh.
2605 1777 2662 1815 v.
2695 1763 2790 1834 39,
2823 1764 2922 1838 46,

511 1833 649 1891 Act.
679 1832 843 1889 xviii.
875 1833 970 1904 28,
1002 1837 1061 1887 et
1104 1829 1269 1886 xxvi.
1320 1831 1415 1902 22,
1470 1832 1565 1903 23,
1602 1831 1632 1885 1
1669 1827 1792 1884 Pet.
1835 1825 1874 1882 i.
1910 1829 2000 1898 11,
2035 1826 2187 1884 Heb.
2237 1847 2296 1885 x·
2329 1831 2383 1904 5,
2431 1833 2484 1904 6,
2519 1836 2573 1906 7,
2605 1845 2664 1894 et
2691 1839 2832 1896 alibi
2860 1841 2926 1899 in

512 1913 680 1972 Novo
710 1912 1119 1970 Testamento:
1164 1909 1343 1986 Cujus
1388 1909 1575 1966 omnis
1604 1904 1924 1966 authoritas
1967 1905 2132 1983 perit,
2165 1906 2214 1965 si
2261 1927 2389 1984 quae
2437 1909 2500 1966 in
2529 1912 2629 1970 illo
2679 1935 2754 1972 ex
2785 1918 2921 1978 Vet.

511 1994 667 2051 Test.
700 1991 1061 2069 proferuntur
1088 1986 1163 2046 ad
1189 1987 1543 2065 probandam
1562 1986 1926 2045 divinitatem
1952 1987 2199 2063 Messias,
2221 1997 2278 2047 et
2305 1989 2432 2066 ejus
2451 1989 2920 2072 satisfactionem,

509 2073 719 2132 frustra
748 2081 805 2131 ct
846 2070 991 2128 falso
1035 2068 1377 2146 allegantur.
1464 2069 1595 2127 Non
1644 2069 1818 2127 etiam
1861 2069 2164 2146 posteriue,
2211 2068 2347 2146 quia
2390 2079 2722 2146 sequeretur
2766 2073 2918 2150 inde,

510 2173 735 2213 omnem
766 2152 924 2210 illam
952 2149 1380 2224 revelationem,
1412 2149 1529 2207 illis
1551 2150 1781 2226 penitus
1803 2149 2064 2208 inutilem
2087 2149 2281 2224 fuisse,
2306 2157 2364 2208 et
2391 2150 2601 2210 frustra
2629 2151 2919 2212 Christum

510 2233 849 2292 amandasse
877 2231 921 2290 J
924 2231 1121 2288 udaeos
1148 2229 1225 2287 ad
1259 2230 1583 2307 Scripturas
1610 2230 1889 2306 legendas
1917 2239 1976 2288 et
1997 2231 2370 2308 scrutandas3
2415 2231 2569 2306 Quid
2597 2233 2746 2291 enim
2775 2253 2919 2309 opus

510 2313 620 2371 fuit
648 2313 786 2370 talia
814 2311 955 2388 ipsis
982 2311 1260 2386 mysteria
1288 2310 1549 2384 revelari,
1582 2310 1630 2367 si
1673 2312 1794 2366 haec
1823 2309 1898 2366 ad
1927 2310 2082 2385 ipsos
2131 2331 2248 2369 non
2277 2312 2642 2389 pertinebant
2661 2316 2690 2372 Ρ
2771 2313 2922 2387 Quid

509 2411 656 2468 opus
684 2391 793 2449 fuit
820 2391 1036 2448 sanetis
1068 2389 1180 2448 Dei
1208 2389 1351 2448 viris
1378 2389 1579 2447 sedulo
1608 2389 1978 2465 inquisivisse
2023 2390 2082 2446 iu
2113 2399 2339 2466 tempus
2367 2412 2556 2450 rerum
2585 2392 2924 2470 futurarum,

511 2492 641 2548 quae
662 2471 823 2528 nullo
852 2470 1024 2528 modo
1054 2470 1128 2528 ad
1157 2489 1217 2528 se
1246 2470 1599 2547 pertinerent
1617 2471 1646 2526 Ρ
1730 2468 1826 2526 An
1873 2487 1986 2526 non
2031 2469 2387 2546 singulorum
2437 2473 2663 2548 piorum
2695 2473 2926 2532 Veteris

512 2550 865 2610 Testamenti
896 2559 1018 2610 erat
1071 2550 1359 2627 inquirere
1414 2551 1473 2607 in
1502 2548 1780 2607 rationem
1839 2547 2042 2606 salutis
2097 2549 2424 2608 obtinendae
2481 2559 2538 2609 et
2566 2551 2925 2612 declinandae

510 2652 696 2710 poenoe
726 2640 954 2692 aetemae
974 2635 1003 2689 Ρ
1086 2631 1207 2689 Nec
1229 2630 1323 2689 hic
1346 2629 1655 2688 dicendum
1685 2649 1758 2686 ex
1791 2629 1962 2687 Petro
1991 2629 2176 2705 capite
2207 2629 2242 2688 i.
2271 2634 2357 2703 1³,
2389 2651 2510 2689 ver.
2536 2636 2626 2707 12,
2653 2653 2722 2690 ea
2765 2634 2925 2710 ipsos

512 2713 961 2787 administrasse,
996 2714 1032 2744 “
1054 2731 1169 2769 non
1200 2711 1310 2769 sibi
1340 2710 1443 2768 sed
1469 2709 1638 2766 nobis
1663 2710 1717 2768 :’'
1765 2709 1912 2784 Quia
1948 2716 2148 2767 notum
2196 2719 2286 2768 est
2317 2711 2552 2769 Petrum
2601 2731 2718 2770 non
2765 2714 2925 2790 loqui

512 2796 585 2854 de
614 2794 920 2871 coquitione
962 2811 1150 2850 rerum
1179 2791 1579 2864 revelatarum,
1606 2789 1773 2865 quasi
1803 2789 1876 2847 ad
1903 2809 2003 2847 eos
2030 2809 2146 2847 non
2177 2791 2465 2867 spectarit,
2498 2791 2602 2850 sed
2629 2792 2701 2851 de
2731 2813 2924 2852 earum

514 2879 907 2953 complemento
936 2882 995 2933 et
1022 2873 1355 2948 executione,
1388 2890 1503 2947 quo
1530 2870 1807 2946 temporis
1829 2869 2070 2928 articulo
2093 2869 2314 2929 scilicet
2347 2871 2594 2948 Spiritus
2624 2873 2927 2951 Propheti-

514 2977 617 3016 cus
648 2956 877 3029 Christi,
909 2955 1010 3032 qui
1038 2954 1097 3012 in
1128 2953 1269 3030 ipsis
1296 2960 1436 3027 erat,
1468 2949 1786 3008 declararet
1813 2958 2120 3008 eventuras
2167 2950 2396 3010 Christo
2442 2953 2842 3030 perpessiones
2869 2963 2930 3013 et

514 3037 758 3114 gloriam
786 3036 916 3092 illas
946 3041 1427 3110 consequuturam
1456 3055 1469 3091 :
1515 3031 1648 3089 Non
1704 3050 1843 3108 ergo
1874 3029 2298 3108 inquisiverunt
2351 3031 2411 3088 in
2460 3052 2581 3090 rem
2610 3034 2792 3110 ipsam
2823 3053 2929 3093 ceu

518 3116 751 3173 dubiam
781 3123 839 3172 et
867 3115 1161 3186 incertam,
1194 3113 1463 3171 nimirum
1492 3111 1738 3170 salutem
1787 3111 2115 3170 hominibus
2165 3111 2544 3170 obventuram
2571 3133 2675 3190 per
2717 3115 2928 3173 Christi

516 3193 915 3268 perpessiones
944 3203 1001 3250 et
1030 3193 1289 3268 gloriam,
1322 3192 1425 3250 sed
1452 3199 1678 3250 tantum
1705 3192 1766 3249 in
1795 3199 2022 3268 tempus
2059 3211 2174 3269 quo
2203 3191 2466 3250 Christus
2495 3202 2618 3251 erat
2659 3213 2934 3271 passurus

518 3283 577 3327 et
606 3270 1049 3345 glorificandus3
1098 3271 1216 3328 Sed
1242 3271 1351 3328 hoc
1380 3281 1602 3329 tantum
1633 3271 1815 3344 abest,
1847 3280 1910 3329 ut
1959 3271 2098 3348 ipsis
2127 3271 2375 3350 deneget
2413 3273 2799 3349 cognitionem
2827 3274 2933 3332 ali-

520 3367 691 3423 quam
722 3367 911 3405 rerum
960 3349 1199 3406 istarum
1244 3350 1646 3420 revelatarum,
1699 3359 1765 3408 ut
1811 3353 2135 3410 necessario
2185 3352 2342 3410 illam
2373 3362 2673 3430 supponat,
2727 3355 2930 3413 saltem

520 3426 727 3503 quoad.
740 3427 1138 3501 substantiam,
1167 3428 1304 3486 licet
1331 3447 1447 3486 uon
1476 3429 1670 3505 quoad
1714 3427 1958 3506 gradum
1987 3438 2044 3487 ct
2081 3431 2555 3508 circumstantias,
2607 3453 2736 3510 quae
2765 3435 2934 3494 nobis

522 3507 674 3565 clare
701 3505 1016 3582 patefiunt;
1062 3507 1463 3565 reservabatur
1490 3507 1724 3584 quidem
1755 3527 1950 3566 earum
1979 3510 2260 3569 exhibitio
2282 3512 2342 3570 in
2374 3514 2584 3573 saecula
2611 3513 2783 3591 longe
2813 3514 2929 3572 dis-

522 3587 633 3648 sita
657 3609 671 3646 :
714 3585 933 3645 fructus
962 3595 1153 3644 tamen
1182 3585 1315 3644 inde
1346 3587 1597 3645 secuturi
1626 3607 1788 3664 aeque
1817 3588 1893 3645 ad
1930 3589 2104 3664 ipsos,
2135 3609 2202 3649 ac
2231 3591 2306 3649 ad
2334 3612 2440 3652 nos
2467 3595 2846 3671 pertinebant.

604 3667 828 3727 XXX.
878 3667 1009 3726 Hoc
1063 3686 1201 3724 vero
1230 3665 1473 3724 ulterius
1500 3685 1577 3724 ex
1627 3687 1695 3725 eo
1753 3667 1966 3726 invicte
1997 3669 2326 3746 colligitur3
2373 3673 2540 3747 Quod
2590 3674 2638 3733 si
2669 3674 2934 3734 Christus

525 3749 795 3810 Patribus
824 3748 1091 3826 cognitus
1120 3766 1236 3805 non
1262 3745 1387 3821 fuit,
1419 3766 1525 3805 nec
1540 3747 1880 3823 justificatio
1909 3767 2016 3806 nec
2045 3750 2202 3807 salus
2231 3754 2418 3827 potuit
2445 3753 2562 3812 illis
2611 3754 2930 3832 obtingere,

523 3831 661 3909 quia
686 3837 929 3907 utraque
960 3829 1083 3886 sine
1113 3827 1441 3903 cognitione
1473 3827 1684 3886 Christi
1715 3827 1916 3886 haberi
1943 3831 2160 3906 nequit,
2213 3832 2248 3863 “
2270 3831 2314 3890 J
2319 3832 2630 3892 ustificabit
2655 3837 2932 3907 multOS,’'

522 3911 727 3988 inquit,
764 3910 877 3968 Isa.
907 3909 1010 3967 liii.
1062 3911 1151 3980 ll,
1182 3910 1216 3940 “
1240 3906 1329 3965 sui
1358 3907 1624 3983 notitia,''
1657 3916 1714 3966 et
1737 3908 2000 3968 Christus
2030 3909 2347 3970 manifestis
2379 3913 2587 3988 verbis,
2613 3914 2656 3973 J
2661 3915 2752 3972 oh.
2785 3915 2930 3973 xvii.

524 3995 578 4066 3,
642 3990 901 4049 “Vitam
956 3997 1227 4047 aeternam
1282 3987 1343 4044 in
1386 3987 1718 4063 cognitione
1773 3989 1880 4046 Dei
1914 3989 2102 4048 Patris
2157 3997 2214 4048 et
2271 3991 2312 4049 J
2316 4012 2418 4050 esu
2469 3993 2700 4071 Christi,
2759 4015 2931 4072 quem

522 4072 697 4144 misit,
728 4069 975 4148 positam
1004 4069 1168 4127 essc'’
1200 4066 1405 4126 asserit
1430 4089 1444 4126 :
1490 4067 1612 4126 Nec
1659 4069 1961 4145 quisquam
2009 4081 2162 4128 sanoe
2191 4071 2401 4130 mentis
2429 4072 2669 4132 crudum
2699 4073 2932 4134 effatum

521 4154 751 4212 illorum
780 4149 1090 4224 admiserit,
1124 4148 1224 4226 qui
1250 4147 1684 4216 voluntfideles
1703 4150 1960 4224 potuisse
1989 4171 2090 4227 per
2109 4151 2400 4210 Christum
2429 4155 2663 4230 servari,
2709 4155 2934 4214 etiamsi

524 4233 791 4309 cognitus
834 4251 951 4289 non
980 4229 1187 4304 fuerit3
1246 4227 1426 4303 Quasi
1454 4229 1613 4287 salus
1639 4229 1824 4305 possit
1852 4229 2099 4288 obtineri
2129 4232 2250 4290 sine
2279 4232 2408 4308 fide,
2441 4234 2537 4291 vel
2564 4235 2710 4294 fides
2753 4237 2940 4314 possit

526 4313 651 4369 dari
680 4311 801 4368 sine
830 4311 1041 4387 objecti
1072 4309 1418 4387 cognitione,
1470 4318 1646 4386 atque
1675 4309 1756 4368 ita
1781 4311 1988 4369 melius
2035 4331 2138 4388 per
2186 4313 2581 4388 iynorantiam,
2633 4336 2806 4393 quam
2833 4336 2940 4393 per

526 4391 779 4448 notitiam
808 4390 1128 4465 definiatur,
1161 4390 1317 4467 quod
1346 4396 1433 4449 est
1460 4389 1801 4468 figmentum
1830 4391 2270 4467 pontificiorum.
2356 4393 2478 4452 Nec
2525 4395 2620 4453 hic
2649 4395 2724 4454 ad
2753 4396 2937 4454 infan-

526 4470 671 4529 tium
698 4471 1026 4546 exemplum
1056 4471 1479 4546 recurrendum,
1512 4472 1724 4549 quibus
1753 4472 2073 4549 applicatur
2109 4474 2372 4532 meritum
2403 4481 2462 4532 et
2489 4474 2708 4534 fructus
2737 4477 2941 4535 mortis

528 4546 741 4616 Christi
770 4547 845 4604 ad
871 4567 1065 4607 eorum
1096 4551 1339 4608 salutem
1369 4559 1659 4624 aeternam,
1692 4552 1910 4630 absque
1939 4552 2059 4612 ullo
2090 4573 2193 4611 suo
2217 4563 2347 4612 actu
2377 4556 2681 4632 personali,
2713 4556 2808 4615 vel
2839 4577 2939 4614 no-

526 4627 669 4687 titi-,e
698 4625 791 4683 vel
822 4625 973 4684 fidei.
1058 4630 1207 4702 Quia
1234 4649 1401 4687 nemo
1432 4650 1545 4688 uon
1594 4631 1769 4705 videt,
1823 4633 2062 4708 longum
2107 4633 2398 4710 latumque
2455 4634 2764 4696 discrimen
2812 4657 2940 4696 esso
