3234 5192
518 306 637 365 448
1135 322 1214 363 D!
1244 320 1676 365 SATISIAC'I'ION
1679 322 1732 362 18
1760 321 2000 364 caluam
2030 322 2344 365 vtmTA'rn.
2507 306 2771 389 [meror.
2799 324 2935 369 1111.

520 464 742 542 damus,
775 483 905 543 quse
942 463 1163 523 scilieet
1203 465 1599 542 redemptionis
1639 474 1847 523 nostrae
1889 468 2120 526 modum
2161 475 2218 526 et
2261 474 2532 525 naturam
2573 466 2925 545 describunt,

517 564 649 623 ques
666 546 837 605 tertia
856 544 1025 604 nobis
1041 544 1153 603 erit
1172 546 1507 605 assertionis
1528 544 1839 623 superioris
1866 546 2032 607 ratio.
2073 547 2196 605 Nec
2217 547 2372 605 enim
2395 546 2690 623 Scriptura
2705 555 2930 606 tantum

516 625 971 703 redemptionem
998 631 1280 684 memorat
1306 624 1409 684 sed
1436 625 1686 703 pretium
1713 624 1902 703 ipsum
1922 633 1981 685 et
2007 624 2180 707 λῦτςοι
2208 645 2325 703 quo
2353 625 2641 686 mediante
2663 626 2814 685 fecta
2839 636 2932 687 est

516 713 711 783 aperte
728 705 1005 780 nominat,
1028 705 1198 764 Matt.
1216 724 1319 765 xx.
1340 708 1491 784 28„“
1504 705 1692 763 Filius
1706 704 1958 764 hominis
1979 706 2140 765 venit
2156 705 2293 765 dare
2311 706 2560 765 animam
2578 726 2741 766 suam
2758 706 2933 787 λεήςοι

516 789 625 845 ἄη)
664 789 891 845 πολλῶ.
980 784 1077 843 Sic
1124 788 1153 843 1
1189 785 1317 844 Cor.
1348 786 1427 844 vi.
1472 786 1567 860 20,
1592 786 1780 862 pretio
1825 786 1997 861 empti
2041 786 2184 862 estz‘s,
2235 794 2296 845 et
2346 787 2375 843 1
2432 786 2558 845 Pet.
2589 786 2626 844 i.
2660 786 2752 863 19,
2796 807 2926 863 pre-

516 866 661 925 tium
679 865 827 924 illud
854 865 1087 943 ponitur
1112 865 1174 922 in
1215 866 1497 942 sanguine
1528 864 1708 959 Agni.
1741 864 1832 924 Ut
1858 884 1996 923 vero
2016 864 2221 924 λΰισοιι
2251 865 2559 927 Redimere
2587 874 2676 925 est
2713 865 2796 925 ita
2833 866 2929 925 λε’,-

515 966 683 1085 :13:223
686 943 1145 1102 tgtssssp‘ffs‘&
1147 945 1539 1102 3333&
1541 943 2721 1107 {vffissffssffisssstisstiriiissffiiffin’
2731 965 2928 1085 <affl

521 1104 689 1187 λιήςι
706 1104 979 1180 redimioe,
1003 1124 1135 1181 quae
1156 1106 1329 1164 Hom.
1349 1104 1535 1169 amam
1560 1114 1749 1181 vocat,
1777 1106 2035 1182 Hesych.
2069 1104 2252 1187 λίπει,
2271 1106 2599 1187 wicpotus,
2618 1109 2826 1187 λυτήρια
2841 1132 2931 1164 m

516 1185 687 1244 valna
708 1189 776 1243 τοὶ
794 1182 1017 1262 ’adipum
1036 1191 1101 1250 sis
1128 1185 1400 1249 ἐπαίκλεια-ιν
1420 1184 1676 1268 eirogn'aeuv
1699 1182 1938 1265 (repone
1957 1186 2269 1266 cincinno-u).
2303 1186 2460 1245 Hinc
2487 1186 2678 1245 Latini
2699 1196 2930 1245 veteres

516 1284 761 1343 quorum
804 1266 1003 1325 multae
1051 1284 1226 1325 voees
1272 1274 1650 1343 transumptus
1687 1274 1824 1325 sunt
1871 1286 1906 1323 a
1955 1268 2178 1327 Graecis
2222 1264 2397 1347 λΰτςοι
2436 1286 2554 1325 uns.
2593 1266 2931 1343 interposita

515 1346 685 1405 litera
710 1348 981 1407 Lustrum
1008 1346 1387 1424 appellarunt,
1431 1355 1491 1406 et
1520 1352 1728 1427 λντςοῢν
1747 1349 1995 1405 lustrare
2023 1348 2333 1422 dixerunt3
2373 1345 2528 1405 unde
2574 1346 2704 1405 Liv.
2734 1346 2835 1404 lib.
2867 1345 2928 1403 ii.

522 1428 557 1459 “
576 1426 791 1486 Omnes
820 1426 1108 1487 Centuriae
1136 1435 1196 1486 et
1224 1426 1470 1503 Equites
1516 1426 1579 1484 in
1623 1445 1888 1503 campum
1937 1427 2207 1486 martium
2255 1426 2576 1501 convocati,
2625 1446 2745 1502 sue,
2791 1443 2924 1500 ove,

515 1513 683 1565 tauro
710 1506 877 1565 cresis
920 1506 1304 1582 immolarunt,
1351 1506 1509 1583 quod
1552 1506 1801 1565 lustrum
1849 1504 2086 1582 dictum,
2133 1514 2193 1565 et
2239 1506 2484 1565 lustrare
2533 1504 2736 1563 urbem
2761 1506 2797 1533 '⁹
2841 1512 2932 1563 est

516 1604 644 1644 eam
673 1606 708 1644 a
734 1606 906 1663 poena
930 1586 1175 1646 liberare
1202 1606 1306 1664 per
1330 1586 1577 1644 lustrum
1615 1584 1680 1643 id
1720 1593 1810 1643 est
1835 1604 2064 1661 poenam
2095 1584 2507 1643 succedaneam
2535 1582 2692 1659 quod
2721 1592 2781 1641 et
2806 1583 2929 1658 pia-

516 1666 710 1725 culum
738 1664 981 1741 dicitur3
1026 1666 1110 1727 sic
1140 1665 1307 1724 Decii
1334 1664 1604 1723 dicuntur
1631 1664 1907 1723 lustrasse
1938 1664 2264 1722 Romanum
2305 1660 2624 1721 exercitum
2653 1680 2715 1719 se
2744 1659 2920 1718 devo-

515 1745 709 1805 vendo
736 1745 799 1803 id
824 1752 915 1804 est
942 1765 1046 1805 sus
1072 1762 1245 1823 poena
1270 1750 1331 1802 et
1355 1752 1539 1803 morte
1574 1762 1802 1801 omnem
1852 1742 1926 1800 ab
1969 1742 2072 1799 illo
2118 1760 2348 1819 poenam
2391 1758 2822 1815 averruneasse,
2865 1747 2928 1799 et

518 1825 750 1885 Thebas
780 1826 1131 1898 Menoeceus,
1164 1823 1236 1881 de
1264 1842 1380 1901 quo
1409 1822 1602 1882 Mater
1631 1821 1786 1900 apud
1816 1821 2126 1898 Papirium,

996 1984 1389 2041 Lusa-alemus
1398 1981 1551 2057 feris
1576 2002 1713 2059 erqo
1741 1990 1793 2041 te
1809 2002 1962 2061 puer
1988 1981 2186 2057 inclyte
2219 1980 2413 2039 'mechis

997 2065 1383 2140 Devotumque
1408 2070 1581 2140 eaput
1602 2062 1729 2122 vais
1755 2082 1854 2123 ceu
1880 2062 2076 2119 Mater
2101 2062 2319 2119 alebam
2338 2062 2365 2118 ‚²

515 2223 617 2281 Ad
662 2244 833 2301 quem
884 2224 1076 2283 locum
1128 2222 1480 2283 Scholisstes
1526 2230 1699 2283 vetus
1731 2224 1766 2255 “
1786 2222 2060 2281 Lustrarc
2109 2220 2404 2279 civitatem
2450 2218 2704 2277 humana
2741 2218 2932 2278 hostia

515 2302 779 2361 Gallicus
808 2322 934 2361 mos
962 2304 1107 2362 est.”
1194 2301 1365 2361 Unde
1394 2302 1692 2377 colligitur
1728 2300 2182 2377 redemptionem
2223 2299 2474 2357 maxime
2515 2316 2644 2356 eam
2673 2316 2804 2375 quae
2827 2316 2931 2376 per

514 2379 689 2461 λίοτςον
716 2381 782 2439 fit
808 2401 927 2439 non
952 2382 1065 2441 nisi
1092 2399 1232 2439 vera
1258 2380 1650 2439 satisfactione
1685 2380 1980 2457 procurari
2007 2378 2282 2455 potuisse.

596 2460 811 2517 XXV.
856 2458 1145 2532 Quorsum
1170 2459 1325 2517 enim
1354 2457 1532 2538 abs-gau
1559 2459 1732 2517 toties
1779 2458 2136 2517 meminisset
2183 2458 2481 2535 Scriptura
2525 2456 2636 2515 nisi
2679 2456 2924 2534 pretium
2954 2522 2972 2533 δ

512 2537 749 2616 aliquod
778 2556 913 2596 vere
940 2546 1000 2597 et
1025 2537 1253 2615 proprie
1295 2536 1516 2596 dictum
1558 2538 1824 2597 subesset
1837 2541 1866 2597 P
1907 2538 1962 2595 N
1964 2558 2059 2596 am
2099 2536 2258 2614 quod
2291 2536 2658 2596 adversarius
2685 2535 2926 2595 subinde

510 2638 574 2677 re
616 2619 726 2678 erit
751 2619 864 2677 hoc
890 2618 1198 2697 improprie
1226 2616 1343 2675 dici
1370 2618 1508 2695 quia
1533 2617 1609 2676 ad
1636 2618 2000 2695 praesentiam
2029 2618 2156 2694 ejus
2183 2616 2496 2676 liberamur
2521 2617 2658 2675 licet
2681 2635 2799 2675 non
2825 2634 2928 2693 per

511 2718 546 2758 e
608 2699 876 2758 cientium
900 2721 915 2774 3
958 2698 1105 2756 nihil
1132 2695 1293 2757 aliud
1316 2706 1408 2756 est
1432 2717 1608 2775 quam
1653 2698 1904 2757 absurda
1949 2698 2153 2775 petitio
2180 2696 2445 2775 principii
2473 2715 2604 2773 quas
2631 2694 2928 2774 probanda

514 2777 639 2855 fuit,
664 2779 882 2839 nonita
900 2778 1277 2856 praesidenter
1292 2776 1616 2854 statuenda,
1635 2796 1774 2835 nam
1795 2786 2002 2855 prester
2019 2796 2090 2837 ea
2109 2796 2240 2854 quse
2251 2777 2376 2855 jam
2395 2795 2470 2835 ex
2499 2775 2744 2835 adverso
2769 2774 2929 2834 dicte

514 2869 649 2921 sunt
677 2867 737 2919 et
762 2859 1028 2918 dicentur
1054 2858 1243 2917 adhuc
1270 2857 1333 2916 in
1360 2857 1751 2935 sequentibus,
1781 2857 1930 2916 illud
1969 2857 2142 2917 etiam
2184 2876 2254 2915 eo
2297 2856 2438 2915 satis
2463 2854 2743 2913 refellitur
2768 2852 2928 2930 quod

512 2958 631 2999 non
657 2940 831 2999 modo
858 2939 1029 3017 pretii
1054 2939 1212 2999 illius
1238 2937 1581 3015 meminerit,
1612 2938 1717 2997 sed
1744 2938 2108 2997 collationem
2128 2937 2255 3014 ejus
2283 2936 2548 2995 instituat
2593 2954 2724 2992 cum
2751 2934 2926 2993 rebus

512 3021 825 3079 carissimis
852 3039 983 3097 quae
1010 3019 1085 3077 ab
1112 3019 1381 3077 hominus
1407 3017 1665 3096 impendi
1693 3018 1897 3093 solent,
1926 3017 2026 3076 vel
2072 3016 2148 3075 ad
2175 3017 2532 3093 captivorum
2581 3012 2925 3091 redemptio·

514 3118 665 3175 nem,
696 3100 794 3159 vel
820 3100 906 3159 rei
952 3099 1265 3176 cujuslibet
1296 3098 1664 3176 emptionem,
1694 3118 1852 3172 auro,
1883 3106 2038 3175 puta,
2083 3102 2342 3173 argento,
2371 3093 2501 3170 &c.,
2536 3098 2567 3153 1
2603 3094 2729 3153 Pet.
2759 3095 2798 3153 i.
2831 3095 2922 3171 18,

514 3180 553 3213 ‘⁸
586 3178 846 3236 Scientes
872 3198 981 3237 vos
1008 3198 1125 3237 non
1154 3197 1293 3237 auro
1336 3187 1396 3236 et
1440 3186 1681 3253 argento
1725 3186 1827 3237 aut
1853 3178 2025 3236 rebus
2053 3174 2520 3253 corruptibilibus
2547 3194 2582 3233 a
2610 3193 2764 3233 vans.
2790 3193 2924 3234 con-

515 3257 841 3314 versatione
882 3264 1078 3317 vestra
1116 3257 1446 3334 redemptos
1494 3256 1691 3331 fuisse,
1733 3257 1838 3315 sed
1877 3257 2128 3333 pretioso
2173 3256 2452 3332 sanguine
2493 3254 2768 3329 Christi‚”
2797 3250 2926 3331 &c.,

512 3334 734 3393 confert
762 3354 901 3411 ergo
928 3336 1045 3393 imo
1070 3334 1302 3411 praefert
1328 3335 1671 3412 sanguinem
1693 3335 1907 3393 Christi
1929 3355 2068 3394 auro
2089 3344 2149 3395 et
2168 3344 2408 3413 argento
2435 3342 2711 3410 tanquam
2738 3333 2930 3410 majus

513 3412 656 3490 quid
684 3420 742 3471 et
768 3413 1148 3473 excellentius
1175 3412 1237 3471 in
1264 3432 1473 3490 genere
1494 3415 1684 3491 pretii.
1705 3415 1912 3491 Itaque
1937 3423 2006 3474 ut
2032 3434 2234 3475 aurum
2261 3422 2321 3474 et
2347 3422 2650 3492 argentum
2679 3414 2926 3491 pretium

514 3501 651 3553 sunt
676 3512 813 3552 vere
842 3512 957 3551 non
984 3492 1245 3570 figurate,
1278 3493 1359 3551 its
1384 3494 1599 3571 pariter
1645 3493 1719 3552 de
1763 3495 2042 3571 sanguine
2091 3494 2306 3554 Christi
2332 3494 2727 3573 philosophari
2753 3493 2924 3552 debe·

514 3592 646 3633 mus
674 3572 788 3632 nisi
814 3572 1060 3633 velimus
1089 3571 1439 3650 Apostolum
1466 3592 1670 3650 parum
1701 3574 1962 3651 apposite
2010 3575 2160 3633 hanc
2188 3574 2556 3634 collationem
2584 3574 2923 3644 instituisse,

514 3653 675 3732 quod
702 3654 797 3712 vel
824 3652 1079 3730 cogitare
1106 3652 1347 3731 impium
1370 3674 1384 3729 3
1430 3652 1644 3712 Fateor
1663 3654 1998 3730 hujusmodi
2025 3654 2362 3714 conationes
2383 3673 2610 3733 semper
2629 3653 2706 3712 sd
2726 3654 2930 3712 vivum

514 3754 631 3793 non
660 3754 787 3793 esse
814 3732 1172 3808 resecandas,
1198 3732 1301 3793 sed
1320 3732 1617 3793 observari
1637 3742 1832 3793 tamen
1848 3733 2022 3793 debet
2037 3753 2247 3813 scopus
2269 3734 2518 3812 Spiritus
2539 3734 2598 3794 S.
2629 3742 2688 3793 et
2709 3732 2932 3792 attendi

513 3814 752 3874 formale
782 3813 1174 3873 similitudinis
1202 3812 1263 3871 in
1289 3832 1407 3891 quo
1450 3822 1693 3891 utraque
1739 3834 1873 3893 pars
1917 3816 2224 3874 convenire
2267 3813 2444 3875 debet
2487 3815 2690 3874 saltem
2735 3813 2796 3871 in
2825 3830 2932 3873 suo

514 3915 725 3973 genere
750 3917 764 3970 ;
812 3894 1017 3971 Itaque
1044 3894 1139 3952 hic
1166 3914 1297 3953 cum
1326 3912 1529 3953 aurum
1558 3903 1617 3953 et
1655 3902 1958 3972 argentum
2004 3894 2371 3954 conferantur
2403 3896 2515 3954 sub
2539 3896 2649 3954 hac
2676 3892 2930 3952 formali·-

514 3984 634 4035 tate
662 3974 833 4052 pretii
876 3994 1007 4032 cum
1036 3974 1317 4051 sanguine
1352 3974 1584 4049 Christi,
1614 3975 1848 4033 omnino
1895 3974 2103 4034 veritae
2147 3974 2346 4050 aliqua
2387 3975 2562 4051 pretii
2606 3980 2929 4050 competere

514 4056 687 4114 etiam
718 4054 893 4113 debet
919 4054 1187 4131 sanguini
1216 4054 1447 4129 Christi,
1478 4074 1594 4112 non
1622 4055 1858 4132 quidem
1901 4056 1962 4112 in
1995 4074 2202 4131 qenere
2227 4056 2465 4130 Physica
2494 4054 2598 4113 sed
2623 4054 2850 4133 mystico
2877 4060 2934 4111 et

516 4136 739 4211 morali,
748 4135 865 4272 stite
893 4142 957 4192 ut
1003 4132 1323 4212 redemptio
1348 4153 1469 4192 non
1496 4142 1722 4193 tantum
1744 4135 1820 4194 sit
1856 4152 2216 4213 consequens
2243 4133 2422 4215 λότςον
2451 4133 2554 4194 sed
2580 4134 2846 4211 proprius
2871 4138 2934 4191 et

512 4216 685 4275 realis
714 4235 745 4274 e
790 4221 969 4273 ectus.

597 4294 847 4353 XXVI.
893 4293 1064 4368 Quod
1091 4292 1141 4353 si
1168 4314 1284 4354 non
1314 4293 1455 4353 satis
1498 4292 1705 4353 efficax
1747 4312 1824 4353 ex
1867 4313 1938 4354 eo
1965 4294 2261 4355 videretur
2285 4293 2570 4373 probatio,
2600 4309 2932 4370 quanquam

413 4378 424 4385 “
505 4374 633 4451 jam
656 4375 731 4433 sit
748 4373 1075 4449 fortissime,
1100 4374 1319 4433 invicta
1339 4394 1475 4433 sane
1496 4373 1758 4433 redditur
1778 4374 1828 4433 si
1849 4373 2095 4434 addatur
2115 4381 2200 4435 4⁰.
2231 4376 2392 4434 Vocis
2401 4372 2691 4453 ἁπιλῦτςω
2705 4373 2935 4449 pondus

513 4472 632 4529 qua
662 4452 910 4529 Spiritus
942 4453 1001 4513 S.
1022 4474 1163 4513 usus
1192 4462 1281 4514 est
1306 4454 1367 4511 in
1388 4454 1499 4513 hoc
1519 4463 1878 4531 argumento,
1901 4474 2008 4514 nec
2037 4456 2190 4513 enim
2217 4454 2360 4513 dicit
2379 4461 2608 4513 tantum
2637 4452 2934 4511 Christum

516 4550 624 4588 nos
644 4530 973 4607 redemisse,
992 4533 1152 4609 quod
1170 4534 1295 4611 jam
1318 4534 1458 4593 satis
1484 4554 1563 4593 ex
1588 4555 1694 4613 pro
1733 4535 1938 4594 rietate
1965 4536 2128 4595 vocis
2157 4534 2610 4595 satisfactionem
2637 4538 2931 4607 connotat,

516 4629 634 4668 non
676 4608 838 4669 addit
874 4610 1105 4669 demum
1148 4612 1599 4690 redemptionem
1715 4634 1810 4674 am
1853 4614 2062 4675 factam
2107 4614 2285 4674 fuisse
2327 4614 2516 4692 pretio
2541 4612 2700 4691 quod
2727 4611 2936 4670 fortius
