3234 5192
296 347 526 389 nrsru‘r.
556 325 713 409 xm]
913 346 995 386 ns
1024 346 1505 389 sursum-mma
1532 346 1770 389 cnms‘m
1797 346 2115 389 vamur-n.
2595 335 2713 394 473

295 488 413 547 tius
440 506 614 565 quam
642 484 885 545 eandem
913 505 1117 545 vocem
1140 486 1563 547 diversissimas
1584 488 1845 547 obtinere
1867 488 2320 565 significationes
2345 508 2451 566 pro
2477 492 2722 549 materia

301 568 565 645 subjecta
590 574 651 627 et
675 567 935 625 locorum
964 568 1430 627 circumstantiis.
1461 568 1757 662 Quamvis·
1763 588 1904 645 ergo
1925 569 2234 645 probarent
2253 571 2717 647 praepositionem

298 648 449 707 hane
478 648 549 705 de
578 666 694 724 qua
720 647 1032 723 quaerimus
1060 648 1175 705 alio
1220 667 1393 707 sensu
1438 648 1577 706 alibi
1625 648 1824 707 venire
1861 668 1968 707 nec
1995 648 2464 708 substitutionem
2494 670 2722 728 semper

300 737 517 803 notare,
549 726 654 787 sed
680 727 778 785 vel
804 728 1165 785 occasionem
1186 727 1473 786 duntaxat
1492 728 1587 786 vel
1611 729 1994 804 commodum,
2019 729 2175 805 quod
2203 728 2371 787 facile
2399 729 2516 789 illis
2541 730 2718 808 largi-

300 828 447 882 mur,
479 806 691 867 frustra
717 815 887 865 erunt
912 816 1123 883 tamen,
1154 809 1264 866 nisi
1294 808 1353 865 in
1383 808 1527 867 loeis
1555 808 1748 867 citatis
1770 817 1830 867 et
1856 808 2053 867 hocin
2089 818 2428 886 argumento
2449 809 2531 868 ita
2551 830 2718 869 usur-

302 854 551 965 pandam
580 906 707 945 esse
735 887 1024 964 evincant,
1072 888 1229 965 quod
1275 908 1569 965 nunquam
1599 888 1698 947 vel
1743 908 1814 947 ex
1845 888 2165 947 rationibus
2191 889 2289 947 vel
2333 910 2408 949 ex
2437 890 2722 967 exemplis

302 968 494 1026 allatis
522 976 659 1026 sunt
685 968 1065 1027 consecuturi.
1151 968 1299 1026 Nam
1329 968 1405 1027 ad
1447 968 1695 1045 primum
1741 977 1808 1028 ut
1854 968 2336 1045 respondeamus3
2385 969 2529 1027 Cum
2549 988 2726 1029 sensu

304 1048 477 1106 valde
506 1047 723 1125 dispari
750 1047 907 1106 dicat
938 1048 1235 1125 Scriptura
1282 1050 1407 1106 Nos
1441 1068 1559 1124 pro
1586 1050 1876 1123 fratribus
1919 1050 2070 1107 mori
2109 1048 2320 1107 debere
2347 1058 2407 1107 et
2437 1049 2722 1109 Christum

295 1148 412 1205 pro
440 1128 594 1187 nobis
620 1136 903 1187 mortuum
928 1147 1059 1203 esse,
1091 1147 1387 1220 perperam
1415 1128 1491 1187 ab
1518 1147 1637 1187 uno
1659 1128 1734 1185 ad
1761 1128 2002 1187 alterum
2033 1136 2524 1206 argumentantur,
2554 1130 2722 1206 quasi

306 1227 425 1265 non
454 1207 567 1265 alio
596 1206 710 1265 fine
740 1206 1006 1265 Christus
1032 1216 1295 1266 mortuus
1323 1209 1399 1267 sit
1426 1227 1529 1285 pro
1556 1208 1728 1266 nobis
1761 1227 1932 1285 quam
1963 1228 2032 1267 eo
2062 1229 2176 1286 quo
2204 1228 2308 1287 pro
2337 1209 2466 1267 aliis
2496 1210 2546 1267 si
2575 1229 2721 1286 opus

308 1287 402 1361 sit,
433 1285 495 1344 id
522 1294 613 1345 est
638 1287 691 1345 si
720 1286 833 1343 Dei
860 1286 1045 1363 gloria
1072 1296 1131 1345 et
1173 1288 1423 1364 proximi
1469 1288 1626 1347 salus
1653 1288 1923 1365 postulet,
1955 1289 2155 1347 mortis
2181 1289 2500 1367 periculum
2530 1290 2722 1347 subire

310 1375 611 1441 tenemur;
654 1386 787 1425 nam
815 1386 921 1443 pro
949 1366 1079 1425 aliis
1104 1367 1252 1425 mori
1279 1368 1593 1427 debemus
1576 1388 1638 1426 m
1661 1376 1938 1445 quantum
1969 1368 2185 1428 saluti
2169 1388 2420 1469 ipsorum
2453 1368 2727 1446 prodesse

310 1464 635 1524 possumus,
666 1464 783 1505 non
810 1466 1115 1524 possumus
1145 1456 1333 1507 autem
1356 1448 1636 1507 hactenus
1652 1447 1926 1525 prodesse
1951 1458 2018 1507 ut
2044 1468 2148 1526 pro
2177 1449 2248 1508 iis
2275 1449 2560 1529 ἆπίλυτςοι
2585 1468 2724 1527 pen-

313 1526 519 1585 damus
546 1526 643 1584 vel
670 1545 771 1585 eos
804 1528 879 1585 ab
922 1537 1139 1586 oeterna
1183 1536 1367 1587 morte
1409 1528 1738 1603 liberemus,
1772 1528 1928 1587 Psal.
1973 1530 2118 1587 xlix.
2150 1533 2204 1605 7,
2235 1530 2392 1606 quod
2420 1538 2728 1622 utrumque

314 1606 577 1665 Christus
622 1614 681 1665 et
711 1614 1000 1700 ‘praestare
1040 1608 1229 1685 potuit
1268 1616 1329 1667 et
1354 1628 1558 1667 revera
1576 1608 1862 1686 praestitit,
1913 1611 1942 1667 1
1975 1608 2124 1667 Tim.
2152 1609 2212 1667 ii.
2243 1612 2298 1684 6,
2333 1609 2486 1668 Heb.
2516 1610 2575 1667 ii.
2611 1611 2725 1685 143

313 1686 519 1745 fratres
544 1686 729 1745 nostri
772 1706 889 1746 non
936 1697 1179 1764 possunt
1220 1689 1503 1765 sanguine
1545 1698 1745 1747 nostro
1791 1688 1920 1747 Deo
1961 1688 2334 1763 reconciliari,
2367 1697 2428 1747 at
2449 1689 2730 1765 sanguine

316 1767 529 1825 Christi
553 1767 681 1826 Deo
703 1786 903 1826 sumus
918 1768 1291 1843 reconciliati,
1318 1770 1486 1827 Rom.
1506 1789 1563 1827 v.
1587 1771 1700 1843 10,
1732 1768 1980 1845 denique
2009 1789 2177 1828 nemo
2197 1777 2390 1846 potest
2415 1779 2599 1827 morte
2627 1788 2734 1827 sua

317 1847 647 1924 proximum
676 1847 803 1907 Deo
853 1867 1185 1908 consecrare
1234 1860 1293 1909 et
1336 1870 1371 1907 a
1399 1849 1654 1926 peccatis
1693 1848 1989 1924 mundare,
2020 1850 2176 1926 quod
2205 1859 2512 1926 utrumque
2539 1856 2734 1907 tamen

316 1926 615 1986 moriendo
646 1927 907 1987 Christus
951 1948 1056 2005 pro
1104 1928 1273 1987 nobis
1320 1929 1601 2005 implevit,
1655 1928 1808 1987 Heb.
1860 1948 1918 1986 x.
1956 1932 2047 2003 14,
2084 1933 2113 1987 1
2145 1929 2285 1989 Joh.
2315 1930 2353 1988 i.
2387 1932 2442 1988 7.
2527 1928 2736 2005 Itaque

316 2006 361 2066 J
364 2006 456 2066 oh.
487 2006 709 2066 confert
735 2017 978 2067 mortem
1002 2008 1216 2066 Christi
1231 2028 1337 2085 pro
1357 2009 1543 2083 nobis,
1566 2017 1626 2067 et
1641 2016 1882 2066 mortem
1900 2018 2155 2067 nostram
2184 2029 2288 2085 pro
2305 2008 2578 2067 fratribus
2599 2010 2737 2066 κατὰ

315 2088 374 2145 τί
392 2106 508 2145 ιιοιι
535 2089 733 2162 ὦσι-λῦε,
766 2086 1081 2146 secundum
1130 2087 1301 2145 finem
1350 2088 1619 2163 aliquem,
1653 2106 1770 2145 non
1815 2087 2132 2146 secundum
2175 2108 2388 2163 omnes,
2421 2087 2742 2146 secundum

315 2168 613 2225 charitatis
640 2169 980 2242 exemplum,
1001 2186 1119 2224 non
1146 2186 1287 2225 vero
1314 2167 1630 2225 secundum
1671 2167 2066 2242 satiffactionis
2091 2168 2366 2225 meritum.
2453 2166 2738 2225 Nimirum

317 2246 476 2322 quod
500 2246 609 2304 rite
636 2245 949 2305 tenendum
978 2252 1083 2321 est,
1116 2245 1381 2305 Christus
1408 2266 1512 2324 pro
1539 2246 1718 2305 variis
1739 2265 1868 2323 quae
1894 2266 1998 2323 pro
2019 2247 2188 2306 nobis
2217 2247 2462 2306 sustinet
2489 2246 2740 2305 muneri·

317 2326 442 2419 bus.
457 2325 649 2383 varias
676 2324 851 2383 etiam
878 2326 1069 2402 σχίσεις
1114 2326 1321 2402 induit,
1352 2335 1411 2385 et
1453 2346 1557 2405 pro
1595 2326 1774 2385 variis
1801 2326 1920 2385 illis
1959 2326 2351 2402 relationibus,
2382 2326 2585 2385 mortis
2613 2327 2742 2404 ejus

320 2404 469 2463 varii
496 2424 623 2465 esse
650 2405 796 2465 fines
848 2414 1093 2485 possunt
1134 2405 1236 2484 qui
1283 2426 1613 2485 quanquam
1659 2406 1894 2483 diversi,
1927 2408 2198 2467 contrarii
2237 2416 2430 2467 tamen
2457 2426 2574 2465 non
2605 2415 2741 2466 sunt

321 2486 476 2545 sibi
460 2486 728 2562 invicem,
760 2486 864 2545 sed
892 2486 1269 2547 subordinati.
1318 2488 1400 2547 Ut
1421 2508 1561 2566 ergo
1588 2488 1700 2547 tria
1727 2488 1939 2565 exequi
1968 2488 2168 2548 debuit
2193 2488 2269 2547 ad
2297 2488 2502 2548 salutis
2529 2496 2741 2546 nostrae

321 2567 843 2645 complementum·
888 2572 939 2627 l.
952 2569 1407 2663 justificationem
1436 2590 1634 2629 coram
1660 2571 1788 2628 Deo
1816 2578 2180 2647 peccatorum
2213 2578 2432 2629 reatum
2463 2566 2739 2642 tollend0,

322 2651 379 2706 2.
406 2648 893 2726 sanctificationem
940 2650 999 2708 in
1040 2650 1194 2708 nobis
1240 2649 1431 2709 labem
1460 2658 1519 2709 et
1560 2649 1848 2709 maculam
1893 2650 2204 2709 eorundem
2247 2647 2650 2725 abstergendo,
2683 2650 2742 2707 3.

316 2730 775 2807 qim-{ficationem
804 2728 1193 2788 omnimodam
1228 2729 1579 2805 justificatos
1626 2748 1734 2788 nos
1781 2738 1841 2787 et
1888 2729 2278 2789 sanctificatos
2317 2748 2422 2806 per
2458 2727 2740 2786 bonorum

322 2827 559 2885 operum
592 2808 747 2866 viam
775 2808 851 2867 ad
878 2808 1061 2868 vitam
1090 2818 1148 2867 et
1180 2808 1515 2868 felicitatem
1559 2808 1968 2884 perducendo:
2013 2808 2109 2866 Ita
2133 2807 2420 2900 triplicem
2447 2806 2546 2865 ille
2576 2832 2745 2881 σχιω

324 2888 516 2961 subiit,
551 2887 804 2945 Primam
829 2888 993 2945 vadis
1018 2895 1135 2946 ets
1175 2888 1398 2945 onsoris
1424 2886 1527 2963 qui
1555 2887 1928 2956 satisfaceret,
1961 2887 2114 2945 Heb.
2143 2887 2245 2944 vii.
2275 2890 2371 2960 22,
2420 2886 2746 2944 Secundam

325 2966 481 3023 ducis
529 2975 580 3023 et
608 2966 807 3041 capitis
853 2966 1011 3043 quod
1054 2967 1115 3023 in
1157 2973 1335 3038 neret,
1370 2966 1419 3022 E
1422 2965 1522 3043 ph.
1567 2966 1605 3023 i.
1637 2970 1734 3039 22,
1767 2968 1862 3039 23,
1907 2964 2162 3023 Tertiam
2191 2965 2433 3023 doctoris
2460 2972 2519 3021 et
2529 2966 2746 3038 fiatm's

314 3044 681 3120 primogeniti
697 3045 797 3121 qui
825 3043 1101 3121 dirigeret
1122 3053 1181 3103 et
1206 2986 1461 3121 praeiret,
1472 3044 1515 3104 J
1519 3044 1612 3102 oh
1633 3064 1734 3103 xv.
1762 3046 1853 3118 12,
1885 3052 1944 3103 et
1966 3044 2134 3103 Rom.
2164 3044 2288 3102 viii.
2311 3044 2426 3118 29,
2451 3042 2610 3101 illam
2633 3063 2749 3120 qua

326 3124 607 3183 Sacerdos
634 3123 871 3200 implere
901 3124 1103 3183 debuit
1130 3124 1344 3200 mer-ito,
1376 3123 1547 3181 istam
1588 3143 1705 3201 qua
1744 3144 1855 3182 rex
1881 3124 2146 3201 efficacia,
2175 3124 2326 3181 hanc
2354 3122 2602 3200 denique
2631 3143 2747 3200 qua

316 3204 603 3281 propheta
632 3204 891 3263 doctrina
919 3212 977 3263 et
1004 3206 1276 3279 exempla
1359 3204 1549 3263 Juxta
1592 3212 1712 3263 tres
1756 3212 1948 3263 autem
1993 3203 2124 3263 illas
2165 3204 2419 3263 rationes
2459 3203 2744 3281 triplicem

326 3284 499 3343 etiam
529 3303 685 3343 mors
714 3284 928 3343 Christi
954 3284 1127 3342 finem
1158 3283 1417 3343 obtinere
1444 3284 1673 3361 potuit:
1709 3286 1759 3343 1.
1790 3285 2038 3344 Justitioe
2085 3285 2288 3345 dwinoe
2311 3286 2744 3361 satisfactionem

328 3366 404 3424 ad
430 3374 795 3442 peccatorum
817 3366 941 3443 jam
964 3364 1347 3423 admissorum
1369 3365 1776 3443 expiationem,
1802 3364 1876 3424 de
1897 3385 2012 3442 qua
2030 3365 2160 3425 loca
2177 3376 2329 3436 sunt,
2355 3367 2510 3425 Heb.
2531 3366 2612 3425 ix.
2647 3368 2740 3441 15,

329 3446 541 3507 Matth.
562 3466 664 3505 xx.
694 3448 790 3521 28,
814 3445 980 3503 xxvi.
1012 3447 1107 3515 28,
1140 3445 1289 3522 Eph.
1318 3445 1358 3505 i.
1383 3449 1416 3503 7
1444 3468 1458 3521 ;
1484 3450 1539 3505 2.
1573 3448 1609 3479 “
1637 3445 1884 3524 Spiritus
1917 3446 2114 3505 Sancti
2141 3446 2640 3524 impetrationem”
2671 3446 2746 3504 ad

326 3526 477 3585 labis
505 3526 839 3585 inhaerentis
881 3525 1281 3603 purgationem
1326 3534 1385 3585 et
1430 3534 1798 3603 peccatorum
1840 3526 2164 3586 futurorum
2191 3527 2744 3601 averruncatiouem,

330 3606 401 3665 de
430 3625 547 3682 qua
578 3606 795 3665 mentio
822 3605 905 3680 fit,
932 3606 1085 3665 Heb.
1115 3606 1198 3665 ix.
1231 3609 1323 3682 14,
1359 3610 1388 3664 1
1412 3606 1538 3667 Pet.
1567 3606 1632 3665 ii.
1661 3609 1774 3683 24,
1761 3628 1774 3642 ·
1805 3608 1862 3665 3.
1895 3610 1932 3641 ‘⁴
1954 3608 2281 3684 Charitatis,
2305 3606 2616 3684 patientiae,
2641 3606 2747 3663 hu-

330 3685 609 3761 militatis,
641 3685 1001 3761 obedientiae,
1033 3694 1480 3763 caeterarumque
1524 3687 1806 3746 virtutum
1849 3686 1925 3745 ad
1970 3687 2482 3747 sanctificationem
2519 3703 2746 3762 promo·

330 3764 579 3823 vendam
625 3765 1100 3860 perfectissimam
1144 3768 1685 3843 demonstrationem,
1733 3766 1808 3826 ad
1837 3786 2008 3844 quam
2037 3767 2353 3861 respiciunt
2397 3767 2544 3839 loca,
2595 3763 2746 3823 Phil.

331 3844 391 3901 ii.
424 3846 479 3918 5,
514 3846 568 3921 6,
602 3849 657 3921 7,
695 3846 885 3905 1Pet.
914 3847 974 3905 ii.
1006 3850 1101 3922 21,
1132 3847 1273 3907 Joh.
1304 3851 1521 3919 xv.12,
1556 3847 1707 3924 Eph.
1737 3851 1874 3922 v.‚2
1909 3847 2112 3907 lJoh.
2143 3847 2223 3905 iii.
2261 3850 2353 3906 16.
2441 3843 2612 3905 Unde
2658 3843 2746 3901 dj-

332 3888 657 3983 versimode
684 3946 837 3984 mors
868 3927 1081 3987 Christi
1115 3947 1218 4004 pro
1247 3927 1425 3985 variis
1470 3926 1591 3985 illis
1615 3926 1830 3985 finibus
1857 3927 2104 4019 spectari
2131 3934 2361 4003 potest.
2389 3924 2486 3983 vel
2505 3931 2570 3983 ut
2588 3924 2750 3981 satis·

317 4004 579 4076 socioria
620 4012 679 4063 et
706 4004 843 4064 fidei
870 4007 1179 4083 objectum,
1208 4008 1307 4065 vel
1334 4014 1399 4065 ut
1446 4008 1650 4079 efficax
1689 4016 1750 4067 et
1789 4008 1914 4083 spei
1953 4006 2218 4081 fulcrum,
2249 4006 2346 4064 vel
2373 4012 2440 4063 ut
2467 4003 2664 4062 idealis
2691 4013 2751 4062 et

331 4082 671 4143 imitationis
698 4087 1067 4163 exemplum3
1110 4086 1333 4145 ratione
1352 4086 1527 4163 illius,
1550 4085 1984 4163 justificationis
2011 4105 2186 4144 causa
2212 4093 2301 4144 est
2328 4094 2388 4143 et
2413 4083 2750 4142 fundamen·

334 4172 477 4238 tum,
509 4168 544 4222 2
576 4163 707 4223 Cor.
737 4184 796 4225 v.
832 4166 923 4241 14,
957 4133 1089 4225 Gal.
1118 4167 1201 4225 iii.
1251 4168 1343 4240 13,
1378 4169 1470 4241 14,
1501 4166 1724 4224 ratione
1750 4166 1938 4240 istius,
1971 4164 2440 4223 sanctificationis
2467 4163 2634 4221 radix
2664 4171 2754 4221 est

335 4252 395 4302 et
421 4244 786 4322 principium,
818 4243 990 4305 Rom.
1021 4246 1099 4304 vi.
1130 4250 1185 4320 4,
1218 4210 1343 4317 5,1'
1366 4246 1493 4304 Pet.
1520 4246 1601 4303 iv.
1637 4249 1688 4319 1,
1710 4250 1765 4320 2,
1785 4245 2006 4304 ratione
2033 4245 2227 4321 hujus,
2249 4244 2386 4303 vitae
2409 4242 2750 4302 Christianae

334 4344 539 4384 norma
560 4334 619 4385 et
638 4325 1091 4401 incitamentum,
1107 4330 1142 4383 2
1164 4325 1330 4384 Cor.
1314 4346 1393 4383 iv.
1418 4328 1511 4398 10,
1529 4324 1716 4383 Phil.
1701 4325 1760 4382 ιί.
1785 4328 1840 4382 5.
1872 4324 2077 4398 Quoad
2093 4324 2340 4400 primurn
2359 4332 2418 4383 et
2437 4322 2751 4383 secundum

333 4405 417 4463 ita
428 4407 539 4464 soli
550 4406 779 4464 Christo
792 4406 1021 4483 propria
1034 4413 1124 4465 est
1132 4414 1196 4465 ut
1206 4405 1429 4464 caeteris
1440 4404 1733 4463 omnibus'
1719 4403 2272 4462 incommunicabilis
2293 4404 2498 4463 merito
2509 4402 2751 4481 dicatur,

339 4488 368 4544 1
404 4486 534 4545 Cor.
563 4486 603 4546 i.
640 4490 733 4561 13,
764 4485 1059 4545 adoranda
1084 4506 1201 4545 non
1222 4484 1517 4559 imitanda,
1542 4484 1674 4561 quis
1696 4484 1848 4542 enim
1871 4482 2200 4542 mortalium
2229 4486 2303 4544 ad
2330 4485 2512 4544 instar
2541 4484 2756 4544 Christi

334 4567 431 4625 vel
459 4568 683 4644 peccati
709 4575 933 4627 reatum
978 4567 1199 4644 tollere,
1230 4565 1328 4624 vel
1376 4564 1654 4658 Spiritum
1701 4564 1908 4623 mereri
1957 4572 2018 4623 et
2059 4564 2315 4625 conferre
2365 4574 2540 4643 queat
2557 4566 2588 4624 Ρ
2667 4565 2755 4625 Αι

333 4647 527 4722 quoad
544 4648 779 4707 tertium
798 4654 1072 4725 tanquam
1092 4647 1435 4723 exemplaris
1450 4644 1619 4705 nobis
1635 4646 1992 4724 proponitur,
2005 4652 2070 4705 ut
2087 4653 2222 4723 pote
2242 4647 2342 4724 qui
2363 4646 2754 4724 praedestinati
