3234 5192
331 310 565 354 msru'r.
609 290 809 372 xxm]
1158 311 1237 351 m:
1278 310 1527 353 curcum
1568 311 1922 353 rournucro.
2611 292 2644 347 7
2651 292 2726 350 27

323 454 437 513 dici
467 472 655 532 posse,
687 452 824 530 quia
852 451 1097 529 singulis
1126 452 1493 512 credentibus
1536 450 1707 511 datur
1733 462 1792 512 et
1818 453 1879 511 in
1908 453 1978 511 iis
2006 458 2238 510 manet:
2287 450 2402 509 Sed
2423 450 2601 527 priori
2629 469 2726 507 ne-

318 554 627 612 quaquam,
657 534 794 611 quia
820 552 937 591 non
964 551 999 590 a
1025 533 1195 592 nobis
1236 533 1419 593 oritur
1444 533 1734 611 privatim,
1766 532 1871 593 sed
1897 533 2262 610 dispensatur
2288 530 2668 590 communiter
2695 550 2732 587 a

322 615 553 675 Christo
581 614 691 673 toti
712 612 1008 688 Ecclesiae,
1038 632 1146 671 nec
1175 612 1328 671 enim
1358 612 1622 690 spiritum
1645 613 1935 691 jactamus
1955 611 2057 689 qui
2075 610 2342 690 proprius
2364 610 2440 669 sit
2466 610 2639 669 foetus
2661 610 2732 667 li-

319 694 446 753 beri
467 695 649 753 nostri
666 692 905 767 arbitrii,
932 692 1035 752 sed
1054 692 1155 770 qui
1179 692 1392 752 Christi
1412 693 1704 770 singulare
1728 692 1944 753 donum
1964 699 2072 751 est.
2108 691 2194 752 Ut
2214 711 2354 768 ergo
2377 690 2557 749 solem
2579 690 2730 748 male

320 775 614 851 privatum
664 772 883 831 dixeris
930 772 1069 849 quia
1114 773 1402 831 neminem
1450 773 1778 833 illuminare
1805 780 1998 851 potest
2025 772 2128 848 qui
2153 791 2274 832 non
2299 772 2457 830 intus
2483 768 2640 846 apud
2667 788 2730 827 se

319 853 562 932 recipiat
590 854 639 931 ej
650 873 716 912 us
742 853 957 928 lumen,
987 852 1069 912 ita
1095 874 1213 912 non
1240 853 1465 913 meliori
1496 856 1630 933 jure
1659 854 1924 931 spiritum
1951 852 2120 913 nobis
2141 852 2410 912 omnibus
2438 870 2474 909 a
2501 849 2731 911 Christo

321 934 521 994 datum
549 933 623 993 ad
650 952 757 992 nos
778 932 1187 993 illuminandos
1215 934 1505 1011 privatum
1532 933 1788 1011 vocabis,
1819 934 1957 1012 quia
1982 953 2099 993 non
2121 932 2481 993 extrinsecus
2507 936 2734 989 tantum

320 1014 565 1090 afficere,
618 1013 723 1073 sed
769 1013 830 1071 in
878 1033 1226 1091 unoquoque
1253 1014 1511 1074 fidelium
1542 1014 1738 1093 sedem
1767 1034 1930 1075 suam
1958 1014 2173 1092 eligere
2201 1012 2392 1073 debet.
2455 1010 2624 1071 Idem
2660 1008 2734 1069 de

322 1094 439 1158 fide
468 1093 836 1155 statuendum
866 1101 971 1170 est,
1002 1114 1136 1153 nam
1164 1094 1301 1153 lieet
1329 1096 1483 1171 fides
1509 1096 1800 1171 subjective
1825 1094 2204 1171 considerata,
2235 1101 2295 1154 et
2323 1113 2437 1170 qua
2463 1090 2730 1166 creditur,

324 1175 557 1253 propria
606 1173 681 1233 sit
728 1173 1202 1253 uniuscujusque,
1254 1174 1392 1251 quia
1422 1176 1619 1253 justus
1643 1176 1771 1254 fide
1816 1196 1922 1235 sua
1948 1195 2066 1234 non
2095 1175 2284 1234 aliena
2309 1173 2496 1250 vivit3
2541 1180 2736 1231 tamen

323 1255 469 1313 fides
540 1254 793 1330 oly‘ective
840 1274 945 1315 seu
992 1275 1117 1332 quae
1186 1256 1437 1314 creditur
1482 1254 1808 1315 communis
1854 1264 1944 1315 est
1991 1255 2264 1331 omnium,
2322 1253 2525 1313 eadem
2579 1251 2735 1325 enim

327 1334 561 1394 Veritas
612 1334 883 1403 eoelestis,
934 1334 1093 1395 idem
1132 1334 1395 1395 Verbum
1440 1336 1748 1415 utrobique
1775 1336 1952 1395 fidem
1997 1344 2254 1395 nostram
2309 1332 2530 1408 fundat,
2577 1331 2738 1410 quod

328 1416 403 1473 ab
432 1415 699 1474 omnibus
725 1414 995 1474 fidelibus
1023 1436 1099 1474 ex
1137 1435 1303 1493 aequo
1330 1414 1620 1494 recipitur.
1679 1415 1802 1475 Nec
1830 1416 1944 1475 alio
1973 1414 2220 1494 pertinet
2247 1416 2410 1473 locus
2440 1413 2599 1471 Petri
2642 1431 2738 1471 su·

329 1514 435 1573 pra
462 1494 689 1570 citatuS,
746 1495 939 1553 “Hoc
976 1495 1163 1572 primo
1212 1496 1461 1555 scientes
1505 1496 1664 1573 quod
1685 1497 1872 1555 omnis
1899 1495 2209 1575 prophetia
2233 1494 2575 1571 Scripturoe'’
2603 1491 2737 1558 ἰδίεις

329 1574 595 1642 immo-we
616 1579 671 1635 οὗ
689 1577 873 1648 qim-eu
895 1576 950 1652 ;''
984 1576 1133 1635 Nam
1156 1574 1280 1635 sive
1309 1574 1533 1635 ἐπιλύειν
1557 1597 1663 1654 per
1680 1576 1980 1654 impulsum
2007 1584 2066 1636 et
2085 1577 2340 1651 afflatum
2359 1592 2736 1652 exponamus,

328 1656 490 1733 quod
530 1656 775 1715 Calvino
817 1664 1014 1715 nostro
1056 1657 1245 1734 magis
1284 1658 1520 1735 placuit,
1566 1658 1692 1717 sive
1733 1656 2044 1717 reddamus
2083 1676 2187 1734 per
2225 1655 2742 1731 interpretationem

327 1744 389 1796 et
442 1738 856 1814 expositionem,
914 1757 1045 1814 quae
1100 1737 1460 1797 communior
1531 1745 1619 1797 est
1675 1737 1978 1812 sententia,
2035 1735 2142 1796 ἐπὶ
2187 1743 2277 1798 τοῦ
2331 1734 2544 1796 iou-aziam
2583 1732 2743 1813 quod

334 1816 655 1877 dissolvere
718 1825 776 1877 et
832 1817 1123 1896 explicare
1177 1817 1487 1895 significat,
1531 1826 1589 1877 et
1627 1821 1699 1877 τῧ
1732 1840 1828 1881 -snn
1859 1818 2242 1877 Hebraeorum
2295 1836 2414 1877 non
2467 1836 2596 1875 raro
2651 1834 2741 1874 re-

336 1896 600 1974 spondet,
658 1898 805 1956 nihil
855 1898 966 1958 erit
1020 1897 1177 1975 quod
1233 1898 1670 1958 Pontificiorum
1725 1919 1916 1960 causae
1971 1898 2166 1958 faveat
2194 1920 2209 1976 ;
2273 1894 2378 1957 ἰδίη
2423 1897 2578 1956 enim
2617 1895 2744 1954 haec

312 1979 564 2042 ,ἔπίλυσ-ις
609 1977 1028 2054 qualiscunque
1076 1977 1154 2036 sit
1200 1997 1320 2035 non
1360 1980 1650 2055 subjective
1675 1988 1766 2038 est
1792 1978 2188 2055 intelligenda,
2241 1978 2346 2036 sed
2371 1977 2741 2053 oriqinaliter,

331 2056 554 2115 scilicet
580 2076 684 2133 pro
712 2056 940 2132 privato
967 2055 1218 2115 hominis
1246 2057 1483 2117 arbitrio
1513 2066 1572 2117 et
1619 2066 1828 2133 mente,
1859 2078 1965 2135 per
1992 2056 2412 2135 oppositionem
2441 2056 2517 2113 ad
2545 2074 2743 2131 super·-

330 2136 650 2195 naturalem
680 2134 927 2211 gratiam
956 2142 1014 2193 et
1040 2133 1425 2194 adventitium
1457 2135 1706 2212 Spiritus
1739 2136 1798 2195 S.
1829 2135 2079 2210 donum3
2124 2136 2184 2193 in
2233 2153 2302 2192 eo
2331 2134 2484 2193 enim
2514 2142 2604 2193 est
2632 2133 2742 2192 Pe-

330 2225 456 2276 trus
483 2222 549 2274 ut
579 2214 785 2272 doceat
830 2213 1032 2273 fideles
1080 2233 1279 2272 veram
1308 2222 1367 2273 et
1414 2221 1632 2273 certam
1663 2215 1975 2290 Scripturae
2019 2214 2380 2292 Propheticae
2408 2212 2746 2291 explicatio-

331 2315 465 2353 nem
496 2292 568 2352 de
596 2313 712 2371 qua
738 2293 799 2351 in
846 2313 968 2353 ver.
997 2292 1244 2372 praeced.
1294 2301 1508 2371 egerat,
1540 2314 1670 2353 eam
1719 2295 1941 2355 scilicet
1967 2314 2086 2354 non
2111 2292 2362 2373 pendere
2391 2294 2466 2353 ab
2493 2292 2746 2352 hominis

330 2375 579 2452 legentis
601 2372 837 2433 arbitrio
860 2382 918 2433 et
940 2393 1115 2434 sensu
1134 2373 1367 2451 quando
1388 2374 1612 2452 aliquid
1633 2374 1704 2434 de
1727 2395 1832 2434 suo
1853 2374 2027 2436 infert
2046 2375 2107 2434 in
2140 2374 2513 2453 Scripturam,
2546 2372 2649 2433 sed
2670 2394 2747 2435 ex

334 2454 591 2533 gratiosa
624 2454 871 2532 Spiritus
904 2454 962 2514 S.
984 2454 1339 2514 revelatione
1361 2477 1376 2532 ;
1420 2455 1707 2533 privatam
1735 2456 1930 2533 itaque
1957 2464 2018 2516 et
2045 2476 2121 2515 ex
2146 2454 2365 2534 proprii
2392 2453 2613 2513 cerebri
2638 2454 2749 2531 fig-

331 2544 527 2594 mento
550 2532 947 2614 depromptam
967 2534 1498 2613 interpretationem
1517 2534 1712 2595 locum
1732 2536 1828 2595 hic
1847 2555 1965 2595 non
1984 2537 2216 2611 habere,
2247 2535 2352 2595 sed
2378 2534 2668 2613 publicam
2692 2543 2752 2598 et

334 2614 595 2675 divinam
616 2636 751 2693 quae
772 2614 985 2694 exipso
1006 2616 1183 2675 verbo
1204 2616 1517 2692 hauriatur,
1542 2625 1602 2675 et
1620 2617 1764 2694 ipsis
1787 2616 2085 2694 scripturis
2106 2624 2173 2675 ut
2190 2616 2273 2675 ita
2294 2614 2484 2674 dicam
2507 2614 2583 2674 sit
2601 2618 2752 2674 niro-

335 2698 459 2767 φυὺς
487 2705 547 2756 et
572 2695 901 2756 intrinseca.
985 2695 1157 2770 Quod
1200 2695 1501 2755 confirmat
1547 2714 1583 2753 a
1608 2697 1736 2773 pari
1763 2715 1882 2756 ver.
1934 2699 2030 2770 21,
2060 2695 2232 2754 unico
2261 2694 2482 2754 scilicet
2509 2696 2751 2755 authore

340 2776 685 2855 Prophetiae,
730 2796 845 2851 quo
896 2774 1068 2833 modo
1117 2774 1273 2833 enim
1300 2775 1487 2851 primo
1514 2775 1810 2853 proposita
1845 2773 1954 2835 fuit
1983 2774 2311 2852 Prophetia,
2343 2773 2548 2833 eodem
2575 2774 2752 2833 etiam

336 2856 553 2933 exponi
582 2854 771 2930 debet,
813 2854 965 2911 idem
996 2853 1098 2930 qui
1144 2853 1355 2912 author
1380 2854 1507 2929 fuit,
1540 2854 1700 2913 solus
1727 2862 1916 2931 potest
1939 2873 2066 2913 esse
2095 2854 2348 2932 optimus
2369 2862 2428 2913 et
2453 2853 2752 2930 legitimus

338 2934 649 2993 verborum
679 2952 912 2991 suorum
940 2932 1263 3011 interpres;
1306 2934 1467 2993 solus
1495 2940 1690 2993 autem
1723 2933 1974 3012 Spiritus
2002 2933 2265 2992 Verbum
2293 2933 2463 2992 nobis
2491 2931 2749 3006 tradidit,

336 3017 378 3049 ‘⁶
403 3014 457 3073 N
461 3033 537 3072 on
564 3012 775 3088 enim,''
803 3012 1009 3089 inquit,
1044 3014 1079 3047 ‘⁴
1100 3012 1273 3072 libitu
1298 3012 1550 3072 hominis
1597 3013 1777 3073 allata
1823 3020 1911 3074 est
1940 3012 2270 3090 Prophetis,
2301 3011 2406 3071 sed
2437 3012 2658 3091 Spiritu
2690 3012 2750 3073 S.

340 3094 457 3153 acti
482 3092 665 3152 locuti
713 3100 848 3151 sunt
900 3091 1011 3151 Dei
1026 3091 1198 3153 viri.'’
1263 3091 1357 3151 Ita
1397 3092 1556 3170 quod
1582 3093 1645 3153 in
1671 3112 1792 3153 ver.
1821 3092 2067 3171 praeced.
2097 3092 2325 3151 dixerat
2351 3088 2480 3152 ἰδίω
2506 3092 2750 3169 ἐπίλυσιν,

338 3174 400 3231 in
446 3174 560 3233 hoe
607 3179 779 3230 vocat
820 3173 1032 3249 θίλημαι
1048 3170 1302 3254 cinaeda-ov
1329 3176 1666 3233 voluntatem
1695 3192 1797 3233 seu
1822 3173 2054 3233 libitum
2082 3172 2348 3250 horratum
2377 3192 2498 3233 non
2527 3180 2755 3232 tantum

344 3254 445 3331 qui
472 3254 534 3311 in
562 3250 795 3313 homine
824 3253 917 3329 sit,
962 3252 1067 3313 sed
1093 3253 1193 3331 qui
1220 3253 1295 3312 ab
1324 3254 1449 3332 ejus
1476 3252 1715 3313 arbitrio
1743 3252 1976 3313 oriatur.
2041 3254 2175 3312 Hoc
2203 3272 2377 3313 sensu
2401 3253 2551 3313 bene
2599 3272 2758 3312 asse-

343 3334 423 3393 rit
472 3334 699 3408 Petrus,
732 3340 791 3393 et
837 3353 945 3393 nos
994 3353 1126 3393 cum
1153 3333 1297 3411 ipse,
1327 3353 1435 3394 nec
1483 3332 1610 3393 ἰδίην
1657 3334 1899 3411 ἰήλω-ιν,
1929 3353 2037 3393 nec
2069 3333 2348 3412 Spiritum
2373 3334 2666 3413 privatum
2693 3334 2758 3392 in

340 3414 750 3492 mysteriorum
777 3413 915 3473 fidei
942 3412 1344 3474 tractationem
1372 3414 1735 3475 inferendum
1763 3434 1890 3475 esse
1914 3436 1928 3490 3
1963 3414 2246 3475 Caeterum
2275 3434 2394 3474 non
2421 3421 2598 3491 negat
2629 3414 2759 3492 Spi-

342 3494 521 3554 ritum
553 3494 613 3554 S.
644 3493 745 3571 qui
772 3494 1029 3573 loquitur
1056 3493 1325 3554 omnibus
1352 3495 1415 3553 in
1462 3496 1662 3573 verbe,
1691 3495 1964 3574 privatim
2011 3495 2186 3554 etiam
2215 3494 2462 3572 singulis
2488 3494 2759 3553 fidelibus

344 3574 407 3633 in
436 3573 610 3633 corde
639 3572 711 3633 de
734 3576 861 3653 ejus
882 3575 1126 3635 veritate
1148 3582 1207 3633 et
1228 3574 1533 3635 divinitate
1552 3576 1754 3636 testari
1777 3597 1791 3652 ;
1822 3574 1967 3634 alias
1993 3594 2101 3634 nec
2122 3574 2168 3635 J
2169 3575 2426 3633 ohannes
2446 3573 2637 3632 dicere
2657 3593 2762 3651 po-

347 3654 572 3731 tuisset,
608 3658 675 3712 1·
704 3674 754 3713 c.
783 3675 841 3713 v.
893 3658 947 3733 β,
998 3655 1276 3733 Spiritu-m
1302 3655 1526 3715 testari·
1549 3654 1708 3733 quod
1753 3656 2000 3731 Spiritus
2027 3664 2110 3713 est
2133 3654 2354 3730 veritas,
2383 3672 2492 3712 nec
2523 3653 2759 3730 Paulus,

353 3738 383 3793 1
419 3734 550 3794 Cor.
580 3734 640 3793 ii.
676 3736 768 3811 12,
818 3735 1096 3814 Spiritum
1144 3735 1343 3795 datum
1372 3754 1499 3795 esse
1526 3736 1698 3795 nobis
1729 3736 1766 3768 ‘⁴
1787 3743 1852 3794 ut
1879 3753 2298 3811 cognoscamus
2337 3752 2408 3792 ea
2434 3752 2564 3810 quae
2591 3732 2765 3793 nobis

348 3814 488 3875 data
516 3822 652 3874 sunt
678 3834 715 3873 a
744 3815 931 3875 De0.”
1014 3814 1458 3885 Observandum
1497 3822 1724 3875 tantum
1749 3814 2145 3875 testimonium
2170 3814 2283 3872 hoe
2312 3813 2603 3872 internum
2635 3812 2765 3891 Spi-

348 3895 497 3955 ritus
526 3914 657 3954 cum
687 3896 763 3955 sit
781 3896 1057 3971 practicoe
1082 3903 1142 3954 et
1158 3896 1407 3973 privatae
1434 3895 1796 3969 diecretionia,
1841 3914 1958 3953 non
1985 3894 2341 3954 authoritatis
2357 3892 2615 3969 publicae,
2645 3912 2764 3953 non

348 3994 523 4055 posse
550 3974 745 4053 urgeri
772 3975 835 4033 in
862 3973 1063 4034 ordine
1092 3974 1169 4033 ad
1195 3975 1358 4052 alios,
1390 3976 1494 4035 sed
1520 3983 1746 4035 tantum
1773 3974 1834 4033 in
1862 3974 2064 4034 ordine
2084 3973 2159 4033 ad
2184 3993 2293 4033 nos
2319 3973 2496 4052 ipsos,
2528 3973 2652 4032 Nec
2678 3973 2770 4031 in·

354 4054 571 4115 servire
601 4053 677 4113 ad
722 4055 969 4114 aliorum
1010 4056 1416 4131 convictionem,
1448 4056 1553 4115 sed
1599 4053 1676 4114 ad
1715 4054 2138 4132 persuasionem
2153 4053 2479 4131 propriam,
2505 4073 2640 4112 nam
2666 4052 2771 4132 qui

353 4135 498 4193 mihi
536 4133 745 4195 sufficit
792 4135 867 4195 ad
915 4135 1146 4214 plenam
1194 4136 1373 4195 verbo
1421 4135 1596 4195 fidem
1638 4134 1978 4209 faciendam,
2008 4133 2146 4212 quia
2171 4153 2304 4193 eum
2331 4134 2470 4192 novi
2499 4141 2559 4192 et
2585 4133 2645 4192 in
2675 4151 2769 4191 me

356 4214 563 4290 senti0,
592 4234 701 4273 nec
728 4214 909 4275 fallax
936 4224 1129 4295 potest
1156 4236 1283 4276 esse
1311 4217 1439 4295 ejus
1468 4215 1742 4294 operatio,
1786 4214 2000 4274 frustra
2038 4214 2409 4273 adhiberetur
2455 4232 2596 4291 erga
2621 4212 2770 4273 alios

355 4294 458 4372 qui
487 4314 621 4354 eum
648 4295 711 4353 in
738 4316 831 4355 me
858 4316 966 4356 nee
994 4295 1199 4356 vident
1223 4316 1331 4357 nec
1359 4304 1702 4373 agnoscunt,
1732 4294 1848 4354 nisi
1875 4294 2078 4353 eadem
2104 4293 2198 4352 vis
2224 4292 2382 4353 intus
2409 4312 2509 4353 eos
2537 4292 2767 4371 afficiat,

355 4382 415 4434 et
442 4382 785 4452 argumenta
811 4376 872 4434 in
897 4376 1073 4435 verbo
1100 4377 1343 4437 latentia
1387 4383 1655 4454 potenter
1681 4374 1889 4434 animis
1935 4372 2281 4433 insinuando
2309 4372 2616 4433 efficaciter
2640 4392 2772 4452 per-

357 4453 615 4514 suadeat.
663 4455 963 4515 Hactenus
986 4476 1124 4534 ergo
1154 4457 1489 4516 conclusum
1518 4463 1643 4516 esto
1671 4462 1731 4515 et
1761 4453 2040 4534 Spiritum
2067 4462 2128 4514 et
2157 4452 2416 4513 Verbum
2444 4453 2506 4512 in
2530 4455 2642 4513 hoc
2669 4473 2772 4512 ne-

357 4534 517 4612 gotio
547 4555 582 4592 a
609 4534 777 4594 nobis
805 4536 953 4595 bene
984 4536 1278 4614 conjungi,
1310 4546 1369 4597 et
1394 4536 1543 4595 bene
1573 4536 1818 4596 alterum
1846 4555 1921 4595 ex
1950 4534 2132 4596 altero
2159 4534 2409 4613 probari,
2441 4554 2546 4595 nee
2577 4540 2772 4595 tamen

356 4614 471 4675 nisi
498 4614 879 4694 injustissime
908 4615 1199 4677 Circulum
1230 4616 1399 4677 nobis
1427 4615 1691 4697 impingi.
