3234 5192
304 386 541 429 msrur.
572 364 645 447 1.]
1280 384 1359 425 ns
1389 382 1565 425 meno
1592 382 1777 429 vrrAE.
2615 370 2730 427 21⁷

308 528 597 607 particula
622 527 735 587 ista
750 544 871 583 non
900 524 1221 603 exceptive,
1262 524 1365 583 sed
1410 521 1780 584 adversative
1808 532 1897 584 est
1941 524 2336 601 intelligenda.
2416 526 2460 585 J
2463 526 2558 585 oh.
2587 527 2734 587 xvii.

317 612 413 683 12,
447 610 483 643 ‘⁴
506 608 692 666 Nemo
720 605 895 684 periit
920 604 1035 663 nisi
1060 604 1216 663 filius
1241 604 1643 682 perditionis,''
1687 603 1749 661 id
1795 614 1900 680 est,
1933 604 2036 665 sed
2063 612 2306 663 tantum.
2377 604 2510 665 Gal.
2541 607 2602 665 ii.
2636 610 2730 683 16,

318 690 355 721 ‘⁴
382 688 515 747 Non
535 686 893 765 justificatur
918 685 1094 744 homo
1140 702 1215 743 ex
1264 685 1535 761 operibus
1586 684 1780 761 Legis,
1812 684 1924 743 nisi
1951 704 2055 762 per
2079 684 2254 743 fidem
2281 684 2432 745 Jesu
2460 686 2732 763 Christi‚”

316 768 381 827 id
408 776 515 843 est,
542 770 647 826 sed
662 775 883 825 tantum
923 784 1029 842 per
1062 763 1255 823 fidem.
1338 764 1469 825 Hoc
1498 784 1673 824 sensu
1699 764 1744 823 J
1747 784 1961 825 oannes
2009 765 2152 825 dicit
2191 764 2480 825 neminem
2507 765 2732 842 ingres-

320 868 521 909 surum
546 848 619 905 iu'
636 846 953 919 civitatem,
1006 844 1119 903 nisi
1166 844 1411 921 scriptos
1466 844 1527 903 in
1568 844 1718 904 libro
1746 846 1903 905 vitae.
1975 846 2096 905 Ubi
2123 844 2240 905 duo
2269 845 2381 904 ista
2407 846 2732 905 necessario

318 934 741 1005 supponuntur,
772 932 833 985 et
851 927 998 983 soks
1016 924 1263 1002 scriptos
1290 924 1351 982 in
1378 925 1489 983 hoc
1516 925 1666 983 libro
1695 944 1764 983 eo
1791 924 2038 1003 ingredi,
2068 934 2128 985 et
2154 945 2342 985 omnes
2369 933 2427 985 et
2469 926 2732 1003 singulos

316 1007 515 1085 recipi,
536 1014 602 1066 ut
623 1026 795 1065 nemo
826 1024 901 1065 ex
928 1025 1045 1065 non
1074 1004 1303 1081 scriptis
1330 1004 1706 1081 ingrediatur,
1731 1012 1790 1063 et
1809 1024 1979 1065 nemo
2001 1026 2078 1065 ex
2111 1006 2341 1084 scriptis
2368 1005 2730 1067 excludatur.

318 1087 455 1147 Hoc
482 1095 675 1146 autem
697 1085 815 1145 dici
842 1104 1205 1161 nequaquam
1233 1092 1443 1161 posset,
1477 1084 1527 1143 si
1554 1084 1712 1161 quod
1737 1086 2086 1162 pertendunt
2121 1086 2456 1161 adversarii,
2495 1087 2731 1165 quidam

320 1184 399 1227 ex
426 1167 539 1225 hoc
564 1167 717 1227 libro
744 1164 928 1224 deleri
967 1172 1221 1241 possent,
1252 1172 1312 1223 et
1340 1164 1463 1223 vita
1490 1184 1557 1223 ac
1586 1164 1772 1225 salute
1813 1186 1917 1243 per
1943 1185 2302 1243 consequens
2323 1166 2610 1225 excidere.

406 1246 660 1305 XXIV.
704 1244 1089 1305 Confirmatur
1114 1244 1177 1303 id
1205 1244 1396 1322 ipsum
1450 1244 1620 1303 tertio
1677 1262 1754 1301 ex
1799 1246 2197 1322 promissione,
2249 1265 2421 1323 quam
2467 1247 2734 1305 Christus

323 1326 431 1385 dat
457 1324 683 1399 victori,
714 1324 899 1401 Apoc.
928 1324 1009 1383 iii.
1040 1328 1096 1395 5,
1144 1326 1181 1357 “
1206 1324 1281 1383 Se
1310 1343 1427 1382 non
1454 1323 1780 1383 deleturum
1827 1344 2036 1383 nomen
2077 1326 2206 1401 ejus
2233 1345 2308 1383 ex
2335 1326 2486 1384 libro
2532 1326 2731 1384 vitae.'’

324 1405 485 1467 Nam
510 1424 642 1463 cum
670 1422 867 1463 omnes
894 1404 1063 1467 electi
1090 1412 1149 1464 et
1174 1403 1377 1463 fideles
1404 1402 1521 1463 sint
1539 1403 1793 1463 victores
1821 1404 1882 1463 in
1911 1404 2158 1481 Christo,
2193 1404 2362 1464 Rom.
2392 1404 2516 1462 viii.
2549 1408 2646 1479 37,
2673 1412 2733 1463 et

332 1486 367 1543 1
404 1484 533 1543 Cor.
562 1504 663 1543 xv.
692 1486 788 1557 57,
833 1503 913 1543 ex
956 1504 1027 1543 eo
1072 1484 1214 1544 satis
1262 1490 1507 1560 constat,
1538 1482 1828 1543 neminem
1881 1504 1958 1543 ex
2005 1484 2117 1543 hoc
2161 1483 2313 1543 libro
2356 1483 2610 1543 deletum
2637 1483 2730 1544 iri.

328 1564 527 1639 Dices,
574 1564 943 1640 negationem
986 1564 1157 1623 istam
1202 1563 1509 1623 deletionis
1556 1583 1676 1623 non
1702 1563 1959 1641 potuisse
1987 1564 2247 1642 proponi,
2277 1570 2344 1623 ut
2390 1563 2734 1624 beneficium

324 1643 563 1721 aliquod
604 1644 885 1703 eximium
928 1652 989 1704 et
1028 1644 1401 1723 privilegium
1446 1642 1757 1721 singulare,
1789 1644 1946 1721 quod
1987 1644 2055 1703 fit
2089 1654 2284 1703 tamen
2328 1664 2364 1703 a
2411 1644 2659 1721 Christo,
2685 1644 2735 1705 si

324 1723 681 1802 impossibile
710 1724 860 1783 foret
876 1724 1043 1784 aliter
1081 1724 1225 1783 fieri.
1286 1724 1403 1783 Sed
1430 1723 1617 1783 facilis
1645 1732 1734 1783 est
1773 1725 2090 1802 responsi0‚
2121 1724 2414 1785 Christum
2455 1744 2574 1783 non
2599 1724 2734 1783 ideo

326 1804 675 1865 deletionem
702 1803 875 1863 istam
902 1804 963 1861 in
989 1804 1120 1863 aliis
1146 1804 1481 1882 possibilem
1504 1823 1844 1882 supponere,
1877 1803 1982 1865 sed
2016 1812 2240 1865 tantum
2270 1804 2648 1865 aeternitatem
2675 1812 2736 1865 et

324 1884 711 1943 constantiam
754 1883 925 1943 istius
964 1883 1233 1943 beneficii
1279 1885 1431 1943 velle
1480 1883 1826 1961 designare3
1885 1884 2089 1945 eodem
2135 1885 2309 1945 modo
2357 1906 2474 1963 quo
2503 1905 2623 1945 ver.
2659 1888 2732 1943 12

318 1963 585 2041 ejusdem
614 1962 826 2041 capitis
868 1964 1175 2041 pollicetur
1199 1962 1427 2039 victori,
1460 1964 1619 2041 quod
1659 1964 1888 2025 futurus
1910 1966 1988 2025 sit
2026 1973 2094 2024 ut
2121 1969 2380 2027 columna
2427 1966 2487 2025 in
2532 1968 2736 2041 templo

324 2044 457 2119 Dei,
482 2064 581 2103 nec
594 2048 768 2121 foras
794 2044 1037 2119 amplius
1056 2044 1130 2103 sit
1153 2062 1493 2118 egressurus,
1524 2063 1642 2103 non
1670 2046 1829 2121 quod
1850 2045 2060 2123 aliquis
2081 2046 2272 2123 reipsa
2300 2043 2501 2121 egredi
2526 2044 2731 2121 possit,

326 2124 432 2183 sed
458 2132 524 2183 ut
552 2142 628 2181 ex
656 2143 725 2182 ea
752 2123 1059 2201 negatione
1087 2124 1441 2201 perpetuitas
1470 2123 1672 2199 gloriae
1699 2124 2002 2185 indicetur.
2069 2126 2165 2183 Sic
2195 2125 2458 2183 Christus
2485 2124 2560 2183 ad
2583 2125 2733 2183 sola-

328 2203 475 2265 tium
490 2202 751 2263 fidelium
774 2222 1025 2277 suorum,
1046 2203 1148 2281 qui
1164 2204 1662 2280 perseveraverint
1679 2202 1740 2261 in
1759 2204 1874 2263 fide
1903 2213 1961 2264 et
1977 2205 2206 2282 pietate,
2246 2204 2732 2283 perseverantiam

326 2284 541 2343 amoris
568 2290 627 2342 et
654 2282 1075 2343 benevolentiae
1103 2283 1319 2342 divinae
1362 2270 1686 2361 pollicetur.
1731 2282 1928 2363 Atque
1966 2285 2050 2343 ita
2093 2284 2426 2345 antithesim
2467 2284 2599 2344 vult
2645 2284 2734 2342 in·

324 2363 563 2423 stituere
590 2362 743 2423 inter
770 2370 985 2423 statum
1028 2363 1309 2423 Ecclesiae
1336 2364 1656 2440 militantis,
1687 2364 1748 2423 in
1777 2384 1892 2443 qua
1907 2365 2077 2426 multi
2095 2385 2320 2445 semper
2345 2364 2530 2424 latent
2548 2366 2734 2443 hypo-

324 2443 503 2518 eritae,
534 2442 637 2521 qui
685 2462 761 2501 ex
790 2462 1008 2503 canone
1062 2443 1361 2503 charitatis
1414 2443 1689 2503 videntur
1715 2445 1776 2503 in
1823 2446 1973 2505 libro
2017 2447 2154 2506 vitae
2196 2445 2411 2523 scripti,
2444 2455 2502 2505 et
2529 2446 2736 2505 ultimo

324 2522 559 2583 demum
588 2522 681 2582 die
714 2522 1027 2599 detegendi
1070 2532 1221 2597 sunt,
1254 2531 1313 2583 et
1351 2543 1387 2582 a
1428 2525 1644 2583 sanctis
1673 2524 2048 2602 secernendi3
2093 2534 2152 2586 et
2196 2534 2411 2588 statum
2454 2526 2734 2587 Ecclesiae

322 2602 749 2680 triumphantis,
782 2622 909 2679 quae
958 2603 1149 2662 nullos
1186 2604 1301 2662 nisi
1345 2624 1513 2663 veros
1568 2612 1628 2663 et
1675 2606 1960 2683 genuinos
2007 2606 2182 2683 cives,
2213 2608 2316 2685 qui
2341 2607 2404 2665 in
2458 2616 2734 2667 aeternum

322 2683 725 2743 communione
754 2682 868 2741 Dei
896 2682 1173 2759 fruentur,
1203 2683 1526 2743 admissura
1552 2692 1659 2744 est.

404 2762 621 2821 XXV.
668 2762 931 2839 Denique
962 2764 1013 2821 si
1040 2763 1171 2839 quis
1198 2762 1381 2823 deleri
1406 2774 1603 2841 posset
1631 2784 1706 2823 ex
1732 2765 1882 2823 libro
1908 2766 2064 2841 vitae,
2109 2764 2172 2823 id
2217 2765 2418 2840 fieret3
2460 2765 2558 2823 vel
2599 2768 2736 2844 quia

324 2842 487 2903 Deus
534 2862 653 2901 non
694 2842 883 2919 potuit
930 2842 1286 2920 distinguere
1329 2862 1501 2903 veros
1530 2844 1690 2903 cives
1731 2864 1766 2902 a
1805 2844 1984 2921 falsis,
2026 2845 2126 2903 vel
2172 2844 2310 2920 quia
2351 2864 2467 2903 non
2514 2846 2734 2905 valeret

324 2922 583 2981 conferre
606 2922 748 2999 ipsis
774 2922 1217 3000 praeordinatam
1239 2923 1502 2999 gratiam.
1588 2920 1675 2981 At
1701 2931 1968 2983 neutrum
2007 2923 2121 2981 dici
2169 2931 2375 2999 potest,
2409 2922 2546 2998 quia
2588 2924 2734 2984 illud

324 3020 563 3061 summas
607 3002 721 3061 Dei
762 3002 1059 3080 sapientise
1102 3010 1160 3061 et
1186 3002 1527 3063 constantiae
1553 3011 1856 3078 repugnat,
1889 3003 2054 3078 quasi
2082 2999 2304 3078 aliquid
2332 3002 2386 3059 ei
2415 3022 2489 3061 ex
2517 3002 2730 3079 impro-

322 3082 451 3143 viso
479 3082 755 3157 eveniret,
784 3090 1019 3160 propter
1045 3082 1203 3160 quod
1223 3081 1461 3141 deberet
1480 3102 1515 3140 a
1541 3081 1718 3159 priori
1747 3102 1850 3141 suo
1880 3081 2120 3141 consilio
2148 3080 2368 3141 resilire
2392 3102 2407 3157 ;
2452 3081 2549 3141 vel
2576 3083 2734 3158 quod

324 3160 413 3221 illi
456 3162 638 3223 semel
684 3162 903 3239 placuit
943 3170 1147 3241 postea
1190 3161 1538 3239 displiceret.
1624 3161 1794 3221 Istud
1831 3181 1970 3220 vero
2019 3162 2292 3240 potentiae
2319 3162 2448 3241 ejus
2492 3162 2734 3223 infinitae

324 3240 585 3319 derogat,
615 3261 685 3301 ac
724 3243 777 3301 si
803 3262 919 3302 non
966 3250 1167 3319 posset
1208 3241 1499 3319 perficere,
1550 3241 1710 3318 quod
1755 3242 1934 3301 semel
1981 3242 2300 3303 constituit.
2385 3243 2592 3303 Dicere
2637 3244 2734 3303 hic

320 3322 677 3398 emptionem
702 3322 873 3381 istam
902 3341 1031 3381 esse
1056 3322 1511 3396 conditionatum,
1534 3330 1601 3381 ut
1628 3321 1759 3381 vult
1775 3321 2100 3399 Volkelius,
2132 3324 2270 3401 quia
2297 3344 2467 3383 nemo
2493 3324 2556 3383 in
2581 3324 2734 3384 libro

324 3400 463 3461 vitus
510 3402 760 3479 scriptus
806 3402 1025 3479 absque
1073 3402 1195 3461 ulla
1236 3401 1565 3461 conditione
1614 3420 1683 3459 ac
1725 3420 1960 3478 prorsus
2003 3402 2439 3465 immutabiliter
2478 3405 2616 3463 vitae
2661 3405 2736 3465 sit

324 3479 665 3557 destinatus,
696 3480 955 3559 quandiu
1002 3482 1193 3543 adhuc
1218 3482 1371 3541 vivit
1418 3491 1477 3541 et
1501 3480 1761 3541 nondum
1800 3482 2032 3559 penitus
2076 3504 2151 3543 ex
2181 3484 2336 3544 omni
2363 3493 2526 3563 parte
2554 3483 2732 3560 vicit3

323 3568 415 3619 est
438 3568 633 3638 petere
680 3560 1025 3639 principium
1070 3570 1129 3622 et
1182 3580 1503 3641 supponere
1544 3560 1704 3638 quod
1747 3569 1836 3621 est
1877 3562 1940 3620 in
1987 3564 2321 3640 quaestione.
2406 3564 2556 3621 Nam
2596 3562 2736 3623 licet

324 3658 443 3699 non
470 3660 749 3717 negemus
774 3642 1195 3719 possessionem
1222 3642 1443 3717 salutis,
1485 3661 1590 3719 per
1616 3640 2046 3719 inscriptionem
2075 3643 2246 3702 istam
2273 3642 2442 3703 nobis
2480 3642 2734 3701 destina-

324 3728 461 3797 tam,
513 3740 639 3781 esse
694 3722 1161 3797 conditionatum,
1214 3722 1351 3800 quia
1396 3742 1515 3781 non
1558 3721 1682 3781 sine
1709 3720 1917 3780 mediis
1943 3720 2020 3779 ad
2065 3722 2242 3781 finem
2259 3721 2644 3799 perducimur,
2674 3729 2734 3780 et

322 3800 425 3876 qui
451 3800 703 3859 dest-inat
730 3801 805 3860 ad
830 3802 1006 3860 finem
1046 3802 1300 3861 destinat
1325 3802 1501 3861 etiam
1547 3800 1624 3859 ad
1649 3800 1841 3861 media
1885 3820 1954 3861 eo
1993 3799 2277 3877 ducentia,
2321 3820 2604 3877 negamus
2643 3808 2732 3858 ta-

323 3898 459 3939 men
486 3880 671 3957 ipsam
698 3881 1129 3958 inscriptionem
1155 3902 1325 3960 posse
1354 3882 1471 3941 dici
1498 3881 1966 3958 conditionatam,
1997 3880 2081 3941 ita
2097 3888 2162 3940 ut
2189 3880 2440 3939 conditio
2469 3878 2734 3956 quaedam

322 3959 413 4017 illi
436 3969 767 4037 praecurrat,
814 3981 891 4020 ex
932 3981 1062 4039 qua,
1112 3972 1179 4022 ut
1220 3962 1397 4021 dubia
1436 3970 1495 4021 et
1534 3962 1886 4041 potestativa
1912 3960 2335 4039 suspendatur;
2393 3978 2514 4018 non
2559 3959 2736 4019 modo

322 4040 475 4116 quia,
506 4040 593 4098 uti
620 4048 790 4100 antea
810 4040 1083 4117 dhimm,
1113 4042 1345 4102 decreta
1394 4042 1507 4102 Dei
1548 4062 1585 4101 a
1625 4042 1790 4101 nulla
1815 4043 2143 4103 conditione
2172 4048 2336 4101 extra
2386 4040 2576 4097 Deum
2606 4058 2733 4097 sus-

320 4118 499 4197 pendi
544 4129 804 4197 possunt,
850 4120 953 4179 sed
980 4130 1039 4180 et
1065 4123 1201 4197 quia
1228 4121 1355 4200 ipsa
1382 4121 1652 4197 conditi0,
1684 4142 2044 4217 quaecunque
2063 4120 2296 4181 tandem
2317 4119 2420 4178 illa
2447 4119 2539 4195 sit,
2561 4118 2736 4179 debet

322 4198 385 4257 in
410 4198 561 4258 libro
588 4199 727 4259 vitae
754 4201 927 4261 nobis
954 4200 1247 4277 destinari,
1278 4202 1395 4261 nisi
1419 4202 1481 4260 in
1510 4210 1701 4262 castra
1739 4203 1966 4279 Pelagii
1992 4203 2240 4261 velimus
2267 4199 2530 4259 transire.
2615 4198 2732 4257 Ra-

324 4285 448 4339 tum
478 4298 619 4357 ergo
646 4287 879 4339 maneat
904 4289 963 4341 et
990 4282 1188 4357 fixum,
1220 4282 1377 4358 quod
1404 4291 1575 4342 antea
1590 4281 1952 4359 probandum
1973 4298 2425 4357 susceperamus,
2446 4277 2734 4338 neminem

323 4377 357 4417 e
402 4358 555 4419 libro
589 4360 729 4421 vitus
756 4360 937 4420 deleri
984 4380 1194 4438 posse:
1264 4370 1330 4421 ut
1374 4360 1469 4420 hic
1495 4362 1671 4437 longe
1699 4360 1910 4437 potiori
1944 4359 2080 4434 jure
2137 4360 2266 4419 Deo
2307 4358 2485 4418 tribui
2530 4360 2733 4437 possit,

323 4438 483 4515 quod
536 4440 935 4518 iniquissimus
954 4440 1143 4517 judex
1189 4440 1413 4499 Pilatus
1458 4438 1531 4498 de
1574 4439 1764 4517 seipso
1794 4439 2040 4513 dicebat,
2077 4440 2250 4507 Quod
2272 4440 2486 4516 scripsi,
2515 4440 2734 4516 scripsi.

322 4518 451 4592 Quo
478 4520 769 4597 pertinent
789 4520 903 4579 ista
914 4519 1233 4596 Augustini
1260 4520 1323 4577 in
1347 4518 1501 4577 Psal.
1529 4518 1737 4593 lxviii„
1759 4518 1930 4577 nobis
1954 4519 2122 4594 lxix„
2155 4520 2214 4578 in
2242 4520 2367 4579 haec
2393 4520 2590 4597 verba,
2614 4524 2734 4580 De-

320 4600 549 4659 leantur
584 4602 653 4659 de
700 4600 845 4659 libro
884 4600 1193 4660 viventium.
1280 4604 1313 4633 ‘⁴
1336 4598 1586 4673 Fratres,
1632 4618 1750 4657 non
1800 4598 1884 4657 sic
1928 4598 2187 4677 accipere
2235 4600 2530 4679 debemuS,
2578 4600 2734 4677 quod

320 4696 674 4759 quemquam
722 4680 883 4740 Deus
932 4679 1147 4741 scribat
1188 4680 1251 4740 in
1292 4678 1443 4739 libro
1471 4677 1609 4740 vitae
1659 4687 1718 4739 et
1761 4677 1953 4740 deleat
1999 4680 2182 4741 illum.
2259 4682 2324 4741 Si
2351 4682 2522 4743 homo
2565 4680 2735 4756 dixit,
