3234 5192
343 407 581 451 Disrur.
611 397 816 468 xvu1.]
981 411 1058 451 ns
1089 411 1579 452 sarrsncrxoms
1607 411 1851 452 emusrt
1885 412 2203 454 VERITATR.
2632 398 2743 456 581

343 558 564 609 tantum
593 550 759 610 abest
805 561 871 612 ut
901 553 1163 613 Christus
1208 553 1476 613 sacerdos
1502 572 1620 613 non
1663 553 1869 613 fuisset
1894 553 2123 613 futurus
2148 555 2262 613 nisi
2290 555 2350 613 in
2379 555 2541 614 coelis
2570 566 2741 630 esset,

341 639 407 688 ut
433 639 635 689 contra
660 631 721 688 in
749 634 958 692 coelum
1007 655 1124 693 non
1170 633 1375 694 fuisset
1421 653 1781 710 ascensurae,
1812 634 1927 693 nisi
1944 633 2068 712 jam
2098 635 2366 694 sacerdos
2395 635 2743 694 constitutus

339 710 558 785 fuisset,
591 711 676 769 sic
703 715 854 770 enim
885 715 993 772 sub
1020 716 1152 792 lege
1181 712 1509 773 Aaronicus
1538 713 1805 774 sacerdos
1844 734 1963 772 non
1991 714 2447 774 constituebatur
2475 715 2744 775 sacerdos

341 809 410 848 eo
439 791 564 867 ipso
593 810 709 867 quo
737 793 1170 870 ingrediebatur
1196 794 1256 852 in
1285 795 1690 868 sanctuarium,
1722 795 1839 852 imo
1866 814 1983 853 non
2008 794 2307 854 habuisset
2338 795 2440 873 jus
2468 794 2740 870 intrandi,

340 870 454 928 nisi
473 871 598 947 jam
627 878 686 930 et
715 873 1036 934 sacerdotio
1058 875 1393 934 confirmato
1411 883 1470 933 et
1499 874 1779 933 sacrificio
1805 875 2019 933 oblato.
2084 874 2293 952 Itaque
2321 875 2437 934 duo
2464 874 2577 933 ista
2605 895 2739 934 con-

341 949 507 1008 fundi
550 970 668 1009 non
716 952 930 1013 debent
957 975 1087 1033 quae
1134 963 1269 1014 sunt
1314 954 1725 1029 diversissima,
1758 954 2051 1014 Christum
2079 954 2141 1012 in
2170 964 2353 1015 morte
2382 954 2739 1014 sacerdotem

339 1030 676 1090 nullomodo
703 1032 896 1109 fuisse,
928 1044 988 1094 et
1016 1035 1307 1095 Christum
1338 1035 1388 1094 si
1423 1035 1486 1092 in
1531 1035 1701 1094 terris
1728 1034 2035 1094 mansisset
2062 1034 2417 1094 sacerdotem
2444 1054 2561 1092 non
2590 1034 2745 1094 futu-

341 1131 468 1169 rum
496 1111 692 1186 fuisse,
724 1113 879 1172 istud
909 1116 1062 1173 enim
1091 1115 1641 1174 consummationem
1671 1114 1977 1173 sacerdotii
1993 1115 2244 1192 respicit,
2275 1115 2423 1174 illud
2448 1134 2587 1173 vero
2616 1117 2743 1192 ejus

339 1191 584 1267 primam
611 1194 1098 1271 constitutionem,
1125 1195 1256 1254 Hoc
1286 1195 1492 1254 asserit
1520 1195 1756 1269 Paulus,
1788 1195 1891 1254 sed
1919 1195 2065 1254 illud
2091 1216 2207 1254 non
2235 1196 2391 1254 item.

421 1270 681 1330 XXXI.
727 1273 1012 1334 Caeterum
1033 1285 1098 1335 ut
1127 1276 1218 1334 vis
1246 1275 1603 1352 Apostolicoe
1624 1275 2076 1334 ratiocinationis
2098 1295 2227 1352 quae
2256 1274 2552 1334 obscurior
2580 1273 2739 1334 vide·

340 1358 437 1408 tur
464 1351 674 1410 clarius
702 1361 913 1430 pateat,
941 1355 1381 1416 Observandum
1402 1355 1753 1432 Apostolum
1782 1355 1843 1413 in
1870 1376 1942 1414 eo
1968 1375 2093 1414 esse
2122 1364 2188 1414 ut
2214 1356 2419 1433 probet
2448 1354 2743 1413 Christum

339 1429 400 1487 in
429 1431 606 1490 coelos
647 1435 1052 1493 conscendisse
1093 1443 1152 1494 et
1179 1435 1536 1494 sacerdotem
1565 1436 1855 1494 coelestem
1887 1455 2030 1511 esse,
2062 1435 2219 1513 quod
2260 1435 2489 1494 dixerat
2514 1454 2637 1492 ver.
2685 1437 2738 1493 1.

339 1510 608 1570 Ostendit
637 1522 827 1572 autem
857 1535 933 1573 ex
975 1535 1043 1575 eo
1072 1516 1230 1594 quod
1256 1517 1307 1575 si
1335 1524 1490 1575 esset
1514 1515 1576 1573 in
1603 1516 1771 1574 terris
1800 1515 2005 1592 adhuc,
2053 1518 2088 1549 “
2110 1535 2183 1574 ne
2212 1515 2479 1575 sacerdos
2508 1513 2741 1592 quidem

336 1598 505 1666 esset,
537 1593 903 1653 manentibus
929 1595 1048 1655 illis
1096 1595 1490 1656 sacerdotibus
1517 1596 1616 1673 qui
1666 1596 1981 1655 secundum
2012 1596 2229 1673 Legem
2258 1595 2507 1654 offerunt
2534 1593 2742 1670 dona,''

339 1667 466 1747 ἄση,
498 1672 600 1731 ubi
627 1673 756 1732 duae
777 1675 1029 1735 rationes
1057 1676 1274 1736 latent:
1321 1677 1516 1735 Prima
1555 1696 1687 1753 quse
1733 1676 1949 1753 petitur
1996 1697 2031 1734 a
2056 1676 2336 1753 ‘personia
2372 1673 2640 1735 Secunda
2666 1674 2742 1732 ab

337 1750 542 1811 officie.
629 1752 683 1812 A
714 1757 992 1832 personis,
1023 1778 1157 1815 nam
1185 1777 1362 1835 quum
1407 1756 1791 1816 sacerdotium
1818 1764 2107 1815 terrenum
2136 1755 2277 1815 solis
2308 1756 2529 1814 Levitis
2556 1755 2741 1832 assig-

337 1841 536 1891 natum
565 1843 719 1892 esset
745 1855 1022 1913 expresso
1054 1837 1165 1896 Dei
1213 1837 1502 1912 mandat0,
1531 1857 1649 1896 non
1693 1837 1881 1913 potuit
1908 1857 1943 1894 a
1972 1836 2199 1895 Christo
2226 1834 2511 1914 possideri
2536 1835 2637 1912 qui
2666 1855 2743 1894 ex

343 1911 458 1969 alia
500 1913 656 1974 tribu
711 1916 990 1976 oriundus
1029 1918 1157 1993 fuit,
1205 1919 1359 1976 Heb.
1403 1918 1503 1975 vii.
1550 1919 1643 1992 14,
1691 1921 1727 1950 “
1752 1917 1953 1975 Palam
1994 1917 2147 1975 enim
2176 1925 2267 1976 est
2308 1937 2339 1975 e
2381 1915 2543 1976 Juda
2570 1934 2739 1974 exor-

333 1999 456 2049 tum
484 2012 612 2051 esse
642 1994 956 2055 Dominum
985 2007 1262 2072 nostrum,
1295 1997 1388 2055 cui
1415 1996 1592 2055 tribui
1617 1997 1765 2054 nihil
1793 1996 1865 2054 de
1895 1996 2216 2055 sacerdotio
2235 1997 2465 2054 Iocutus
2492 2003 2583 2054 est
2612 1994 2741 2052 Mo·

332 2073 483 2130 see.'’
526 2074 626 2131 Ab
655 2075 858 2149 officie,
893 2076 1042 2150 Quia
1081 2097 1200 2134 nou
1223 2085 1468 2152 possunt
1495 2076 1669 2134 simul
1696 2075 1768 2133 de
1806 2077 1938 2151 jure
1982 2076 2229 2135 obtineri
2255 2085 2315 2134 et
2342 2075 2599 2133 exerceri
2627 2073 2745 2132 duo

335 2150 438 2208 illa
459 2153 796 2228 sacerdotia,
831 2154 1158 2214 Leviticum
1187 2165 1246 2214 et
1275 2155 1506 2230 Christi,
1537 2155 1675 2230 quia
1693 2154 1841 2211 illud
1867 2154 2089 2212 umbrae
2117 2163 2176 2213 et
2196 2154 2415 2228 figurae,
2434 2154 2593 2213 istud
2614 2173 2737 2211 cor-

331 2230 488 2306 poris
517 2239 576 2288 et
622 2233 883 2290 veritatis
927 2235 1209 2292 rationem
1260 2233 1477 2292 habuit.
1539 2233 1625 2291 At
1648 2232 1876 2291 Christo
1904 2232 1965 2289 in
1992 2233 2161 2291 terris
2190 2241 2474 2307 manente,
2506 2251 2737 2292 manere

332 2309 622 2369 debebant
650 2311 976 2372 sacerdotes
1007 2313 1272 2390 Levitici,
1304 2313 1441 2390 quia
1468 2312 1745 2390 quamdiu
1773 2312 1987 2372 veritas
2016 2322 2075 2372 et
2106 2332 2199 2370 res
2223 2332 2329 2390 per
2355 2320 2559 2389 typum
2588 2312 2735 2390 figu-

329 2399 454 2448 rata
479 2409 596 2448 non
624 2400 714 2450 est
741 2392 1018 2470 exhibita,
1049 2393 1268 2453 tamdiu
1291 2393 1553 2452 umbram
1576 2401 1634 2452 et
1652 2402 1855 2470 typum
1877 2412 2365 2470 manerenecesse
2387 2401 2509 2452 est:
2542 2393 2739 2452 Chris-

333 2477 394 2528 to
423 2479 617 2530 autem
639 2481 906 2532 manente
936 2474 996 2532 in
1024 2475 1196 2535 terris
1227 2482 1284 2534 et
1311 2493 1428 2532 non
1458 2473 1742 2533 subeunte
1762 2473 2072 2533 sacrarium
2102 2493 2219 2531 non
2246 2481 2473 2551 poterat
2495 2472 2737 2533 dicive-

329 2551 470 2609 ritas
497 2551 746 2629 perfecte
776 2554 1054 2630 exhibita,
1086 2555 1370 2633 siquidem
1397 2565 1725 2633 postremus
1767 2554 2072 2613 sacerdotii
2102 2562 2265 2614 actus
2286 2554 2389 2631 qui
2412 2554 2621 2632 prioris
2648 2563 2739 2614 est

333 2632 813 2708 complementum
859 2642 918 2694 et
958 2635 1109 2712 finis,
1153 2635 1410 2696 nondum
1453 2642 1790 2711 accesserat,
1826 2635 2133 2712 Ingressus
2162 2634 2287 2693 scil.
2317 2635 2378 2692 in
2406 2635 2737 2694 sacrarium.

335 2711 508 2771 Unde
553 2713 778 2793 colligit
819 2716 1034 2793 optime
1077 2717 1287 2794 Apost.
1331 2716 1489 2794 quod
1529 2716 1580 2774 si
1638 2715 1697 2772 in
1738 2723 1891 2774 terra
1931 2715 2121 2772 adhuc
2164 2723 2317 2773 esset,
2359 2714 2623 2773 Christus
2662 2735 2737 2773 ne

330 2793 599 2852 sacerdos
639 2795 874 2870 quidem
917 2805 1086 2856 esset.
1174 2797 1367 2871 Dices,
1413 2795 1500 2854 At
1557 2815 1750 2853 nonne
1812 2796 1869 2852 in
1921 2794 2049 2870 ipsa
2090 2793 2305 2852 Christi
2344 2793 2737 2853 incarnatione

331 2891 538 2946 corpus
579 2875 910 2933 umbrarum
953 2885 1012 2935 et
1053 2876 1268 2935 veritas
1308 2875 1626 2949 figurarum
1668 2872 1928 2931 exhibita
1961 2879 2066 2946 est,
2125 2892 2227 2930 cur
2269 2873 2339 2930 E.
2384 2875 2638 2949 oportuit
2675 2873 2739 2930 in

330 2951 510 3008 coelos
551 2952 934 3012 conscendere
975 2963 1044 3013 ut
1085 2955 1276 3014 cultus
1316 2953 1416 3011 ille
1457 2952 1667 3028 legalis
1708 2960 1767 3011 et
1794 2951 2027 3029 typicus
2066 2951 2443 3026 abrogaretur
2462 2954 2497 3009 Ρ·
2534 2952 2731 3028 Resp.,

333 3029 554 3088 Damus
598 3030 828 3089 Christo
869 3033 1220 3092 adventante
1261 3031 1586 3090 exhibitum
1642 3029 1819 3089 fuisse
1862 3049 2069 3108 corpus
2110 3029 2443 3088 umbrarum
2485 3040 2544 3091 et
2583 3031 2735 3090 veri-

329 3119 508 3168 tatem
548 3109 880 3186 figurnrnm,
926 3113 1030 3171 sed
1089 3133 1206 3171 non
1250 3111 1509 3188 sequitur
1563 3111 1760 3169 statim
1814 3109 2248 3186 abrogationem
2302 3109 2513 3170 factam
2555 3111 2733 3172 fuisse

327 3189 603 3247 omnium.
669 3190 862 3249 Primo
891 3192 1192 3270 abrogatio
1219 3191 1378 3250 facta
1411 3198 1502 3250 est
1543 3193 1612 3248 de
1636 3193 1776 3264 jure
1814 3209 1917 3267 per
1943 3199 2203 3263 mortem,
2234 3199 2299 3250 ut
2327 3190 2599 3268 diximus,
2630 3194 2737 3253 sed

326 3271 396 3328 de
406 3273 570 3344 sacto
597 3277 822 3329 tantum
851 3280 910 3331 et
937 3271 1185 3349 perfecte
1213 3279 1346 3348 post
1371 3271 1845 3329 resurrectionem
1876 3278 1935 3330 et
1962 3270 2373 3329 ascensionem.
2446 3271 2737 3347 Quamdiu

327 3349 482 3408 enim
511 3371 683 3409 verus
733 3351 1000 3411 sacerdos
1047 3352 1108 3409 in
1157 3352 1326 3410 terris
1373 3351 1600 3429 agebat,
1635 3359 1693 3410 et
1718 3349 1975 3409 nondum
2004 3351 2277 3410 intulerat
2304 3353 2643 3429 sanguinem
2674 3355 2733 3412 in

328 3432 656 3505 sacrarium,
707 3431 910 3491 tandiu
954 3432 1208 3510 oportuit
1249 3432 1508 3510 typicum
1557 3429 1913 3490 sacerdotem
1944 3439 2094 3491 stato
2139 3439 2198 3490 et
2225 3432 2449 3491 solenni
2476 3442 2733 3513 tempore

325 3511 554 3588 ingredi
605 3513 818 3570 Sancta
870 3511 1227 3588 Sanctorum,
1259 3512 1612 3590 proindeque
1642 3511 1909 3573 victimas
1938 3512 2232 3571 immolare
2254 3520 2313 3572 et
2342 3514 2621 3573 sacrificia
2648 3515 2731 3574 of-

285 3607 288 3612 ·
326 3590 489 3666 ferre,
523 3593 660 3669 quia
686 3593 938 3668 oportuit
965 3593 1075 3652 hoc
1101 3601 1270 3670 pacto
1313 3592 1631 3670 significari
1658 3612 1857 3651 verum
1888 3592 2241 3651 sacerdotem
2270 3593 2525 3651 nondum
2555 3594 2739 3654 intro-

327 3671 464 3730 iisse
493 3671 554 3728 in
597 3691 798 3729 verum
821 3674 1208 3733 sanctuarium
1231 3693 1438 3750 nempe
1468 3673 1711 3731 Coelum.
1778 3673 1924 3730 Haec
1954 3681 2043 3731 est
2069 3681 2261 3731 autem
2290 3672 2438 3731 ratio
2465 3680 2553 3732 τοῦ
2577 3674 2737 3734 τύπον

323 3755 414 3821 καὶ
440 3758 527 3809 τοῦ
552 3751 840 3817 wau-noina
855 3754 1070 3830 fiquroe
1097 3763 1155 3812 et
1181 3754 1270 3811 rei
1296 3753 1592 3830 fiyuratae,
1626 3760 1689 3810 ut
1731 3771 1848 3810 non
1876 3750 2045 3811 cedat
2070 3773 2173 3828 per
2198 3761 2390 3829 partes
2418 3753 2606 3829 figura
2631 3775 2731 3813 ve-

326 3832 499 3904 ritati,
532 3832 635 3890 sed
663 3852 765 3909 per
792 3852 852 3891 se
881 3841 1078 3908 totam,
1113 3843 1262 3892 stare
1285 3833 1498 3911 quippe
1527 3832 1700 3890 debet
1728 3840 1851 3892 tota
1874 3832 2061 3909 figura
2088 3831 2271 3890 donec
2298 3832 2359 3889 in
2388 3833 2513 3909 ejus
2540 3833 2732 3892 locum

327 3911 525 3969 veniat
553 3919 675 3971 tota
702 3913 935 3972 veritaS.
1004 3915 1210 3991 Itaque
1260 3913 1476 3990 duplex
1505 3911 1608 3970 illa
1656 3913 1865 3971 summi
1895 3911 2197 3971 Pontificis
2223 3911 2442 3970 functio
2472 3916 2509 3945 “
2529 3913 2731 3973 immo·

325 3990 486 4048 landi
515 3999 681 4050 extra
729 3993 941 4052 Sancta
994 3995 1350 4066 Sanctorum,
1384 4003 1442 4052 et
1488 3991 1852 4069 ingrediendi
1882 3992 1943 4050 in
1975 3989 2360 4066 Sacrarium,'’
2388 4010 2505 4049 non
2534 3992 2735 4053 debuit

328 4070 531 4129 cedere
576 4092 679 4148 per
723 4082 916 4148 partes
963 4075 1176 4133 actioni
1205 4073 1420 4131 Christi
1448 4072 1743 4131 offerentis
1772 4092 1833 4132 se
1861 4072 1921 4129 in
1950 4079 2161 4130 terram
2198 4079 2257 4130 et
2285 4070 2543 4130 sistentis
2582 4092 2643 4130 se
2672 4074 2730 4131 in

329 4150 508 4224 Coelo,
540 4151 644 4210 sed
671 4161 792 4210 tota
822 4154 1136 4213 sacerdotis
1164 4152 1451 4212 actio-toti
1479 4152 1695 4211 Christi
1745 4150 1956 4210 actioni
1986 4151 2250 4224 decessit,
2291 4150 2447 4209 unde
2476 4153 2735 4228 sequitur

327 4239 452 4289 tum
481 4231 713 4290 demum
743 4233 1034 4293 sublatum
1065 4253 1192 4292 esse
1242 4232 1627 4291 sacerdotium
1656 4231 1980 4290 Leviticum
2012 4251 2187 4308 quum
2220 4230 2485 4290 Christus
2511 4232 2737 4309 ingres·

326 4330 425 4369 sus
453 4310 514 4369 in
543 4311 766 4370 Coelum
795 4313 1057 4372 ultimam
1085 4333 1319 4372 manum
1346 4313 1482 4371 huic
1511 4311 1671 4389 operi
1697 4310 1979 4369 adhibuit.
2032 4311 2108 4369 Et
2135 4311 2247 4369 hoc
2274 4311 2461 4387 ipsum
2492 4320 2740 4372 testatur

326 4391 555 4468 Apost.,
589 4392 744 4451 Heb.
772 4392 854 4451 ix.
885 4395 941 4466 8,
969 4395 1004 4427 “
1031 4393 1272 4453 Stetisse
1301 4394 1460 4470 prius
1480 4391 1938 4450 'sabernaculum
1964 4390 2237 4466 quamdiu
2272 4410 2439 4450 verus
2468 4393 2737 4454 sacerdos

325 4491 442 4529 non
471 4471 770 4549 ingressus
798 4482 888 4533 est
921 4473 1132 4533 Sancta
1185 4473 1583 4532 Sanctorum.'’
1632 4471 1833 4528 Stante
1861 4490 2000 4528 vero
2028 4470 2424 4530 Tabernaculo
2454 4481 2605 4532 stare
2634 4472 2731 4534 de-

323 4551 423 4611 bet
451 4560 510 4611 et
531 4553 660 4630 ejus
687 4551 896 4612 cultus.
982 4553 1067 4612 At
1110 4553 1212 4612 illo
1262 4561 1451 4611 stante
1480 4551 1745 4610 Christus
1791 4550 2059 4609 sacerdos
2086 4571 2212 4609 esse
2239 4570 2358 4608 non
2384 4551 2573 4628 potuit
2600 4556 2737 4630 quia

325 4631 442 4691 duo
495 4633 832 4693 Sacerdotia
880 4634 1053 4693 simul
1100 4641 1252 4692 stare
1289 4639 1600 4711 nequeunt.
1646 4631 1851 4709 Neque
1878 4629 1975 4690 hic
2001 4630 2409 4708 reponendum,
2445 4632 2541 4692 Sic
2570 4635 2735 4712 sequi

325 4731 514 4790 neque
545 4714 836 4774 Christum
883 4714 942 4773 in
991 4714 1159 4773 terris
1193 4712 1396 4773 offerre
1440 4712 1699 4791 potuisse
1729 4711 1778 4770 si
1807 4711 2077 4771 sacerdos
2106 4731 2231 4772 esse
2260 4731 2376 4770 non
2404 4713 2591 4790 potuit
2618 4717 2735 4774 alio
