3234 5192
289 349 518 388 κενοῖ.
551 331 646 400 tn]
1114 345 1338 386 xeos-rna
1365 347 1444 386 ΑΒ
1473 349 1757 390 nomeu
1784 349 2049 390 nomn.
2618 337 2695 394 39

281 489 418 548 dum
461 487 706 564 coepisse
747 503 920 542 usum
961 483 1211 542 vovendi
1259 485 1544 546 Sanctis.’'
1630 488 1789 566 Ergo
1824 491 1947 567 jam
1982 511 2057 549 ex
2112 491 2430 550 adversarii
2470 493 2693 552 confes-

279 571 458 642 sione,
505 575 776 625 votorum
819 564 1186 638 nuncupatio,
1217 585 1346 641 quae
1389 567 1454 625 fit
1500 568 1745 644 Sanctis,
1790 590 1905 628 non
1941 570 2115 629 habet
2157 571 2591 630 fundamentum
2633 573 2695 632 in

279 649 594 726 Scriptura,
619 645 724 704 sed
753 644 814 701 in
845 663 1002 701 mero
1033 643 1326 702 hominum
1355 658 1699 707 commento,
1743 651 1823 708 3⁰·
1852 651 2143 708 Attestatio
2154 653 2473 724 juramenti
2496 649 2572 707 ad
2604 671 2695 710 so-

277 728 396 786 lum
447 727 635 785 Deum
679 723 940 794 refertur,
989 723 1300 782 Deuteron.
1345 725 1422 783 vi.
1473 729 1562 800 13,
1609 735 1669 786 et
1720 748 1779 785 x.
1825 732 1919 803 20,
2008 728 2177 787 “l'er
2218 749 2427 786 nomen
2460 729 2695 788 Domini

279 808 390 866 Dei
433 807 520 866 tui
567 804 857 881 jurabis.''
907 801 1076 860 Unde
1117 803 1226 879 ipsi
1271 804 1442 862 etiam
1487 807 1721 866 Ethnici
1768 809 1880 866 Sur
1927 807 2094 888 ’σ’ςιιου,
2146 810 2335 867 Deum
2374 811 2698 882 juramenti

279 888 576 958 arbitrum,
607 884 901 955 dixerunt,
932 901 1038 940 nec
1079 883 1384 959 quisquam
1425 894 1491 944 ut
1531 887 1699 945 testis
1726 887 1823 946 vel
1852 887 2069 945 vindex
2099 889 2159 945 in
2193 888 2523 964 juramento
2544 906 2693 964 prae-

279 975 367 1026 ter
405 985 538 1024 eum
581 961 918 1040 compellari
960 970 1166 1036 potest,
1199 962 1355 1020 solus
1398 964 1550 1022 enim
1591 976 1783 1042 potest
1824 987 1949 1026 esse
1980 967 2161 1040 testie,
2192 967 2349 1042 quod
2378 987 2512 1026 vere
2534 967 2695 1043 jura·

277 1066 424 1119 mus,
457 1045 616 1102 solus
639 1051 832 1118 potest
860 1061 986 1098 esse
1017 1039 1250 1114 vindex,
1277 1043 1325 1099 si
1354 1042 1500 1100 falso
1520 1045 1803 1120 juramus.
1839 1047 2009 1106 Unde
2030 1067 2179 1122 eum,
2210 1067 2313 1124 per
2340 1067 2511 1123 quem
2534 1047 2693 1122 jura·

277 1146 422 1199 mus,
453 1124 620 1201 quasi
651 1121 1004 1194 deificamuS,
1037 1119 1086 1177 si
1124 1120 1208 1178 ita
1233 1120 1393 1198 loqui
1441 1123 1591 1195 licet,
1624 1126 2003 1186 attribuentes
2030 1127 2085 1184 ei
2113 1126 2371 1184 cordium
2394 1126 2695 1185 scrutatio-

275 1225 426 1278 nem,
459 1204 818 1262 occultorum
861 1199 1264 1276 cognitionem,
1297 1201 1556 1260 veritatis
1595 1206 1990 1279 patrocinium,
2022 1205 2289 1264 salsitatis
2324 1207 2609 1282 judicium
2640 1215 2699 1265 ct

275 1292 622 1361 potestatem
663 1301 733 1338 ac
775 1279 1089 1357 potentiam
1131 1281 1382 1356 perjuria
1417 1281 1771 1342 vindicandi.
1858 1285 2013 1342 Hinc
2048 1286 2245 1362 jurare
2286 1305 2389 1361 per
2415 1305 2563 1358 eum,
2596 1286 2699 1362 qui

276 1383 398 1420 non
427 1371 516 1420 est
545 1362 722 1435 Deua,
755 1369 845 1418 est
875 1359 1062 1416 Deum
1092 1358 1280 1435 ipsum
1307 1360 1649 1436 relinquere,
1682 1371 1739 1420 et
1766 1362 2071 1438 abnegare,
2108 1363 2283 1438 Soph.
2306 1365 2344 1421 i.
2376 1367 2431 1438 5,
2463 1365 2696 1439 etjura-

279 1451 480 1499 menta
519 1461 617 1516 per
656 1448 949 1498 creaturas
991 1446 1049 1496 et
1088 1437 1266 1496 falsos
1311 1440 1466 1497 Deos
1509 1439 1721 1500 diserte
1762 1442 2155 1518 prohibentur,
2187 1442 2311 1500 Jer.
2353 1462 2409 1498 v.
2447 1446 2501 1499 7.
2564 1442 2697 1500 Non

277 1530 506 1580 tantum
531 1520 688 1578 Deus
709 1517 986 1594 praecipit,
1019 1526 1082 1574 ut
1109 1516 1435 1594 quicunque
1469 1520 1648 1596 jurat,
1678 1541 1781 1598 per
1810 1521 1999 1580 Deum
2028 1541 2207 1594 anien,
2239 1520 2301 1579 id
2329 1527 2417 1578 est
2446 1522 2695 1578 veracis-

279 1601 508 1670 simum,
523 1599 698 1675 juret,
725 1597 804 1654 Is.
827 1597 949 1654 le.
979 1599 1068 1671 16,
1095 1596 1196 1654 sed
1214 1597 1336 1674 ipse
1355 1599 1526 1656 etiam
1550 1599 1761 1658 'uravit
1778 1620 2241 1677 unumquemque
2262 1620 2395 1658 vere
2420 1600 2696 1658 Christia-

277 1699 416 1738 num
460 1698 564 1755 per
600 1699 662 1736 se
695 1678 1042 1753 juraturum,
1075 1675 1155 1734 Ie.
1200 1675 1321 1735 le.
1353 1681 1449 1753 23,
1483 1678 1500 1735 i
1544 1699 1612 1736 co
1634 1680 2025 1755 juramentum
2050 1679 2413 1756 peculiariter
2440 1679 2689 1739 Jehovae

279 1759 507 1830 dicitur,
537 1755 726 1815 Exod.
757 1755 902 1813 xxii.
938 1757 1028 1830 11,
1054 1755 1190 1830 quia
1217 1757 1446 1814 nomine
1479 1758 1588 1816 Dei
1617 1758 1956 1834 interposito
1978 1760 2315 1836 concipitur.
2359 1764 2439 1816 4⁰·
2474 1759 2696 1818 Eadem

279 1848 368 1896 est
397 1840 748 1912 templorum,
779 1835 1052 1892 altarium
1079 1843 1137 1892 et
1163 1837 1444 1907 festorum
1471 1837 1639 1894 ratio,
1726 1838 1847 1896 Ista
1892 1838 2044 1896 enim
2069 1839 2247 1897 solius
2280 1839 2390 1897 Dei
2421 1839 2603 1898 cultui
2632 1841 2691 1896 in

282 1916 596 1993 Scripturis
634 1914 850 1991 passim
889 1913 1253 1990 deputantur,
1285 1915 1443 1990 quod
1483 1916 1725 1992 agnovit
1751 1919 2087 1991 Durandus,
2122 1918 2353 1976 Ration.
2394 1917 2575 1976 divin.
2606 1918 2693 1975 of-

278 1995 370 2054 fic.
401 1997 502 2054 lib.
533 1996 614 2054 iv.
637 2015 686 2052 c.
711 1996 806 2052 39.
841 1996 876 2025 “
901 1993 1000 2050 Ad
1028 1995 1260 2072 λατρείαν
1289 1995 1578 2070 pertinent
1595 1996 1811 2072 templa
1839 2006 1897 2055 et
1926 1997 2144 2070 altaria,
2178 1997 2573 2069 sacerdotalia,
2600 2017 2691 2054 sa-

281 2075 512 2147 crificia,
545 2073 908 2144 festivitateS,
955 2073 1326 2146 caeremoniae,
1379 2082 1436 2131 et
1457 2074 1806 2149 hujusmodi,
1860 2096 1989 2152 quae
2032 2075 2139 2134 soli
2190 2077 2315 2134 Deo
2366 2085 2501 2135 sunt
2530 2076 2695 2134 exhi·

279 2154 530 2212 benda.''
577 2154 710 2228 Ipse
745 2154 1003 2210 Thomas.
1027 2152 1085 2209 ii.
1117 2156 1172 2208 2.
1203 2171 1260 2227 q.
1293 2155 1388 2209 85.
1425 2161 1530 2211 art.
1563 2157 1639 2224 2.,
1670 2175 1801 2212 cum
1846 2156 2174 2231 oppositum
2204 2163 2357 2214 esset
2384 2154 2603 2231 templa
2636 2164 2695 2214 et

281 2233 486 2292 altaria
503 2233 650 2305 erigi
672 2231 900 2290 Sanctis
927 2239 986 2290 et
1009 2230 1274 2306 AngeliS,
1299 2232 1608 2308 respondet
1638 2233 1833 2292 verbis
1856 2235 2013 2309 Aug.
2039 2233 2110 2291 de
2131 2235 2256 2291 (liv,
2284 2233 2411 2306 Dei,
2444 2234 2545 2290 lib.
2570 2234 2693 2292 viii.

279 2333 329 2371 c.
360 2313 482 2388 ult„
519 2314 557 2344 ‘⁴
579 2311 714 2368 Non
735 2310 1136 2368 constituimus
1159 2311 1508 2387 martyribus
1544 2312 1774 2389 templa,
1817 2313 2153 2384 sacerdotia,
2185 2333 2363 2386 sacra,
2396 2312 2693 2388 sacrificia,

281 2393 556 2468 quoniam
583 2411 700 2448 non
722 2390 848 2467 ipsi,
875 2389 976 2448 sed
993 2409 1188 2446 eorum
1217 2391 1393 2464 DeuS,
1425 2390 1594 2448 nobis
1632 2400 1719 2450 cst
1746 2391 1960 2450 Deus.''
2020 2395 2099 2450 5⁰·
2127 2393 2391 2468 Denique
2412 2393 2693 2469 thur-{fica-

282 2475 484 2529 tionem
513 2471 616 2528 uni
649 2471 772 2528 Deo
802 2468 1014 2542 deberi,
1047 2469 1204 2545 quod
1231 2468 1303 2528 de
1343 2469 1637 2528 sacrificiis
1674 2472 1915 2547 jamjam
1944 2471 2199 2530 diximus
2227 2472 2413 2546 docet,
2445 2470 2582 2548 quia
2609 2472 2695 2530 in-

283 2570 520 2608 censum
541 2550 664 2608 sive
693 2547 934 2622 suffituS‚
957 2555 1048 2606 est
1075 2547 1172 2604 vel
1192 2567 1341 2625 pars,
1373 2548 1468 2606 vel
1491 2549 1713 2625 species
1736 2551 2017 2624 sacrificii,
2049 2560 2114 2610 ut
2142 2560 2368 2610 constat
2397 2571 2471 2610 ex
2504 2551 2695 2610 Levit.

279 2631 316 2687 i.
349 2633 404 2702 2,
435 2633 492 2702 3,
527 2631 581 2701 6,
613 2628 918 2704 capitibus
1006 2626 1176 2685 Unde
1215 2628 1338 2703 jam
1389 2628 1807 2704 propositionis
1850 2641 2061 2688 nostrae
2105 2630 2369 2707 probatio
2410 2630 2691 2705 exsurgit.

289 2709 441 2766 Nam
487 2708 586 2785 qui
625 2708 686 2764 in
734 2705 1011 2764 creaturis
1040 2725 1200 2782 spem
1229 2717 1286 2764 ct
1313 2705 1583 2765 fiduciam
1630 2709 1894 2784 collocat,
1942 2711 2044 2786 qui
2088 2718 2380 2767 creaturas
2424 2709 2693 2784 religiose

288 2788 508 2862 adorat,
541 2787 640 2863 qui
685 2806 782 2845 eas
813 2786 1060 2858 invocat,
1093 2793 1152 2844 et
1179 2805 1280 2861 per
1307 2805 1404 2843 eas
1441 2787 1617 2863 jurat,
1651 2789 1753 2863 qui
1782 2788 1852 2846 iis
1882 2798 2018 2846 vota
2045 2796 2358 2863 nuncupat,
2390 2788 2611 2862 templa
2638 2797 2698 2846 et

285 2868 489 2926 altaria
527 2867 718 2942 erigit,
753 2864 900 2923 festa
943 2874 1258 2938 consecrat,
1289 2864 1543 2923 suffitum
1581 2865 1791 2940 adolet,
1825 2867 1873 2924 is
1913 2866 2114 2942 procul
2143 2866 2319 2922 dubio
2349 2867 2569 2922 cultum
2604 2885 2691 2922 re-

283 2947 556 3023 ligiosum
587 2945 695 3003 soli
726 2944 853 3002 Deo
892 2943 1151 3002 debitum
1180 2943 1239 3002 in
1267 2953 1560 3002 creaturas
1589 2945 1877 3018 transfert,
1919 2953 1978 3002 et
2006 2945 2089 3001 sic
2123 2942 2509 3001 idololatriam
2541 2963 2693 3000 com-

285 3027 494 3096 mittin
539 3033 600 3082 at
629 3022 894 3082 Ecclesia
916 3023 1178 3081 Romana
1204 3023 1330 3080 haec
1358 3023 1550 3079 omnia
1577 3030 1831 3098 praestat,
1862 3042 2019 3098 ergo.

366 3105 512 3162 XV.
559 3103 880 3161 Ecclesiam
915 3111 1108 3160 autem
1141 3103 1458 3160 Romanam
1489 3101 1612 3158 haec
1643 3101 1835 3158 omnia
1882 3100 2121 3175 sancire,
2165 3108 2223 3159 et
2249 3107 2538 3177 praestare,
2572 3100 2699 3178 ejus

287 3183 730 3242 constitutiones
777 3191 836 3240 et
862 3181 1058 3257 praxis
1085 3183 1215 3239 luce
1245 3179 1561 3238 meridiana
1589 3179 1805 3237 clarius
1834 3181 2094 3257 probant,
2137 3181 2291 3238 circa
2319 3189 2567 3257 quatuor
2594 3201 2695 3258 po-

285 3263 571 3322 tissimum
601 3261 846 3336 objecta.
882 3264 933 3318 1.
963 3261 1199 3320 Sanccos
1228 3263 1514 3334 defunctos
1543 3269 1597 3317 et
1630 3260 1886 3335 Anqelos.
1920 3265 1975 3316 2.
2019 3261 2358 3338 Pontificem.
2392 3264 2448 3319 3.
2480 3263 2695 3319 Sacra-

285 3351 541 3400 mentum.
572 3344 628 3398 4.
665 3341 901 3399 Cracem
949 3349 1002 3397 et
1045 3341 1352 3416 Reliquias,
1384 3339 1540 3415 quod
1569 3339 1631 3396 in
1660 3339 1905 3416 singulis
1934 3339 2188 3400 breviter
2216 3339 2698 3400 demonstramus.

289 3421 366 3478 Et
392 3420 468 3478 ad
483 3422 720 3478 Sanc-tos
741 3419 974 3496 quidem
993 3419 1151 3496 quod
1178 3419 1399 3491 attinet,
1431 3418 1567 3476 licet
1589 3439 1689 3477 eos
1712 3419 2077 3478 honorandos
2101 3440 2227 3478 esse
2248 3429 2481 3497 propter
2510 3420 2695 3479 imita·

289 3501 504 3558 tionem
535 3501 695 3558 cultu
735 3499 1059 3556 dilectionis
1102 3507 1159 3556 et
1201 3498 1508 3570 societatis,
1557 3498 1747 3574 qualis
1792 3499 2087 3558 conservis
2132 3507 2190 3558 et
2233 3500 2569 3558 concivibus
2599 3500 2696 3558 de-

283 3578 470 3653 betur,
502 3598 618 3636 non
648 3579 984 3650 abnuamus,
1017 3586 1080 3635 ut
1107 3597 1304 3635 eorum
1335 3577 1666 3634 memoriam
1698 3577 1885 3652 gratia
1913 3588 1971 3636 et
2014 3579 2275 3654 jucunda
2302 3579 2697 3639 recordatione

284 3677 646 3734 usurpemus,
678 3658 923 3716 virtutes
945 3655 1337 3732 praedicemuS,
1363 3655 1629 3732 exempla
1648 3676 1971 3734 sequamur,
1998 3668 2056 3716 et
2077 3657 2396 3715 doctrinam
2416 3667 2695 3733 tueamur,

284 3736 610 3794 adorandos
629 3745 819 3794 tamen
837 3745 1068 3812 propter
1079 3735 1432 3810 religionem,
1455 3755 1584 3810 quae
1604 3735 1715 3793 soli
1736 3735 1861 3793 Deo
1885 3737 2171 3807 convenit,
2194 3757 2323 3794 cum
2344 3735 2695 3811 Augustino,

283 3816 386 3874 lib.
417 3816 490 3874 de
530 3835 670 3873 vera
713 3815 1008 3892 religione,
1056 3835 1105 3872 c.
1153 3814 1275 3887 ult.,
1312 3834 1610 3892 negamus,
1696 3815 1915 3873 Verum
1948 3814 2237 3873 Pontificii
2273 3815 2447 3890 longe
2496 3813 2698 3874 aliter:

287 3914 419 3953 nam
449 3904 514 3953 ut
541 3915 578 3952 a
609 3895 790 3954 Beata
818 3893 1062 3970 Virgine
1110 3892 1470 3970 incipiamus,
1501 3913 1681 3969 quum
1720 3913 1826 3952 nos
1846 3894 2075 3951 beatam
2109 3893 2505 3970 praedicamus,
2539 3900 2596 3949 et
2624 3893 2701 3952 ad

285 3973 582 4048 honorem,
631 3994 746 4031 non
791 3973 866 4030 ad
907 3971 1298 4032 adorationem
1345 3973 1511 4030 nobis
1556 3973 1750 4030 datam
1796 3993 1927 4030 cum
1973 3972 2300 4048 Epiphanio
2349 3971 2698 4047 profitemur,

285 4053 489 4111 haeres.
537 4055 652 4125 79„
681 4053 1000 4128 ῆτικημὲνην,
1031 4053 1159 4109 ἀλλ’
1191 4057 1278 4108 ‹ivz
1301 4057 1362 4116 εἷς
1392 4050 1707 4132 ‘tenendum-n
1728 4053 1839 4126 ἡμῖν
1866 4049 2092 4108 δοθεῖσαν.
2180 4049 2363 4124 Quem
2395 4050 2550 4120 latet,
2582 4069 2701 4108 non

287 4131 462 4190 modo
491 4132 691 4190 titulos
719 4133 966 4206 divinos,
993 4132 1095 4189 sed
1124 4141 1180 4190 et
1209 4131 1426 4190 cultum
1451 4131 1714 4188 divinum
1763 4141 1887 4189 tum
1916 4131 2205 4188 internum
2247 4135 2369 4186 tum
2400 4135 2702 4188 externum

288 4210 342 4268 ei
370 4210 634 4269 exhiberi
656 4213 684 4268 P
767 4211 920 4285 Quid
948 4210 1100 4270 enim
1130 4210 1287 4268 aliud
1317 4210 1427 4267 sibi
1456 4209 1677 4284 volunt,
1705 4229 1883 4286 quum
1912 4229 2039 4266 eam
2067 4229 2220 4283 spem
2251 4207 2446 4264 mundi
2469 4217 2697 4286 vocant,

287 4300 529 4348 matrem
574 4290 985 4362 misericordioe,
1036 4290 1224 4364 vitam,
1276 4290 1620 4348 dulcedinem
1669 4298 1721 4346 et
1762 4291 1994 4345 salute-m
2046 4287 2288 4344 omnium
2317 4286 2373 4344 in
2416 4287 2539 4362 ipsa
2575 4309 2699 4364 spe-

289 4371 589 4428 rantium?
633 4369 704 4428 In
741 4370 933 4441 Officio
962 4371 1162 4426 Beatae
1208 4368 1422 4426 Marioe
1469 4371 1795 4442 reformate,
1847 4367 2017 4442 jussu
2049 4365 2140 4423 Pii
2176 4365 2252 4424 V.
2284 4365 2457 4442 edite,
2490 4367 2701 4428 dicitur

293 4449 618 4508 Consolatio
686 4451 1081 4522 desolatorum,
1139 4449 1233 4506 via
1287 4449 1614 4520 errantium,
1663 4448 1818 4504 salus
1866 4445 2109 4502 omnium
2151 4445 2283 4504 inte
2334 4449 2699 4522 sperantium.

290 4527 368 4586 Et
385 4529 448 4586 in
471 4527 723 4586 Hortulo
745 4528 968 4602 animae,
991 4527 1246 4604 impress.
1273 4527 1628 4602 Antuerpiae,
1655 4527 1845 4597 1557„
1874 4525 1909 4556 ‘·
1928 4523 2078 4600 Ave,
2100 4524 2301 4584 mundi
2323 4547 2471 4602 spes,
2500 4527 2703 4588 Maria.

291 4605 528 4665 Exaudi
570 4627 660 4666 me
682 4607 954 4666 miserum
995 4615 1372 4684 peccatorem,
1415 4607 1474 4662 in
1515 4614 1616 4663 tua
1644 4603 2035 4664 misericordia
2072 4614 2131 4665 et
2170 4605 2384 4684 pietate
2413 4605 2701 4662 confiden-
