3234 5192
454 340 571 398 522
1011 354 1089 395 ns
1119 352 1596 395 sarrsrscrtoms
1625 354 1860 395 cumsrr
1889 352 2209 393 vamum.
2449 332 2712 416 [meror.
2744 356 2870 397 xvi.

456 494 795 555 acerrimam
840 494 1018 554 fiiisse
1066 494 1216 554 hanc
1261 514 1517 573 pugnam
1567 512 1742 571 quam
1791 510 1894 569 pro
1941 494 2113 553 nobis
2139 492 2427 553 sustinere
2455 494 2675 573 voluit;
2719 497 2876 573 quod

456 576 667 635 melius
692 595 769 635 ex
798 574 1157 651 singularum
1184 576 1433 653 partium
1460 573 1627 633 brevi
1655 574 1921 632 examine
1948 573 2209 652 patebit:
2252 572 2359 631 sed
2390 574 2727 652 priusquam
2756 577 2874 636 'hoc

459 655 705 715 facimus
732 653 1119 714 amoliendum
1165 663 1255 713 est
1301 654 1676 714 falsissimum
1720 673 1919 713 eorum
1966 660 2356 713 commentum
2406 654 2508 730 qui
2547 656 2878 731 passionum

458 735 701 795 istarum
728 734 1077 795 inficiatione
1098 735 1277 812 impia
1298 734 1607 793 salutarem
1635 733 1784 792 hanc
1813 734 2082 811 agoniam
2111 733 2422 792 obscurare
2449 742 2585 793 sunt
2611 736 2820 794 conati.

543 814 666 873 ΙΙΙ.
710 815 973 874 Fuerunt
999 815 1151 873 enim
1173 815 1296 892 jam
1326 814 1463 873 olim
1490 814 1759 873 nonnulli
1784 814 1884 891 qui
1913 833 2044 872 cum
2071 812 2274 871 divina
2304 811 2522 872 Christi
2563 815 2749 891 gloria
2785 816 2875 874 in-

459 894 702 972 dignum
729 902 1030 954 comerent
1056 894 1214 971 quod
1240 893 1515 953 moestitia
1548 902 1607 953 et
1647 913 1862 970 pavore
1891 902 2186 971 correptus
2214 892 2405 968 fuerit,
2436 913 2504 951 eo
2531 914 2713 971 usque
2739 915 2873 972 pro-

458 973 647 1051 gressi
686 981 823 1032 sunt
863 980 932 1032 ιιι
968 974 1253 1033 senserint
1299 973 1593 1033 Christum
1619 992 1738 1032 non
1767 992 1903 1032 vere
1931 973 2037 1032 sed
2078 974 2231 1029 κατὰ
2261 970 2420 1047 δόξαν
2444 982 2503 1032 et
2530 982 2874 1051 apparenter

460 1061 687 1113 tantum
712 1052 975 1112 timuisse
1003 1062 1065 1112 et
1102 1053 1503 1113 contristatum
1531 1052 1728 1128 fuisse,
1759 1072 1875 1131 quo
1902 1054 2152 1131 pertinet
2173 1052 2407 1111 haeresis
2435 1052 2875 1129 Aphthartodo-

461 1140 719 1192 cetarum
746 1141 805 1191 et
834 1133 1235 1211 Gajanitarum
1263 1133 1364 1210 qui
1410 1152 1619 1209 corpus
1666 1132 1884 1192 Christi
1929 1131 2360 1210 incorruptibile
2409 1139 2468 1191 et
2513 1132 2872 1209 impassibile

460 1211 795 1289 fingebant;
847 1212 919 1273 de
949 1212 1161 1290 quibus
1190 1213 1433 1292 Niceph.
1470 1212 1608 1272 hist.
1641 1213 1868 1272 Eccles.
1895 1211 2000 1271 lib.
2029 1211 2174 1270 xvii.
2204 1232 2254 1271 c.
2283 1213 2381 1287 29,
2412 1218 2471 1270 et
2499 1212 2770 1272 Damasc.
2799 1212 2874 1272 de

462 1292 667 1351 haeres.
698 1312 749 1350 c.
780 1294 878 1352 84.
921 1292 1022 1351 Ad
1050 1312 1152 1353 eos
1180 1293 1412 1353 videtur
1440 1292 1753 1352 accessisse
1783 1292 2062 1368 Hilarius,
2083 1291 2201 1369 qui,
2229 1290 2332 1349 lib.
2355 1311 2416 1349 x.
2445 1290 2518 1349 de
2544 1292 2726 1367 Trin„
2757 1292 2874 1353 dis-

461 1380 629 1449 putat
647 1372 957 1431 humanam
982 1380 1244 1431 naturam
1262 1373 1325 1431 in
1348 1372 1577 1431 Christo
1595 1380 1831 1450 propter
1849 1372 2211 1449 personalem
2231 1369 2502 1431 unionem
2525 1391 2657 1431 cum
2678 1371 2878 1433 Verbo

462 1450 641 1511 nullis
665 1452 1035 1529 passionibus
1063 1453 1375 1511 obnoxiam
1403 1452 1599 1524 fuisse,
1631 1452 1752 1527 sed,
1783 1450 1933 1512 sicut
1961 1452 2141 1511 telum
2183 1451 2392 1510 transit
2416 1471 2521 1529 per
2546 1472 2754 1529 aquam
2781 1452 2878 1511 vel

462 1551 566 1609 per
612 1532 825 1608 ignem,
877 1540 938 1592 et
980 1532 1119 1591 facit
1160 1531 1396 1609 quidem
1444 1532 1878 1591 distractionem
1927 1531 2030 1591 sed
2073 1531 2198 1590 sine
2247 1550 2425 1590 sensu
2464 1532 2739 1608 vulneris,
2784 1532 2878 1591 Ita

464 1610 757 1670 Christum
784 1631 901 1670 non
930 1611 1179 1670 sensisse
1200 1612 1359 1669 illam
1383 1632 1513 1689 quae
1528 1612 1589 1669 in
1606 1612 1874 1689 passione
1895 1611 2046 1671 facta
2067 1618 2156 1669 est
2177 1610 2436 1687 corporis
2451 1611 2872 1688 lacerationem,

462 1698 634 1767 atque
663 1691 744 1750 ita
770 1690 995 1749 nullum
1022 1710 1257 1749 sensum
1284 1690 1505 1750 doloris
1550 1710 1755 1750 verum
1795 1690 1973 1750 fuisse
2013 1691 2074 1749 in
2117 1690 2348 1750 Christo
2389 1691 2564 1749 etiam
2603 1692 2665 1749 in
2717 1711 2871 1751 acer-

461 1768 717 1829 bissimis
772 1770 889 1829 illis
934 1770 1302 1848 passionibus
1324 1792 1339 1845 ;
1384 1790 1736 1847 quamquam
1787 1771 1994 1830 Petrus
2025 1769 2408 1842 Lombardus,
2438 1771 2500 1829 li.
2545 1774 2626 1831 3⁰.
2657 1780 2874 1831 senten.

464 1849 597 1908 dist.
630 1868 752 1925 xv„
778 1849 1065 1927 opinionis
1091 1850 1267 1928 hujus
1288 1850 1678 1927 suspicionem
1705 1849 1780 1909 ab
1809 1850 2040 1909 Hilario
2063 1850 2266 1909 sedulo
2287 1850 2516 1910 amoliri
2535 1859 2791 1927 conatur,
2815 1860 2882 1911 ut

464 1948 583 1987 non
620 1937 739 1988 tam
766 1950 967 1989 verum
996 1929 1280 2006 timorem,
1311 1929 1527 1989 doloris
1575 1950 1644 1989 ac
1691 1930 1980 2008 passionis
2023 1950 2275 2007 sensum,
2307 1930 2537 1990 Christo
2583 1931 2876 2008 ademerit,

466 2028 639 2085 quam
667 2028 899 2067 causam
928 2017 987 2069 et
1014 2010 1282 2069 meritum
1329 2009 1605 2087 patiendi,
1637 2008 1897 2086 timendi,
1927 2018 1986 2070 et
2015 2010 2268 2086 dolendi,
2300 2009 2459 2086 quod
2485 2012 2546 2068 in
2572 2011 2742 2070 nobis
2769 2022 2874 2087 est,

467 2088 605 2166 quia
632 2089 693 2148 in
718 2088 889 2148 nobis
918 2097 1007 2149 est
1032 2089 1312 2149 naturalis
1340 2088 1597 2167 patiendi
1627 2090 1943 2150 necessitas
1989 2096 2224 2168 propter
2263 2088 2414 2149 Adae
2461 2098 2760 2170 peccatum
2789 2092 2876 2148 in-

466 2169 657 2245 ducta,
689 2170 750 2227 in
780 2168 1009 2230 Christo
1038 2190 1176 2229 vero
1203 2170 1348 2229 ultio
1377 2190 1452 2229 ex
1481 2170 1607 2247 ejus
1633 2169 1819 2228 libera
1839 2170 2136 2231 voluntate
2165 2178 2466 2249 suscepta;
2511 2172 2594 2230 sic
2624 2170 2874 2249 Epipha-

468 2249 619 2323 nius,
648 2250 853 2309 hseres.
884 2252 979 2326 69,
1011 2250 1203 2308 varias
1230 2251 1439 2325 quaerit
1464 2250 1860 2327 expositiones
1888 2258 1953 2309 ιιι
1981 2249 2186 2309 doceat
2211 2250 2312 2328 qui
2339 2258 2461 2309 tam
2508 2249 2716 2329 ingens
2744 2270 2877 2317 con-

467 2331 745 2387 sternatio
774 2330 1006 2387 Christo
1034 2329 1211 2388 tribui
1256 2329 1441 2405 possit
1488 2328 1549 2386 in
1576 2330 1689 2388 hoc
1717 2348 1921 2407 agone,
1965 2330 2218 2389 maxime
2246 2330 2383 2407 quia
2413 2330 2624 2389 Ariani
2649 2332 2762 2389 hoc
2789 2350 2879 2390 ar-

466 2416 743 2483 gumento
771 2407 1029 2465 divinam
1058 2408 1275 2466 Christi
1316 2416 1581 2467 naturam
1625 2408 2057 2487 oppugnabant.
2142 2411 2186 2470 J
2189 2410 2510 2469 ustinianus
2539 2410 2878 2487 Imperator,

464 2494 615 2545 teste
644 2486 901 2563 Evagrio
928 2486 1101 2545 histo.
1130 2486 1233 2546 lib.
1276 2486 1356 2545 iv.
1378 2507 1427 2545 c.
1458 2490 1554 2563 38,
1588 2488 1884 2548 Christum
1932 2509 2070 2549 vere
2111 2490 2360 2549 sensisse
2409 2488 2716 2565 tristitiam,
2769 2490 2872 2549 do-

466 2566 620 2625 lores
646 2573 707 2625 et
732 2584 979 2643 angores
1006 2566 1069 2623 in
1094 2565 1365 2643 passione
1391 2568 1648 2645 negavit,
1679 2576 1739 2629 et
1766 2568 2020 2629 edictum
2055 2569 2356 2647 proposuit
2401 2569 2463 2627 in
2509 2589 2624 2646 quo
2668 2589 2878 2647 corpus

469 2645 707 2705 Domini
754 2646 1189 2723 incorruptibile
1236 2646 1447 2723 sanxit,
1496 2648 1958 2727 naturaliumque
1987 2657 2046 2709 et
2073 2649 2492 2729 inculpatamm
2544 2648 2880 2727 passionum

466 2725 913 2804 haudquaquam
960 2746 1147 2805 capax
1172 2724 1352 2787 fuisse
1380 2726 1538 2805 dicit,
1567 2747 1678 2789 nec
1714 2738 2142 2789 sacrosanctum
2177 2730 2337 2789 illius
2384 2748 2588 2807 corpus
2624 2728 2880 2807 aliquam

468 2806 845 2867 mutationem
863 2814 965 2868 aut
984 2807 1381 2867 alterationem
1402 2806 1539 2867 inde
1556 2808 1630 2867 ab
1651 2829 1721 2868 eo
1745 2830 1860 2887 quo
1882 2811 1942 2868 in
1961 2818 2127 2869 utero
2147 2809 2457 2870 formatum
2475 2818 2579 2885 est,
2601 2827 2790 2889 neque
2817 2810 2881 2869 in

468 2888 811 2949 voluntariis
838 2908 1027 2967 neque
1046 2888 1109 2948 in
1132 2887 1495 2949 naturalibus
1521 2889 1905 2967 passionibus,
1933 2890 2225 2968 accepisse
2254 2910 2539 2951 asserens.

552 2968 662 3028 IV.
707 2969 929 3030 Verum
974 2976 1107 3031 utut
1147 2969 1273 3029 haec
1316 2968 1511 3048 opinio
1559 2970 1922 3046 quorundam
1963 2968 2151 3047 fuerit,
2209 2990 2246 3029 a
2284 2970 2550 3049 pluribus
2592 2978 2786 3031 tamen
2822 2978 2882 3031 et

467 3048 643 3125 longe
672 3050 997 3111 sanioribus
1036 3050 1253 3127 rejecta
1300 3059 1389 3109 est
1430 3069 1688 3127 semper3
1733 3049 2000 3110 audiatur
2025 3050 2124 3110 vel
2149 3070 2301 3111 unus
2330 3049 2698 3125 Ambrosius,
2727 3050 2788 3111 li.
2817 3071 2876 3110 x.

469 3127 533 3185 in
560 3127 703 3186 Luc.
734 3148 787 3187 c.
814 3130 980 3205 xxii„
1011 3130 1177 3207 cujus
1218 3150 1393 3189 aurea
1418 3130 1601 3189 verba
1641 3130 1780 3208 quia
1819 3129 2098 3209 imprimis
2126 3130 2202 3189 ad
2228 3149 2347 3189 rem
2378 3140 2635 3189 nostram
2663 3130 2881 3190 faciunt

468 3206 795 3264 describere
822 3208 917 3265 hic
936 3226 1053 3266 non
1072 3208 1299 3286 pigebit
1326 3231 1343 3285 ς
1386 3212 1426 3243 “
1445 3210 1748 3281 Haerent,”
1771 3210 1976 3288 inquit,
2007 3213 2044 3244 “
2059 3210 2320 3289 plerique
2341 3210 2602 3269 hocloco
2620 3211 2722 3289 qui
2747 3210 2878 3270 tris-

467 3282 653 3342 titiam
688 3284 1007 3345 Salvator-is
1034 3286 1110 3344 ad
1136 3296 1541 3365 argumentum
1582 3290 1800 3348 inolitae
1821 3290 2013 3368 potius
2035 3310 2070 3349 a
2085 3290 2366 3369 principio
2393 3308 2567 3367 quam
2595 3301 2882 3368 suscepta

467 3360 544 3421 ad
561 3369 789 3440 tempus
808 3363 1157 3425 infirmitatis
1178 3366 1476 3442 inclinant,
1500 3376 1559 3426 et
1575 3369 1854 3427 naturalis
1876 3390 2108 3431 sensum
2130 3371 2369 3449 cupiunt
2387 3376 2717 3447 retorquere
2745 3388 2877 3429 sen-

466 3441 681 3503 tentiae.
733 3442 865 3519 Ego
893 3452 1085 3503 autem
1112 3464 1229 3504 non
1258 3445 1446 3504 solum
1474 3447 1871 3507 excusandum
1898 3469 2016 3509 non
2041 3458 2201 3529 puto,
2252 3450 2356 3510 sed
2391 3449 2563 3509 etiam
2587 3466 2878 3527 nusquam

468 3522 657 3599 magis
682 3522 957 3601 pietatem
998 3525 1127 3603 ejus
1170 3526 1646 3605 majestatemque
1674 3527 1940 3605 demiror,
1969 3531 2164 3589 minus
2192 3531 2346 3589 enim
2373 3528 2693 3590 contulerat
2733 3530 2882 3590 mihi

466 3603 581 3663 nisi
597 3622 790 3663 meum
808 3604 1155 3683 suscepisset
1168 3604 1457 3684 affectum,
1480 3606 1639 3685 Ergo
1656 3628 1761 3687 pro
1781 3628 1874 3668 me
1896 3610 2082 3670 doluit
2101 3610 2202 3689 qui
2222 3610 2370 3669 nihil
2377 3610 2582 3670 habuit
2597 3608 2756 3688 quod
2775 3630 2881 3690 pro

468 3702 531 3744 se
550 3683 787 3760 doleret,
812 3692 871 3745 et
891 3693 1249 3765 sequestrata
1268 3686 1650 3749 delectatione
1667 3696 1895 3749 seternoe
1917 3689 2257 3767 divinitatis,
2279 3690 2455 3751 taedio
2477 3710 2620 3750 meae
2641 3690 2879 3749 infirmi-

468 3764 607 3825 tatis
628 3764 889 3841 afficitur,
930 3766 1185 3847 suscepit
1204 3767 1359 3827 enim
1380 3768 1673 3828 tristitiam
1699 3790 1904 3846 meam,
1925 3778 1991 3830 ut
2017 3770 2158 3829 mihi
2177 3790 2339 3831 suam
2361 3770 2623 3831 laetitiam
2643 3770 2879 3849 largire-

471 3852 581 3919 tur,
594 3854 657 3907 et
670 3846 939 3924 vestigiis
956 3848 1169 3907 nostris
1186 3846 1501 3924 descendit,
1524 3868 1710 3927 usque
1728 3850 1804 3909 ad
1821 3852 2025 3910 mortis
2046 3870 2376 3926 aerumnam,
2395 3858 2463 3910 ut
2491 3870 2599 3911 nos
2611 3850 2732 3911 suis
2751 3870 2881 3912 ves·

468 3925 633 4003 tigiis
656 3936 956 3987 revocaret
980 3928 1058 3987 ad
1084 3928 1283 4005 vitam,
1314 3928 1669 3989 confidenter
1695 3950 1836 4009 ergo
1861 3931 2155 3991 tristitiam
2195 3931 2448 4006 nomino,
2490 3930 2629 4009 quia
2655 3950 2883 3991 crucem

470 4006 739 4083 praedico,
768 4026 955 4085 neque
982 4008 1134 4067 enim
1164 4009 1413 4089 speciem
1442 4009 1851 4071 incarnationis
1873 4012 2128 4089 suscepit
2147 4010 2250 4070 sed
2269 4012 2595 4071 veritatem.
2667 4011 2886 4071 Debuit

472 4104 612 4163 ergo
652 4095 713 4147 et
748 4086 1008 4147 dolorem
1049 4090 1339 4167 suscipere
1381 4097 1447 4149 ut
1486 4090 1746 4150 vinceret
1785 4090 2079 4151 tristitiam
2117 4110 2236 4150 non
2279 4090 2676 4150 excluderet.”
2759 4092 2883 4151 Nec

468 4164 640 4224 aliter
668 4166 923 4246 August.
950 4169 991 4228 l.
1026 4170 1119 4244 14,
1150 4169 1223 4227 de
1278 4169 1405 4229 civ.
1440 4170 1566 4245 Dei,
1599 4189 1650 4229 c.
1681 4172 1738 4247 9,
1799 4174 1834 4204 “
1859 4170 2062 4249 Neque
2111 4171 2265 4230 enim
2293 4171 2354 4229 in
2382 4191 2500 4249 quo
2529 4178 2652 4229 erat
2680 4190 2884 4232 verum

468 4242 720 4307 hominis
748 4268 956 4326 corpus
984 4257 1045 4309 et
1068 4266 1245 4307 verus
1282 4249 1525 4324 animus,
1545 4250 1728 4309 falsus
1749 4260 1872 4311 erat
1889 4252 2174 4312 humanus
2201 4250 2504 4311 affectus.”
2537 4252 2574 4283 “
2600 4249 2758 4309 Φύσει
2787 4255 2885 4308 καὶ

470 4324 699 4401 ἀληθείᾳ
742 4330 815 4384 τὰ
858 4332 1037 4387 πάντα
1079 4329 1328 4405 ἑγένετο,”
1356 4329 1546 4409 inquit
1572 4330 1950 4391 Athanasius.
2007 4330 2088 4392 Et
2115 4352 2254 4391 sane
2283 4332 2332 4391 si
2363 4330 2630 4391 Christus
2658 4350 2795 4391 vere
2823 4340 2886 4390 et

468 4420 585 4459 non
614 4404 885 4479 ὅοξαστῶς
912 4417 1176 4469 naturam
1202 4418 1461 4470 nostram
1488 4412 1818 4489 assumpsit,
1841 4412 2056 4488 Quidni
2083 4422 2144 4472 et
2163 4432 2292 4473 cum
2322 4412 2452 4489 ipsa
2479 4430 2682 4470 omnes
2711 4410 2883 4471 affec·

467 4485 562 4539 tus
590 4480 867 4543 innocuos
894 4497 953 4546 et
982 4488 1345 4555 ἀδιαζλῆτους
1370 4491 1473 4573 qui
1500 4510 1628 4551 eam
1655 4493 2004 4553 comitantur
2021 4512 2154 4553 eum
2184 4492 2511 4569 suscepisse
2541 4491 2886 4551 credamus?

466 4558 585 4617 Sed
611 4558 685 4617 de
711 4579 781 4619 eo
808 4562 1073 4625 dubitare
1092 4586 1203 4627 nos
1228 4588 1347 4629 non
1386 4570 1526 4629 sinit
1552 4580 1611 4631 et
1638 4572 1934 4633 oraculum
1970 4574 2387 4652 propheticum,
2421 4572 2538 4633 Isa.
2569 4568 2694 4647 liii„
2726 4570 2888 4649 quod

458 4656 596 4697 vere
624 4636 932 4714 languores
960 4650 1189 4703 nostros
1214 4656 1573 4723 portaturum
1614 4660 1676 4710 et
1713 4652 1945 4713 dolores
1987 4654 2376 4731 bajulaturum
2422 4650 2708 4711 Messiam
2737 4670 2886 4731 pra--
