3234 5192
489 334 607 393 242
1101 350 1179 389 ns
1210 348 1555 389 semp-runs:
1586 348 1788 389 SACRAE
1819 347 2272 389 Atti-nonnus.
2540 330 2804 411 [msrur.
2837 350 2904 391 11.

501 495 679 553 malis
709 491 1055 567 simpliciter
1081 498 1141 549 et
1161 493 1451 563 absolute,
1481 508 1587 549 seu
1629 490 1692 547 id
1720 498 1962 566 propter
1988 489 2152 563 quod
2193 488 2422 564 aliquid
2451 490 2750 547 credimus
2787 492 2907 550 fide

504 574 744 645 divina;
796 571 935 630 Hoc
975 570 1136 629 enim
1184 570 1535 628 Adversarii
1575 569 1888 627 nobiscum
1935 576 2282 644 agnoscunt,
2332 568 2431 625 vel
2478 586 2539 625 se
2587 587 2910 643 agnoscere

506 654 718 710 saltem
746 652 1098 725 profitentur
1122 671 1135 707 ι
1180 648 1299 709 Sed
1319 666 1599 723 quaenam
1627 648 1705 705 sit
1718 648 1828 705 illa
1855 646 2168 704 Revelatio
2190 653 2460 723 respectu
2486 649 2693 720 nostri,
2716 649 2910 724 prima

504 740 567 789 et
591 730 917 800 notissima,
946 748 1082 803 quae
1125 746 1232 804 per
1260 746 1321 785 se
1348 734 1410 785 et
1434 733 1678 803 propter
1725 744 1804 797 se,
1833 743 1956 782 non
1987 742 2124 781 vero
2152 732 2393 802 propter
2427 726 2612 784 aliam
2639 728 2830 785 ullam
2869 746 2910 785 a

506 809 679 867 nobis
706 808 867 867 credi
894 809 1108 879 debet3
1160 806 1263 863 An
1293 806 1370 863 sit
1394 806 1457 863 in
1488 805 1794 879 Scriptura
1819 805 2158 879 quaerenda,
2191 805 2295 862 An
2323 822 2466 862 vero
2493 806 2558 862 in
2602 804 2911 865 Ecclesia?

505 888 640 946 Nos
671 888 976 961 Scriptura
1004 884 1185 946 Sacra
1212 884 1502 942 contineri
1529 884 1906 954 arbitramur,
1937 901 2072 957 quae
2113 884 2306 957 prima
2343 891 2434 941 est
2473 890 2534 942 et
2559 883 2908 958 perfectissi-

508 984 610 1023 ma
650 966 907 1040 Regula,
936 983 1045 1021 nec
1071 970 1241 1021 extra
1285 964 1455 1021 illam
1481 963 1671 1038 quaeri
1709 979 1878 1036 posse
1905 962 2002 1018 vel
2042 960 2294 1033 debere;
2340 960 2634 1019 Pontificii
2660 980 2802 1021 vero
2841 962 2904 1019 in

511 1044 790 1103 Ecclesiae
818 1061 961 1101 voce
988 1050 1051 1101 et
1092 1041 1431 1100 testimonio
1460 1060 1568 1099 seu
1594 1040 1834 1099 cerebro
1879 1038 2200 1110 Pontificis,
2237 1041 2302 1098 in
2329 1058 2510 1115 quem
2537 1040 2738 1099 omnia
2777 1048 2910 1097 tan-

508 1124 647 1181 dem
672 1122 1074 1191 resolvuntur,
1103 1121 1489 1195 quaerendam
1516 1137 1662 1177 esse.
1745 1118 1908 1177 Hinc
1938 1118 2206 1186 Quaestio
2234 1119 2480 1176 tandem
2507 1120 2583 1176 ad
2617 1120 2727 1177 hos
2754 1119 2909 1176 redi-

507 1202 671 1275 gitur
711 1201 1017 1272 terminos‚
1067 1207 1101 1233 ‘⁵
1124 1198 1305 1257 Unde
1332 1199 1455 1257 sive
1498 1206 1742 1273 propter
1767 1198 1930 1273 quid,
1960 1214 2155 1272 quove
2202 1204 2558 1271 argumento
2605 1198 2905 1273 praecipuo

512 1280 769 1355 Spiritus
800 1279 1053 1338 Sanctus
1080 1284 1287 1334 utatur
1314 1278 1394 1335 ad
1440 1277 1615 1335 nobis
1661 1277 2033 1353 probandam
2081 1274 2402 1351 Scripturas
2433 1274 2904 1346 Authoritatem,

510 1358 613 1416 An
662 1358 1026 1417 Testimonio
1073 1356 1372 1427 Ecclesiae,
1420 1375 1498 1414 an
1523 1372 1667 1414 vero
1707 1355 1892 1429 ipsius
1923 1353 2260 1427 Scripturae,
2287 1370 2394 1412 seu
2441 1353 2808 1427 argumentis
2847 1361 2909 1411 et

508 1437 754 1495 criteriis
782 1438 897 1511 ipsi
922 1436 1173 1495 insitis.’'
1222 1434 1399 1491 Prius
1418 1442 1692 1493 asserunt
1718 1432 2032 1504 Pontificii,
2055 1431 2187 1490 Nos
2207 1450 2348 1491 vero
2376 1433 2673 1508 posterius
2699 1432 2910 1491 statui-

506 1532 659 1588 mus,
688 1522 750 1574 et
776 1515 1309 1573 demonstrandum
1330 1513 1699 1588 suscipimus.

914 1650 924 1661 ,
1104 1590 1288 1648 XXI.
1333 1591 1624 1649 Bisariam
1651 1596 1853 1649 autem
1884 1589 2206 1649 Sententiae
2247 1596 2464 1649 nostrae
2491 1588 2906 1664 probationem

509 1648 987 1751 ΡᾟΓὲῗωῇᾛζ
1025 1670 1337 1728 instituere
1362 1687 1696 1744 possumus,
1730 1670 1781 1726 1.
1815 1671 1934 1727 κατ’
1965 1668 2120 1750 ἅςσιι,
2147 1668 2512 1727 ostendendo
2551 1666 2908 1727 Authorita-

565 1768 667 1808 tem
732 1778 831 1809 non
872 1778 989 1821 pen·
1027 1756 1150 1806 tem
1200 1746 1518 1822 Scripturas
1561 1766 1684 1805 non
1731 1750 1987 1821 pendere
2025 1750 2100 1806 ab
2141 1748 2422 1806 Ecclesia.
2509 1747 2564 1803 2.
2610 1750 2749 1805 κατὰ
2791 1748 2910 1808 θέο-ιν

568 1824 681 1925 gfff
716 1822 801 1924 ⁸1³1
822 1822 991 1929 3⁴:132:
1030 1825 1356 1884 evincendo
1383 1830 1574 1882 totam
1600 1826 1847 1883 fundari
1874 1826 1934 1882 in
1968 1826 2276 1901 Scriptura
2299 1827 2446 1901 ipsa.
2532 1826 2613 1885 Et
2638 1828 2716 1885 ad
2744 1828 2910 1903 prius

563 1948 702 2014 gem·
1030 1904 1273 1979 quidem
1300 1904 1461 1977 quod
1491 1904 1724 1976 attinet,
1755 1904 1894 1961 satis
1922 1922 2219 1981 superque
2246 1906 2344 1962 vel
2371 1924 2446 1963 ex
2485 1907 2600 1963 hoc
2625 1924 2748 1963 uno
2789 1908 2910 1965 001..

1023 1983 1235 2057 ligitur
1286 1988 1640 2056 argumento
1664 2003 1678 2041 ε
1732 1982 2010 2041 Ecclesiae
2057 1984 2387 2042 authoritas
2440 1990 2568 2042 tota
2611 1986 2833 2059 pendet
2872 2004 2910 2044 a

510 2062 835 2139 Scriptura,
880 2060 1045 2136 Ergo
1086 2078 1207 2118 non
1247 2066 1447 2135 potest
1473 2060 1664 2117 ullam
1705 2079 1816 2118 nec
1843 2064 2043 2137 quoad
2071 2082 2150 2133 se,
2179 2081 2288 2121 nec
2315 2064 2516 2138 quoad
2559 2081 2668 2120 nos
2713 2063 2910 2140 Scrip-

506 2148 659 2199 turae
708 2141 1136 2199 authoritatem
1182 2138 1513 2197 conciliare.
1558 2138 1740 2197 Ratio
1769 2141 2205 2216 consequentiae
2247 2160 2352 2217 per
2391 2160 2452 2199 se
2499 2148 2699 2217 patet3
2747 2143 2910 2211 Quia

506 2220 869 2295 impossibile
896 2226 987 2277 est
1013 2219 1170 2274 idem
1196 2222 1465 2292 respectu
1494 2216 1765 2290 ejusdem
1792 2220 2010 2277 habere
2039 2220 2334 2277 rationem
2361 2238 2552 2278 causae
2575 2226 2636 2277 et
2663 2222 2910 2281 effectus

505 2298 782 2373 principii
808 2304 870 2355 et
895 2295 1251 2373 principiati,
1275 2295 1358 2352 sic
1384 2295 1545 2352 enim
1570 2296 1763 2373 seipso
1793 2303 1946 2355 esset
1984 2298 2152 2373 prius
2178 2304 2238 2355 et
2267 2300 2576 2373 posterius,
2606 2300 2809 2359 notius
2847 2308 2910 2358 et

506 2376 791 2451 ignotius,
893 2374 1274 2433 Antecedens
1321 2392 1463 2431 vero
1511 2374 1833 2449 multiplici
1880 2376 2112 2433 ratione
2159 2378 2559 2435 confirmatur.
2647 2378 2700 2437 1.
2747 2380 2909 2447 Quia

508 2454 778 2511 Ecclesia
802 2454 1098 2511 fundatur
1121 2451 1185 2508 in
1239 2452 1561 2527 Scriptura,
1592 2460 1653 2509 et
1700 2454 1776 2510 ab
1803 2472 1873 2511 ea
1899 2472 2026 2511 esse
2068 2473 2246 2511 suum
2275 2457 2609 2529 specificum
2638 2458 2904 2529 obtinet3

506 2532 681 2589 nulla
707 2532 867 2590 enim
897 2530 1161 2590 Ecclesia
1200 2531 1327 2588 sine
1356 2531 1684 2601 vocatione,
1713 2533 1886 2590 nulla
1913 2534 2144 2591 vocatio
2175 2533 2290 2590 nisi
2317 2552 2356 2591 a
2387 2534 2610 2606 Verb0,
2640 2536 2780 2594 hinc
2819 2537 2910 2593 di-

506 2609 661 2667 citur
688 2610 1017 2685 superstrui
1036 2608 1449 2667 -fundamento
1490 2608 1922 2685 Prophetarum
1951 2619 2011 2669 et
2039 2612 2493 2687 Apostolorum,
2521 2612 2674 2688 Eph.
2704 2614 2765 2673 ii.
2809 2616 2902 2673 20.

506 2686 691 2746 Unde
719 2694 788 2745 ut
812 2707 889 2746 ne
929 2706 1054 2747 esse
1082 2687 1325 2762 quidem
1365 2696 1563 2763 potest
1590 2690 1719 2745 ulla
1744 2690 1976 2762 domus,
2005 2690 2123 2748 nisi
2151 2690 2450 2749 substrato
2477 2692 2644 2767 prius
2688 2692 2907 2751 funda-

504 2774 725 2839 mento,
756 2767 839 2825 sic
864 2786 973 2825 nec
1002 2766 1270 2825 Ecclesia
1296 2766 1409 2825 nisi
1436 2768 1632 2841 posita
1659 2766 1982 2843 Scriptura.
2066 2769 2120 2826 2.
2169 2768 2333 2836 Quia
2357 2770 2531 2827 nulla
2565 2771 2771 2829 haberi
2799 2790 2906 2847 po-

506 2851 621 2903 test
648 2853 808 2905 certa
838 2846 1116 2905 Ecclesiae
1144 2845 1405 2919 cognitio
1434 2846 1549 2905 nisi
1576 2864 1652 2903 cx
1683 2845 1920 2906 Verbo:
1964 2846 2130 2905 Nam
2157 2854 2480 2923 antequam
2503 2848 2778 2907 Ecclesiae
2801 2868 2906 2907 vo-

504 2942 633 2981 cem
661 2924 996 2996 audiamus,
1026 2942 1261 2981 necesse
1287 2931 1377 2982 est
1417 2931 1487 2982 ut
1530 2924 1727 3000 primo
1755 2926 1927 2984 nobis
1954 2932 2182 2985 constet
2209 2927 2283 2983 (16
2328 2925 2606 3002 Ecclesia,
2640 2928 2742 2985 An
2781 2928 2904 2987 sit?

507 3003 672 3071 Quid
700 3004 821 3063 sit?
860 3010 921 3062 et
948 3002 1052 3061 ubi
1080 3003 1197 3061 sit?
1284 3003 1435 3070 Quae
1466 3022 1603 3061 cum
1651 3022 1761 3061 nec
1787 3023 1964 3062 sensu
1991 3023 2100 3063 nec
2127 3004 2360 3062 ratione
2395 3006 2619 3081 percipi
2661 3006 2903 3082 possint,

504 3082 775 3156 sequitur
796 3088 867 3139 ut
893 3082 1087 3139 omnis
1115 3082 1244 3139 haec
1272 3081 1485 3139 notitia
1510 3082 1587 3139 sit
1614 3101 1653 3140 a
1694 3082 2017 3157 Scriptura,
2060 3100 2196 3159 quae
2225 3101 2348 3139 non
2387 3085 2570 3141 modo
2597 3088 2772 3143 docet
2798 3086 2906 3143 ali-

503 3177 687 3232 quam
714 3176 839 3215 esse
871 3160 1213 3230 Ecclesiam,
1242 3161 1345 3218 sed
1374 3167 1435 3217 et
1462 3160 1535 3217 iis
1561 3160 1719 3217 notis
1737 3168 1797 3218 et
1824 3162 2264 3219 characteribus
2292 3180 2424 3218 eam
2452 3163 2746 3235 describit,
2767 3182 2904 3239 quae

504 3253 636 3291 eam
662 3236 837 3293 nobis
862 3237 1138 3309 ignorare
1161 3254 1284 3293 non
1310 3237 1531 3295 sinunt.
1617 3238 1681 3297 Si
1701 3258 1842 3313 ergo
1871 3258 1946 3296 ex
1970 3240 2276 3315 Scriptura
2303 3242 2680 3315 cognoscitur
2703 3242 2906 3300 Eccle-

502 3312 608 3381 sia,
628 3312 760 3385 jam
788 3314 985 3370 notior
1011 3314 1123 3370 erit
1150 3314 1295 3388 ipsa,
1323 3333 1434 3372 nec
1462 3314 1823 3374 Authoritas
1845 3319 2012 3376 illius
2041 3320 2241 3393 quoad
2271 3337 2379 3376 nos
2419 3320 2496 3377 ab
2530 3320 2645 3379 ista
2684 3322 2906 3395 pende-

502 3390 610 3445 bit.
712 3390 768 3446 3.
816 3390 977 3458 Quia
1026 3391 1489 3449 fundamentum
1540 3393 1946 3453 Authoritatis
1991 3396 2272 3455 Ecclesiae
2315 3416 2438 3454 non
2485 3398 2734 3457 aliunde
2782 3400 2904 3475 peti

502 3474 713 3542 potest,
743 3486 929 3543 quam
956 3488 994 3526 a
1022 3468 1367 3543 Scriptura3
1412 3468 1594 3529 Unde
1622 3473 1782 3529 enim
1822 3476 1995 3533 nobis
2022 3482 2291 3533 constare
2318 3476 2537 3550 poterit
2576 3478 2760 3535 talem
2800 3479 2907 3535 ob-

501 3546 691 3603 tinere
741 3547 1229 3605 Authoritatem3
1270 3546 1332 3605 N
1337 3549 1570 3623 unquid
1619 3552 2088 3611 existimabimus
2129 3554 2193 3610 id
2233 3554 2361 3611 fieri
2405 3554 2685 3613 Ecclesiae
2719 3556 2906 3630 ipsius

502 3624 935 3685 Authoritate3
1017 3626 1108 3684 At
1148 3626 1264 3683 hoc
1288 3626 1489 3701 ipsum
1518 3635 1609 3686 est
1654 3629 1730 3686 de
1757 3650 1880 3705 quo
1907 3632 2215 3706 quaeritur.
2297 3631 2361 3689 N
2365 3650 2442 3689 on
2485 3641 2682 3708 potest
2722 3635 2902 3692 etiam

499 3722 625 3761 esse
663 3707 788 3767 κωυὲ
817 3706 1096 3779 quaedam
1134 3701 1295 3775 ἔννοιαι,
1339 3707 1582 3780 quando
1625 3708 1700 3765 dc
1741 3726 1812 3766 ea
1851 3716 1974 3767 tam
2021 3710 2232 3767 acriter
2272 3710 2655 3786 disceptatur.
2739 3712 2906 3787 Ergo

504 3782 773 3857 sequitur
798 3789 869 3840 ut
893 3783 957 3839 id
984 3800 1059 3839 ex
1090 3782 1294 3841 Verbo
1323 3792 1700 3859 prospectum
1739 3788 2086 3860 habeamus,
2115 3796 2297 3863 atque
2339 3788 2424 3845 ita
2449 3790 2616 3863 prius
2645 3790 2908 3848 obtinuit

498 3863 661 3935 apud
680 3882 789 3921 nos
808 3861 1080 3918 Verbum
1100 3862 1538 3921 authoritatem.
1601 3862 1666 3921 N
1669 3882 1734 3922 ec
1749 3866 1812 3922 id
1835 3866 2070 3923 diffiteri
2087 3874 2336 3942 possunt
2358 3866 2736 3939 Adversarii;
2765 3887 2906 3926 nam

498 3956 637 3997 cum
658 3959 699 3998 a
722 3939 960 3999 Nostris
988 3948 1311 4014 urgentur;
1356 3938 1536 3998 Unde
1564 3952 1928 4017 cognoscant
1951 3944 2274 4002 Ecclesiam
2306 3947 2458 4003 hanc
2479 3947 2906 4005 authoritatem

498 4018 717 4076 habere
757 4020 821 4076 in
848 4018 1253 4093 consignando
1284 4018 1603 4093 Scripturae
1636 4020 1899 4093 Canone,
1943 4022 2331 4097 Respondent
2371 4024 2576 4081 statim
2615 4028 2732 4083 hoc
2769 4026 2906 4083 ideo

496 4096 641 4168 fieri,
672 4098 818 4172 quia
842 4097 1071 4171 regitur
1090 4115 1129 4154 a
1154 4096 1381 4172 Spiritu
1409 4097 1648 4157 Sancte.
1715 4100 1896 4167 Quod
1919 4100 1968 4157 si
1989 4101 2240 4158 ulterius
2261 4102 2465 4173 instes,
2488 4105 2650 4161 unde
2677 4111 2908 4161 constet

494 4174 581 4233 ita
620 4176 745 4249 regi
768 4178 795 4235 ἓ
874 4174 1202 4251 Reponunt
1231 4175 1393 4234 illico
1418 4177 1585 4233 varia
1615 4178 1933 4253 Scripturae
1979 4178 2360 4250 Testimonia,
2389 4182 2610 4255 quibus
2637 4183 2906 4239 evincere

494 4262 791 4311 conantur
820 4254 1123 4314 Christum
1166 4256 1279 4311 hoc
1304 4254 1395 4311 illi
1421 4254 1774 4329 promisisse,
1805 4264 1872 4314 ut
1903 4256 2117 4314 Matth.
2149 4257 2311 4315 xviii.
2343 4258 2437 4329 20,
2479 4267 2540 4317 et
2575 4260 2778 4317 xxviii.
2809 4261 2904 4332 20,

495 4330 537 4387 J
542 4333 639 4388 011.
664 4350 760 4390 xv.
792 4334 888 4404 26,
912 4340 971 4390 et
998 4333 1116 4389 xvi.
1152 4333 1243 4405 13,
1266 4336 1367 4391 &a
1430 4332 1529 4390 Ita
1556 4350 1630 4389 ex
1661 4334 1968 4409 Scriptura
1993 4354 2134 4395 suas
2159 4354 2367 4393 omnes
2393 4339 2774 4412 probationes
2801 4340 2908 4395 eli-

494 4408 677 4465 ciunt.
744 4409 1065 4477 Quomodo
1093 4428 1233 4469 vero
1274 4412 1383 4470 rite
1411 4413 1527 4469 hoc
1553 4413 1737 4483 fieret,
1766 4413 1884 4471 nisi
1911 4414 2076 4489 prius
2103 4422 2164 4471 et
2193 4414 2501 4489 Scriptura
2527 4435 2906 4490 cognoscere-

494 4491 615 4554 tur,
645 4492 706 4541 et
734 4486 941 4545 divina
965 4507 1089 4546 esse
1118 4490 1503 4549 crederetur?
1586 4488 1684 4549 Sic
1711 4510 1820 4549 suo
1847 4510 1908 4549 se
1935 4492 2139 4565 gladio
2157 4492 2468 4566 jugulant,
2505 4495 2904 4569 Ecclesiaeque

496 4561 851 4634 dignitatem
894 4564 1214 4639 Scripturae
1264 4569 1630 4626 authoritate
1659 4570 1980 4641 firmantes,
2011 4589 2180 4628 suam
2209 4572 2509 4647 deserunt,
2551 4581 2612 4630 et
2640 4580 2904 4631 nostram

495 4641 591 4697 vel
624 4640 1029 4713 imprudentes
1050 4644 1147 4699 vel
1168 4644 1340 4703 inviti
1363 4648 1712 4705 confirmant
1743 4650 2110 4706 sententiam.
