3234 5192
363 359 598 400 Disrur.
629 341 806 420 xvm]
997 357 1076 398 ns
1105 356 1602 398 snrsmcnoms
1632 357 1877 398 cunisrl
1908 357 2232 400 vsmmrz.
2660 350 2775 408 557

368 501 542 562 etiam
565 498 868 578 corporali,
886 519 1020 558 eum
1045 498 1309 558 traducet
1351 519 1458 558 nos
1486 498 1558 558 de
1603 507 1788 559 morte
1816 500 1892 558 ad
1919 500 2133 574 vitam3
2166 501 2235 560 Ε.
2295 506 2351 562 2.
2382 504 2583 562 Minor
2610 523 2778 584 nega.

373 581 638 641 Christus
665 581 820 640 enim
847 600 883 638 a
912 589 1086 638 morte
1113 599 1221 640 nos
1241 579 1511 638 liberavit
1539 587 1825 656 quatenus
1841 581 1943 638 illa
1961 601 2145 658 poenae
2167 581 2445 642 rationem
2474 583 2669 659 habet,
2700 585 2783 644 ita

371 669 437 721 ut
465 661 516 720 si
543 660 904 720 moriendum
953 661 1032 718 sit
1071 659 1256 735 nobis,
1287 679 1404 718 non
1433 659 1795 718 moriendum
1836 660 1911 719 sit
1938 661 2185 738 amplius
2212 671 2278 720 ut
2304 683 2505 740 poenas
2532 664 2783 724 feramus

369 741 592 820 peccati
620 741 820 814 nostri,
851 739 955 800 sed
982 748 1048 799 ut
1075 760 1110 800 a
1152 739 1422 799 sordibus
1449 740 1675 818 peceati
1698 741 1993 818 repurgati
2034 742 2095 798 in
2124 741 2417 802 eoelestern
2446 743 2781 803 felicitatem

373 822 760 896 traducamur,
791 820 922 880 ideo
950 839 1106 879 mors
1147 829 1344 880 nostra
1387 839 1504 879 non
1532 828 1623 879 est
1650 821 1897 898 amplius
1920 821 2243 895 maledicta,
2276 823 2425 882 sicut
2450 823 2781 882 maledictio

284 936 293 945 =
374 909 464 962 est
485 901 674 960 omnis
691 919 862 978 poena
889 900 1128 978 peccati,
1153 900 1258 960 sed
1278 899 1467 974 beata,
1485 900 1669 978 Apoc.
1692 901 1814 959 xiv.
1844 903 1935 974 13,
1948 901 2209 978 preciose
2228 903 2288 960 in
2304 903 2489 962 oculis
2511 902 2554 963 J
2556 903 2777 978 ehovae,

375 981 532 1043 Psal.
563 983 718 1042 cxvi.
753 980 846 1055 15,
876 980 1064 1040 duleis
1086 1000 1340 1056 somnus,
1354 981 1584 1058 requies
1604 980 1885 1055 laborum,
1910 981 2193 1058 depositio
2217 983 2454 1041 sarcinae
2476 984 2697 1060 peceati
2725 993 2785 1044 et

374 1063 654 1122 transitus
682 1061 740 1119 in
769 1061 952 1120 vitam
995 1070 1265 1120 aeternam
1291 1083 1306 1136 3
1338 1080 1372 1118 a
1399 1069 1637 1138 peccato
1666 1069 1755 1120 est
1782 1060 2017 1138 quidem
2045 1061 2204 1139 quod
2229 1062 2491 1122 homines
2518 1063 2691 1122 etiam
2712 1063 2778 1122 fi-

373 1141 534 1202 deles
560 1141 899 1216 moriuntur,
929 1160 1048 1200 non
1073 1150 1431 1202 morerentur
1458 1141 1612 1200 enim
1640 1139 1753 1199 nisi
1772 1152 2104 1217 peccatores
2124 1151 2333 1217 essent,
2360 1144 2463 1202 sed
2480 1163 2555 1202 ex
2576 1145 2781 1202 merito

373 1229 437 1280 et
460 1221 649 1298 gratia
677 1221 889 1280 Christi
917 1228 1025 1294 est,
1057 1218 1214 1296 quod
1241 1219 1504 1280 homines
1530 1240 1635 1297 per
1662 1229 1901 1280 mortem
1925 1221 2001 1280 ad
2021 1221 2201 1280 vitam
2229 1222 2624 1293 traducuntur,
2645 1223 2783 1301 quia

375 1301 456 1360 ita
481 1300 812 1359 immutavit
851 1299 979 1376 ejus
1020 1309 1284 1358 naturam
1315 1299 1594 1374 christine,
1620 1309 1687 1359 ut
1714 1301 1821 1358 etsi
1870 1310 2169 1377 peceatum
2200 1321 2424 1379 semper
2451 1302 2529 1362 sit
2555 1304 2781 1362 occasio

375 1380 674 1472 moriendi,
707 1399 824 1439 non
851 1378 926 1438 sit
955 1391 1146 1438 tamen
1175 1381 1300 1457 ejus
1327 1399 1516 1458 poena,
1548 1381 1645 1440 vel
1673 1378 1847 1462 λὺτςοι
1874 1380 2005 1438 finis
2022 1390 2255 1458 propter
2282 1401 2455 1459 quem
2480 1383 2656 1442 morti
2681 1383 2781 1441 ob·

377 1481 541 1520 noxn
569 1479 786 1520 sumus.
975 1511 980 1516 .

457 1539 682 1600 XXX.
727 1539 886 1598 Hinc
929 1538 1115 1616 liquet
1161 1559 1334 1616 quam
1379 1538 1526 1600 falso
1553 1539 1859 1618 pertendat
1895 1539 2261 1601 adversarius
2291 1541 2583 1602 Christum
2610 1544 2781 1602 morti

375 1621 628 1680 naturali
652 1629 936 1698 quatenus
964 1619 1136 1678 homo
1163 1629 1336 1680 natus
1364 1628 1487 1680 erat
1513 1619 1691 1680 fuisse
1721 1621 2063 1698 subjeetum,
2094 1641 2225 1679 nam
2268 1641 2401 1681 curn
2426 1622 2643 1700 ubique
2670 1632 2785 1682 tes-

375 1708 528 1762 tetur
559 1701 856 1779 Scriptura
883 1720 1016 1762 eum
1042 1720 1162 1760 non
1188 1709 1421 1778 propter
1449 1721 1528 1776 se,
1561 1701 1670 1760 sed
1687 1711 1920 1779 propter
1946 1721 2055 1760 nos
2071 1711 2358 1760 mortuum
2382 1723 2531 1777 esse,
2558 1712 2619 1762 et
2646 1723 2783 1762 con.-

374 1789 490 1840 stet
533 1802 665 1842 eum
715 1780 1142 1842 sanctissimum
1170 1789 1230 1840 et
1268 1781 1655 1858 justissimum
1696 1801 1921 1859 semper
1963 1780 2161 1856 fuisse,
2191 1782 2279 1840 illi
2307 1783 2429 1842 vita
2455 1792 2675 1843 tantum
2707 1803 2783 1842 ex

371 1863 706 1938 praescripto
737 1861 931 1940 Legis,
961 1881 1082 1920 non
1109 1880 1279 1936 mors,
1311 1860 1647 1936 debebatur,
1678 1861 1759 1921 ita
1800 1871 1866 1920 ut
1907 1861 2311 1921 detestandum
2340 1863 2417 1921 sit
2443 1863 2647 1922 merito
2674 1864 2775 1922 im·

371 1941 533 2018 pium
561 1941 877 2000 adversarii
906 1941 1120 2016 dogma
1145 1941 1304 2017 quod
1333 1941 1626 1999 Christum
1656 1961 1757 2018 per
1783 1961 1844 1999 se
1873 1942 2173 2001 mortalem
2203 1943 2445 2004 statuit:
2490 1944 2621 2002 Non
2664 1963 2784 2002 me-

373 2020 488 2080 lius
516 2021 658 2080 dicit
679 2021 851 2080 etiam
875 2020 1169 2079 Christum
1197 2039 1302 2078 nos
1331 2039 1368 2077 a
1393 2029 1577 2078 morte
1605 2040 1723 2078 non
1752 2021 2055 2095 exemisse,
2089 2022 2191 2080 sed
2220 2030 2443 2080 tantum
2472 2043 2507 2079 a
2536 2021 2781 2080 morien·

374 2097 436 2158 di
479 2101 840 2174 necessitate,
891 2119 1025 2156 nam
1075 2118 1206 2158 cum
1251 2098 1518 2156 omnibus
1547 2099 1737 2158 adhue
1786 2099 2083 2157 incumbat
2119 2100 2399 2158 moriendi
2444 2101 2779 2176 necessitas,

375 2187 522 2238 teste
566 2181 796 2256 Apost.,
844 2177 998 2236 Heb.
1029 2178 1110 2236 ix.
1141 2180 1236 2250 27,
1269 2176 1558 2252 quomodo
1587 2178 1663 2236 ab
1692 2177 1891 2236 eadem
1920 2177 2149 2235 liberati
2178 2179 2399 2236 censeri
2428 2197 2737 2255 possumus
2755 2183 2785 2239 Ρ

377 2257 580 2335 Neque
628 2257 765 2316 huic
801 2256 1033 2316 veritati
1081 2256 1340 2333 derogat,
1370 2256 1530 2333 quod
1549 2257 1639 2314 illi
1666 2257 1763 2334 qui
1813 2257 1875 2314 in
1902 2266 2163 2315 extremo
2194 2257 2417 2334 judicio
2447 2258 2787 2335 superstites

375 2347 510 2396 sunt
557 2337 732 2398 futuri
783 2356 905 2396 non
927 2337 1260 2412 morientur,
1308 2337 1440 2396 Etsi
1466 2338 1616 2396 enim
1648 2357 1763 2396 non
1814 2337 2137 2412 morientur,
2185 2339 2544 2397 nudabuntur
2569 2347 2781 2414 tamen,

379 2420 407 2475 1
444 2417 574 2478 Cor.
605 2439 706 2476 xv.
737 2421 832 2490 51,
884 2426 944 2476 et
989 2417 1112 2476 haec
1157 2419 1470 2478 immutatio
1519 2418 1637 2477 illis
1680 2418 1791 2478 erit
1816 2418 2009 2476 instar·
2044 2418 2261 2490 mortis,
2294 2439 2411 2496 qua
2438 2418 2703 2496 deposita
2728 2431 2789 2480 et

373 2499 592 2559 abolita
619 2499 832 2558 terreni
881 2498 1096 2558 Adami
1145 2499 1400 2576 imagine
1447 2519 1620 2578 quam
1666 2518 1821 2559 nunc
1865 2507 2165 2576 portamus
2207 2499 2401 2558 subito
2442 2499 2501 2557 in
2532 2500 2787 2560 coelestis

375 2579 688 2658 imaginem
737 2587 872 2640 sunt
918 2579 1368 2639 transformandi
1394 2602 1409 2656 3
1456 2579 1633 2640 Adde
1676 2579 1833 2657 quod
1896 2579 1947 2639 si
1990 2579 2125 2638 hine
2173 2580 2563 2657 colligendum
2612 2594 2783 2654 esset,

375 2659 666 2722 Christum
723 2681 834 2738 nos
886 2660 1164 2720 liberasse
1226 2680 1262 2719 a
1321 2659 1607 2718 moriendi
1662 2659 2025 2734 necessitate,
2091 2669 2426 2738 sequeretur
2490 2679 2591 2718 eos
2631 2661 2789 2720 solos

372 2739 552 2880 fflsse
579 2741 872 2816 liberatos,
903 2740 1048 2800 alios
1091 2749 1284 2800 autem
1313 2740 1414 2817 qui
1458 2748 1633 2798 antea
1678 2740 1941 2798 obierant
1984 2758 2364 2816 nequaquam,
2397 2739 2555 2816 quod
2584 2741 2783 2798 absur-

467 2841 695 2880 simum.

455 2899 717 2958 XXXI.
741 2898 844 2957 Ad
864 2903 962 2958 3¹²¹.
983 2919 1135 2958 mors
1162 2897 1422 2956 bifariam
1469 2896 1883 2970 consideratur,
1906 2896 2003 2954 vel
2032 2898 2089 2955 in
2116 2916 2175 2955 se
2202 2903 2373 2972 prout
2401 2897 2684 2973 infligitur
2710 2898 2791 2956 iis

373 2979 476 3054 qui
520 2987 656 3037 sunt
702 2987 872 3036 extra
919 2977 1228 3051 Christum,
1258 2977 1356 3034 vel
1398 2985 1663 3052 respectu
1703 2975 1959 3034 fidelium
2003 2976 2061 3034 in
2092 2977 2333 3036 Christ&
2372 2978 2449 3033 In
2480 2977 2705 3036 Christo
2732 2978 2786 3036 si

375 3065 668 3134 spectetur
685 3077 804 3115 non
824 3057 1178 3133 estamplius
1199 3074 1368 3128 mors,
1391 3065 1458 3114 ut
1483 3054 1759 3128 diximus,
1778 3055 1857 3114 id.
1888 3075 2059 3132 poena
2086 3055 2325 3132 peccati,
2354 3055 2509 3114 hunc
2532 3056 2617 3114 illi
2646 3077 2779 3116 aeu-

373 3137 528 3195 leum
557 3135 774 3195 ademit
801 3135 1082 3209 Christus,
1117 3136 1284 3192 Rom.
1317 3135 1439 3192 viii.
1467 3137 1518 3207 l,
1550 3133 1709 3210 quod
1736 3134 1925 3193 locum
1956 3134 2117 3193 dedit
2137 3135 2469 3212 gloriationi
2499 3136 2779 3214 Paulinae,

369 3218 407 3250 “
433 3216 552 3278 Ubi
581 3225 672 3276 est
696 3235 852 3276 mors
879 3215 1122 3274 victoria
1148 3215 1318 3289 tuae,’'
1351 3211 1462 3274 διο.
1496 3217 1525 3272 1
1549 3213 1679 3272 Cor.
1711 3235 1811 3274 xv,
1844 3217 1939 3288 55,
1971 3217 2068 3273 56.
2100 3215 2187 3276 At
2221 3217 2279 3274 in
2297 3237 2357 3274 se
2384 3225 2443 3275 et
2464 3226 2629 3276 extra
2646 3238 2777 3295 gra-

375 3297 534 3373 tiam,
583 3305 851 3358 naturam
879 3296 1090 3355 retinet
1133 3315 1314 3370 suam,
1345 3303 1404 3354 et
1431 3295 1647 3354 nemini
1676 3295 1959 3355 incumbit
1984 3295 2097 3355 nisi
2144 3296 2203 3354 in
2224 3316 2471 3373 poenam,
2519 3299 2781 3375 reprobis

372 3378 606 3456 quidem
653 3385 886 3456 propter
931 3384 1170 3454 peecata
1211 3375 1458 3454 propria,
1516 3383 1578 3435 at
1622 3375 1852 3436 Christo
1900 3385 2132 3454 propter
2180 3376 2385 3451 aliena,
2416 3379 2553 3438 nim.
2584 3389 2791 3439 nostra

369 3459 484 3536 ipsi
503 3460 801 3536 imputata.
843 3456 976 3516 Non
998 3457 1156 3516 valet
1172 3455 1244 3516 E.
1274 3456 1704 3535 consequentia,
1738 3456 1977 3516 Fideles
2000 3465 2241 3516 mortem
2265 3477 2381 3516 non
2400 3459 2689 3519 sustinent
2714 3468 2783 3518 ut

369 3539 592 3616 peccati
610 3557 858 3616 poenam,
884 3538 954 3594 Ε.
984 3557 1139 3596 mors
1167 3557 1289 3596 non
1313 3546 1402 3598 est
1429 3557 1655 3615 semper
1681 3537 1903 3615 peceati
1930 3557 2121 3614 poena,
2151 3538 2294 3615 quia
2319 3539 2563 3615 quaestio
2592 3547 2683 3598 est
2709 3538 2781 3597 de

371 3628 578 3678 natura
604 3617 808 3678 mortis
832 3619 894 3676 in
923 3637 986 3676 se
1014 3625 1306 3695 spectatae,
1335 3638 1452 3678 non
1475 3639 1612 3676 vero
1640 3627 1812 3696 prout
1854 3619 1913 3675 in
1942 3617 2211 3676 fidelibus
2239 3638 2343 3695 per
2370 3617 2662 3677 Christum
2694 3629 2786 3679 est

373 3697 692 3773 immutate,
723 3698 860 3776 quia
887 3699 1038 3757 enim
1083 3699 1262 3757 semel
1288 3699 1438 3756 hane
1465 3717 1697 3774 poenam
1725 3698 1835 3758 luit
1862 3718 1965 3775 pro
2008 3697 2150 3775 ipsis
2180 3697 2459 3770 Christus,
2490 3717 2607 3755 non
2633 3697 2784 3775 pati-

371 3785 468 3836 tur
485 3778 718 3855 justitia
745 3797 870 3837 eam
899 3798 1102 3838 rursus
1127 3778 1270 3855 ipsis
1296 3778 1509 3836 eumin
1537 3777 1711 3838 finem
1740 3777 1977 3854 imponi,
2008 3777 2112 3836 sed
2138 3777 2200 3835 in
2228 3777 2357 3836 aliis
2386 3777 2653 3836 omnibus
2681 3777 2785 3854 qui

371 3855 484 3918 hoc
511 3857 792 3918 beneficio
819 3878 938 3917 non
967 3858 1234 3917 fruuntur
1254 3857 1560 3935 primarius
1585 3857 1721 3916 finis
1748 3877 1975 3935 semper
2002 3857 2241 3932 obtinet,
2274 3857 2357 3916 ita
2382 3865 2449 3916 ut
2474 3877 2643 3916 nemo
2672 3857 2787 3918 nisi
2813 3927 2826 3934 ἱ

369 3937 470 3996 vel
496 3946 728 4014 propter
753 3959 862 3998 sua
887 3938 985 3996 vel
1011 3947 1246 4016 propter
1272 3937 1462 3996 aliena
1486 3937 1766 3995 moriatur
1792 3947 2075 4015 peccator.

455 4017 750 4078 XXXII.
782 4019 988 4096 Neque
1013 4018 1192 4078 ullius
1213 4025 1304 4076 est
1329 4017 1606 4076 momenti
1626 4017 1785 4094 quod
1812 4021 1891 4075 4⁰.
1922 4017 2051 4076 loco
2078 4015 2314 4076 affertur
2349 4016 2424 4076 de
2465 4026 2641 4076 morte
2666 4017 2783 4076 vio-

369 4099 536 4157 lenta.
619 4097 772 4158 Nam
805 4101 857 4156 1.
891 4097 1202 4158 Distinetio
1231 4098 1383 4157 inter
1407 4106 1650 4158 mortem
1690 4098 2015 4156 naturalem·
2049 4105 2107 4155 et
2149 4097 2463 4155 violentam
2496 4117 2616 4155 non
2642 4097 2785 4156 satis

371 4187 462 4236 est
477 4187 760 4254 accurate,
794 4177 1080 4256 siquidem
1109 4177 1275 4237 nulla¹
1297 4197 1454 4236 mors
1480 4177 1709 4255 proprie
1738 4185 1827 4236 est
1852 4176 2149 4250 naturalis,
2178 4185 2245 4236 ut
2272 4185 2405 4234 ante
2434 4176 2669 4252 dietum,
2702 4177 2781 4238 id.

369 4265 590 4317 naturae
620 4260 874 4336 sequela,
906 4259 1010 4317 sed
1057 4258 1244 4318 omnis
1287 4258 1554 4317 violenta
1575 4267 1633 4317 et
1678 4265 1878 4316 contra
1905 4265 2184 4315 naturam.
2231 4260 2286 4316 2.
2322 4257 2383 4315 Si
2411 4277 2515 4332 per
2538 4265 2795 4316 mortem,

367 4337 684 4400 violentam
707 4339 998 4417 intelligat
1013 4359 1138 4398 eam
1158 4359 1290 4416 qnae
1317 4337 1456 4398 foris
1503 4358 1606 4415 per
1633 4337 1755 4395 vim
1782 4336 2021 4396 infertur
2061 4334 2209 4410 dico,
2241 4337 2455 4410 Primo,
2496 4356 2613 4396 non
2640 4337 2789 4396 satis

368 4417 592 4477 firmam
620 4440 749 4480 esse
777 4419 1266 4497 consequentiam,
1291 4417 1476 4482 Nemo
1505 4425 1739 4495 propter
1765 4417 1963 4476 aliena.
1997 4425 2235 4494 peecata
2275 4417 2533 4476 violenta
2580 4426 2799 4494 morte„

365 4499 502 4576 jure
530 4501 834 4575 occiditur,
881 4500 952 4559 E.
981 4520 1152 4560 nemo
1193 4507 1430 4578 propter
1470 4498 1661 4557 aliena
1686 4506 1923 4575 peecata
1963 4497 2221 4557 violenta
2247 4507 2431 4558 morte
2454 4500 2585 4576 jure
2612 4499 2785 4558 mori-

371 4587 486 4656 tur,
511 4579 703 4642 Aliud
727 4581 940 4658 quippe
969 4589 1060 4642 est
1085 4581 1248 4656 mori,
1279 4579 1438 4640 aliud
1467 4579 1661 4653 occidi,
1682 4586 1875 4657 potest
1900 4577 2033 4656 quis
2059 4587 2245 4638 morte
2269 4579 2530 4638 violenta
2554 4589 2787 4656 propter

374 4659 482 4722 vel.
503 4681 610 4722 sus
636 4662 732 4721 vel
785 4661 974 4722 aliens
1019 4669 1256 4739 peccata
1299 4681 1419 4720 non
1445 4659 1660 4738 injuste
1688 4659 1853 4734 mori,
1884 4659 2202 4737 quitamen
2235 4659 2447 4736 injuste
2477 4659 2787 4734 occidetur,
