3234 5192
340 366 569 407 msru'r.
600 344 715 427 vn]
774 346 777 351 ’
1072 366 1299 406 nos‘rnA
1330 368 1407 407 ΑΒ
1438 366 1720 409 eccm-,su
1749 368 2016 410 noxAxA.
2639 354 2757 411 135

333 508 565 567 nionem
615 526 747 567 cum
797 506 941 583 Deo,
974 515 1033 567 et
1088 508 1666 569 communicationem
1707 511 1910 587 gratiae
1939 520 1998 573 et
2046 510 2266 589 gloriae,
2313 520 2374 573 et
2409 512 2755 573 omnimodae

334 588 643 663 felicitatis,
710 587 793 647 ita
846 588 1087 661 officium
1148 589 1405 667 postulat
1448 589 1523 649 ab
1588 590 1822 651 homine
1869 592 2314 669 strictissimum,
2362 594 2754 653 omnimodum

334 668 556 729 scilicet
598 668 821 727 cultum
876 676 935 727 et
976 668 1357 746 obsequium;
1429 670 1589 748 quod
1641 670 1704 729 in
1759 692 1828 733 eo
1883 672 2248 750 potissimum
2300 673 2494 733 locum
2539 674 2751 733 habere

337 749 529 823 debet,
574 757 639 807 ut
682 749 1171 827 quemadmodum
1220 750 1380 809 Deus
1428 750 1594 811 illum
1623 771 1742 829 prae
1769 752 1994 813 coeteris
2023 753 2290 813 omnibus
2317 753 2542 829 dilexit,
2573 762 2632 813 et
2673 754 2749 813 ab

334 830 452 889 illis
500 830 765 904 secrevit,
816 837 879 888 ut
926 837 1081 888 esset
1122 829 1279 889 illius
1310 830 1489 907 Deus,
1534 831 1616 891 ita
1663 832 1790 909 ipse
1829 833 2088 893 vicissim
2115 832 2190 892 ab
2219 834 2486 893 omnibus
2513 834 2645 893 aliis
2687 854 2749 895 se

333 929 597 989 separare
626 917 905 982 teneatur,
938 917 1003 968 ut
1042 910 1169 969 Deo
1198 930 1303 969 suo
1351 912 1461 969 soli
1488 911 1796 988 adhaereat,
1827 932 1934 973 nec
1961 914 2214 991 patiatur
2238 913 2410 973 fidem
2443 934 2623 991 suam,
2654 913 2752 973 vel

332 990 551 1049 cultum
574 989 695 1049 ulla
723 989 817 1049 vel
858 988 1066 1049 erroris
1115 990 1209 1048 vel
1258 990 1617 1067 idololatriae,
1649 1012 1778 1069 quae
1807 1013 1940 1052 cum
1983 994 2110 1055 Deo
2139 1002 2228 1053 est
2268 1020 2567 1072 averna,
2616 994 2750 1054 labe

336 1070 511 1129 infici.
600 1070 773 1129 Unde
796 1069 923 1129 fluit
950 1070 1309 1145 secessioniS,
1334 1090 1464 1149 quae
1491 1072 1587 1130 hic
1614 1072 2022 1151 praescribitur,
2051 1074 2385 1151 necessitas,
2409 1084 2468 1135 et
2495 1074 2750 1133 mandati

334 1150 521 1209 divini
562 1150 809 1226 justitia.
892 1150 1035 1209 Cum
1085 1150 1239 1209 enim
1264 1150 1535 1229 Babylon
1582 1152 1696 1213 ista
1741 1154 1990 1231 pessime
2037 1156 2358 1232 corruperit
2405 1164 2590 1215 totum
2637 1154 2750 1213 Dei

337 1230 575 1305 cultum,
601 1237 659 1289 et
685 1230 934 1308 populus
958 1230 1071 1291 Dei
1110 1231 1221 1290 sub
1249 1232 1595 1309 gravissimo
1644 1233 1728 1292 ibi
1775 1233 2100 1295 detineatur
2127 1235 2424 1295 servitutis
2445 1237 2612 1313 jugO,
2649 1234 2750 1294 ubi

336 1330 455 1369 non
510 1318 701 1386 potest
740 1310 861 1369 sine
909 1310 1357 1387 praesentissimo
1414 1312 1619 1371 salutis
1657 1314 1914 1391 periculo
1963 1334 2212 1390 manere,
2257 1316 2388 1393 quis
2429 1336 2546 1375 non
2589 1314 2752 1375 videt

341 1409 625 1449 summam
652 1389 739 1448 illi
760 1398 819 1449 et
838 1390 1343 1469 indispensabilem
1374 1390 1591 1470 imponi
1620 1412 1690 1452 eo
1717 1392 1844 1471 ipso
1873 1394 2126 1454 exeundi
2153 1396 2555 1457 necessitatem
2575 1398 2604 1455 Ρ

424 1469 614 1529 XIX.
661 1469 745 1529 Ut
797 1490 935 1529 vero
962 1471 1213 1531 exeundi
1242 1491 1319 1531 ex
1344 1472 1541 1551 aliquo
1567 1472 1698 1532 loco
1735 1472 2070 1533 mandatum
2113 1476 2386 1553 supponit
2427 1474 2752 1535 necessario

342 1570 561 1608 moram
609 1549 825 1609 ibidem
864 1551 1301 1629 praecedentem,
1332 1552 1480 1612 bene
1516 1552 1652 1611 inde
1681 1554 2028 1633 colligimus,
2059 1554 2110 1615 si
2153 1554 2402 1632 populus
2433 1555 2546 1615 Dei
2587 1556 2749 1615 exire

343 1630 649 1707 Babylone
690 1640 935 1706 tenetur,
980 1652 1113 1691 eum
1159 1632 1241 1690 ibi
1286 1640 1457 1692 antea
1484 1632 1680 1710 fuisse,
1721 1632 1982 1711 adeoque
2009 1644 2164 1695 recte
2191 1634 2308 1695 dici
2337 1635 2657 1695 Ecclesiam
2687 1635 2749 1693 in

343 1710 567 1789 Papatu
595 1710 852 1771 latuisse.
936 1712 991 1771 N
995 1732 1071 1771 on
1109 1712 1266 1789 quod
1314 1712 1570 1791 Papatus
1618 1733 1758 1773 vera
1787 1714 1864 1773 sit
1913 1714 2194 1789 Ecclesia,
2235 1735 2368 1775 cum
2417 1724 2618 1775 contra
2673 1715 2749 1775 sit

340 1791 471 1869 ejus
514 1790 695 1869 pestis
743 1802 802 1851 ct
850 1793 1161 1869 corruptio,
1206 1792 1311 1851 sed
1338 1794 1475 1870 quia
1504 1794 1668 1853 Deus
1695 1794 1886 1853 voluit
1929 1794 2266 1871 aliquandiu
2293 1794 2496 1855 fideles
2525 1816 2660 1855 suos
2690 1795 2748 1854 in

342 1891 411 1931 eo
467 1890 831 1931 conservare.
916 1872 1219 1947 Quomodo
1247 1873 1292 1932 J
1296 1872 1464 1949 udoei,
1494 1873 1597 1951 qui
1640 1882 1780 1933 tunc
1827 1875 2103 1953 temporis
2145 1875 2394 1953 populus
2423 1876 2535 1934 Dei
2565 1886 2744 1951 erant,

340 1951 559 2029 captivi
586 1950 817 2011 fuerunt
846 1952 1167 2030 Babylone,
1212 1972 1321 2013 nec
1368 1962 1563 2013 tamen
1611 1954 1730 2014 dici
1775 1964 1984 2033 potest,
2037 1954 2398 2033 Babylonem
2445 1965 2750 2034 propterea

342 2052 540 2091 veram
567 2032 744 2091 fuisse
776 2033 1115 2092 Ecclesiam.
1201 2033 1399 2111 Atque
1425 2034 1563 2093 hinc
1598 2054 1717 2095 non
1745 2035 1986 2095 obscure
2014 2034 2214 2112 liquet,
2247 2036 2388 2112 quid
2415 2036 2750 2114 responderi

344 2113 531 2190 possit
576 2113 653 2171 ad
700 2114 1077 2189 quaestionem
1136 2114 1589 2189 vexatissimam,
1641 2134 1814 2191 quam
1859 2115 2174 2175 identidem
2223 2115 2538 2176 adversarii
2583 2116 2752 2175 nobis

326 2194 1249 2348 fififfffizss‘ssfffltff‘ggi?
1272 2195 1562 2333 RQ
1589 2196 2752 2353 ‘Liffisfflhfflmffiuffdvb'iffssm'iffi

759 2320 772 2333 ·
1206 2320 1221 2349 ι
2251 2322 2266 2351 2

327 2355 513 2429 fiterit
560 2355 820 2413 Ecclesia
859 2355 979 2413 Dec·
1016 2364 1261 2431 tempore
1302 2355 1640 2432 captivitatis
1666 2357 2044 2433 Babylom'coe,
2071 2358 2127 2415 si
2149 2358 2411 2433 Babylon
2454 2376 2566 2415 non
2590 2357 2714 2431 sicit
2728 2365 2753 2413 ἲ

348 2434 805 2511 Respondebunt
831 2434 1033 2513 procul
1062 2435 1257 2506 dubio,
1302 2456 1421 2495 non
1460 2434 1640 2495 fuisse
1670 2436 2051 2514 Babylonem,
2075 2436 2180 2497 sed
2207 2436 2268 2496 in
2297 2436 2600 2514 Babylone
2619 2456 2752 2515 cap-

345 2514 573 2573 tivitate
603 2534 952 2593 oppressam.
1039 2515 1254 2591 Quidni
1282 2524 1342 2576 et
1394 2536 1502 2575 nos
1546 2516 1762 2595 pariter
1809 2516 2086 2591 dicamus,
2133 2517 2456 2577 Ecclesiam
2485 2516 2663 2577 fuisse
2691 2517 2752 2575 in

350 2596 590 2672 Papatu,
622 2595 726 2655 sed
754 2597 1061 2673 captivam.
1148 2596 1329 2655 Porro
1357 2606 1421 2656 ut
1448 2597 1694 2674 quaestio
1724 2597 1838 2657 ista
1863 2606 2056 2675 potest
2103 2597 2369 2675 intelligi,
2401 2597 2495 2656 vel
2525 2600 2595 2657 de
2611 2618 2748 2675 per-

344 2676 512 2751 sonis,
537 2675 632 2734 vel
654 2678 725 2735 de
742 2678 871 2735 sede
889 2685 947 2736 et
968 2679 1105 2753 loce,
1151 2676 1233 2735 ita
1260 2676 1648 2737 diversimode
1677 2678 2010 2755 responderi
2039 2686 2248 2756 potest.
2293 2678 2443 2737 Nam
2487 2687 2754 2755 respectu

336 2776 734 2833 personarum,
765 2757 913 2816 bene
960 2756 1341 2835 respondetur
1385 2758 1708 2817 Ecclesiam
1751 2758 1930 2817 fuisse
1974 2758 2034 2815 in
2079 2757 2348 2817 omnibus
2391 2766 2452 2817 et
2505 2758 2754 2835 singulis

346 2835 617 2895 fidelibus
671 2846 731 2895 et
784 2836 1001 2912 electis,
1033 2837 1133 2915 qui
1176 2846 1313 2897 tunc
1358 2837 1635 2915 temporis
1678 2836 1972 2913 vivebant,
2005 2838 2122 2913 qui,
2151 2837 2290 2897 licet
2337 2836 2668 2896 hominibus
2696 2847 2756 2897 et

348 2917 565 2976 mundo
620 2917 826 2993 ignoti,
874 2917 1003 2977 Deo
1028 2926 1224 2977 tamen
1250 2925 1417 2978 erant
1468 2917 1794 2995 notissimi;
1839 2916 2128 2994 quomodo
2177 2924 2398 2993 septem
2445 2915 2630 2975 millia
2656 2915 2758 2993 qui

348 3006 608 3075 tempore
638 2997 785 3056 Eliae
812 3016 1007 3074 genua
1034 2997 1243 3057 Bahali
1270 3018 1389 3057 non
1416 2996 1716 3055 flexerant.
1803 2997 1898 3055 Ita
1917 3004 2182 3073 respectu
2210 2996 2321 3055 loci
2345 3004 2404 3055 et
2417 2997 2581 3071 sedile,
2613 2996 2755 3055 dici·

350 3096 497 3153 mus,
544 3098 661 3137 non
710 3077 887 3137 fuisse
932 3086 1089 3138 certo
1133 3077 1265 3136 loco
1304 3077 1622 3154 alligatam,
1667 3076 1772 3137 sed
1813 3077 2105 3135 diversam
2153 3076 2367 3151 sedem,
2413 3075 2588 3135 modo
2643 3076 2756 3153 hic,

349 3158 521 3217 modo
548 3158 686 3234 illic,
711 3158 887 3235 juxta
906 3158 1395 3236 dispensationem
1426 3158 1539 3217 Dei
1564 3157 1744 3217 fuisse
1773 3157 2068 3234 sortitam;
2114 3156 2211 3217 vel
2255 3164 2424 3216 extra
2453 3157 2754 3234 Papatum,

350 3238 411 3297 in
439 3238 687 3298 coetibus
714 3239 909 3314 variis,
941 3239 1043 3316 qui
1085 3239 1305 3298 nullam
1352 3257 1483 3297 cum
1535 3238 1726 3297 Roma
1767 3236 2230 3297 communionem
2273 3236 2617 3313 habuerunt,
2662 3236 2760 3297 vel

348 3318 410 3378 in
437 3319 564 3397 ipso
594 3318 837 3397 Papatu,
868 3339 985 3378 non
1030 3318 1263 3396 quidem
1293 3319 1487 3397 quoad
1534 3318 1999 3379 communionem
2043 3318 2328 3377 internam
2376 3338 2506 3377 cum
2537 3340 2624 3394 ec,
2657 3317 2760 3377 sed

350 3398 544 3477 quoad
572 3399 1033 3458 communionem
1062 3407 1361 3459 externam
1388 3407 1449 3459 et
1475 3398 1784 3475 visibilem,
1809 3398 1948 3477 quia
1975 3398 2034 3457 in
2063 3399 2254 3459 medio
2285 3398 2539 3476 Papatus
2569 3398 2758 3475 vixit3

350 3498 468 3539 non
496 3480 849 3557 conjunctim
878 3488 937 3539 et
966 3480 1155 3556 simul,
1188 3479 1293 3539 sed
1320 3481 1564 3558 sparsim
1592 3500 1695 3557 per
1742 3498 1940 3557 regna,
1977 3479 2325 3557 provincias,
2373 3500 2441 3538 ac
2489 3478 2756 3555 familias,

350 3560 413 3619 in
449 3560 662 3639 quibus
693 3560 855 3619 Deus
902 3560 1179 3637 populum
1209 3580 1395 3636 suum,
1426 3568 1485 3619 et
1531 3560 1750 3621 electos
1798 3580 1934 3619 suos
1981 3560 2202 3635 habuit,
2259 3580 2406 3637 quos
2451 3559 2510 3617 in
2554 3559 2764 3619 mediis

354 3640 609 3718 Papatus
639 3640 895 3700 tenebris
922 3640 1112 3700 voluit
1156 3660 1516 3716 conservare,
1571 3650 1638 3701 ut
1687 3640 1926 3701 totidem
1951 3654 2218 3721 φοι-τιμε
2275 3648 2334 3699 et
2383 3646 2562 3697 testes
2611 3638 2762 3697 veri-

351 3722 505 3796 tatis,
536 3721 637 3797 qui
665 3720 1129 3781 contradicerent
1156 3720 1415 3798 Papatus
1440 3720 1748 3796 erroribus,
1782 3730 1840 3781 et
1870 3722 2100 3781 veritati
2149 3718 2542 3780 testimonium
2571 3718 2760 3795 perhi-

352 3800 573 3859 berent.
658 3802 873 3861 Fateor
926 3800 1161 3879 quidem
1206 3801 1593 3861 conditionem
1645 3800 1814 3861 istius
1864 3801 2142 3860 Ecclesiae
2185 3800 2454 3857 miseram
2498 3797 2676 3857 fuisse
2704 3806 2763 3856 et

354 3880 641 3956 afflictam,
692 3901 811 3940 non
838 3890 1083 3957 tantum,
1108 3880 1245 3957 quia
1272 3882 1518 3941 obscura
1545 3881 1656 3940 fuit
1683 3890 1744 3941 et
1787 3879 2092 3958 splendore
2131 3900 2236 3939 suo
2265 3878 2556 3953 destituta,
2609 3876 2764 3954 quod

355 3960 731 4020 adumbratur
786 3962 1039 4039 imagine
1087 3960 1346 4020 mulieris
1392 3962 1672 4039 fugientis
1721 3961 1782 4019 in
1826 3961 2136 4035 desertum,
2169 3959 2358 4037 Apoc.
2388 3957 2511 4033 xii.,
2541 3966 2602 4017 et
2628 3958 2767 4035 quia

356 4040 575 4116 exigua
601 4040 711 4100 fuit
737 4060 993 4116 numer0‚
1026 4050 1085 4101 et
1128 4040 1204 4100 ad
1250 4062 1521 4120 magnam
1568 4042 1918 4120 paucitatem
1965 4040 2233 4116 redacta;
2263 4038 2368 4098 sed
2415 4038 2590 4097 etiam
2631 4037 2770 4131 quia

358 4140 478 4179 non
504 4120 694 4197 potuit
719 4142 853 4197 non,
884 4122 945 4183 in
976 4123 1201 4200 Papatu
1228 4123 1531 4198 manendo,
1562 4122 1743 4181 variis
1771 4122 1898 4198 ejus
1925 4120 2202 4179 abusibus
2239 4116 2600 4196 participare,
2633 4116 2770 4177 hcet

356 4200 795 4261 fundamentum
824 4202 1030 4262 salutis
1058 4222 1283 4280 semper
1330 4202 1650 4263 retinuerit.
1735 4201 1957 4260 Verum
1995 4200 2260 4259 dubitare
2303 4218 2420 4255 non
2471 4197 2766 4273 debemus,

357 4281 500 4359 quin
528 4280 745 4341 ibidem
774 4302 1001 4360 semper
1027 4283 1279 4361 aliquem
1323 4282 1435 4343 sibi
1482 4282 1758 4361 populum
1811 4280 2056 4341 servarit
2084 4279 2264 4355 Deus,
2315 4296 2490 4355 quem
2521 4276 2771 4355 Spiritus

357 4362 629 4437 efficacia,
660 4372 719 4421 et
746 4362 933 4423 Verbi
958 4362 1279 4423 ministerio
1319 4362 1687 4423 sustentavit.
1766 4361 1844 4420 Et
1888 4360 1986 4419 vel
2018 4379 2094 4419 ex
2141 4358 2252 4417 huc
2306 4377 2423 4417 uno
2450 4358 2774 4419 luculenter

358 4442 671 4520 colligitur,
702 4444 862 4521 quod
890 4444 1049 4503 exire
1072 4444 1313 4503 emedio
1345 4442 1670 4522 Babylonis
1711 4440 1966 4519 jubetur,
2011 4459 2120 4499 nec
2147 4438 2300 4499 enim
2336 4438 2641 4517 juberetur
2669 4460 2771 4499 ex·-

360 4522 461 4599 ire,
491 4523 606 4581 nisi
634 4523 839 4583 fuisset
867 4524 1057 4583 adhuc
1084 4524 1147 4582 in
1174 4544 1261 4583 ea.

360 4644 601 4695 Qua-,nam
691 4659 843 4691 sooes-
968 4604 1124 4663 XX.
1171 4604 1325 4665 Dum
1348 4612 1541 4665 autem
1590 4602 1749 4661 exire
1797 4600 2045 4679 populus
2081 4600 2337 4679 jubetur,
2392 4600 2620 4659 secessio
2669 4600 2774 4659 im·

414 4706 485 4748 sio
498 4704 807 4763 imperetur?
890 4692 1139 4762 petatur,
1170 4686 1336 4763 cujus
1364 4686 1561 4743 modus
1588 4691 1648 4743 et
1675 4682 1826 4741 ratio
1853 4681 2022 4741 tertio
2069 4682 2198 4741 loco
2220 4682 2346 4761 jam
2373 4680 2534 4739 venit
2561 4700 2776 4758 expen-
