3234 5192
613 357 729 417 660
1216 374 1295 413 Da
1324 369 1799 413 sarlsracuoms
1827 368 2062 410 cuais‘m
2093 367 2413 409 ventura.
2603 346 2869 431 [msrtrr.
2899 368 3042 415 xxx.

614 517 859 578 salutem
882 536 959 575 ex
986 514 1307 595 perditione
1334 512 1674 573 admirando
1702 521 1760 571 et
1786 530 2022 589 prorsus
2049 510 2310 570 inaudito
2337 509 2511 571 modo
2540 510 2762 572 eduxit.
2809 513 3038 575 Contra

614 597 665 657 si
690 598 849 657 tollis
882 596 1363 671 Satisfactionem,
1411 594 1523 673 Dei
1550 592 1738 671 gloria
1779 592 1962 651 multo
1991 591 2179 669 magis
2207 591 2581 669 obscuratur;
2642 591 2794 651 Nam
2839 600 3038 655 trans-

615 678 943 756 gressiones
970 676 1133 753 ferre,
1166 686 1225 736 et
1253 676 1329 735 ad
1356 695 1454 735 eas
1482 674 1808 748 connivere,
1839 671 2118 730 indicium
2149 680 2238 730 est
2265 672 2310 731 J
2312 671 2498 731 udicis
2525 672 2622 731 vel
2648 672 3038 752 negligentis,

618 759 667 817 si
696 778 771 817 ex
794 758 1015 817 incuria
1042 757 1352 835 permittat,
1382 754 1481 814 vel
1520 753 1722 832 iniqui,
1767 752 1818 811 si
1844 752 2048 811 volens
2077 752 2402 811 conniveat.
2487 750 2574 811 At
2605 752 2764 811 Deus
2791 773 2913 813 non
2943 766 3042 816 est

617 839 823 897 volens
870 838 1252 915 iniquitatem,
1306 836 1461 895 Psal.
1507 855 1565 894 v.
1616 838 1673 909 4,
1725 832 1825 909 qui
1875 832 1998 891 odit
2027 838 2330 910 operantes
2357 832 2720 909 iniquitatem
2748 842 2806 893 et
2833 836 3040 911 perdit

616 919 919 995 loquentes
948 917 1328 991 mendacium,
1358 936 1479 975 ver.
1512 916 1565 991 5,
1600 916 1655 988 6,
1687 914 1854 991 cujus
1883 913 2035 972 oculi
2065 921 2200 972 sunt
2226 913 2486 990 puriores
2513 932 2686 991 quam
2716 920 2782 973 ut
2829 916 3042 976 videat

618 998 852 1075 malum,
906 998 1063 1057 Hah.
1106 996 1145 1055 i.
1218 994 1312 1055 Ita
1354 996 1694 1055 obscuratur
1740 993 1978 1051 Justitia
2025 994 2156 1069 Dei,
2199 993 2299 1070 qui
2333 1002 2540 1052 natura
2583 1012 2688 1051 sua
2721 992 2914 1071 judex
2945 1008 3042 1057 est

618 1078 837 1153 mundi,
869 1086 933 1138 ut
960 1077 1061 1155 qui
1086 1096 1249 1135 reum
1280 1076 1607 1135 convictum
1652 1074 1936 1151 impunito
1974 1080 2210 1151 peccato
2240 1092 2357 1131 non
2389 1073 2672 1151 justificet
2697 1074 2894 1149 mod0,
2929 1078 3043 1136 sed

618 1158 871 1237 praemiis
900 1158 1073 1217 etiam
1102 1156 1471 1235 amplissimis
1498 1156 1711 1231 donet;
1759 1154 2098 1213 obscuratur
2124 1154 2363 1230 Veritas,
2395 1173 2524 1230 quae
2553 1154 3042 1217 comminationes

619 1238 763 1299 istas
790 1239 964 1298 toties
991 1236 1389 1316 peccatoribus
1416 1236 1764 1311 intentavit3
1809 1234 2088 1293 evertitur
2104 1236 2241 1292 Pax
2269 1235 2471 1308 omnis,
2504 1242 2563 1293 et
2591 1234 2863 1293 solatium
2894 1257 3042 1296 con-

621 1320 877 1379 scientiae
904 1318 1274 1397 peccatricis;
1306 1316 1429 1377 Nec
1456 1317 1610 1376 enim
1638 1314 1824 1375 videri
1853 1322 2044 1392 potest
2061 1314 2349 1391 quomodo
2369 1312 2620 1391 seposita
2637 1314 3044 1378 satisfactione

621 1399 813 1460 sedari
865 1400 1050 1477 possit
1097 1406 1272 1457 aestus
1317 1396 1700 1471 conscientiae,
1753 1394 1984 1473 quando
2029 1395 2370 1454 obversatur
2413 1414 2639 1471 semper
2701 1396 2919 1471 animo,
2984 1408 3046 1459 et

620 1479 863 1539 recurrit
918 1478 1193 1555 cogitatio
1249 1478 1294 1538 J
1299 1479 1508 1537 ustitiae
1559 1476 1688 1552 Dei,
1739 1476 1842 1553 qui
1887 1494 2019 1533 cum
2069 1475 2144 1534 sit
2178 1474 2366 1552 judex
2413 1475 2614 1533 mundi
2648 1475 3040 1553 justissimae,

623 1560 811 1619 omnis
844 1558 1062 1636 judicis
1095 1558 1245 1636 justi
1290 1558 1589 1635 exemplar
1635 1554 2131 1633 perfectissimum,
2183 1555 2434 1631 intelligi
2477 1574 2595 1614 non
2621 1562 2816 1633 potest
2843 1558 3042 1633 quiid

621 1638 797 1696 faciat
822 1638 980 1717 quod
1022 1644 1082 1697 et
1128 1647 1350 1715 pugnat
1378 1658 1508 1696 cum
1554 1634 1739 1695 officio
1780 1636 1928 1713 justi
1961 1634 2196 1712 judicis,
2217 1642 2275 1693 et
2305 1636 2432 1694 Deo
2461 1636 2877 1696 abominationi
2909 1658 3042 1699 esse

626 1718 875 1795 Spiritus
908 1718 1155 1777 Sanctus
1182 1725 1446 1792 testatur,
1480 1716 1781 1775 absolvere
1809 1715 2018 1792 impios
2047 1724 2105 1773 et
2137 1714 2386 1793 injustos
2415 1715 2632 1793 absque
2653 1716 2774 1775 ulla
2798 1716 2956 1795 Legi
2985 1728 3045 1779 et

613 1798 860 1876 justitiae
910 1796 1316 1872 satisfactione,
1367 1816 1485 1855 non
1532 1795 1767 1874 quidem
1793 1814 1896 1873 per
1925 1814 1987 1853 se
2034 1794 2210 1872 ipsos,
2242 1794 2344 1854 sed
2385 1816 2490 1873 per
2528 1796 2778 1873 aliquem
2823 1798 3042 1858 vadem

622 1897 727 1956 pro
755 1877 898 1956 ipsis
938 1877 1212 1955 praestita.
1286 1875 1536 1935 Accedit
1572 1884 1631 1935 et
1672 1875 1852 1934 altera
1893 1876 2095 1933 divinae
2134 1876 2384 1934 veritatis
2426 1874 2850 1937 consideratio:
2895 1898 3048 1955 quo-

622 1959 733 2018 ties
796 1958 949 2016 enim
1010 1964 1277 2036 peccator
1338 1956 1556 2034 cogitat
1599 1956 1777 2033 Legis
1837 1954 2308 2015 comminationes
2365 1954 2611 2031 divinae,
2655 1956 3045 2035 universaleS,

626 2038 921 2099 absolutas
974 2046 1031 2097 et
1081 2037 1431 2113 verissimas,
1484 2036 1607 2097 fieri
1669 2056 1786 2095 non
1826 2044 2019 2115 potest
2060 2036 2202 2113 quin
2250 2035 2515 2113 trepidet,
2559 2036 2673 2095 nisi
2733 2050 3048 2099 succurrat

624 2120 739 2178 alia
780 2119 1073 2198 cogitatiO,
1117 2118 1235 2178 illis
1290 2137 1417 2178 esse
1466 2138 1571 2197 pro
1612 2117 1784 2177 nobis
1833 2136 1868 2175 a
1922 2116 2210 2195 Sponsore
2250 2125 2449 2175 nostro
2491 2116 2824 2194 plenissime
2865 2121 3050 2179 satis-

624 2199 859 2260 factum.

706 2277 997 2338 XXXV.
1044 2277 1209 2353 Quod
1242 2297 1379 2336 vero
1422 2284 1713 2355 postremo
1746 2276 1876 2337 loco
1904 2274 2070 2351 affert
2099 2275 2415 2335 Gittiehius
2444 2276 2516 2335 de
2557 2276 2790 2335 homine
2819 2276 3048 2339 vilissi-

624 2378 720 2418 mo
750 2358 849 2435 qui
879 2356 1126 2416 offensas
1154 2376 1531 2434 quascunque
1560 2357 1741 2434 gratis
1764 2355 2108 2431 condonare,
2141 2363 2199 2415 et
2226 2364 2417 2434 potest
2444 2364 2503 2415 et
2523 2356 2729 2431 debet;
2773 2376 2897 2416 non
2927 2360 3052 2421 hue

624 2439 891 2517 pertinet.
953 2436 1102 2510 Quia
1133 2436 1293 2494 Deus
1321 2436 1416 2494 hic
1442 2456 1559 2494 non
1589 2435 2041 2495 considerandus
2070 2444 2159 2495 est
2179 2444 2244 2495 ut
2271 2454 2404 2514 pars
2433 2434 2650 2495 offensa
2678 2438 3052 2517 simpliciter,

624 2517 721 2575 vel
769 2524 835 2576 ut
871 2517 1134 2593 privatus
1177 2516 1438 2591 creditor,
1471 2516 1563 2574 cui
1609 2516 1784 2575 liceat
1831 2514 2094 2574 absolute
2141 2516 2343 2575 cedere
2386 2516 2457 2574 de
2485 2520 2623 2592 jure
2661 2519 2908 2577 dominii
2949 2524 3054 2581 vel

624 2596 838 2672 crediti,
871 2595 974 2655 sed
1001 2602 1067 2654 ut
1086 2615 1337 2672 persona
1352 2597 1601 2672 publica,
1635 2603 1692 2654 et
1737 2604 1802 2654 ut
1835 2595 2020 2673 judex
2060 2605 2118 2654 ct
2147 2596 2476 2674 Legislator
2504 2616 2760 2656 summus
2790 2600 2897 2675 qui
2931 2600 3052 2660 Le-

626 2696 766 2757 gum
796 2676 1161 2736 autoritatem
1190 2675 1528 2735 inviolatam
1557 2676 1708 2734 tueri
1737 2674 1925 2735 debet.
1985 2676 2198 2735 Fateor
2223 2676 2516 2735 hominem
2542 2678 2832 2756 privatum
2863 2699 3053 2757 posse

624 2767 684 2818 et
712 2758 922 2817 debere
951 2755 1200 2816 offensas
1224 2756 1529 2834 remittere,
1562 2756 1698 2833 quia
1726 2755 1801 2815 ad
1828 2756 2018 2835 ipsum
2045 2756 2305 2817 vindicta
2358 2776 2477 2815 non
2516 2758 2783 2834 pertinet,
2817 2760 2928 2819 sed
2971 2764 3054 2821 ad

626 2840 853 2899 Deum:
898 2837 1000 2897 sed
1050 2836 1121 2896 de
1165 2856 1413 2915 persona
1459 2836 1709 2915 publica,
1762 2836 1833 2896 de
1884 2836 2234 2914 Magistratu
2283 2844 2342 2895 et
2392 2836 2658 2915 Principe
2687 2837 2904 2897 falsum
2936 2852 3052 2920 est,

624 2922 762 2997 quia
794 2918 983 2997 judex
1010 2925 1098 2976 est
1117 2918 1246 2977 loco
1278 2918 1389 2977 Dei
1418 2917 1717 2977 ordinatus
1743 2924 1810 2975 ut
1844 2916 2132 2994 justitiam
2163 2916 2542 2993 administret,
2573 2926 2632 2976 et
2661 2916 2842 2996 Legis
2874 2940 3053 2982 sanc—

576 3014 584 3021 ·
627 3002 813 3060 tiones
842 3006 1187 3077 exequatur,
1221 2998 1378 3076 quod
1406 2998 1456 3057 si
1485 2997 1613 3056 Lex
1641 2997 1909 3072 violatur,
1941 3017 2073 3057 eum
2101 2998 2152 3055 is
2180 2998 2347 3075 cujus
2376 3006 2466 3056 est
2493 2997 2670 3075 Legis
2698 2998 3057 3061 mandatum

626 3079 854 3157 exequi,
885 3079 946 3137 id
968 3097 1087 3137 non
1116 3078 1437 3155 exequitur,
1470 3086 1528 3137 et
1566 3076 1704 3136 facit
1747 3078 2091 3155 oppositum,
2137 3096 2255 3135 non
2305 3076 2496 3136 minus
2524 3078 2792 3154 violatur,
2824 3100 2968 3140 cum
3005 3086 3058 3143 is

624 3162 790 3236 cujus
819 3166 907 3216 est
937 3157 1114 3234 Legis
1132 3158 1604 3217 comminationes
1627 3166 1686 3216 et
1711 3156 2121 3235 promissiones
2149 3158 2477 3217 executioni
2505 3158 2798 3231 mandare,
2827 3160 2898 3218 id
2929 3182 3060 3223 non

624 3238 779 3310 facit,
812 3235 915 3295 sed
943 3236 1289 3294 contrarium
1318 3236 1528 3313 potius.
1558 3237 1704 3295 Cum
1728 3256 1867 3295 vero
1892 3237 2053 3296 Deus
2081 3238 2144 3295 in
2168 3238 2281 3297 hoc
2309 3238 2544 3315 negotio
2571 3238 2731 3297 vices
2753 3242 3062 3304 sustineat

623 3316 857 3376 ,Iudicis
875 3323 933 3374 et
962 3314 1247 3391 Principis
1276 3316 1500 3391 summi,
1532 3316 1740 3375 mirum
1761 3336 1878 3374 non
1907 3325 1996 3376 est
2024 3316 2070 3376 si
2093 3326 2330 3395 peccata
2357 3318 2682 3377 condonare
2703 3336 2820 3377 non
2853 3326 3064 3399 possit

625 3396 768 3456 citra
791 3394 1268 3469 satisfactionem3
1299 3414 1406 3453 nec
1423 3395 1531 3453 hac
1549 3396 1609 3453 in
1627 3404 1788 3472 parte
1809 3395 2140 3456 hominibus
2162 3398 2483 3458 censendus
2512 3407 2602 3457 est
2627 3398 3026 3476 impotentior
3045 3430 3062 3482 3

625 3476 762 3555 quia
789 3476 899 3534 hoc
944 3483 1033 3535 est
1080 3472 1345 3533 effectum
1390 3494 1507 3533 non
1536 3474 1908 3553 impotentiae,
1941 3476 2044 3535 sed
2073 3477 2320 3554 virtutis,
2343 3480 2518 3557 juxta
2545 3498 2717 3556 quam
2745 3500 2860 3538 nec
2890 3486 3062 3563 seip-

626 3576 754 3617 sum
776 3556 1082 3633 abnegare,
1096 3574 1204 3613 nec
1212 3554 1455 3632 justitiae
1479 3575 1597 3615 suae
1618 3556 1894 3615 nuncium
1910 3564 2104 3634 potest
2119 3558 2426 3636 remittere,
2451 3568 2517 3620 ut
2535 3559 2720 3619 fusius
2737 3568 3064 3625 ostensum

626 3646 716 3698 est
746 3638 911 3715 Disp.
942 3640 978 3695 2
1010 3636 1082 3695 de
1112 3636 1167 3693 N
1170 3654 1347 3695 ecess.
1384 3634 1578 3695 Satisf.

706 3715 1027 3777 XXXVI.
1076 3715 1193 3775 Sed
1238 3736 1425 3794 neque
1468 3715 1565 3775 hic
1594 3715 1858 3776 subsistit
1886 3716 2219 3793 Gittichius,
2251 3718 2493 3779 ulterius
2531 3718 2725 3794 instat,
2757 3740 2814 3799 p.
2850 3724 2958 3799 91,
2997 3734 3062 3785 et

628 3800 889 3860 Gloriam
918 3795 1325 3856 munificentiae
1358 3795 1470 3855 Dei
1498 3806 1558 3857 et
1586 3797 1796 3857 summi
1845 3798 2198 3875 gratuitique
2226 3798 2288 3856 in
2315 3818 2422 3859 nos
2450 3801 2661 3859 amoris
2691 3800 2804 3859 Dei
2835 3804 3062 3865 subrui

626 3880 888 3939 doctrina
934 3878 1043 3936 hac
1090 3886 1288 3937 nostra
1329 3877 1644 3953 contendit,
1675 3877 1812 3954 quia
1854 3877 1954 3953 sie,
1983 3897 2102 3936 non
2146 3886 2265 3937 tam
2305 3881 2505 3955 nostri,
2537 3898 2710 3959 quam
2739 3882 2832 3940 sui
2863 3904 3062 3945 causa

628 3961 788 4020 Deus
838 3958 1129 4017 Christum
1172 3957 1233 4015 in
1270 3964 1515 4016 mortem
1558 3957 1908 4033 tradidisset,
1938 3966 2004 4017 ut
2045 3958 2316 4017 nimirum
2345 3958 2604 4019 debitum
2636 3960 2886 4039 justitiae
2919 3984 3060 4025 suae

624 4042 925 4119 acciperet,
956 4048 1135 4116 utque
1163 4038 1324 4097 nulla
1366 4046 1457 4098 est
1502 4036 1897 4097 munificentia
1925 4037 2240 4114 creditoris,
2271 4050 2539 4117 respectu
2566 4061 2677 4099 sere
2705 4042 2902 4101 alieno
2939 4047 3058 4104 ob·

626 4122 826 4197 stricti,
858 4119 971 4177 nisi
1013 4119 1085 4178 de
1122 4118 1254 4196 jure
1306 4137 1410 4177 suo
1456 4116 1640 4191 cedat,
1687 4126 1746 4177 et
1775 4118 2135 4177 exactionem
2165 4118 2590 4196 satisfactionis,
2623 4141 2657 4179 a
2685 4141 3060 4203 quocunque

621 4202 725 4260 illa
768 4198 1178 4279 proficiscatur,
1228 4196 1556 4275 relinquat:
1602 4197 1696 4256 Ita
1737 4196 1957 4255 nullam
2003 4218 2130 4257 esse
2177 4199 2240 4257 in
2271 4199 2397 4259 Deo
2425 4200 2615 4278 posita
2642 4201 3065 4265 satisfactione

626 4281 877 4355 Christi3
924 4280 1051 4337 Imo
1082 4276 1385 4338 stultitiam
1435 4286 1493 4337 et
1533 4278 1930 4337 sordiditatem
1959 4277 2143 4337 videri
2171 4299 2289 4337 non
2316 4280 2785 4356 munificentiam,
2818 4282 3062 4345 donare

622 4360 789 4417 alteri
816 4359 1126 4436 quippiam,
1158 4358 1314 4435 quod
1343 4358 1537 4418 statim
1558 4359 1632 4418 ab
1659 4359 1788 4437 ipso
1813 4358 2091 4436 recipias3
2139 4362 2175 4393 ‘⁴
2195 4358 2337 4433 Quis
2366 4361 2575 4435 enim,’'
2599 4360 2809 4439 inquit,
2861 4366 2898 4396 “
2927 4385 3064 4425 non

626 4437 887 4509 delirum,
920 4448 978 4495 et
1006 4440 1078 4495 ab
1108 4440 1265 4496 omni
1312 4440 1533 4499 ratione
1572 4438 1986 4499 alienissimum
2031 4458 2124 4497 me
2172 4438 2405 4515 diceret,
2457 4441 2506 4498 si
2534 4450 2732 4519 aperta
2761 4462 3068 4505 crumena

622 4534 752 4572 mea
788 4516 1051 4591 juberem
1083 4516 1401 4577 debitorem
1430 4538 1561 4578 mea
1585 4518 1831 4596 pecunia
1857 4520 2001 4577 mihi
2029 4520 2286 4597 solvere;
2320 4521 2538 4579 Annon
2565 4530 2870 4599 praestaret
2899 4526 3068 4585 sim-

620 4592 847 4671 pliciter
876 4594 998 4652 sine
1027 4596 1263 4655 crimine
1292 4598 1551 4658 stultitiae
1582 4600 1775 4658 statim
1797 4598 1910 4676 ipsi
1937 4598 2196 4660 debitum
2225 4600 2549 4661 condonare
2570 4602 2636 4661 ?''
2680 4602 2883 4681 Resp.,
2923 4606 3068 4667 Ve-
