3234 5192
881 1070 1424 1150 DISPUTATIO
1526 1072 2119 1169 THEOLOGIGA,

467 1374 606 1467 DE
707 1374 1318 1469 BAPTISMO
1419 1376 1783 1470 NUBIS
1906 1378 2043 1469 ET
2145 1378 2547 1473 MARIS.

1203 1696 1298 1757 Ex
1333 1703 1362 1757 1
1398 1698 1541 1759 Con.
1572 1718 1634 1758 x.
1668 1701 1721 1776 1,
1751 1702 1809 1759 2.

456 2120 480 2163 ι
817 2112 1210 2187 Respondente
1237 2110 1280 2169 J
1284 2128 1486 2169 ossus
1519 2110 1825 2171 Sauromo
1858 2110 2178 2173 Genevensi.

373 2268 425 2328 I.
470 2269 634 2329 Inter
659 2270 822 2329 varia
842 2270 1136 2347 miracula,
1168 2290 1298 2347 quae
1331 2272 1490 2331 Deus
1508 2271 1647 2331 olim
1669 2271 1727 2329 in
1758 2271 2003 2349 gratiam
2032 2272 2233 2350 populi
2257 2272 2562 2335 Israelitici
2580 2276 2701 2335 edi·

291 2348 394 2424 dit,
425 2350 652 2409 nullum
693 2350 925 2410 videtur
949 2350 1254 2429 illustrius,
1302 2352 1526 2411 nullum
1566 2360 1720 2411 certe
1763 2352 2119 2434 κυπιιόπςον
2167 2352 2291 2431 fuit,
2336 2354 2554 2435 insigni
2602 2357 2705 2417 illa

287 2432 550 2491 columna
577 2431 750 2507 nubis,
773 2452 889 2511 qua
909 2432 1073 2491 illum
1095 2432 1260 2507 texit,
1287 2441 1346 2491 et
1375 2431 1624 2491 mirabili
1645 2452 1757 2509 per
1777 2453 1936 2491 mare
1953 2436 2185 2491 rubrum
2214 2436 2473 2495 transitu.
2558 2436 2701 2497 Ideo

294 2510 543 2589 Spiritus
576 2512 822 2573 Sanctus
849 2532 966 2571 non
995 2513 1172 2572 semel
1201 2512 1276 2571 ad
1305 2522 1610 2591 utrumque
1640 2512 1891 2591 respicit,
1940 2532 2057 2570 non
2086 2513 2259 2573 modo
2306 2523 2372 2573 ut
2398 2517 2460 2573 in
2488 2516 2571 2576 rei
2600 2518 2699 2577 ad·

287 2592 656 2653 mirabilitate
685 2592 1107 2673 providentiam
1139 2592 1251 2653 Dei
1278 2602 1577 2671 paternam
1605 2613 1745 2670 erga
1789 2593 2065 2671 populum
2108 2594 2546 2674 suspiceremus,
2597 2598 2702 2657 sed

286 2672 463 2731 etiam
491 2682 556 2734 ut
581 2674 860 2751 mysteria
886 2673 1100 2733 ibidem
1127 2673 1369 2732 latentia
1396 2680 1614 2732 attente
1639 2680 2039 2731 scrutaremur.
2124 2673 2295 2747 Quod
2322 2695 2451 2733 cum
2484 2677 2701 2737 Paulus

289 2752 500 2811 eximie
530 2762 588 2813 et
615 2754 812 2813 divine
841 2772 998 2812 more
1027 2772 1132 2811 suo
1162 2762 1482 2829 exequatur
1517 2752 1578 2809 in
1607 2752 1839 2828 celebri,
1870 2770 2041 2827 quem
2078 2752 2479 2813 ventilandum
2518 2758 2697 2815 susci-

286 2831 494 2908 pimus,
546 2833 692 2908 loco,
745 2832 934 2892 fructu
987 2852 1104 2890 non
1161 2832 1468 2890 carituram
1523 2850 1755 2907 operam
1800 2838 2055 2889 nostram
2094 2848 2291 2888 sumus
2339 2834 2617 2910 arbitrati,
2650 2836 2702 2893 si

286 2912 460 2987 paulo
482 2912 734 2989 penitius
760 2912 820 2969 in
849 2912 976 2988 ejus
997 2911 1313 2987 genuinum
1343 2929 1575 2969 sensum
1603 2909 1979 2985 inquiramus.

371 2990 457 3048 11.
543 2990 726 3049 Extat
779 2990 878 3049 ille
931 2990 1130 3067 primae
1185 2988 1261 3047 ad
1311 2989 1440 3047 Cor.
1496 3008 1556 3046 x.
1592 2990 1644 3063 l,
1676 2992 1733 3059 2,
1783 2988 1881 3046 ubi
1913 2986 2130 3045 Paulus
2174 3006 2354 3065 agens
2398 2988 2471 3048 de
2522 2993 2699 3051 variis

288 3068 584 3128 beneficiis
628 3070 841 3147 populo
888 3068 1001 3127 Dei
1056 3069 1194 3127 olim
1250 3068 1494 3141 collatis,
1541 3087 1673 3144 quae
1723 3066 2093 3126 sacramentis
2137 3068 2349 3126 nostris
2398 3071 2697 3149 analogice

287 3149 656 3227 respondent,
679 3150 762 3208 sic
779 3149 876 3226 ait,
905 3152 941 3182 “
963 3150 1018 3206 οὗ
1041 3148 1186 3208 siaa
1216 3152 1347 3223 ὕμές
1375 3152 1576 3219 ἄγνοιῒν,
1605 3144 1830 3223 aava,
1863 3146 1935 3207 *ὅτι
1962 3147 2139 3213 πείνης
2167 3148 2211 3204 οἱ
2226 3148 2428 3231 vav-{gu
2449 3152 2577 3215 ἐμοῦ,
2601 3158 2696 3213 ὑσὶ

287 3232 370 3292 τὶν
398 3229 585 3301 inviam
611 3226 750 3306 ἦσαν,
779 3234 868 3288 καὶ
902 3228 1079 3294 πίνης
1121 3225 1205 3287 διαὶ
1245 3254 1328 3294 της
1371 3231 1641 3294 ,θηλεων-ης
1687 3224 1887 3304 Minor,
1936 3232 2028 3287 aa)
2072 3231 2247 3295 πάντες
2289 3236 2351 3296 ἅς
2393 3257 2473 3291 τον
2516 3239 2698 3299 Μυσῒι

287 3311 636 3389 mansam,
665 3320 756 3370 nal
784 3312 824 3369 iv
849 3313 916 3391 τῇ
942 3309 1123 3385 noina,
1166 3313 1258 3367 καὶ
1297 3310 1338 3367 iv
1377 3312 1444 3390 πῖ
1479 3311 1725 3391 θαλάσσῃ
1753 3332 1766 3369 :
1807 3309 1956 3368 Nolo
1999 3329 2105 3368 vos
2150 3310 2429 3387 ignorare,
2472 3312 2694 3390 fratres„

285 3391 445 3468 quod
501 3392 702 3451 Patres
757 3410 957 3449 omnes
1011 3390 1192 3449 nostri
1245 3388 1478 3449 fuerunt
1532 3390 1641 3449 sub
1705 3390 1875 3464 nube,
1933 3398 1993 3449 et
2043 3409 2149 3467 per
2202 3410 2357 3451 mare
2413 3396 2691 3455 transive-

285 3481 437 3547 runt,
470 3472 548 3532 Et
575 3490 775 3530 omnes
802 3470 864 3529 in
894 3470 1120 3529 Mosem
1145 3470 1420 3548 baptizati
1457 3478 1607 3546 sunt,
1641 3470 1701 3528 in
1746 3470 1915 3546 nube,
1948 3478 2007 3529 et
2053 3470 2114 3528 in
2141 3472 2344 3529 mari.'’
2432 3474 2552 3533 Ubi
2580 3476 2694 3535 duo

285 3550 668 3627 expendenda
695 3551 962 3611 veniunt:
997 3554 1048 3610 1.
1091 3550 1430 3611 miraculum
1478 3550 1669 3629 ipsum
1718 3550 1987 3610 historice
2015 3558 2073 3609 et
2121 3550 2181 3608 in
2206 3551 2392 3627 litera,
2438 3558 2494 3613 2.
2538 3574 2693 3632 mys-

287 3632 494 3690 terium
524 3630 632 3689 sub
659 3629 900 3690 historia
928 3639 987 3689 et
1032 3630 1200 3690 litera
1246 3629 1452 3691 latens.
1539 3631 1709 3690 Prius
1758 3630 2016 3690 innuitur
2063 3630 2137 3688 ab
2186 3632 2476 3709 Apostolo
2521 3654 2693 3693 versu

285 3712 488 3788 primo,
520 3709 751 3787 quando
792 3712 889 3787 ait,
921 3712 1126 3769 Patres
1155 3711 1343 3784 fuisse
1367 3712 1466 3769 sub
1503 3712 1660 3787 nube,
1711 3720 1765 3769 et
1790 3711 2107 3770 transivisse
2123 3730 2237 3787 per
2284 3731 2460 3787 mare,
2494 3713 2692 3773 Poste-

285 3790 406 3850 rius
435 3790 778 3849 describitur
806 3790 1075 3867 secund0,
1107 3811 1282 3868 quum
1313 3791 1492 3867 addit,
1535 3791 1867 3867 Baptizato-⁴3
1897 3790 2079 3866 ficisse
2100 3792 2160 3849 in
2196 3792 2429 3867 Mosem,
2462 3792 2519 3849 in
2556 3794 2695 3852 nube

286 3881 342 3930 et
364 3872 422 3929 in
451 3871 616 3929 mari.

366 3950 488 4009 ΙΙΙ.
537 3950 758 4029 Scopus
787 3949 1058 4030 Apostoli
1087 3960 1176 4011 est
1196 3950 1487 4011 dehortari
1511 3949 1840 4011 Corinthios
1863 3952 1936 4010 ab
1957 3950 2299 4026 idololatria,
2326 3952 2690 4029 scortatione,

286 4039 344 4091 et
373 4029 657 4089 similibus
683 4032 952 4108 peccatis,
984 4052 1114 4110 quae
1135 4032 1298 4109 justa
1329 4030 1439 4090 Dei
1462 4030 1688 4108 judicia
1714 4031 1774 4088 in
1804 4030 1961 4108 ipsos
2003 4030 2319 4089 certissime
2349 4031 2695 4091 accersitura

283 4119 463 4186 erant,
496 4112 763 4189 exemplo
789 4112 970 4189 petito
1027 4112 1100 4171 ab
1140 4112 1422 4170 Isra'e‘litis
1449 4112 1510 4169 in
1549 4110 1796 4187 desertO,
1828 4110 1927 4187 qui
1965 4108 2181 4168 talibus
2224 4110 2477 4187 peccatis
2504 4110 2690 4190 impli-

282 4192 399 4265 citi,
430 4192 808 4269 gravissimas
849 4212 1052 4269 poenas
1079 4190 1332 4269 effugere
1361 4210 1478 4250 non
1526 4198 1854 4269 potuerunt,
1885 4188 2041 4267 quod
2070 4187 2447 4267 persequitur,
2480 4211 2603 4251 ver.
2636 4196 2689 4269 7,

281 4272 337 4347 8,
370 4274 424 4347 9,
460 4272 552 4331 10.
638 4272 727 4330 Ne
758 4292 896 4331 vero
925 4272 1258 4350 exciperent
1287 4270 1585 4346 Corinthii,
1617 4270 1789 4329 aliam
1838 4288 1965 4328 esse
2010 4269 2290 4327 rationem
2342 4268 2691 4333 Christiano-

281 4371 425 4426 rum,
457 4351 557 4429 qui
587 4352 904 4430 majoribus
959 4350 1252 4410 beneficiis
1293 4350 1496 4408 donati
1545 4358 1697 4423 sunt,
1748 4357 1806 4407 et
1834 4348 1934 4424 qui
1962 4346 2219 4425 gaudent
2263 4348 2525 4425 inprimis
2552 4352 2691 4432 bap-

281 4431 436 4489 tismi
466 4440 524 4491 et
552 4452 596 4489 s.
622 4452 802 4490 coense
832 4430 1222 4503 sacramentis,
1255 4449 1428 4506 quam
1469 4428 1881 4503 Isra‘elitarum,
1912 4426 2013 4503 qui
2052 4426 2170 4485 illis
2198 4427 2693 4495 destituebantur:

285 4510 500 4571 Paulus
530 4511 784 4570 ostendit
811 4530 928 4569 non
956 4510 1245 4587 disparem
1273 4528 1400 4567 esse
1429 4508 1538 4567 hac
1577 4508 1639 4566 in
1666 4516 1829 4586 parte
1867 4517 2241 4585 utrorumque
2286 4510 2689 4590 conditionem,

281 4590 418 4667 quia
471 4590 730 4667 ejusdem
782 4590 1016 4649 foederis
1067 4588 1366 4648 nobiscum
1415 4589 1741 4666 participes,
1801 4606 1965 4646 suum
2012 4588 2184 4646 etiam
2232 4588 2593 4667 Baptismum
2634 4596 2693 4653 in
