3234 5192
535 304 655 369 732
1132 328 1211 369 nn
1242 329 1589 371 coscoamA
1618 330 1804 372 num
1832 331 1906 370 nr
1935 329 2171 383 meost,
2200 330 2330 371 nro.
2507 314 2766 387 [msrur.
2795 329 2947 372 xxv.

534 465 858 539 conciliari,
878 466 1000 545 qua
1025 468 1086 526 iu
1116 470 1412 529 sententia
1436 470 1685 530 fuerunt
1705 470 2149 531 centuriatores
2171 469 2738 546 Magdeburgenses,
2763 469 2941 529 Ceut.

536 548 589 617 1,
632 546 734 604 lib.
764 546 825 605 ii.
856 566 907 606 c.
936 548 993 619 4,
1022 555 1157 624 post
1179 548 1517 607 Lutherum
1532 550 1902 625 Magistrum
1922 569 2116 624 suum,
2147 568 2326 625 quem
2364 549 2428 606 in
2449 550 2640 624 primo
2668 550 2947 607 certami-

534 626 627 683 nis
656 643 795 683 cum
825 626 1152 685 Pontificiis
1176 627 1409 685 fervore
1435 628 1797 704 iniquiorem
1821 629 2004 687 fuisse
2031 629 2172 686 huic
2197 629 2414 704 scripto
2441 634 2711 697 constat3
2754 646 2940 701 nega-

534 705 624 762 vit
649 704 809 762 enim
836 723 961 763 esse
991 705 1333 782 Epistolam
1380 725 1517 766 vere
1567 708 2021 781 Apostolicam;
2062 708 2186 765 imo
2231 725 2302 764 eo
2340 724 2530 781 usque
2557 706 2840 781 processit
2865 714 2940 764 ut

540 783 937 843 Stramineam
964 785 1296 859 appellarit,
1326 803 1449 842 non
1476 786 1751 843 absolute
1784 787 1888 843 sed
1915 791 2254 860 comparate
2280 804 2402 859 prae
2425 783 2731 855 Paulinis;
2769 786 2940 858 quod

532 868 843 937 tantopere
886 860 1185 920 Pontificii
1226 862 1627 937 exagitarunt,
1677 864 1952 939 quamvis
1999 882 2123 921 non
2166 864 2377 921 durius
2412 882 2596 939 quam
2641 862 2942 921 Eusebius

534 941 729 1001 multo
774 940 944 1015 prius
989 940 1077 998 ita
1124 940 1201 997 sit
1244 942 1501 1012 locutus,
1528 948 1591 1000 et
1635 950 1842 1017 postea
1867 960 1932 999 re
1979 942 2193 999 melius
2218 960 2509 1016 perpensa
2535 941 2782 999 duriora
2808 942 2940 999 haec

530 1020 716 1080 verba
760 1018 1063 1091 deleverit,
1108 1026 1169 1075 et
1206 1018 1505 1093 judicium
1554 1039 1732 1078 suum
1769 1022 1845 1078 de
1882 1022 1995 1079 hac
2040 1020 2312 1094 Epistola
2337 1020 2672 1091 correxerit,
2716 1027 2786 1077 ut
2811 1020 2941 1077 edi-

534 1102 723 1158 tiones
749 1097 1101 1173 posteriores
1128 1096 1466 1156 Bibliorum
1496 1098 1994 1159 Germanicorum
2039 1105 2352 1158 testantur.
2411 1098 2544 1157 Nec
2585 1104 2819 1156 tantum
2847 1098 2940 1155 in-

530 1186 624 1237 ter
652 1174 1045 1250 Evangelicos
1090 1176 1307 1251 reperti
1349 1182 1492 1234 sunt
1518 1178 1625 1253 qui
1671 1178 1747 1234 de
1773 1178 2139 1235 authoritate
2166 1178 2350 1252 hujus
2381 1176 2665 1253 Epistolae
2695 1175 2938 1234 dubita-

530 1259 686 1327 rint;
714 1253 963 1312 fuerunt
988 1254 1169 1312 etiam
1186 1259 1247 1311 et
1271 1255 1427 1313 inter
1454 1254 1814 1327 Pontificios‚
1841 1254 2160 1315 Caietanus
2185 1255 2482 1330 praecipue
2511 1254 2700 1331 quiin
2721 1256 2937 1312 eodem

526 1338 662 1394 luto
688 1334 925 1391 haesisse
952 1332 1208 1405 videtur,
1237 1339 1308 1391 ut
1350 1341 1596 1409 apparet
1622 1352 1698 1392 ex
1741 1334 1934 1393 indice
1961 1352 2232 1391 errorum
2259 1334 2425 1391 illius
2451 1352 2633 1409 quem
2663 1332 2936 1392 Cathari-

530 1415 699 1473 rinus
738 1411 999 1487 collegit.
1046 1411 1337 1489 Utrisque
1378 1430 1521 1471 vero
1564 1413 1865 1489 praeivisse
1911 1412 2196 1471 videntur
2226 1412 2522 1471 Eusebius
2549 1418 2610 1471 et
2637 1411 2940 1486 Hierony-

528 1513 684 1565 mus,
713 1492 819 1567 qui
844 1492 999 1547 hanc
1027 1490 1362 1566 Epistolam
1394 1490 1525 1565 jam
1554 1492 1698 1548 olim
1721 1510 1760 1549 a
1786 1491 2092 1549 nonnullis
2121 1492 2373 1552 ιοόώισθιι
2403 1498 2440 1526 “
2457 1509 2565 1567 pro
2595 1490 2939 1549 adulterina

526 1572 797 1630 habitam
838 1570 1012 1627 esse’'
1062 1570 1344 1641 scribunt,
1391 1568 1608 1627 Euseb.
1657 1570 1760 1628 lib.
1806 1570 1866 1629 ii.
1915 1571 2053 1629 hist.
2105 1572 2332 1631 Eccles.
2363 1590 2412 1629 c.
2453 1570 2550 1641 23,
2576 1568 2829 1627 Hieron.
2872 1570 2936 1626 in

532 1650 722 1710 Catal.
755 1647 966 1723 script.
998 1646 1569 1705 Ecclesiasticorum.

610 1727 730 1786 IV.
766 1725 883 1783 Sed
912 1726 1026 1781 hoc
1052 1732 1141 1782 est
1168 1727 1397 1784 nodum
1414 1742 1609 1785 secare
1630 1743 1754 1784 non
1777 1729 2024 1799 solvere,
2043 1746 2238 1805 neque
2259 1730 2430 1789 istius
2445 1728 2562 1787 loci
2583 1733 2755 1787 tanta
2769 1727 2937 1786 vide-

524 1812 625 1865 tur
651 1822 777 1864 esse
804 1802 1123 1861 difficultas
1149 1811 1221 1860 ut
1242 1821 1527 1877 cogamur
1546 1824 1616 1862 eo
1639 1806 1935 1878 devenire,
1953 1813 2015 1864 et
2037 1807 2372 1884 Epistolam
2400 1827 2536 1883 quae
2565 1824 2626 1864 se
2654 1813 2746 1865 tot
2763 1832 2929 1887 ugan-

526 1894 642 1967 ςίας
668 1892 729 1943 et
755 1882 818 1939 in
846 1880 1003 1954 stylo
1030 1887 1092 1937 et
1118 1881 1181 1938 in
1208 1880 1482 1939 doctrina
1507 1901 1646 1941 vere
1693 1883 1962 1943 divinam
2005 1887 2292 1961 praedicat
2322 1894 2563 1963 propter
2590 1886 2750 1944 leves
2771 1904 2932 1943 scru-

524 1966 705 2041 pulos
736 1958 942 2019 statim
968 1978 1077 2034 pro
1104 1957 1504 2041 ψιυδιπτγςιίφῃ
1532 1964 1632 2019 vel
1658 1962 1869 2020 saltem
1897 1963 2053 2022 libro
2083 1966 2451 2040 Apocrypho
2479 1970 2539 2022 et
2566 1964 2763 2023 dubiae
2791 1965 2934 2024 fidei

524 2045 747 2103 habere
774 2038 1133 2112 debeamus3
1162 2040 1342 2099 facile
1358 2040 1519 2098 enim
1548 2040 1885 2100 conciliatio
1912 2042 2146 2101 institui
2173 2045 2411 2119 poterit,
2441 2042 2733 2119 siquidem
2760 2062 2934 2103 accu-

522 2130 651 2181 rate
679 2118 989 2193 utriusque
1018 2118 1299 2194 Apostoli
1326 2126 1388 2179 et
1413 2138 1630 2195 scopus
1657 2127 1718 2179 et
1738 2121 1924 2179 verba
1947 2125 2392 2199 expendantur;
2435 2123 2597 2197 quod
2625 2129 2695 2178 ut
2715 2122 2936 2180 clarius

522 2204 643 2275 fiat,
672 2200 868 2277 primo
898 2198 1169 2255 omnium
1195 2198 1541 2257 refellendae
1569 2205 1749 2257 erunt
1778 2200 2230 2259 Pontificiorum
2256 2203 2474 2277 glossae
2497 2200 2602 2275 qui
2616 2200 2774 2259 hanc
2792 2219 2934 2258 con-

520 2280 891 2339 ciliationem
934 2281 1245 2335 tentarunt
1284 2276 1631 2347 infeliciter3
1681 2277 1898 2335 deinde
1941 2279 2246 2339 afferenda
2271 2280 2387 2339 erit
2412 2297 2555 2337 vera
2580 2286 2642 2336 et
2664 2278 2932 2353 genuina

520 2351 955 2417 conciliationis
980 2353 1151 2425 ratio,
1180 2360 1243 2411 et
1267 2372 1306 2410 a
1331 2354 1563 2411 cavillis
1592 2355 2098 2413 Adversariorum
2125 2358 2506 2417 vindicanda.

601 2434 682 2492 V.
713 2428 1009 2491 Pontificii
1036 2448 1159 2488 non
1186 2432 1399 2487 eodem
1434 2432 1615 2487 modo
1645 2448 1852 2490 omnes
1879 2433 1976 2489 hic
2003 2450 2130 2491 sese
2157 2441 2508 2511 comparant
2533 2436 2611 2493 ad
2639 2438 2796 2496 hauc
2817 2438 2935 2497 tol-

516 2513 761 2571 lendam
771 2508 1076 2578 hesauria.
1100 2506 1381 2582 Plerique
1392 2513 1611 2582 putant
1618 2510 2096 2567 commodissime
2104 2513 2336 2568 nodum
2347 2530 2515 2586 posse
2523 2514 2613 2569 sol
2619 2514 2678 2569 vi
2689 2515 2934 2575 distinc-

514 2591 679 2650 tione
700 2586 1147 2661 Jueafloationis
1165 2586 1379 2664 primos
1407 2596 1463 2643 et
1486 2586 1794 2651 seeundoe5
1821 2588 2120 2662 duplicem
2145 2588 2304 2651 enim
2325 2591 2513 2664 vulgo
2533 2592 2935 2667 constituunt,

514 2669 776 2746 primam
802 2684 926 2745 qua
949 2666 1135 2723 homo
1162 2683 1238 2723 ex
1262 2664 1491 2741 injusto
1532 2664 1601 2723 fit
1631 2664 1854 2739 justus,
1902 2668 2226 2724 secundam
2253 2686 2377 2745 qua
2399 2686 2478 2725 ex
2522 2667 2678 2725 'usto
2705 2670 2774 2726 fit
2793 2670 2936 2744 jus..

514 2748 635 2807 tior
678 2765 788 2824 per
818 2744 1079 2821 justitiae
1106 2744 1559 2817 incrementum,
1582 2743 1772 2817 illam,
1801 2763 1938 2821 quae
1963 2745 2272 2821 peragitur
2291 2764 2399 2823 per
2425 2747 2488 2803 in
2519 2745 2789 2806 usionem
2815 2751 2928 2811 ha·

514 2827 677 2886 bitus
722 2826 864 2885 fidei
906 2832 972 2884 et
1016 2823 1340 2895 charitatis,
1368 2824 1562 2897 istam,
1602 2839 1742 2899 quse
1789 2843 1896 2902 per
1917 2824 2272 2883 exercitium
2298 2827 2516 2883 harum
2541 2826 2839 2885 virtutum
2865 2836 2930 2888 et

516 2908 679 2965 bona
705 2924 887 2983 opera
910 2910 1335 2985 promovetur;
1364 2902 1456 2959 illi
1476 2904 1939 2981 praeparationes
1959 2913 2020 2962 et
2046 2904 2258 2961 merita
2271 2904 2522 2980 congrui
2537 2912 2923 2981 praestruunt,

514 2986 613 3045 isti
640 2985 857 3043 merita
882 2981 1166 3056 condigni
1192 2980 1598 3039 substernunt.
1685 2983 1948 3041 Paulum
1975 3000 2120 3058 ergo
2148 2984 2368 3041 volunt
2395 2984 2564 3060 loqui
2591 2985 2666 3041 de
2693 2982 2738 3042 J
2743 2984 2926 3045 ustifi-

514 3064 750 3123 catione
792 3062 987 3140 prima
1030 3060 1273 3118 formali
1298 3078 1405 3135 per
1446 3060 1722 3122 habitum
1755 3062 2060 3121 charitatis
2087 3068 2149 3119 et
2172 3062 2330 3120 hanc
2365 3080 2584 3137 negare
2613 3062 2924 3137 operibus3

514 3142 560 3201 J
561 3143 817 3201 acobum
841 3158 985 3197 vero
1006 3139 1081 3195 de
1108 3138 1150 3196 J
1154 3138 1552 3199 ustificatione
1578 3140 1808 3199 actuali
1833 3158 1942 3217 per
1968 3141 2129 3198 bona
2155 3158 2192 3197 o
2299 3158 2355 3214 a,
2399 3148 2460 3198 et
2485 3142 2640 3199 hanc
2665 3141 2924 3200 tribuere

512 3219 809 3295 operibus.
884 3218 987 3276 Sic
1024 3216 1444 3275 'l'ridentinum
1486 3214 1988 3289 conciliabulum,
2017 3236 2152 3276 sess.
2224 3262 2238 3289 ,
2267 3236 2316 3277 c.
2350 3219 2442 3291 10,
2471 3218 2819 3279 Bellarmin.
2847 3222 2924 3279 de

513 3297 559 3356 J
564 3296 738 3354 ustifi.
767 3296 871 3354 lib.
900 3296 962 3354 ii.
990 3312 1039 3352 c.
1073 3294 1167 3363 16,
1195 3301 1257 3352 et
1282 3294 1387 3353 lib.
1417 3294 1495 3351 iv.
1526 3314 1573 3353 c.
1610 3294 1702 3367 18,
1733 3304 1769 3333 ‘⁴
1791 3296 1928 3355 Nos
1955 3296 2142 3372 igitur
2179 3296 2434 3356 dicimus
2463 3296 2726 3356 Paulum
2753 3300 2924 3375 loqui

512 3378 590 3435 de
616 3374 810 3450 prima
834 3372 880 3431 J
882 3371 1277 3431 ustificatione
1292 3390 1416 3447 qua
1440 3372 1626 3431 homo
1642 3392 1722 3433 ex
1743 3375 1929 3450 impio
1955 3376 2026 3433 fit
2037 3374 2260 3450 justus,
2287 3376 2332 3435 J
2333 3376 2589 3435 scobum
2614 3377 2692 3434 de
2717 3396 2928 3436 secun-

514 3456 597 3514 da
622 3469 747 3528 qua
771 3451 816 3513 J
817 3458 988 3511 ustus
1014 3450 1267 3509 efficitur
1282 3449 1563 3526 justior.”
1611 3451 1712 3511 Sic
1737 3452 1840 3511 alii
1866 3454 2020 3511 bene
2045 3454 2222 3511 multi
2249 3470 2326 3511 ex
2351 3455 2461 3512 iila
2485 3456 2922 3515 communione.

596 3532 717 3591 VI.
769 3532 1004 3591 Verum
1047 3535 1191 3601 raph
1239 3531 1354 3591 hoc
1394 3529 1665 3611 φάρμακον
1701 3532 2040 3590 difficultati
2066 3532 2294 3591 mederi
2321 3533 2550 3609 nequit,
2579 3552 2689 3592 nec
2713 3536 2926 3593 adver·-

510 3618 711 3673 santes
727 3610 1047 3670 sententias
1054 3611 1207 3668 bene
1222 3627 1596 3685 componere.
1624 3610 1793 3670 Nam
1803 3608 2108 3669 distinctio
2120 3610 2249 3668 haec
2257 3610 2302 3669 J
2307 3612 2718 3671 ustificationis
2727 3614 2922 3672 vanis-

512 3692 735 3751 simum
758 3697 851 3749 est
890 3689 1118 3763 ingenii
1144 3688 1411 3764 ipsorum
1437 3690 1811 3765 figmentum,
1833 3689 1999 3765 quod
2025 3706 2136 3747 nec
2159 3706 2296 3747 cum
2319 3689 2630 3769 Scriptura
2649 3710 2758 3750 nec
2783 3710 2924 3752 cum

512 3777 673 3829 recta
688 3770 921 3828 ratione
944 3775 1103 3826 stare
1126 3773 1340 3843 potest.
1372 3766 1592 3841 Primo,
1610 3768 1974 3845 supponitur
1993 3766 2147 3825 falsa
2165 3768 2528 3842 hypothesis,
2549 3772 2718 3845 quod
2735 3774 2925 3852 ηὸτι,

719 3855 811 3907 est
837 3846 1359 3917 Adversariorum,
1378 3844 1862 3927 beatificationem
1887 3845 2112 3905 seilicet
2135 3862 2262 3905 esse
2279 3858 2474 3904 actum
2493 3849 2799 3925 physicum
2813 3853 2922 3927 qui

512 3930 575 3989 in
624 3926 927 3987 infusione
972 3925 1294 3983 habituum
1320 3924 1624 3997 consistat,
1651 3944 1790 3985 cum
1835 3931 2070 3983 constet
2111 3943 2190 3983 ex
2241 3924 2550 4002 Scriptura
2573 3939 2770 3986 aetwm
2793 3948 2922 3990 esse

510 4026 673 4068 mere
687 4008 989 4087 forensem
1006 4011 1071 4062 et
1086 4003 1441 4078 judicialem
1460 4005 1567 4081 qui
1596 4023 1717 4063 non
1735 4005 1802 4062 in
1827 4004 1989 4061 nobis
2015 4002 2382 4076 inlaoerentor,
2408 4006 2514 4063 sed
2535 4024 2654 4081 pro
2679 4008 2843 4067 nobis
2862 4016 2926 4068 et

513 4088 589 4146 do
614 4086 773 4145 nobis
800 4100 1002 4143 coram
1030 4082 1161 4141 Deo
1204 4080 1444 4143 relative
1470 4083 1789 4159 perficitur,
1819 4088 2030 4158 utpote
2075 4082 2183 4164 qui
2209 4083 2356 4147 situs
2383 4083 2460 4141 sit
2483 4082 2549 4141 in
2577 4086 2921 4147 remissione

506 4173 889 4247 peccatorum
909 4168 971 4221 et
988 4160 1385 4237 imputatione
1406 4160 1450 4219 J
1456 4162 1693 4232 ustitiae,
1717 4160 1893 4223 Rom·
1921 4162 2000 4219 iv.
2021 4161 2077 4239 5,
2095 4162 2154 4233 6,
2173 4161 2234 4234 7,
2253 4162 2416 4220 unde
2435 4163 2922 4227 condemnationi

505 4252 573 4303 et
597 4241 959 4303 accusationi
984 4240 1327 4335 opponitur,
1357 4240 1534 4299 Rom.
1562 4240 1687 4299 viii.
1717 4240 1812 4313 34,
1841 4247 1902 4299 et
1927 4256 2033 4315 per
2059 4258 2400 4317 processum
2427 4240 2471 4298 J
2473 4241 2792 4301 udieialom
2818 4246 2924 4302 de-

506 4322 803 4393 scribitur,
828 4320 1004 4379 Rom.
1026 4320 1110 4377 ui.
1128 4320 1225 4391 22,
1248 4316 1425 4377 Rom.
1448 4319 1527 4378 iv.
1552 4320 1656 4379 otc.
1679 4318 1979 4391 Secundo,
1993 4318 2391 4378 confunditur
2409 4318 2763 4399 Justifioatio
2781 4340 2922 4383 cum

506 4400 979 4477 sanctificatione,
1004 4416 1151 4456 nam
1176 4399 1341 4474 quod
1368 4397 1462 4456 illi
1486 4398 1585 4456 vel
1606 4401 1683 4458 de
1721 4397 2022 4457 infusione
2057 4396 2380 4469 charitatis,
2421 4398 2520 4456 vel
2547 4400 2623 4457 de
2649 4400 2920 4475 eJ‘usdem

503 4479 874 4536 incremento
900 4494 1010 4553 per
1033 4478 1193 4535 bona
1218 4494 1401 4551 opera
1426 4476 1779 4553 loquuntur,
1807 4477 2066 4553 pertinet
2091 4476 2336 4555 quidem
2371 4478 2449 4535 sd
2477 4478 2734 4537 alterum
2761 4478 2918 4542 illud

504 4552 860 4615 beneficium
890 4554 1111 4613 Christi
1154 4556 1321 4631 quod
1362 4555 1429 4612 in
1476 4556 1924 4635 regeneratione
1949 4556 2134 4615 situm
2155 4562 2267 4628 est,
2291 4574 2431 4632 quo
2459 4574 2596 4615 eum
2622 4558 2918 4633 paulatim

500 4642 567 4695 ot
590 4630 912 4691 successive
938 4637 1178 4693 tantum
1204 4633 1559 4711 perficiatur,
1584 4634 1884 4711 paulatim
1909 4634 2118 4709 augeri
2147 4640 2210 4692 et
2230 4652 2492 4694 crescere
2515 4634 2714 4710 debet,
2733 4636 2826 4696 ita
2849 4643 2921 4695 ut
