3234 5192
514 338 587 392 14
1289 355 1367 394 na
1398 341 1757 394 secessuum
1789 353 2136 395 secessione
2602 333 2860 414 [maror.
2890 356 2929 394 1.

509 494 776 553 secedere
805 494 1157 554 debuissent.
1226 494 1634 554 Praevidcbant
1652 496 1881 572 quippe,
1909 495 2024 552 imo
2048 515 2109 552 re
2130 494 2256 570 ipsa
2276 495 2401 570 jam
2425 494 2566 552 satis
2596 513 2701 553 suo
2722 495 2933 553 damno

504 574 963 650 experiebantur,
995 595 1111 632 non
1151 593 1320 651 posse
1355 595 1416 633 se
1459 575 1532 632 ab
1571 595 1641 633 ea
1679 575 1952 633 societate
1994 571 2401 632 discessionem
2446 574 2648 648 facere,
2680 575 2847 651 quin
2844 596 2930 633 eo

501 653 628 730 ipso
679 655 1020 732 Magnetum
1067 663 1126 712 et
1177 654 1506 732 Principum
1555 654 2027 747 indignationem,
2078 651 2439 730 popularium
2495 663 2555 712 et
2608 653 2933 714 concivium

503 734 987 808 malevolentiam,
1019 743 1077 792 et
1115 734 1370 793 omnium
1398 734 1596 791 odium
1623 734 2013 791 incurrerent·
1999 778 2013 807 ,
2058 733 2197 810 quin
2228 732 2526 807 bonorum,
2558 732 2926 810 dignitatum,

503 814 831 889 amicorum,
863 813 1064 890 patriae
1091 821 1150 872 et
1177 833 1372 872 eorum
1415 814 1689 888 omnium,
1720 832 1849 888 quae
1890 811 2224 870 dulcissima
2260 820 2321 870 et
2348 812 2643 870 carissima
2675 814 2843 872 nobis
2871 813 2931 871 in

501 894 610 952 hac
631 895 755 953 vita
772 913 901 951 esse
923 892 1129 967 solent,
1154 894 1442 968 jacturam
1469 892 1757 950 facerent·
1745 891 1923 967 ,quin
1940 891 2187 967 denique
2216 892 2555 968 paupertati,
2580 892 2929 968 ignominiae,

501 973 710 1047 exiliis,
761 971 1275 1048 persecutionibus,
1325 972 1643 1045 tormentis,
1693 972 1881 1046 morti,
1932 980 1991 1030 et
2038 970 2210 1029 rebus
2258 971 2583 1064 quibusque
2631 971 2937 1030 dirissimis

501 1053 723 1130 seipsos
765 1059 1136 1126 exponerent.
1222 1051 1393 1109 Certo
1433 1051 1694 1128 persuasi
1734 1059 1897 1110 erant
1937 1059 2153 1124 eontra,
2186 1069 2265 1125 se,
2298 1051 2347 1108 si
2382 1051 2445 1108 in
2488 1051 2751 1108 Romana
2776 1071 2931 1110 eom-

500 1131 772 1188 munione
801 1149 1030 1187 manere
1059 1129 1395 1207 voluissent,
1424 1130 1572 1187 nihil
1604 1130 1720 1189 tale
1759 1149 2033 1207 passuros
2072 1128 2267 1206 fuisse,
2297 1129 2413 1188 imo
2440 1149 2715 1206 prospera
2741 1131 2935 1189 omnia

501 1218 562 1269 et
588 1209 779 1268 felicia
819 1208 994 1266 fuisse
1023 1209 1338 1268 habituros.
1423 1209 1576 1303 Quid
1603 1229 1743 1286 ergo
1770 1229 1959 1269 causae
2001 1208 2127 1283 fuit,
2157 1227 2261 1267 cur
2301 1210 2623 1267 secedendo
2651 1211 2830 1268 vitam
2873 1211 2931 1267 in

505 1289 754 1366 speciem
781 1288 1174 1362 miserrimam,
1206 1297 1264 1347 et
1291 1289 1606 1349 innumeris
1648 1287 2028 1349 incommodis
2054 1287 2385 1364 obnoxiam,
2408 1288 2846 1366 jucundissimae
2873 1301 2933 1348 et

501 1367 920 1428 florentissimae
961 1369 1360 1445 praetulerint?
1417 1370 1567 1430 Sane
1608 1369 1706 1427 vel
1748 1388 1849 1428 eos
1895 1368 2065 1446 plane
2106 1376 2297 1426 mente
2340 1377 2554 1445 captos,
2600 1377 2657 1426 et
2697 1369 2931 1428 insanos

501 1448 678 1508 fuisse
705 1448 1010 1507 dicendum
1042 1457 1145 1523 est,
1180 1447 1361 1527 (quod
1403 1449 1475 1508 de
1516 1457 1606 1509 tot
1630 1448 2038 1526 praestantibus
2078 1456 2138 1506 et
2164 1446 2514 1507 doctissimis
2541 1447 2699 1523 viris,
2730 1447 2803 1506 de
2844 1457 2931 1507 tot

500 1529 796 1588 hominum
839 1528 1213 1604 myriadibus,
1242 1549 1359 1586 non
1401 1549 1474 1586 ex
1517 1536 1833 1604 compacte,
1864 1526 1968 1585 sed
2008 1527 2247 1586 seorsim
2274 1527 2453 1585 variis
2492 1527 2847 1604 temporibus
2873 1537 2935 1587 et

501 1608 690 1667 locis'
674 1629 736 1665 ιιι
763 1627 940 1665 ιιιιιιιιι
971 1607 1477 1681 consentientibus,
1501 1608 1633 1684 quis
1653 1606 1765 1666 nisi
1786 1626 1985 1665 amens
2002 1607 2127 1683 ipse
2146 1605 2359 1664 dixerit
2341 1605 2421 1742 lP)
2443 1607 2537 1665 vel
2560 1607 2934 1683 gravissimas

501 1687 727 1764 aliquas
761 1687 938 1745 fuisse
974 1705 1193 1760 causas,
1225 1695 1284 1744 et
1325 1687 1645 1745 rationibus
1687 1687 1953 1744 omnibus
1992 1685 2362 1744 mundanisl
2366 1705 2516 1762 onge
2557 1686 2925 1763 potentiores,

503 1786 635 1844 quae
675 1785 777 1824 eos
818 1765 1118 1842 adegerint
1159 1764 1234 1823 ad
1273 1785 1344 1824 ea
1383 1764 1722 1843 spernenda,
1752 1773 1811 1825 et
1850 1773 2123 1842 tanquam
2166 1765 2377 1823 damna
2415 1765 2771 1842 refugienda,
2802 1785 2933 1858 quse

501 1854 708 1904 natura
735 1845 796 1904 in
823 1844 1045 1903 deliciis
1071 1844 1284 1902 habere
1313 1844 1477 1938 solet,
1500 1845 1576 1903 ad
1603 1865 1673 1904 ea
1692 1865 1830 1903 vero
1860 1853 2062 1922 sponte
2090 1843 2359 1921 eligenda
2386 1852 2445 1903 et
2472 1845 2933 1904 constantissime

503 1925 792 2003 patienda,
823 1944 859 1981 a
885 1923 1096 2000 quibus
1123 1942 1294 1999 quam
1323 1925 1574 1982 maxime
1603 1925 1993 1983 abhorremuS.

583 2003 903 2062 XXVIII.
987 2005 1042 2060 2.
1072 2002 1246 2061 Tales
1273 2011 1464 2062 autem
1492 2023 1697 2062 causas
1722 2024 1839 2062 non
1860 2005 2061 2062 inanes
2088 2002 2265 2062 fuisse
2294 2011 2353 2061 et
2395 2002 2664 2078 ludicras,
2688 2004 2783 2064 vel
2827 2025 2931 2081 pro

506 2085 787 2161 cujusque
829 2082 1066 2141 arbitrio
1107 2081 1397 2158 confictas,
1445 2083 1546 2142 sed
1596 2103 1765 2142 veras
1804 2090 1863 2141 et
1904 2083 2103 2158 reales,
2138 2103 2269 2160 quae
2298 2083 2709 2143 conscientiam
2749 2084 2933 2160 ipsam

503 2170 793 2239 urgerent,
839 2182 914 2220 ex
943 2181 1011 2220 eo
1039 2181 1238 2220 rursus
1263 2162 1486 2240 liquido
1512 2171 1775 2221 constare
1804 2170 2011 2240 potest,
2056 2161 2212 2239 quod
2242 2181 2359 2220 non
2386 2161 2554 2222 nobis
2580 2171 2805 2222 tantum
2833 2162 2931 2222 de-

505 2242 704 2301 formis
721 2251 780 2301 et
807 2249 1074 2318 corrupta
1093 2241 1221 2300 visa
1243 2242 1319 2301 sit
1340 2242 1604 2301 Ecclesia
1626 2243 1906 2316 Romana,
1933 2241 2037 2300 sed
2056 2249 2115 2300 et
2131 2242 2569 2319 quamplurimis
2592 2241 2929 2316 Pontifieiis,

502 2321 603 2399 qui
629 2322 778 2380 hanc
807 2323 1006 2381 matris
1034 2341 1154 2379 suae
1179 2321 1594 2398 turpitudinem
1622 2321 1851 2380 diffiteri
1880 2340 1996 2379 non
2035 2329 2363 2398 potuerunt,
2393 2322 2607 2398 quique
2633 2330 2939 2398 propterea

505 2400 968 2460 reformationem
995 2399 1246 2476 aliquam
1277 2421 1496 2460 summe
1523 2402 1906 2460 necessariam
1934 2419 2062 2459 esse
2090 2409 2470 2476 agnoverunt.
2530 2401 2796 2473 Clamant
2820 2401 2931 2460 hoc

504 2481 754 2556 querelae
776 2488 834 2538 et
852 2480 1188 2556 gravamina
1205 2479 1594 2538 Maximiliani
1617 2477 2005 2557 Imperatoris,
2028 2479 2465 2555 Germanorum,
2482 2479 2800 2555 Gallorum,
2822 2478 2931 2540 &Q

502 2560 562 2617 in
589 2560 944 2617 Fasciculum
971 2579 1163 2617 rerum
1190 2563 1631 2636 expetendarum
1658 2563 1729 2618 ab
1763 2561 2037 2620 Orthuino
2070 2559 2277 2619 oratio
2304 2569 2599 2636 congesta.
2670 2559 2935 2619 Clamant

506 2638 734 2715 Scripta
759 2639 891 2696 Nic.
911 2641 980 2696 de
1011 2638 1344 2715 Glemanqis,
1367 2639 1576 2698 Alvum·
1599 2640 1835 2715 Pelayii,
1866 2641 2071 2698 Theod.
2101 2659 2141 2696 α
2179 2641 2249 2696 N
2243 2640 2365 2714 tem,
2400 2639 2629 2715 Wicelii,
2687 2640 2938 2698 Wesselii

507 2718 927 2796 Groninyemt‘s,
951 2718 1282 2793 Cassandri,
1305 2719 1580 2794 Raynem',
1599 2727 1661 2778 et
1686 2720 1929 2777 aliorum
1956 2718 2223 2795 plurium,
2248 2737 2395 2794 quos
2416 2718 2551 2777 vide
2572 2719 2634 2776 in
2658 2719 2935 2796 Gataloqo

505 2798 746 2857 Tatium
767 2798 1044 2872 Veritatis,
1065 2806 1124 2856 et
1150 2799 1382 2856 Plessaei
1400 2799 1657 2874 mysterio
1676 2799 1887 2875 iniquit.
1910 2797 2123 2874 quibus
2144 2798 2349 2873 Vivam,
2368 2799 2696 2874 Erasmum,
2720 2801 2935 2858 Fen-um

499 2877 784 2953 addimus,
814 2877 916 2955 qui
941 2876 1167 2937 multa‘
1149 2897 1210 2935 ιιι
1240 2877 1504 2936 Ecclesia
1533 2877 1840 2936 Romana
1814 2895 1937 2954 Jam
1966 2876 2282 2936 desiderari
2308 2885 2503 2954 aperte
2532 2886 2669 2937 sunt
2693 2877 2849 2953 fassi,
2874 2887 2935 2938 et

497 2957 874 3036 gravissimos
903 2959 1028 3036 ejus
1056 2975 1277 3017 errores
1303 2966 1364 3017 et
1391 2957 1745 3034 corruptelas
1771 2956 2134 3016 dissimulare
2161 2975 2277 3014 non
2304 2964 2631 3033 potuerunt.
2715 2958 2933 3016 Notum

495 3046 586 3097 est
611 3038 784 3097 etiam
813 3038 1040 3098 celebre
1059 3039 1164 3097 Fr.
1194 3039 1540 3113 Patr-archas,
1571 3037 1685 3095 viri
1712 3036 1865 3095 docti
1894 3045 1955 3095 et
1980 3035 2199 3106 diserti,
2222 3037 2638 3110 testimonium,
2670 3037 2771 3112 qui
2798 3045 2933 3096 ante

499 3135 682 3176 annos
709 3117 988 3176 ducentos
1013 3118 1095 3176 ita
1125 3117 1406 3194 Papatum
1433 3125 1495 3176 et
1516 3116 1731 3176 Arcem
1758 3117 1889 3194 ejus
1916 3115 2187 3193 graphice
2209 3113 2488 3192 depingit,
2512 3123 2572 3174 et
2597 3116 2737 3174 alibi
2758 3135 2929 3193 saepe,

499 3202 561 3253 et
585 3196 904 3272 praesertim
932 3197 1020 3252 lib.
1041 3196 1196 3269 epist.
1223 3197 1342 3254 aine
1369 3197 1543 3269 titulo,
1568 3197 1735 3272 epist.
1764 3197 1856 3268 16,
1876 3203 1943 3254 ut
1968 3195 2227 3253 nominet
2254 3213 2379 3253 eam
2412 3194 2693 3272 “impiam
2724 3195 2927 3272 Baby-

498 3273 711 3347 lonem,
741 3273 1128 3350 proditionum
1155 3273 1422 3347 nidum,
1405 3293 1466 3331 ιιι
1493 3293 1609 3349 quo
1636 3282 1821 3333 totum
1870 3282 2151 3332 terrarum
2180 3273 2337 3332 orbis
2360 3293 2649 3332 venenum
2682 3273 2927 3350 fovetur,

501 3352 752 3429 crapulis
779 3360 839 3411 et
865 3350 1237 3412 ebrietatibus
1266 3351 1625 3426 obstrictum,
1652 3353 2011 3411 meretricem
2040 3352 2486 3428 execrabilem,
2470 3373 2531 3411 ιιι
2558 3372 2674 3430 qua
2697 3353 2933 3412 luxuria

500 3431 872 3509 undiquaque
896 3437 1148 3522 vagatur
1186 3437 1246 3488 et
1272 3429 1452 3508 viget,
1481 3430 1787 3490 haeresium
1828 3451 2198 3509 errorumque
2226 3433 2470 3510 asylum,
2502 3452 2787 3492 carcerem
2828 3432 2931 3491 ubi

499 3511 718 3570 bonum
744 3509 1104 3587 extinguitur
1129 3518 1189 3568 et
1229 3509 1477 3586 quodvis
1505 3510 1721 3570 malum
1749 3511 2167 3588 scelestumque
2196 3511 2385 3587 alitur,
2418 3512 2647 3570 Christo
2689 3512 2931 3589 ejusque

501 3590 802 3666 Apostolis
821 3588 1111 3663 rebellem,
1131 3597 1198 3648 ιιι
1215 3590 1504 3650 Venerem
1526 3591 1936 3668 Bacchumque
1960 3592 2117 3651 Deos
2138 3590 2348 3651 colatss'
2405 3592 2485 3651 Et
2501 3590 2657 3668 alibi,
2694 3595 2729 3626 ‘⁶
2742 3592 2935 3650 Roma

495 3688 614 3728 non
634 3669 758 3745 jam
785 3667 1008 3742 civitas,
1039 3668 1144 3727 sed
1169 3669 1458 3729 larvarum
1489 3691 1556 3729 ac
1581 3670 1867 3730 lemurum
1894 3670 2101 3729 domus
2128 3679 2233 3744 est,
2264 3679 2338 3747 et,
2362 3679 2429 3731 ut
2448 3670 2703 3730 breviter
2722 3671 2927 3746 dicam,

496 3747 794 3822 scelerum,
817 3756 877 3807 et
904 3746 1251 3808 dedecorum
1273 3751 1526 3808 omnium
1549 3751 1790 3827 sentina,
1815 3759 1988 3828 atque
2016 3750 2114 3809 ille
2143 3750 2463 3810 viventium
2490 3750 2747 3810 infernus
2768 3758 2931 3810 tanto

496 3836 629 3887 ante
660 3825 946 3886 Davidico
974 3847 1074 3887 ore
1099 3837 1332 3888 notatus
1359 3849 1532 3906 quam
1559 3829 1833 3889 fundatus
1860 3838 1962 3889 aut
1988 3829 2314 3908 cognitusss'
2398 3830 2567 3889 Notae
2594 3839 2733 3889 sunt
2756 3831 2931 3890 etiam

500 3907 1106 4048 ManacagiTrinonachi
1134 3907 1322 3968 Italiae
1343 3909 1609 3987 querelae,
1650 3909 1871 3969 laudati
1911 3909 2085 3969 etiam
2125 3911 2434 3985 Espensaeo
2465 3909 2819 3970 Serbonistae
2868 3911 2929 3968 in

500 3987 669 4065 epist.
700 4007 735 4046 a
877 3997 918 4048 t.

905 4093 1170 4169 Quisquis
1195 4112 1327 4168 opes
1352 4113 1550 4152 sacras
1577 4112 1801 4151 nummo
1829 4092 2083 4168 reperire
2098 4093 2352 4167 profano

905 4173 1142 4248 Quaerit,
1173 4181 1268 4230 eat
1291 4173 1553 4247 Romam,
1583 4191 1756 4231 sacra
1774 4179 1905 4230 sunt
1928 4171 2153 4230 venalia
2179 4171 2395 4230 Romoe.

500 4312 580 4370 Et
607 4331 736 4372 cum
765 4315 878 4372 alia
903 4315 1160 4375 vendant
1187 4314 1302 4391 alii,
1333 4313 1522 4391 inquit
1549 4334 1625 4373 ex
1653 4314 1857 4372 eodem
1886 4313 2251 4389 Espensaeus,

2120 4457 2343 4515 venalia
2368 4457 2523 4516 nobis

903 4535 1150 4610 Templa,
1181 4540 1515 4610 sacerdotes,
1545 4535 1777 4612 altaria,
1808 4555 1995 4610 sacra,
2028 4555 2267 4611 coronoe,

894 4615 1079 4690 Ιρηεε,
1112 4617 1296 4692 thura,
1317 4637 1535 4694 preces,
1565 4619 1759 4676 coelum
1786 4626 1867 4675 est
1891 4618 2085 4676 venale
2110 4618 2392 4692 Demque.
