3234 5192
222 377 449 422 msru'r.
480 357 597 440 xa]
775 373 857 416 nn
884 371 1366 417 sxusrscrxoms
1390 369 1632 414 cums-n
1661 373 2078 418 secessu-rus.
2509 359 2630 420 403

226 538 320 578 mo
348 525 411 578 et
435 517 725 593 sanguine
750 521 1019 598 ῥιηισμοῧ
1047 514 1300 592 justitiae
1328 514 1567 573 Divinae
1606 515 1791 574 fuerit
1818 517 2227 576 satisfactum?
2271 517 2394 576 Cur
2423 517 2630 577 Moses

225 615 331 672 pro
370 596 608 673 Populo
635 599 801 672 apud
846 596 1046 654 Deum
1072 594 1295 652 iratum
1320 593 1766 652 intercessorem
1793 595 1936 670 egit,
1966 596 2082 653 nisi
2111 603 2182 653 ut
2209 597 2450 654 doceret
2475 614 2628 671 opus

228 676 395 733 nobis
438 693 563 734 esse
607 674 853 733 omnino
900 673 1226 731 mediatore
1267 671 1475 746 aliquo
1516 671 1676 729 inter
1713 673 1911 730 Deum
1945 681 2008 732 et
2049 692 2177 745 nos,
2209 676 2314 749 qui
2342 693 2464 731 non
2495 683 2630 732 tan-

227 759 355 810 tum
402 759 703 829 sequester
748 760 902 811 esset
947 759 1009 809 et
1050 751 1341 826 interpres
1384 749 1714 808 voluntatis
1743 750 1980 808 Divinae
2010 751 2207 827 qualis
2233 751 2352 810 fuit
2377 752 2626 824 Moses3

227 833 338 889 hoc
363 831 525 889 enim
550 848 668 888 non
700 831 975 889 obstabat
1000 846 1123 905 quo
1150 829 1351 886 minus
1384 828 1464 884 ad
1494 843 1698 884 vocem
1727 829 1841 886 Dei
1869 829 2172 904 loquentis
2195 839 2628 905 expavesceret,

228 909 382 968 Heb.
410 909 513 966 xii.
540 909 634 979 21,
664 911 767 966 sed
795 909 901 985 qui
926 925 1065 966 vere
1108 913 1260 964 esset
1305 911 1581 986 ὐςηυοποιὸς
1635 906 1743 980 qui
1769 925 1914 981 pace
1950 925 2056 982 per
2081 909 2440 982 sanguinem
2467 907 2628 966 facta

226 989 399 1064 plene
450 1005 562 1044 nos
617 987 749 1044 Deo
803 995 865 1044 et
918 987 1117 1044 Deum
1158 984 1331 1042 nobis
1370 983 1796 1054 reconciliaret,
1850 983 1979 1044 Col.
2009 986 2047 1042 i.
2079 985 2173 1042 20.
2219 985 2342 1043 Cur
2368 984 2627 1061 denique

226 1065 335 1123 sub
360 1064 468 1122 illo
494 1065 716 1122 foedere
742 1071 975 1123 tantam
1014 1061 1439 1120 sacrificiorum
1464 1064 1684 1120 molem
1713 1061 1991 1133 instituit,
2021 1063 2240 1137 quibus
2268 1081 2379 1122 nec
2405 1064 2628 1122 doctri-

226 1161 303 1201 na
328 1143 810 1214 confirmabatur,
854 1160 965 1200 nec
1008 1141 1205 1198 foedus
1250 1140 1710 1214 percutiebatur,
1739 1157 1850 1197 nec
1875 1142 2218 1214 exemplum
2257 1143 2628 1217 proponeba-

224 1227 340 1292 tur,
364 1223 467 1278 sed
493 1227 694 1278 reatus
714 1227 953 1278 tantum
998 1218 1233 1293 typicus
1259 1216 1489 1292 populi,
1514 1225 1707 1275 morte
1735 1219 1812 1275 ob
1831 1225 2072 1292 peccata
2096 1219 2354 1276 victimas
2381 1221 2628 1292 inflicta,

224 1298 611 1356 auferebatur
627 1318 645 1369 3
685 1298 800 1355 nisi
816 1304 889 1355 ut
902 1295 1293 1356 certissimum
1312 1302 1507 1354 essent
1522 1303 1583 1354 et
1601 1295 2012 1353 indubitatum
2035 1297 2439 1354 testimonium
2457 1298 2627 1355 victi-

224 1393 385 1434 mam
414 1375 678 1450 aliquam
698 1394 824 1434 non
851 1377 1109 1444 brutam,
1136 1374 1241 1432 sed
1268 1374 1535 1430 divinam
1556 1380 1617 1431 et
1631 1375 1927 1430 coelestem
1953 1373 2176 1448 requiri
2197 1376 2462 1448 omnin0,
2486 1394 2624 1451 quae

225 1459 455 1510 reatum
484 1470 693 1510 verum
718 1453 783 1511 in
804 1471 865 1511 se
893 1452 1269 1528 suscipiendo
1296 1469 1335 1509 a
1372 1450 1780 1526 peccatoribus
1807 1451 2062 1524 tolleret,
2084 1458 2144 1509 et
2169 1459 2364 1511 morte
2391 1472 2502 1511 sua
2519 1454 2628 1528 jus

224 1530 660 1589 communionis
712 1549 851 1589 cum
920 1529 1051 1590 Deo
1103 1529 1223 1586 illis
1265 1536 1701 1605 promereretur
1753 1537 1814 1588 et
1879 1530 2259 1589 restitueret?
2325 1531 2486 1590 Heb.
2539 1532 2622 1591 ix.

227 1609 316 1680 13,
350 1609 443 1667 14.

302 1687 505 1746 XLV.
570 1688 823 1747 Accedit
888 1689 1069 1747 etiam
1130 1689 1295 1764 quod
1344 1685 1575 1746 frustra
1629 1686 1962 1762 Apostolus
2013 1687 2188 1747 toties
2255 1689 2498 1748 iteraret
2559 1689 2624 1746 in

225 1765 415 1842 Epist.
444 1768 523 1824 ad
569 1766 725 1826 Heb.
776 1767 1058 1825 sacrificia
1082 1767 1303 1842 legalia
1349 1767 1573 1841 peccati
1615 1774 1851 1826 reatum
1879 1767 2088 1825 tollere
2113 1786 2237 1826 non
2263 1768 2529 1844 potuisse
2554 1774 2628 1826 ut

222 1844 469 1903 inferret
516 1843 736 1904 Christi
779 1846 1061 1903 sacrificio
1106 1863 1214 1902 nos
1258 1845 1470 1902 debere
1498 1845 1760 1920 purgari,
1792 1847 1842 1902 si
1881 1846 2240 1920 purgatione
2266 1848 2444 1923 plane
2469 1846 2626 1904 nihil

222 1940 374 1997 opus
398 1921 635 1994 fuisset3
664 1923 726 1980 N
730 1942 829 1981 am
846 1925 1007 1998 quod
1022 1931 1149 1982 tam
1168 1923 1343 1980 facile
1358 1923 1491 1980 sola
1512 1923 1628 1981 Dei
1643 1923 2048 1982 misericordia
2065 1925 2292 2000 absque
2312 1925 2442 1982 ulla
2457 1924 2626 1982 satis·

222 1999 478 2058 factione
516 2001 651 2058 tolli
691 2002 907 2078 potuit,
948 2019 1055 2060 cur
1093 2019 1215 2058 non
1256 2001 1455 2075 potuit
1492 2002 1628 2058 tolli
1669 2003 1889 2076 pariter
1929 2001 2329 2061 intercedente
2355 2001 2624 2060 victima-

222 2095 357 2136 rum
381 2080 670 2154 legalium
698 2082 931 2136 morte?
972 2079 1038 2137 Si
1067 2096 1189 2137 non
1216 2078 1355 2152 plus
1381 2078 1609 2136 confert
1631 2080 1980 2138 sacrificium
1999 2079 2220 2139 Christi
2233 2083 2314 2138 ad
2335 2080 2624 2155 expiatio-

220 2172 359 2215 nem
384 2158 621 2232 proprie
648 2157 871 2214 dictam
898 2156 1192 2213 sacrificiis
1235 2156 1549 2228 legalibus,
1576 2157 1732 2215 nibil
1771 2177 1966 2216 causae
1993 2157 2110 2216 dici
2136 2165 2332 2234 potest
2353 2175 2462 2214 cur
2488 2175 2624 2214 eam

221 2233 349 2292 istis
374 2235 669 2309 denegare
696 2243 757 2291 et
784 2235 875 2290 illi
902 2233 1161 2291 tribuere
1187 2240 1527 2290 constanter
1552 2236 1849 2307 voluerit-,3
1895 2235 2061 2302 Quid
2101 2238 2267 2311 quod
2302 2253 2491 2311 quum
2520 2251 2626 2292 ne-

220 2317 325 2385 gat
351 2310 685 2387 Apostolus
700 2313 971 2370 victimas
991 2313 1215 2386 legales
1235 2312 1459 2387 peccati
1485 2320 1720 2371 reatum
1746 2316 1956 2372 tollere
1975 2333 2166 2389 posse,
2191 2313 2280 2372 rei
2304 2314 2492 2390 ipsius
2517 2331 2626 2370 na-

220 2396 421 2446 turam
468 2391 741 2461 attendit,
784 2408 908 2448 non
950 2397 1187 2448 tantum
1236 2389 1377 2465 quia
1416 2390 1589 2450 aliter
1638 2392 1768 2450 Deo
1797 2400 1926 2452 erat
1953 2393 2362 2463 constitutum,
2393 2393 2497 2450 sed
2524 2391 2624 2449 vel

220 2466 511 2542 imprimis
540 2469 685 2543 quia
718 2477 843 2527 tam
886 2469 1233 2528 execrabilis
1261 2476 1323 2527 et
1360 2468 1521 2528 foeda
1544 2489 1640 2528 res
1681 2479 1769 2528 est
1796 2477 2105 2548 peccatum
2132 2479 2204 2528 ut
2230 2471 2404 2528 nullo
2431 2470 2624 2526 hirco-

220 2561 359 2602 rum
383 2551 815 2622 taurorumque
832 2547 1121 2622 sanguine
1149 2547 1273 2605 elui
1300 2547 1601 2622 expiarive
1622 2551 1842 2625 possit;
1883 2555 2198 2624 propterea
2215 2549 2432 2623 inquit,
2461 2547 2622 2604 Heb.

219 2641 281 2682 x.
298 2625 356 2694 4,
387 2630 424 2657 ‘⁴
450 2624 827 2700 Impossibile
854 2633 945 2683 est
969 2625 1323 2700 sanguinem
1340 2627 1642 2684 hircorum
1659 2633 1721 2684 et
1735 2635 2051 2685 taurorum
2072 2627 2284 2684 tollere
2303 2633 2544 2700 peccata
2565 2627 2624 2696 ;’'

221 2703 387 2776 quod
414 2721 555 2760 vero
584 2705 869 2762 continuo
916 2705 1173 2778 subjicit,
1204 2722 1323 2760 ver.
1356 2703 1411 2774 5,
1441 2704 1497 2772 6,
1522 2704 1577 2774 9,
1623 2712 1658 2738 “
1683 2710 2046 2780 quapropter
2071 2703 2411 2778 ingrediens
2447 2721 2624 2759 mun-

221 2780 367 2837 dum
416 2780 579 2853 dicit,
628 2780 979 2840 sacrificium
1027 2789 1089 2838 et
1136 2780 1503 2838 oblationem
1550 2782 1820 2852 noluisti,
1845 2797 2062 2853 corpus
2094 2788 2294 2836 autem
2323 2780 2623 2853 adaptasti

219 2857 387 2929 mihi,
416 2865 563 2916 tunc
588 2859 715 2916 dixi
740 2859 873 2932 Ego
892 2861 1165 2928 adsum,”
1188 2857 1316 2927 ἀει,
1344 2875 1413 2914 ac
1439 2859 1697 2932 denique
1726 2856 2031 2914 concludit
2057 2865 2094 2891 ‘⁴
2113 2857 2334 2913 auferri
2360 2857 2528 2930 prius
2555 2863 2626 2914 ut

218 2936 515 3009 posterius
541 2936 934 3007 stabiliatur,'’
960 2935 1275 2993 manifeste
1294 2935 1531 3004 evincit,
1551 2937 1708 2992 hanc
1725 2935 1908 2991 fuisse
1926 2935 2202 3007 Apostoli
2217 2940 2496 3000 mentem,
2521 2934 2624 2989 ab·

218 3013 445 3086 rogatis
490 3013 787 3071 sacrificiis
836 3012 1111 3069 omnibus
1156 3012 1453 3086 legalibus
1496 3019 1567 3069 ut
1592 3011 1908 3068 inutilibus
1950 3018 2011 3067 et
2039 3011 2207 3068 vanis
2229 3009 2623 3084 subrogatum

216 3089 401 3146 fuisse
426 3107 503 3146 ex
530 3089 643 3147 Dei
671 3097 894 3148 aeterno
923 3091 1169 3148 consilio
1196 3089 1440 3146 unicum
1488 3088 1708 3147 Christi
1729 3088 2100 3159 sacrificium,
2129 3089 2293 3163 quod
2321 3087 2518 3144 solum
2545 3090 2622 3145 ad

218 3173 405 3224 tantae
427 3167 601 3225 molis
621 3184 771 3242 opus
787 3169 1207 3242 exequendum
1236 3183 1344 3241 par
1370 3183 1493 3224 esse
1537 3173 1790 3241 poterat,
1817 3175 1878 3225 et
1924 3167 2049 3224 sine
2093 3185 2213 3242 quo
2241 3165 2464 3242 peccati
2495 3183 2625 3226 rea-

219 3252 321 3303 tus
350 3263 661 3322 nunquam
690 3247 753 3303 in
782 3253 1073 3304 aeternum
1101 3244 1285 3303 deleri
1312 3246 1619 3318 potuisset.

302 3323 543 3384 XLVI.
590 3324 883 3384 Caeterum
928 3343 1067 3381 cum
1112 3323 1405 3383 necessitas
1443 3323 1553 3381 illa
1598 3341 1734 3398 quae
1783 3343 1986 3402 poenas
2027 3324 2252 3400 peccati
2277 3324 2485 3400 exigit,
2513 3343 2623 3384 nec

206 3403 449 3478 physica
478 3404 571 3475 sit,
590 3403 789 3479 qualis
804 3420 929 3459 esse
952 3404 1103 3461 solet
1122 3403 1183 3460 in
1202 3403 1275 3460 iis
1296 3420 1429 3479 quas
1447 3403 1545 3458 vel
1562 3403 1742 3461 bruto
1759 3404 2062 3476 instinctu,
2085 3406 2183 3462 vel
2199 3423 2355 3463 caeco
2391 3411 2622 3462 naturas

215 3481 499 3541 feruntur
524 3482 771 3558 impetu,
794 3497 905 3538 nec
919 3497 1061 3538 vero
1090 3483 1387 3542 coactionis
1414 3488 1485 3537 ut
1510 3480 1573 3538 in
1600 3482 1674 3540 iis
1701 3483 1956 3540 occurrit
1982 3483 2088 3559 qui
2108 3501 2214 3558 per
2241 3485 2364 3540 vim
2391 3483 2622 3558 aliquid

216 3559 551 3633 patiuntur,
580 3563 683 3618 sed
712 3559 889 3618 ethica
910 3559 1109 3634 potius
1158 3571 1217 3620 et
1264 3561 1563 3620 rationalis
1606 3579 1742 3636 quae
1769 3579 1806 3618 a
1851 3561 2091 3632 virtute,
2124 3562 2364 3636 justitia
2389 3569 2536 3636 puta
2562 3569 2624 3618 et

218 3638 553 3706 sanctitate,
572 3637 864 3712 originem
886 3638 1069 3710 ducit,
1098 3647 1159 3698 et
1184 3641 1375 3699 libera
1392 3640 1792 3696 intercedente
1817 3641 2132 3698 voluntate
2159 3641 2458 3697 exeritur:
2499 3656 2620 3696 non

216 3713 307 3771 ita
332 3715 641 3789 praefracte
662 3723 755 3774 est
769 3717 1057 3790 urgenda,
1080 3721 1251 3794 quasi
1272 3720 1503 3776 nullam
1520 3717 1617 3773 hic
1639 3718 1876 3792 penitus
1892 3718 2322 3775 relaxationem
2348 3715 2623 3775 admitte-

216 3798 330 3862 ret,
392 3795 499 3850 sed
556 3811 787 3870 semper
844 3812 919 3851 ex
974 3813 1209 3854 summo
1261 3798 1401 3872 jure
1460 3803 1756 3870 quantum
1817 3801 2028 3870 potest,
2087 3813 2263 3870 agere
2309 3794 2620 3852 nobiscum

217 3867 389 3927 Deus
414 3878 716 3929 teneretur
743 3892 758 3943 3
805 3891 943 3930 cum
970 3873 1130 3932 enim
1176 3875 1337 3933 idem
1367 3876 1469 3931 ille
1498 3873 1665 3931 Deus
1691 3873 1798 3948 qui
1817 3873 2187 3948 justissimus
2215 3879 2304 3930 est
2339 3872 2416 3930 sit
2441 3871 2621 3929 etiam

215 3965 453 4006 summe
495 3949 839 4022 misericors,
884 3951 1276 4026 multiplicem
1319 3956 1381 4010 in
1422 3951 1664 4008 virtutis
1699 3950 1890 4008 istius.
1918 3951 2432 4008 administratione
2481 3951 2622 4009 ἐπιεί-

210 4050 349 4085 κειαν
375 4027 689 4086 admittere
715 4036 927 4104 potest,
956 4031 1137 4087 modo
1164 4032 1227 4089 id
1268 4033 1377 4089 fiat
1400 4030 1567 4088 salvo
1604 4037 1828 4087 aeterno
1850 4037 1912 4086 et
1928 4029 2290 4086 immutabili
2309 4028 2450 4102 jure
2470 4045 2581 4086 suo
2603 4051 2621 4102 3

216 4104 405 4164 Unde
432 4105 829 4164 diversimode
868 4108 1123 4181 justitiae
1152 4111 1339 4184 hujus
1380 4107 1730 4166 exercitium
1757 4107 2025 4164 bonitate
2053 4114 2113 4163 et
2133 4104 2449 4163 clementia
2474 4113 2622 4164 tem-

210 4191 405 4258 perat,
428 4185 526 4241 vel
542 4185 775 4243 ratione
797 4188 1059 4263 temporis
1086 4188 1417 4245 differendo
1440 4185 1816 4260 supplicium,
1840 4185 1938 4241 vel
1954 4185 2184 4241 ratione
2202 4204 2502 4260 poenarum
2522 4203 2622 4242 eas

208 4262 551 4338 mitigando
579 4265 680 4320 vel
720 4262 1117 4339 immutando,
1144 4267 1243 4323 vel
1286 4265 1521 4323 ratione
1558 4283 1941 4340 personarum
1967 4279 2068 4320 eas
2095 4263 2170 4319 ab
2198 4280 2324 4319 una
2350 4262 2411 4319 in
2439 4261 2622 4321 aliam

206 4341 647 4401 transferendo.

299 4419 582 4480 XLVII.
628 4420 835 4496 Atque
876 4424 993 4480 hoc
1039 4427 1130 4480 est
1156 4421 1457 4495 singulare
1504 4419 1661 4476 illud
1703 4426 1765 4476 et
1806 4418 2092 4476 eximium
2121 4418 2472 4476 beneficium
2501 4439 2622 4496 quo

207 4501 515 4558 donamur
542 4501 656 4557 sub
685 4500 1015 4575 evangeliO,
1046 4501 1195 4557 dum
1216 4499 1476 4555 dimissis
1504 4497 1676 4554 nobis
1697 4497 1893 4573 quint
1919 4497 2004 4553 rei
2033 4504 2092 4554 et
2111 4505 2310 4556 sontes
2329 4515 2403 4554 ex
2425 4496 2623 4572 rigore

206 4577 365 4652 legis
404 4577 681 4652 rapiendi
707 4595 945 4635 eramus
973 4578 1051 4636 ad
1080 4577 1459 4651 supplicium,
1496 4593 1601 4632 vas
1643 4582 1704 4632 et
1723 4593 1972 4650 sponsor
2017 4575 2080 4631 in
2118 4577 2318 4633 locum
2348 4583 2624 4634 nostrum

205 4656 603 4715 substituitur
624 4655 725 4731 qui
747 4673 952 4732 poenas
966 4655 1139 4714 nobis
1154 4655 1388 4714 debitas.
1403 4655 1463 4711 in
1486 4673 1547 4712 se
1565 4653 1901 4728 transferat,
1919 4653 2080 4728 quod
2103 4653 2221 4711 fuit
2240 4652 2512 4712 mirabile
2533 4675 2624 4712 sa-
