3234 5192
474 340 589 400 134
1244 354 1323 393 nn
1350 352 1717 395 uacassAmA
1746 351 2095 393 sscsssmna
2511 332 2770 415 [msru'r.
2803 354 2887 395 vx.

474 496 744 575 Babylon
772 495 919 557 falsa
944 503 1005 556 et
1050 516 1316 573 nequam,
1364 496 1531 574 cujus
1572 514 1748 555 causa
1790 502 2016 555 tantum
2055 492 2480 571 lachrymarum
2529 492 2790 555 funditur
2829 504 2890 555 ct

476 578 873 655 suspiriorum,
919 576 1167 637 officium
1218 576 1502 651 fraudum,
1548 574 1866 635 claustrum
1909 575 2141 649 irarum,
2173 573 2234 633 in
2275 594 2392 651 qua
2417 574 2636 633 bonum
2671 575 2886 651 interit,

476 666 537 717 ct
564 658 779 717 malum
810 667 1039 717 creatur
1080 663 1141 716 et
1176 657 1374 732 oritur,
1420 656 1742 715 viventium
1791 654 2012 714 inferne
2057 662 2116 715 et
2160 654 2465 729 cruciatus,
2515 653 2650 713 nide
2693 656 2886 733 prodi-

476 738 717 814 tionum,
752 738 809 797 in
838 756 955 815 quo
996 736 1229 797 latitant
1255 755 1613 814 quaecunque
1643 734 1796 793 mala
1835 754 1939 813 per
1977 734 2176 795 orbem
2217 742 2497 793 terrarum
2524 734 2698 793 hodie
2727 754 2886 813 spar-

476 825 711 896 guntur,
762 818 888 876 vini
934 836 1104 877 serva
1145 816 1267 891 otii,
1310 824 1370 877 et
1410 816 1728 893 epularum,
1771 814 1834 873 in
1873 834 1990 892 qua
2027 814 2212 873 libido
2253 832 2390 873 suos
2436 822 2727 874 extremos
2768 816 2890 875 edit

476 898 780 971 conatus,''
844 904 905 957 et
969 896 1321 956 luculentius
1374 896 1581 971 adhuc,
1657 895 1760 953 lib.
1817 896 1986 973 epist.
2043 894 2168 954 sine
2221 894 2410 970 titulo,
2471 894 2656 972 Epist.
2715 898 2770 971 7,
2829 900 2884 969 8,

480 976 827 1054 “Quicquid
848 976 921 1035 de
952 974 1217 1053 Assyria,
1244 976 1343 1035 vel
1364 975 1654 1053 AEgyptia
1682 974 2003 1053 Babylone,
2033 974 2310 1054 quicquid
2351 974 2424 1034 de
2451 983 2700 1051 quatuor
2723 976 2890 1053 laby-

478 1057 703 1131 rinthis,
735 1057 833 1134 qui
912 1055 1013 1115 uid
1040 1056 1289 1132 denique
1318 1056 1390 1115 de
1412 1056 1613 1115 averni
1639 1055 1876 1131 lumine,
1908 1055 2096 1134 deque
2139 1055 2405 1115 tartareis
2433 1054 2615 1130 silvis,
2648 1056 2885 1133 sulphu-

478 1136 707 1213 reisque
734 1136 871 1215 palu
917 1136 1046 1195 'bus
1065 1135 1278 1213 legitis,
1302 1136 1437 1196 huic
1459 1136 1702 1197 Tartaro
1721 1135 2036 1213 admotum,
2067 1135 2264 1195 fabula
2289 1142 2396 1196 est.
2441 1134 2558 1195 Hic
2581 1134 2887 1211 tun-ificus,

478 1216 654 1276 simul
702 1225 761 1277 et
802 1216 1087 1277 terrificus
1130 1216 1185 1275 N
1188 1216 1392 1294 imrod,
1448 1217 1545 1276 bic
1600 1218 1932 1295 pharetrata
1977 1216 2329 1292 Semiramis,
2373 1216 2470 1275 hic
2515 1215 2889 1275 inexorabilis

483 1296 697 1373 Minos,
740 1296 837 1356 hie
880 1296 1337 1373 Rhadamantus,
1386 1297 1483 1357 hic
1526 1297 1810 1357 Cerberus
1857 1297 2128 1357 universa
2172 1316 2533 1372 consumens,
2583 1296 2678 1356 hic
2721 1305 2888 1355 tauro

482 1378 783 1455 supposita
804 1378 1107 1456 Pasiphae,
1138 1378 1501 1455 mixtumque
1529 1397 1716 1455 genus
1742 1377 1901 1454 quod
1931 1378 2098 1436 Maro
2125 1378 2225 1453 ait,
2273 1377 2580 1455 prolesque
2609 1376 2884 1451 biformis,

482 1458 851 1518 Minotaurus
878 1458 1046 1533 inest,
1076 1459 1307 1519 veneris
1352 1466 1726 1517 monumenta
1765 1456 2047 1516 nefandae.
2131 1456 2249 1515 Hic
2275 1466 2584 1533 postremo,
2615 1456 2892 1534 quicquid

482 1538 805 1613 confusum,
836 1538 1114 1615 quicquid
1142 1545 1347 1612 atrum,
1380 1536 1658 1614 quicquid
1684 1536 1958 1595 horribile
1985 1555 2230 1612 usquam
2251 1544 2357 1611 est,
2383 1544 2484 1596 aut
2511 1536 2766 1612 fingitur,
2797 1556 2886 1595 as·

480 1618 721 1695 picies,''
744 1615 854 1676 ἕω.
894 1618 973 1676 Et
999 1617 1161 1692 ibid„
1187 1619 1223 1649 ‘⁴
1247 1618 1363 1675 Hic
1394 1636 1531 1675 vero
1560 1636 1676 1675 non
1705 1626 1822 1674 tam
1851 1615 2075 1690 civitas,
2105 1634 2279 1691 quam
2299 1615 2592 1673 larvarum
2621 1622 2680 1673 et
2707 1615 2880 1674 lemu-

484 1716 611 1756 rum
634 1696 840 1755 domus
868 1704 974 1771 est,
1004 1706 1065 1755 et
1091 1704 1156 1757 ut
1182 1696 1437 1755 breviter
1477 1696 1684 1769 dicam,
1715 1695 1996 1754 scelerum
2025 1704 2198 1771 atque
2228 1693 2574 1753 dedecorum
2629 1694 2886 1753 omnium

484 1776 727 1852 sentina,
779 1784 955 1853 atque
996 1776 1321 1835 viventium
1368 1775 1686 1834 infernus.'’
1771 1773 1924 1833 Vide
1965 1774 2140 1833 etiam
2183 1773 2370 1852 Epist.
2403 1776 2496 1850 15,
2533 1777 2625 1849 16,
2660 1776 2756 1849 17,
2783 1774 2886 1835 ubi

481 1856 637 1915 idem
681 1864 1085 1933 argumentum
1112 1855 1493 1934 persequitur,
1522 1874 1669 1931 quas
1707 1854 2011 1914 brevitatis
2039 1853 2234 1914 studio
2261 1854 2599 1913 omittimus.
2685 1854 2886 1913 Adda-

482 1956 614 1995 mus
656 1936 833 1995 etiam
858 1935 1235 1995 illustrissimi
1280 1936 1430 1995 inter
1479 1934 1816 1994 Pontificios
1873 1934 2196 1995 Cardinalis
2242 1934 2480 1993 Baronii
2529 1933 2885 2011 suffragium,

482 2015 584 2093 qui
612 2016 687 2075 ad
736 2036 868 2075 ann.
900 2018 1017 2075 912
1064 2016 1265 2074 Romae
1306 2014 1664 2093 corruptelas
1711 2022 1770 2074 et
1811 2014 2012 2075 sordes
2051 2014 2331 2074 nefandas
2368 2014 2598 2075 fatetur.
2685 2018 2721 2048 ‘⁶
2745 2016 2888 2089 Quae

480 2104 607 2155 tum
648 2096 825 2155 facies
870 2096 930 2156 S.
975 2095 1254 2155 Romanae
1284 2095 1580 2171 Ecclesioe,
1625 2115 1800 2173 quam
1841 2094 2175 2171 foedissima,
2219 2114 2352 2154 cum
2381 2095 2584 2154 Romae
2629 2095 2886 2155 domina-

480 2185 679 2236 rentur
698 2177 1112 2255 potentissimae
1140 2196 1207 2235 ac
1229 2175 1640 2235 sordidissimae
1657 2176 2004 2250 meretrices,
2033 2195 2278 2253 quarum
2319 2175 2555 2235 arbitrio
2599 2184 2888 2235 mutaren-

480 2264 577 2317 tur
604 2257 789 2332 sedes,
834 2257 1107 2318 darentur
1136 2256 1427 2335 Episcopi,
1456 2264 1517 2316 et
1562 2256 1723 2333 quod
1762 2255 1965 2316 auditu
1990 2255 2342 2315 horrendum
2369 2263 2428 2315 et
2455 2254 2754 2315 infandum
2780 2264 2886 2332 est,

482 2336 913 2396 intruderentur
955 2337 1017 2395 in
1057 2336 1255 2397 sedem
1302 2336 1477 2411 Petri,
1526 2355 1723 2396 earum
1772 2336 1976 2395 amasii
2033 2335 2652 2414 Pseudo-pontifices,''
2744 2357 2892 2413 quos

477 2424 682 2493 postea
724 2426 979 2476 monstra
1016 2427 1207 2476 vocat.
1292 2416 1553 2492 Quorum
1594 2424 1848 2494 quantus
1890 2415 2064 2476 fuerit
2099 2435 2388 2491 numerus,
2417 2416 2660 2494 exponit
2711 2416 2889 2477 Gene-

478 2496 743 2571 brardus,
762 2496 901 2556 licet
916 2496 1084 2557 nobis
1100 2496 1549 2572 inimicissimus,
1568 2516 1710 2557 a.m.
1735 2498 1912 2556 4987.
1946 2499 1981 2529 ‘⁴
2001 2496 2274 2556 Seculum
2292 2495 2464 2571 hoc,’'
2484 2495 2688 2573 inquit,
2716 2498 2751 2529 “
2771 2518 2888 2555 uno

478 2575 699 2653 infelix,
732 2575 890 2653 quod
916 2597 1021 2656 per
1044 2596 1229 2637 annos
1274 2576 1393 2637 fere
1421 2584 1651 2637 eentum
1697 2576 2119 2654 quinquaginta
2161 2595 2198 2634 a
2237 2576 2280 2636 J
2283 2596 2470 2635 oanne
2507 2575 2688 2633 VIII.
2735 2576 2888 2635 Pon-

478 2656 668 2717 tifices
735 2676 773 2714 a
835 2657 1050 2717 virtute
1118 2658 1403 2731 majorum
1465 2656 1796 2732 defecerint,
1855 2656 2181 2735 apotactici,
2225 2655 2643 2734 apostaticique
2690 2657 2885 2734 potius

478 2756 651 2813 quam
716 2737 1077 2815 apostolici.”
1190 2736 1304 2813 Qui
1356 2736 1497 2796 talia
1552 2736 1732 2797 vellet
1785 2756 2024 2815 operose
2067 2755 2380 2813 congerere
2428 2756 2503 2795 ex
2557 2738 2882 2812 BernardO,

476 2818 780 2895 Siqeberto,
810 2818 1062 2895 Platina,
1092 2817 1341 2894 SiyoniO,
1384 2818 1684 2877 Fasciculo
1725 2826 2052 2895 temporum,
2088 2816 2439 2893 Usperyensi,
2474 2816 2819 2875 Theoderico
2845 2838 2886 2876 a

474 2899 663 2975 Niem,
694 2900 1033 2975 Manacarta,
1062 2898 1325 2977 aliisque,
1350 2906 1547 2975 posset
1565 2897 1774 2976 ingens
1815 2897 1950 2957 inde
1977 2897 2248 2957 volumen
2277 2896 2573 2969 conficere,
2595 2904 2654 2955 et
2683 2895 2884 2955 Romae

476 2999 613 3039 cum
657 2979 963 3057 Babylone
1012 2978 1449 3041 similitudinem
1477 2978 1925 3057 deprehendere.
2018 2977 2192 3039 Unde
2229 2977 2438 3035 mirum
2469 2976 2684 3034 nemini
2713 2976 2886 3037 debet

476 3058 681 3134 videri,
707 3060 758 3119 si
776 3060 821 3119 J
822 3080 1041 3121 oannes
1067 3059 1229 3119 illam
1256 3059 1426 3121 istius
1472 3058 1706 3118 nomine
1747 3059 2054 3137 designare
2081 3056 2347 3131 voluerit,
2378 3056 2610 3134 quando
2637 3076 2754 3115 non
2781 3077 2882 3135 po·-

476 3138 591 3197 tuit
617 3139 733 3197 alio
762 3139 1184 3215 significantius
1212 3148 1427 3200 statum
1446 3139 1577 3217 ejus
1604 3159 1673 3198 ac
1701 3139 2090 3199 conditionem
2118 3136 2286 3197 nobis
2313 3136 2656 3196 describere.

558 3216 811 3275 XVIII.
856 3218 1002 3277 Cum
1020 3238 1161 3294 ergo
1186 3238 1265 3278 ex
1290 3220 1385 3277 his
1412 3226 1654 3292 constet,
1681 3218 1926 3277 Romam
1958 3218 2318 3277 Pontificiam
2349 3236 2544 3276 veram
2573 3238 2700 3277 esse
2729 3236 2887 3294 mys-

476 3294 649 3354 ticam
681 3293 1063 3371 Babylonem,
1108 3315 1185 3355 ex
1225 3316 1342 3373 qua
1394 3296 1595 3373 egredi
1639 3316 1746 3355 nos
1780 3297 1952 3373 jubet
1981 3298 2230 3374 Spiritus
2276 3298 2538 3371 Sanctus,
2569 3317 2739 3356 nemo
2767 3317 2886 3356 non

474 3371 639 3431 videt
659 3372 1044 3449 justissimam
1072 3372 1249 3433 fuisse
1276 3382 1337 3434 et
1358 3394 1578 3434 summe
1607 3376 1992 3433 necessariam
2012 3386 2268 3435 nostram
2296 3378 2370 3436 ab
2404 3398 2472 3437 ea
2500 3377 2882 3436 secessionem

474 3460 542 3512 ut
589 3452 721 3511 voci
764 3452 985 3512 coelesti
1026 3472 1374 3529 pareremus,
1418 3460 1479 3512 et
1524 3452 1700 3511 saluti
1739 3462 1952 3513 nostrae
1993 3454 2206 3515 iremus
2247 3466 2629 3535 prospectum.
2715 3458 2886 3533 Quod

476 3532 689 3592 clarius
716 3531 953 3611 patebit,
1011 3540 1318 3611 postquam
1361 3532 1551 3590 visum
1598 3531 1790 3609 fuerit,
1821 3534 2052 3610 quinam
2107 3543 2410 3597 teneantur
2437 3538 2613 3613 exire,
2643 3548 2704 3599 et
2746 3559 2882 3615 quo-

474 3614 659 3672 modo.
748 3613 918 3672 Prius
946 3611 1136 3671 innuit
1162 3612 1207 3671 J
1210 3631 1443 3687 oannes,
1474 3630 1655 3688 quum
1685 3616 1964 3689 populum
1993 3615 2112 3673 Dei
2135 3617 2460 3695 compellat,
2491 3620 2669 3679 Exite
2695 3640 2769 3678 ex
2796 3640 2882 3695 ea,

462 3697 678 3772 popule
726 3694 819 3753 mi.
906 3692 990 3755 Ut
1017 3692 1300 3767 ostendat,
1332 3711 1449 3750 non
1477 3690 1552 3750 ad
1579 3710 1798 3768 omnes,
1842 3702 2126 3771 quotquot
2167 3696 2470 3773 Babylone
2499 3698 2727 3775 fuerint,
2758 3700 2883 3758 exi-

473 3784 597 3834 tum
626 3775 781 3834 hunc
802 3782 1077 3851 spectare,
1110 3772 1214 3832 sed
1240 3771 1315 3830 ad
1344 3790 1445 3831 eos
1464 3778 1690 3831 tantum
1718 3773 1818 3849 qui
1841 3775 2044 3849 populi
2059 3774 2179 3833 Dei
2196 3775 2476 3852 singulari
2495 3781 2885 3859 praerogativa

472 3855 776 3933 gaudent;
840 3862 906 3913 ut
948 3853 1108 3915 solus
1140 3852 1439 3911 Abraham
1476 3872 1553 3911 ex
1584 3851 1674 3911 Ur
1701 3852 2102 3913 Chaldaeorum
2143 3866 2435 3933 evocatur,
2481 3859 2641 3919 solus
2697 3861 2884 3920 Israel

472 3956 549 3995 ex
578 3936 865 4014 AEgypt0,
910 3933 1021 3993 soli
1049 3933 1092 3993 J
1096 3932 1249 3992 udaei
1276 3952 1351 3991 ex
1382 3931 1728 4009 Babylonia.
1813 3932 1978 3993 Licet
2004 3932 2158 3992 enim
2187 3954 2386 3995 omnes
2411 3939 2638 4015 possint
2683 3940 2882 4000 vocari

470 4016 721 4094 populus
751 4014 880 4090 Dei,
924 4014 1183 4091 generali
1230 4012 1706 4089 nomenclatione,
1749 4013 1970 4073 ratione
2015 4014 2437 4093 Providentiae3
2479 4026 2676 4081 tamen
2718 4021 2882 4081 stric-

470 4095 605 4155 tiori
654 4092 1074 4173 significatione
1128 4094 1381 4169 Populus
1429 4092 1548 4151 Dei
1585 4100 1830 4153 vocatur
1877 4093 2002 4155 sola
2055 4096 2313 4155 Ecclesia
2367 4098 2592 4160 ratione
2646 4100 2882 4160 foederis

472 4174 710 4248 Gratiae,
742 4174 878 4251 quia
905 4193 1036 4232 cum
1078 4192 1148 4233 ea
1188 4181 1422 4251 pactum
1464 4172 1713 4250 speciale
1755 4173 1900 4249 iniit,
1930 4173 1992 4233 in
2019 4194 2136 4253 quo
2155 4184 2401 4239 testatur
2427 4199 2490 4239 se
2517 4178 2639 4239 sore
2689 4180 2881 4239 Deum

468 4262 749 4327 nostrum,
778 4254 1037 4332 petitque
1064 4254 1322 4313 vicissim
1370 4261 1439 4313 ut
1481 4253 1663 4312 simus
1691 4254 1819 4331 ejus
1839 4256 2106 4333 populus.
2193 4258 2451 4337 Populus
2479 4280 2620 4336 ergo
2651 4258 2762 4316 Dei
2792 4258 2880 4317 di-

466 4334 634 4409 citur,
664 4354 781 4393 non
806 4334 1030 4395 ratione
1061 4334 1395 4410 Ονεαείοηίε,
1424 4333 1528 4393 sed
1556 4336 2006 4414 Redemptionis3
2035 4356 2153 4397 non
2179 4347 2442 4417 respectu
2485 4337 2877 4414 flovidmtiae,

467 4414 573 4475 sed
598 4424 863 4493 respectu
892 4416 1424 4493 Proedoetinationis,
1455 4414 1595 4493 quia
1618 4436 1656 4473 a
1685 4415 1812 4475 Deo
1853 4416 2072 4477 electus
2099 4418 2208 4477 fuit
2235 4420 2308 4478 ab
2337 4428 2568 4491 aeterne,
2593 4437 2628 4475 a
2647 4416 2879 4475 Christo

464 4496 813 4574 redemptus,
859 4516 893 4554 a
938 4496 1155 4575 Spiritu
1202 4497 1415 4556 Sancto
1455 4505 1698 4555 vocatus
1739 4496 1800 4555 in
1827 4506 2100 4575 tempore,
2131 4508 2198 4557 ut
2239 4507 2394 4557 esset
2446 4512 2570 4561 λαις
2612 4520 2880 4577 nge-vem

456 4579 707 4655 populus
728 4576 949 4653 peculii,
990 4580 1017 4635 1
1058 4577 1181 4636 Pet.
1212 4576 1271 4635 ii.
1303 4578 1359 4651 9,
1390 4584 1449 4637 et
1475 4576 1590 4635 Tit.
1620 4576 1682 4634 ii.
1711 4578 1802 4635 14.
1889 4578 1974 4637 Ut
1993 4598 2134 4637 vero
2161 4577 2472 4655 appellatio
2501 4576 2614 4636 ista
2640 4578 2874 4636 honori-

460 4658 571 4719 fica
616 4658 927 4737 beneficium
972 4676 1005 4717 a
1055 4666 1216 4735 parte
1248 4657 1357 4715 Dei
1385 4656 1559 4733 longe
1599 4657 1916 4716 maximum
1957 4658 2245 4734 importat,
2296 4656 2562 4717 nimirum
2622 4678 2876 4719 commu·
