3234 5192
326 288 558 330 mai-ur.
588 266 706 349 γι]
1057 286 1136 325 ns
1165 286 1414 343 smair-U,
1445 287 1625 345 Aous,
1658 288 1733 327 ετ
1762 288 2077 333 sanemus.
2624 278 2739 337 31⁴1

327 440 390 491 et
415 430 778 507 Afflicatim
807 426 1021 487 frustra
1047 428 1200 486 enim
1247 437 1600 505 quaereretur
1637 430 1793 489 salus
1840 430 1955 489 nisi
1998 432 2367 509 revelaretur,
2412 433 2624 493 frustra
2650 455 2737 495 re·

330 510 638 585 velaretur,
669 508 782 567 nisi
810 508 1094 585 acquisita
1121 516 1291 582 esset,
1323 518 1381 567 et
1409 508 1623 568 frustra
1646 509 1929 585 acquisita
1956 520 2125 587 esset,
2156 513 2269 571 nisi
2316 514 2737 593 applicaretur;

329 591 442 649 tria
468 591 595 649 haec
623 589 684 647 in
710 588 900 648 tribus
927 587 1056 646 istis
1083 587 1328 647 testibus
1349 588 1769 665 nanciscimur3
1804 590 2053 667 Spiritus
2080 612 2208 650 eam
2229 594 2450 652 revelat
2478 594 2539 653 in
2566 614 2741 653 evan-

327 672 500 749 gelio,
536 670 788 747 Sanguis
815 666 1061 745 acquirit
1087 668 1150 726 in
1178 687 1362 743 cruce,
1414 676 1474 729 et
1513 668 1691 747 Aqua
1718 669 1970 748 applicat
2015 670 2077 729 in
2104 673 2310 734 corde:
2356 674 2581 733 Rursus
2609 694 2739 733 cum

332 752 520 811 media
547 750 760 829 quibus
786 768 896 807 nos
926 748 1088 807 Deus
1114 748 1191 806 ad
1218 748 1422 807 salutis
1469 752 1931 809 communionem
1974 759 2164 827 vocat,
2194 752 2293 812 vel
2320 754 2436 813 sint
2480 764 2737 831 externa,

333 832 432 889 vel
459 832 702 906 interna,
732 835 792 888 et
839 828 952 887 tria
995 828 1304 905 utrobique
1358 838 1679 905 occurrant,
1730 832 2017 905 Exta-na,
2060 832 2303 891 verbum
2344 833 2565 893 scilicet
2608 854 2739 895 cum

331 911 560 971 duobus
579 908 970 985 sacramentis,
995 908 1282 985 baptismo
1311 917 1370 967 et
1400 910 1460 969 S.
1491 930 1673 985 coena,
1704 912 1957 987 Inter-na,
1984 912 2249 988 Vocatio,
2280 913 2325 972 J
2326 914 2653 991 ustificatiO,
2680 925 2739 975 et

338 990 747 1065 sanctificatio,
799 1008 904 1049 seu
951 988 1146 1063 Fides,
1198 988 1360 1066 Spes,
1409 988 1673 1049 Charitas
1696 1013 1711 1067 ς
1760 990 2019 1069 Utraque
2073 992 2264 1051 locum
2318 994 2414 1053 hic
2441 994 2739 1056 obtinent:

336 1072 488 1130 Nam
539 1070 788 1149 Spiritus
837 1068 1078 1128 verbum
1126 1068 1433 1146 evangelii,
1484 1078 1543 1129 et
1587 1070 1780 1145 fidem,
1810 1090 1941 1148 quae
1982 1070 2221 1131 effectus
2265 1082 2353 1133 est
2399 1073 2742 1135 Vocationis

331 1150 600 1227 efficacis,
631 1150 926 1227 designat3
972 1149 1149 1226 Aqua
1173 1149 1627 1226 regenerationis
1653 1149 1997 1211 beneficium
2024 1172 2156 1211 cum
2188 1153 2559 1214 Sacramento
2588 1155 2740 1233 Bap-

333 1232 494 1291 tismi
521 1231 668 1289 bene
695 1236 984 1305 connotat,
1015 1229 1118 1306 qui
1143 1227 1274 1288 ideo
1301 1228 1596 1289 lavacrum
1620 1231 2060 1308 regenerationis
2101 1240 2360 1310 vocatur,
2411 1234 2527 1294 Tit.
2556 1235 2637 1293 iii.
2668 1240 2703 1293 5
2726 1258 2740 1311 3

333 1320 396 1371 et
427 1310 676 1386 Sanguis
704 1311 747 1370 J
750 1308 1192 1369 ustificationem
1218 1318 1277 1369 et
1303 1309 1699 1370 remissionem
1742 1318 2105 1388 peccatorum
2152 1312 2319 1373 nobis
2359 1314 2421 1371 in
2448 1334 2614 1373 coena
2640 1316 2743 1373 ob-

339 1390 626 1467 signatam
655 1410 786 1448 cum
813 1408 914 1467 spe
941 1390 1080 1449 vitae
1127 1398 1356 1449 mternae
1397 1390 1684 1452 includit:
1730 1392 1815 1451 Ut
1860 1392 2014 1451 enim
2042 1393 2281 1470 sanguis
2313 1394 2414 1471 qui
2460 1395 2629 1453 nobis
2656 1394 2743 1453 bi-

337 1469 564 1529 bendus
591 1470 927 1548 proponitur
952 1470 1014 1528 in
1042 1490 1223 1545 coena,
1274 1468 1492 1530 effusus
1526 1480 1616 1531 est
1664 1469 1724 1528 in
1763 1472 2159 1531 remissionem
2205 1482 2605 1551 peccatorum3
2653 1476 2745 1533 Ita

339 1550 806 1611 commemoratio
846 1550 1048 1609 mortis
1094 1550 1308 1609 Christi
1349 1550 1591 1628 jubetur
1632 1550 1759 1609 fieri
1801 1552 1863 1609 in
1912 1570 2073 1630 spem
2119 1552 2257 1613 vitae
2287 1562 2531 1630 aeternae,
2562 1554 2746 1613 donec

337 1630 536 1689 veniat
565 1630 850 1690 Dominus
879 1630 1124 1690 salutem
1159 1640 1417 1690 nostram
1465 1640 1981 1691 consummaturus.
2066 1632 2203 1693 Huc
2244 1634 2477 1693 videtur
2511 1654 2746 1713 respex-

339 1712 456 1769 isse
484 1711 726 1771 Tertull.
755 1710 858 1769 lib.
888 1710 962 1769 de
991 1710 1214 1789 Baptis.
1243 1730 1368 1789 cap.
1403 1714 1511 1789 163
1547 1714 1582 1744 ‘⁶
1607 1710 1865 1771 Venerat
1893 1712 2275 1791 Christusper
2302 1734 2510 1793 aquam
2528 1724 2587 1774 et
2614 1734 2745 1773 san-

343 1791 598 1868 guinem,
627 1799 694 1850 ut
720 1810 871 1868 aqua
896 1790 1216 1869 tingeretur
1242 1799 1302 1849 et
1330 1790 1611 1869 sanguine
1640 1791 2073 1870 glorificaretur,
2104 1794 2345 1871 proinde
2370 1806 2437 1855 ut
2464 1814 2571 1855 nos
2598 1794 2749 1854 face·

341 1880 430 1931 ret
457 1892 609 1951 aqua
634 1880 891 1945 vocatos,
923 1870 1204 1948 sanguine
1225 1871 1456 1947 electos,
1482 1872 1589 1930 hos
1617 1872 1766 1931 duos
1795 1872 2127 1951 Baptismos
2146 1874 2221 1933 de
2241 1874 2479 1933 vulnere
2506 1874 2751 1952 perfossi

338 1952 538 2011 lateris
564 1950 772 2026 emisit,
795 1950 934 2026 quia
959 1950 1062 2026 qui
1109 1950 1169 2007 in
1197 1952 1536 2028 sanguinem
1565 1952 1693 2029 ejus
1729 1952 2044 2029 crederent,
2075 1972 2225 2030 aqua
2272 1954 2619 2029 lavarentur,
2651 1953 2751 2032 qui

339 2052 494 2108 aqua
545 2050 608 2091 se
635 2030 932 2105 lavissent,
961 2030 1136 2088 etiam
1185 2030 1522 2107 sanguinem
1551 2034 1876 2109 potarent.'¹
1961 2034 2083 2093 Nec
2105 2034 2272 2093 aliter
2298 2034 2465 2094 Beda
2509 2035 2754 2097 in.hunc

341 2112 574 2186 locum3
622 2114 657 2145 ‘⁴
675 2108 858 2168 Venit
883 2129 986 2187 per
1013 2128 1222 2187 aquam
1241 2118 1302 2169 et
1329 2111 1687 2189 sanguinem,
1718 2132 1927 2191 aquam
1955 2113 2229 2173 videlicet
2266 2114 2503 2189 lavacri,
2535 2122 2593 2173 et
2621 2134 2751 2173 san-

338 2190 576 2268 guinem
592 2188 878 2267 passionis
907 2210 1052 2265 suse3
1077 2188 1210 2249 Non
1231 2189 1417 2249 solum
1437 2190 1717 2271 baptizari
1736 2202 1970 2271 propter
1984 2202 2238 2253 nostram
2256 2194 2608 2253 ablutionem
2628 2194 2755 2271 dig·

339 2278 512 2329 natus
539 2278 646 2345 est,
675 2275 742 2328 ut
767 2270 937 2329 nobis
965 2269 1252 2347 Baptismi
1297 2270 1729 2332 Sacramentum
1772 2282 2133 2333 consecraret
2158 2284 2217 2334 et
2244 2274 2511 2351 traderet,
2552 2294 2756 2333 verum

341 2351 518 2411 etiam
541 2349 880 2427 sanguinem
902 2370 1070 2410 suum
1093 2350 1253 2411 dedit
1271 2370 1378 2429 pro
1397 2351 1584 2427 nobis,
1609 2372 1717 2411 sua
1736 2372 1843 2413 nos
1862 2354 2131 2432 passione
2152 2354 2457 2429 redimens,
2482 2355 2649 2432 cujus
2666 2374 2757 2413 sa·

345 2432 654 2490 crementis
663 2450 889 2509 semper
899 2430 1098 2491 refecti
1105 2432 1454 2492 nutriremur
1464 2430 1540 2491 ad
1549 2432 1855 2509 salutem‚”
1869 2434 2025 2512 quod
2036 2436 2252 2495 Glossa
2264 2436 2517 2495 interlin.
2530 2435 2756 2514 repetit.

431 2511 614 2571 XIV.
659 2510 924 2589 Denique
942 2512 1038 2573 hic
1059 2512 1232 2572 etiam
1253 2512 1457 2572 relatio
1477 2514 1730 2572 occurrit
1755 2514 1831 2573 ad
1883 2534 2063 2591 qiu-as
2084 2515 2161 2574 V.
2192 2516 2261 2574 Τ.
2304 2516 2443 2575 Tria
2462 2516 2615 2575 enim
2636 2534 2756 2593 prae

347 2592 572 2652 caeteris
599 2592 708 2651 sub
736 2593 868 2671 lege
915 2593 1312 2651 memorabilia
1337 2592 1514 2665 fuere,
1545 2593 1759 2669 quibus
1798 2613 1835 2652 a
1874 2594 2265 2669 solvebantur,
2296 2614 2654 2673 quaecunque
2684 2596 2760 2653 ad

346 2673 718 2732 caeremonias
738 2672 1129 2749 pertinebant:
1163 2676 1238 2747 10,
1286 2672 1536 2748 Spiritus
1566 2671 1895 2748 Prophetiae
1922 2692 2039 2749 quo
2066 2673 2388 2749 agebantur
2413 2674 2525 2732 viri
2550 2674 2663 2732 Dei
2682 2674 2759 2731 ad

350 2752 665 2812 revelanda
685 2750 888 2811 salutis
907 2751 1200 2828 mysteria..
1241 2751 1322 2826 2⁰,
1355 2750 1551 2826 Aqua,
1583 2768 1701 2826 qua
1719 2750 2046 2811 ablutiones
2074 2770 2275 2809 omnes
2302 2760 2361 2811 et
2386 2751 2761 2811 lustrationes

351 2830 781 2891 caeremoniales
809 2830 1250 2907 peragebantur.
1294 2833 1374 2903 3⁰,
1410 2828 1663 2905 Sanguis
1698 2828 2083 2905 victimarum,
2133 2849 2250 2906 quo
2296 2836 2535 2906 peccata
2561 2831 2761 2906 expia-

351 2911 581 2968 bantur.
625 2910 670 2968 J
673 2928 766 2966 am
805 2928 878 2967 ne
906 2908 1049 2984 quid
1075 2909 1138 2965 in
1166 2909 1239 2967 N.
1269 2909 1338 2967 Τ.
1367 2907 1743 2982 desideretur,
1772 2908 1885 2965 tria
1921 2908 2107 2968 voluit
2136 2908 2299 2966 Deus
2340 2907 2627 2981 fidelibus,
2660 2908 2764 2967 sed

352 2988 528 3065 longe
555 2987 984 3061 excellentiora,
1035 2986 1172 3045 dare
1197 3009 1212 3047 e
1269 2990 1346 3061 10,
1401 2986 1681 3063 Spiritum
1724 2987 1987 3046 veritatis
2034 2987 2346 3063 doctorem,
2396 2987 2499 3063 qui
2546 2987 2763 3047 effundi

353 3068 555 3128 debuit
580 3086 698 3125 non
725 3067 786 3125 in
813 3085 1045 3145 paucos,
1077 3066 1182 3125 sed
1207 3065 1707 3124 indiscriminatim
1733 3066 1795 3124 in
1823 3086 2051 3126 omnem
2096 3086 2342 3144 carnem,
2374 3086 2491 3146 quo
2516 3068 2761 3146 prophe-

353 3148 530 3210 taturi
578 3156 744 3207 erant
766 3144 987 3220 fideles,
1019 3153 1077 3205 et
1103 3146 1360 3205 visiones
1385 3144 1587 3220 visuri,
1639 3145 1683 3205 J
1686 3145 1795 3206 oel.
1824 3145 1885 3207 ii.
1930 3148 2027 3224 28,
2058 3146 2121 3207 id
2168 3156 2257 3207 est
2297 3148 2490 3226 ampla
2516 3156 2575 3207 et
2600 3148 2763 3209 lucu-

353 3230 513 3289 lenta
543 3228 652 3287 Dei
681 3226 889 3287 notitia
915 3224 1160 3302 fruituri,
1191 3226 1276 3285 sic
1303 3225 1456 3285 enim
1483 3225 1761 3303 mysteria
1808 3228 2147 3306 evangelica
2174 3228 2434 3288 terminis
2478 3228 2767 3307 legalibus

355 3330 474 3369 non
499 3328 630 3369 raro
659 3308 850 3368 solent
877 3306 1150 3383 exprimi3
1195 3311 1276 3383 20,
1308 3307 1557 3385 Aquam,
1589 3326 1721 3384 quae
1768 3306 1829 3367 in
1876 3308 2149 3387 baptismi
2198 3328 2361 3369 sacro
2410 3308 2569 3370 fonte
2596 3311 2766 3370 nobis

357 3390 676 3451 affunditur
693 3389 769 3448 ad
791 3385 1046 3447 sordium
1068 3395 1392 3447 nostrarum
1412 3386 1765 3446 ablutionem
1786 3410 1800 3461 3
1834 3396 1892 3449 et
1918 3392 2000 3465 3⁰,
2034 3390 2407 3467 Sanguinem,
2438 3410 2555 3451 non
2582 3396 2767 3463 ἄλογοι

357 3480 420 3530 et
443 3476 734 3529 mortuum
761 3469 1080 3543 brutorum,
1113 3468 1217 3527 sed
1242 3468 1444 3527 vivum
1473 3476 1533 3527 et
1559 3472 1758 3537 λομιὶι
1786 3468 1960 3546 illius,
1992 3470 2091 3547 qui
2118 3490 2224 3548 per
2276 3471 2551 3549 Spiritum
2602 3480 2763 3531 aeter-

357 3570 498 3609 num
527 3568 588 3607 se
617 3546 972 3625 inculpatum
1003 3547 1131 3606 Deo
1158 3548 1386 3623 obtulit,
1419 3547 1574 3607 Heb.
1603 3548 1685 3607 ix.
1720 3551 1813 3607 14.

441 3628 588 3688 XV.
633 3627 854 3704 Quibus
871 3626 954 3686 ita
967 3628 1283 3705 praelibatis
1300 3628 1373 3687 de
1391 3628 1637 3688 testibus
1656 3628 1786 3687 istis
1803 3628 1977 3689 simul
1994 3629 2255 3707 sumptis,
2276 3629 2545 3689 distincte
2554 3630 2675 3706 jam
2697 3629 2769 3688 de

360 3708 448 3767 sin
453 3708 608 3785 gulis
629 3708 935 3786 agendum,
961 3716 1019 3767 et
1039 3728 1236 3768 eorum
1251 3707 1600 3768 testimonio.
1626 3708 1855 3768 Primus
1872 3708 2121 3769 occurrit
2140 3709 2405 3787 Spiritus,
2424 3708 2525 3785 qui
2543 3708 2636 3767 hic
2654 3728 2769 3767 non

359 3786 610 3862 οὖσεαδῧς,
639 3788 736 3847 vel
761 3792 1100 3853 ὑποστατικὸς
1129 3808 1232 3866 pro
1255 3788 1476 3848 Natura
1494 3788 1729 3864 Divina,
1752 3788 1963 3867 velpro
1984 3808 2231 3867 persona
2254 3788 2503 3866 Spiritus
2524 3788 2583 3847 S.
2602 3788 2764 3847 intel·

359 3869 632 3945 ligendus
652 3876 757 3941 est,
781 3889 910 3947 quse
923 3871 1046 3947 jam
1069 3870 1130 3926 in
1149 3888 1388 3928 numero
1408 3868 1645 3928 testium
1666 3870 1985 3929 coelestium
2007 3869 2259 3947 reposita
2278 3867 2491 3943 fuerat3
2526 3866 2627 3927 sed
2657 3868 2772 3949 ing·

359 3953 570 4021 quma&
599 3957 658 4009 et
685 3948 948 4009 effective
974 3958 1240 4026 respectu
1266 3949 1565 4022 donorum,
1594 3968 1715 4007 non
1750 3949 1985 4027 quidem
2013 3948 2206 4026 quoad
2233 3947 2386 4007 dona
2431 3946 2777 4007 miraculosa

361 4038 422 4089 et
449 4029 918 4105 extraordinaria,
949 4050 1054 4108 per
1081 4029 1206 4087 haec
1233 4029 1386 4087 enim
1415 4026 1697 4105 Spiritum
1722 4036 1997 4088 testatum
2034 4028 2213 4087 fuisse
2243 4028 2473 4087 coelitus
2500 4026 2772 4103 diximus,

369 4110 488 4169 Sed
515 4108 710 4187 quoad
735 4109 888 4169 dona
915 4108 1204 4168 ordinaria
1233 4108 1480 4185 singulis
1505 4107 1777 4167 fidelibus
1803 4108 2147 4181 communia,
2184 4126 2313 4185 quae
2342 4115 2465 4167 tum
2494 4108 2775 4166 extrinse-

363 4210 468 4249 cus
495 4198 696 4269 patent
723 4190 786 4247 in
813 4188 1106 4265 evangelii
1131 4188 1329 4263 verbe,
1361 4197 1486 4247 tum
1511 4187 1865 4247 intrinsecus
1906 4189 2091 4247 latent
2137 4186 2199 4245 in
2226 4187 2379 4245 dono
2422 4186 2577 4262 fidei,
2620 4196 2680 4245 et
2708 4187 2777 4245 il·

363 4269 764 4331 luminationis
813 4269 1020 4346 gratia.
1103 4267 1238 4326 Hoc
1265 4268 1418 4325 enim
1466 4266 1862 4326 testimonium
1905 4266 2199 4343 designari
2246 4265 2427 4325 verba
2480 4266 2780 4343 sequentia

364 4370 488 4409 ver.
523 4353 616 4423 10,
647 4350 875 4422 docent,
909 4350 946 4381 “
971 4346 1084 4422 Qui
1111 4344 1295 4405 credit
1321 4346 1383 4403 in
1412 4346 1629 4404 Filium
1660 4345 1789 4419 Dei,
1820 4345 1997 4406 habet
2022 4346 2415 4405 testimonium
2436 4344 2499 4405 in
2527 4346 2777 4427 seips0,’'

365 4438 427 4488 et
453 4450 578 4489 ver.
611 4432 704 4505 11,
752 4431 789 4463 “
815 4428 946 4486 Hoc
975 4433 1066 4485 est
1091 4425 1502 4497 testimonium,
1523 4424 1681 4501 quod
1709 4425 1887 4483 vitam
1918 4432 2191 4485 aeternam
2213 4426 2374 4486 dedit
2398 4426 2568 4487 nobis
2598 4428 2777 4501 Deus,

369 4517 432 4569 et
457 4510 582 4570 vita
607 4510 734 4569 haec
761 4516 850 4568 est
877 4508 939 4566 in
966 4506 1181 4565 Filio.'’
1265 4506 1362 4563 Ex
1390 4504 1602 4583 quibus
1629 4513 1857 4565 constat
1892 4505 2285 4566 testimonium
2330 4507 2443 4567 hoc
2470 4508 2784 4568 consistere

371 4589 582 4666 partim
611 4590 672 4647 in
701 4589 880 4648 verbo
909 4586 1216 4663 evangelii,
1247 4605 1364 4664 quo
1391 4584 1667 4645 docemur
1714 4586 1893 4645 vitam
1940 4594 2209 4647 aeternam
2240 4607 2275 4646 a
2304 4588 2431 4647 Deo
2458 4588 2627 4647 nobis
2653 4608 2783 4667 pro·
