3234 5192
329 406 563 451 msrur.
597 396 687 470 11.]
891 412 966 453 m:
998 412 1343 455 semp-ruam.
1374 410 1575 453 saenis
1605 408 2058 453 Auruomnrr..
2624 391 2740 449 245

333 550 470 608 hinc
499 554 800 627 Chrysost.
831 556 892 614 in
921 558 979 613 h.
1009 556 1050 613 1.
1081 554 1434 613 sententiam
1465 554 1817 612 invertendo
1846 552 2009 624 dicit,
2056 550 2372 611 Veritatem
2401 572 2517 611 esse
2558 549 2736 610 πὺλον

328 636 410 695 r&
463 630 802 703 'Muciam
868 635 1083 693 Irenae.
1139 634 1240 691 lib.
1292 632 1373 690 iii.
1432 652 1558 708 cap.
1631 632 1723 702 11,
1783 635 1817 665 “
1840 630 2137 691 Columna
2188 638 2249 688 et
2293 632 2736 689 firmamentum

331 710 610 769 Ecclesiae
652 720 743 769 est
773 712 1171 789 Evangelium
1199 720 1260 770 et
1295 712 1554 787 Spiritus
1583 712 1781 769 vitae.”
1868 710 1948 769 Et
1987 728 2058 767 eo
2099 708 2303 768 referri
2346 715 2543 784 potest
2570 710 2733 785 quod

329 788 742 851 Theodoretus
783 810 900 849 non
943 794 1101 850 male
1129 793 1471 849 columnam
1502 788 1791 848 Veritatis
1819 788 1976 849 sumi
2002 790 2153 860 vult,
2199 807 2319 845 non
2347 790 2543 859 active,
2593 788 2737 863 quia

331 868 644 927 veritatem
691 872 961 942 sustinet,
1013 871 1115 927 sed
1158 870 1406 946 passive,
1453 868 1597 944 quia
1644 887 1682 926 a
1722 869 1972 926 veritate
2019 867 2361 943 sustinetur,
2393 874 2462 924 ut
2493 866 2737 925 Veritas

333 954 500 1005 notet
526 966 786 1019 causam,
819 948 1118 1009 Columna
1144 967 1285 1007 vero
1314 950 1608 1005 effectum.
1696 946 1834 1014 Quo
1852 966 2029 1005 sensu
2058 942 2385 1019 Dionysius
2409 945 2739 1022 Episcopus

332 1026 786 1084 Alexandrinus
815 1028 978 1103 apud
1010 1027 1231 1086 Euseb.
1261 1027 1364 1085 lib.
1395 1026 1472 1083 vi.
1503 1025 1639 1082 hist.
1670 1044 1795 1101 cap.
1826 1026 1924 1096 41,
1952 1031 2127 1083 vocat
2152 1024 2453 1098 Martyres
2482 1031 2517 1059 “
2538 1026 2741 1081 firmas

334 1112 394 1161 et
428 1106 630 1163 beatas
659 1105 966 1164 columnas
1013 1106 1318 1175 Domini‚”
1348 1122 1467 1162 non
1497 1122 1632 1179 quae
1682 1102 2013 1162 Dominum
2050 1103 2493 1174 confirmarint;
2537 1101 2737 1170 Absit,

336 1184 439 1240 sed
469 1202 604 1257 quae
633 1203 672 1241 a
701 1183 936 1242 Clu-isto
983 1183 1069 1242 ita
1113 1186 1360 1243 finnatae
1407 1184 1543 1252 sint,
1573 1188 1645 1240 ut
1690 1190 2032 1241 constanter
2078 1182 2403 1239 restiterint
2430 1200 2617 1257 usque
2659 1182 2739 1238 ad

338 1262 711 1335 sanguinem,
739 1270 798 1320 et
825 1264 1010 1321 vitam
1037 1262 1252 1337 potius,
1281 1280 1462 1339 quam
1500 1262 1683 1317 fidem
1710 1262 1965 1338 abjicere
1989 1260 2324 1319 maluerint.
2392 1260 2491 1319 Sic
2486 1259 2739 1395 d[umala-

341 1350 592 1398 mentum
645 1338 780 1411 Dei,
810 1342 846 1397 2
875 1341 1023 1398 Tim.
1068 1342 1126 1400 ii.
1176 1342 1267 1412 19,
1295 1341 1530 1410 dicitur,
1560 1358 1680 1397 non
1710 1359 1832 1415 quo
1883 1341 2047 1398 Deus
2084 1338 2393 1410 fundatur,
2424 1358 2485 1397 se
2574 1338 2737 1413 quod

343 1419 510 1477 Deus
535 1417 814 1477 fundavit
854 1426 914 1476 et
938 1420 1156 1495 posuit.
1241 1420 1340 1478 Ita
1381 1422 1635 1500 κλέμμα
1659 1426 1747 1479 τοῦ
1764 1424 1899 1491 sut,
1942 1418 2097 1493 Eph.
2146 1416 2229 1473 iii.
2277 1417 2367 1488 19,
2412 1434 2533 1474 non
2576 1417 2738 1491 quod

344 1498 542 1555 Deum
569 1498 842 1572 complet,
887 1500 989 1555 sed
1017 1500 1178 1575 quod
1209 1518 1246 1557 a
1285 1498 1416 1557 Deo
1445 1500 1796 1573 completur.
1882 1498 2063 1557 Unde
2094 1494 2463 1555 contarenus
2489 1494 2549 1551 in
2594 1496 2653 1552 h.
2696 1494 2737 1551 1.

343 1584 378 1610 “
398 1575 462 1633 Ν
466 1594 544 1632 on
573 1574 793 1633 dicitur
823 1576 1136 1648 Columna,
1159 1580 1322 1653 quod
1354 1576 1620 1637 Ecclesia
1647 1579 1843 1636 firmet
1868 1583 1929 1637 et
1956 1574 2246 1633 sustineat
2272 1573 2602 1645 veritatem,
2637 1573 2740 1631 sed

343 1654 487 1731 quia
512 1654 784 1711 firmatur
816 1674 854 1713 a
880 1656 1145 1715 veritate.

423 1731 670 1792 XXVI.
717 1732 996 1805 Secundo,
1027 1736 1221 1794 Aliud
1249 1743 1340 1795 est
1365 1756 1492 1796 esse
1519 1736 1699 1797 στῦλον
1724 1726 1814 1797 ia}
1851 1736 2098 1819 ἰδςοιίυμι
2138 1740 2221 1800 τῖς
2262 1734 2502 1811 bannim,
2549 1732 2743 1790 AliUd

341 1831 482 1870 vero
503 1812 727 1886 θαμίλιου
767 1831 872 1870 seu
885 1813 1364 1891 fundamentum.
1451 1816 1720 1877 Ecclesia
1747 1818 1990 1895 quidem
2019 1817 2184 1893 prius
2212 1816 2449 1887 dicitur,
2478 1813 2580 1872 sed
2621 1828 2743 1868 non

343 1891 657 1965 posterius,
695 1891 840 1967 quia
885 1910 1008 1949 non
1058 1902 1352 1953 sustentat
1398 1898 1726 1973 veritatem,
1758 1899 1861 1955 sed
1910 1896 2039 1971 ipsa
2064 1914 2103 1952 a
2140 1895 2409 1953 Veritate
2457 1900 2745 1965 tanquam

343 1969 735 2029 fundamento
763 1976 1156 2031 sustentatur.
1235 1973 1400 2032 Hinc
1442 1973 1691 2047 Paulus,
1723 1977 1754 2034 1
1790 1976 1924 2036 Cor.
1956 1975 2037 2032 iii.
2071 1974 2165 2044 11,
2196 1980 2231 2007 “
2256 1972 2743 2031 Fundamentum

343 2048 510 2105 aliud
539 2067 714 2108 nemo
741 2066 962 2125 ponere
989 2060 1200 2125 potest,
1229 2059 1446 2127 praeter
1491 2053 1555 2110 id
1584 2056 1749 2129 quod
1790 2054 2053 2131 positum
2082 2059 2189 2124 est,
2218 2052 2380 2127 quod
2428 2058 2518 2109 est
2552 2046 2746 2107 Claris-

347 2136 432 2185 tus
461 2126 714 2194 Jesus‚·”
757 2133 818 2185 et
843 2128 988 2185 alibi
1017 2138 1266 2189 vocatur
1293 2130 1443 2206 lapis
1471 2132 1645 2191 vivus
1670 2141 1733 2191 et
1770 2131 2095 2207 angularis,
2124 2130 2219 2188 cui
2251 2128 2528 2189 Ecclesiae
2556 2146 2745 2184 mem-

345 2207 456 2263 bra
481 2206 650 2264 velut
675 2205 926 2265 totidem
952 2208 1182 2283 lapides
1211 2208 1333 2266 vivi
1354 2210 1573 2269 debent
1599 2210 1946 2287 superstrui,
1972 2211 2003 2268 1
2038 2208 2165 2269 Pet.
2194 2209 2256 2266 ii.
2286 2208 2343 2281 7,
2374 2206 2526 2283 Eph.
2559 2206 2618 2265 ii.
2649 2205 2743 2263 20.

355 2283 537 2342 Unde
581 2284 793 2343 Irenae.
840 2284 945 2343 lib.
997 2288 1077 2347 iii.
1109 2289 1275 2362 chap.
1310 2288 1362 2358 1,
1395 2296 1430 2322 ‘⁶
1455 2288 1688 2365 Scripta
1717 2291 2153 2366 Apostolorum
2182 2288 2646 2345 fundamentum
2687 2288 2748 2341 et

346 2364 690 2421 columnam
713 2363 912 2433 fidci‚’'
943 2375 1130 2425 vocat.
1165 2366 1246 2425 Et
1265 2366 1450 2439 Beda,
1480 2369 1584 2426 lib.
1615 2368 1654 2427 i.
1694 2369 1757 2426 in
1784 2369 1827 2427 J
1832 2371 1928 2426 oh.
1958 2370 2127 2443 chap.
2158 2366 2281 2437 xii„
2313 2373 2348 2400 ‘⁴
2368 2364 2749 2423 Fundamen-

347 2442 535 2515 tum,”
564 2441 776 2519 inquit,
807 2450 842 2476 “
869 2442 1150 2503 Ecclesiae
1179 2446 1355 2505 estin
1384 2446 1686 2507 soliditate
1712 2448 1850 2505 fidei
1870 2447 2307 2525 Apostolorum
2334 2452 2394 2502 et
2424 2442 2749 2519 Propheta-

347 2540 495 2579 rum.
579 2520 802 2592 Tertio,
835 2520 1118 2598 Elogium
1162 2526 1457 2583 columnae
1500 2534 1562 2583 et
1607 2526 1967 2585 firmamenti
1995 2524 2317 2595 veritatiS‚”
2366 2542 2490 2581 non
2517 2540 2749 2598 semper

347 2600 632 2675 importat
657 2599 1150 2660 infallibilitatem
1178 2605 1274 2661 vel
1302 2605 1728 2663 authoritatem
1756 2606 1939 2675 illius,
1969 2604 2067 2663 cui
2106 2602 2428 2673 tribuitur3
2473 2602 2558 2659 sic
2584 2600 2748 2677 apud

352 2678 570 2737 Euseb.
598 2679 736 2737 hist.
763 2678 869 2737 lib.
899 2696 955 2739 v.
984 2700 1032 2739 c.
1067 2682 1118 2752 1,
1151 2682 1386 2741 Fideles
1414 2682 1851 2759 Lugdunenses
1880 2683 2089 2741 dicunt
2115 2684 2191 2739 de
2220 2681 2436 2739 Attalo
2456 2680 2748 2753 Martyre,

351 2757 513 2833 quod
540 2756 724 2816 fuerit
751 2764 787 2791 “
810 2758 1093 2819 columna
1119 2769 1178 2819 et
1204 2762 1649 2819 firmamentum
1674 2761 2143 2831 Ecclesiarum;’'
2172 2759 2255 2817 sic
2283 2758 2544 2816 Basilius
2564 2758 2628 2813 in
2654 2776 2747 2831 ep.

347 2836 444 2908 70,
490 2833 813 2894 Primarios
853 2836 1176 2914 Episcopos
1226 2841 1610 2911 orthodoxos,
1642 2841 1745 2915 qui
1798 2840 2091 2898 Arianam
2137 2837 2413 2896 haeresim
2440 2854 2519 2911 op
2561 2853 2751 2909 ugna-

350 2916 496 2973 bant
537 2916 847 2974 columnas
888 2924 947 2973 et
987 2918 1460 2976 stabilimentum
1497 2919 1763 2976 veritatis
1794 2926 2001 2988 vocat;
2044 2920 2088 2974 οἱ
2104 2916 2275 2976 πῦλοι
2303 2920 2394 2973 καὶ
2419 2941 2476 2973 το
2506 2919 2519 2937 ‘
2552 2916 2751 2995 ςαίυμι

354 3000 442 3057 εἷς
483 2996 708 3058 ἀληθείας
741 2996 790 3054 ἓν
832 2992 1102 3077 Busan-0303,
1144 3004 1205 3054 et
1255 2996 1584 3071 Gregorius
1631 2996 1692 3055 N
1698 2998 1889 3055 azian.
1944 2998 2149 3054 eodem
2207 2994 2449 3053 nomine
2506 2994 2755 3069 insignit

357 3072 760 3130 Athanasium
782 3074 1096 3147 Basilium,
1125 3084 1186 3132 et
1207 3074 1554 3146 Eusebium,
1577 3082 1721 3133 tom.
1744 3075 1781 3133 i.
1806 3096 1863 3151 p.
1893 3074 2027 3133 389.
2092 3074 2291 3133 Nemo
2312 3081 2509 3131 tamen
2533 3072 2755 3131 dixerit

355 3170 458 3209 eos
487 3151 668 3209 talem
686 3154 1108 3213 authoritatem
1130 3153 1472 3212 conciliasse
1493 3153 1733 3211 veritati
1752 3152 2152 3229 Evangelicae,
2170 3160 2240 3211 ut
2262 3154 2336 3211 ab
2358 3171 2566 3210 eorum
2588 3152 2751 3211 testi-

355 3229 560 3287 monio
571 3232 941 3306 pependerit3
968 3234 1084 3292 Sed
1105 3236 1218 3291 hoc
1229 3238 1464 3290 tantum
1479 3232 1801 3290 voluerunt
1820 3232 2147 3309 Scriptores
2164 3232 2355 3309 prisci,
2368 3232 2617 3291 eximios
2635 3231 2753 3291 Dei

357 3326 558 3367 servos
597 3308 796 3381 fuisse,
825 3313 929 3386 qui
960 3311 1274 3386 Evangelii
1297 3312 1649 3383 doctrinam,
1678 3330 1801 3370 non
1830 3320 2067 3371 tantum
2094 3332 2213 3383 ore,
2243 3313 2345 3369 sed
2374 3318 2437 3370 et
2462 3312 2753 3387 sanguine

355 3388 485 3464 ipso
528 3394 870 3447 constanter
915 3391 1334 3466 praedicarunt.
1438 3390 1500 3448 N
1505 3410 1572 3448 ec
1626 3390 1745 3449 alio
1794 3410 1972 3451 sensu
2012 3392 2221 3451 victori
2266 3390 2537 3451 Christus
2578 3392 2754 3468 polli-

356 3474 538 3537 cetur,
568 3466 761 3542 Apoc.
793 3467 876 3524 iii.
925 3468 1016 3539 12,
1063 3470 1228 3544 quod
1255 3470 1498 3528 futurus
1546 3469 1623 3527 sit
1650 3468 1833 3537 πῦλος
1862 3472 1924 3528 in
1967 3471 2163 3530 Domo
2211 3469 2343 3541 Dei,
2386 3472 2485 3529 eui
2550 3471 2751 3530 inscri-

355 3546 622 3603 bendum
649 3544 725 3603 sit
751 3564 971 3604 nomen
1001 3546 1133 3617 Dei,
1167 3546 1403 3621 Christi,
1432 3555 1493 3606 et
1521 3548 1797 3609 Civitatis
1838 3549 1971 3621 Dei,
2000 3552 2082 3609 ad
2120 3550 2669 3608 immutabilitatem
2696 3559 2757 3609 et

356 3624 748 3682 constantiam
795 3624 1096 3683 felicitatis
1141 3628 1591 3701 designandam,
1622 3647 1757 3703 quae
1786 3630 1870 3687 sic
1905 3630 2261 3705 respondeat
2307 3626 2655 3685 constantiae
2696 3635 2759 3686 et

355 3701 629 3759 fidelitati
656 3703 938 3778 ipsorum.
1002 3703 1093 3762 Ut
1118 3706 1276 3763 enim
1304 3706 1415 3782 ipsi
1451 3707 1640 3763 firmae
1668 3706 1909 3767 fuerant
1935 3710 2230 3765 columnae
2260 3708 2321 3764 in
2350 3712 2526 3775 terra,
2554 3706 2633 3762 ad
2660 3712 2759 3763 tu·

357 3782 572 3838 endam
613 3782 923 3840 veritatem
971 3790 1180 3841 contra
1221 3784 1422 3842 omnia
1468 3784 1867 3844 tentationum
1907 3805 2143 3861 genera,
2192 3788 2280 3843 ita
2318 3784 2615 3841 columnae
2664 3784 2760 3840 fu-

359 3866 512 3915 turae
541 3868 681 3917 sunt
707 3861 767 3917 in
798 3862 960 3920 coelis
988 3862 1230 3922 stabiles
1251 3870 1310 3921 et
1335 3863 1599 3921 immotae
1622 3864 1698 3920 ad
1719 3864 2071 3923 fruitionem
2094 3862 2413 3922 felicitatis.
2476 3860 2593 3931 Ita,
2620 3862 2755 3920 Gal.

359 3936 421 3992 ii.
451 3934 506 4005 9,
552 3934 764 3996 Petrus
810 3947 871 3998 et
910 3940 953 3999 J
956 3942 1180 4001 acobus
1223 3946 1518 4001 vocantur
1558 3940 1751 4016 στῦλοι,
1780 3944 1924 4019 quia
1950 3942 2233 4019 primaria
2274 3938 2553 3999 Ecclesiae
2594 3941 2757 3999 colu-

363 4014 529 4070 mina
555 4014 951 4079 videbantur:
997 4020 1134 4078 Imo
1161 4028 1222 4079 et
1263 4021 1425 4097 apud
1459 4048 1570 4089 τους
1599 4024 1685 4095 ἔξω
1724 4025 1934 4081 eadem
1976 4020 2305 4079 similitudo
2331 4036 2454 4075 non
2498 4036 2635 4078 raro
2663 4036 2760 4076 oc-

363 4091 551 4151 currit
560 4114 577 4163 ;
623 4092 719 4153 Sic
745 4094 806 4151 in
836 4096 1167 4173 Republica
1196 4099 1412 4175 integri
1441 4108 1500 4159 et
1528 4102 1858 4178 incorrupti
1886 4099 1929 4157 J
1932 4102 2135 4157 udices
2162 4102 2453 4156 vocantur
2480 4098 2761 4157 columina

361 4178 422 4228 et
434 4172 815 4248 firmamenta
832 4176 1104 4251 justitiae,
1137 4178 1270 4237 Viri
1313 4179 1533 4255 pietate
1561 4181 1843 4255 insignes,
1872 4179 2149 4239 columnae
2191 4184 2253 4233 et
2295 4174 2401 4233 lux
2426 4176 2634 4234 mundi
2672 4176 2761 4235 di-

359 4258 596 4321 cuntur,
627 4258 687 4310 et
713 4256 874 4328 apud
904 4254 1253 4331 Euripidem
1283 4254 1458 4323 παῖδας
1500 4258 1687 4339 ileum
1729 4266 2021 4317 vocantur
2050 4255 2187 4315 dnm
2228 4252 2422 4324 στῦλοι,
2472 4255 2763 4316 Columnae

348 4330 742 4406 familiarum.
830 4332 1010 4392 Unde
1037 4344 1218 4410 patet,
1247 4337 1386 4397 licet
1435 4338 1703 4397 Ecclesia
1743 4338 1977 4396 dicatur
2017 4337 2297 4394 columna
2324 4342 2385 4393 et
2428 4336 2766 4395 firmamen-

361 4416 494 4467 tum
540 4410 846 4547 VgiritatiS,
889 4432 1009 4471 non
1054 4415 1255 4474 statim
1299 4435 1374 4474 ex
1410 4435 1481 4475 eo
1525 4416 1749 4489 inferri,
1784 4414 2071 4474 Veritatis
2115 4413 2537 4475 authoritatem
2577 4416 2653 4477 ab
2694 4436 2769 4477 ea

364 4504 580 4563 suspen
650 4535 662 4548 .

445 4566 735 4629 XXVII.
773 4572 1019 4644 Quat-w,
1051 4572 1144 4632 Ex
1173 4594 1244 4633 eo
1273 4574 1451 4633 etiam
1479 4575 1540 4633 id
1559 4576 1881 4634 clarissime
1910 4572 2219 4644 evincitur,
2249 4573 2412 4649 quod
2441 4582 2667 4633 certum
2696 4575 2773 4634 sit

365 4646 548 4736 verba
573 4648 702 4707 haec
729 4650 806 4707 ab
834 4651 1129 4727 Apostolo
1159 4653 1432 4728 usurpari
1461 4655 1536 4711 de
1575 4653 1840 4713 Ecclesia
1866 4652 2231 4729 particulari,
2260 4652 2542 4711 nimirum
2575 4654 2772 4728 Ephe-

364 4742 513 4803 sma,
543 4726 608 4784 in
637 4746 758 4804 qua
787 4730 1138 4791 Timotheus
1165 4740 1296 4791 tum
1325 4733 1675 4794 versabatur
1690 4756 1707 4811 3
1736 4734 2006 4811 loquitur
2034 4733 2193 4791 enim
2221 4732 2295 4791 de
2325 4731 2521 4790 Domo
2550 4731 2683 4805 Dei,
2713 4731 2772 4787 in
