3234 5192
302 277 532 316 msvcr.
564 254 723 335 vnn]
1370 275 1447 314 m:
1480 275 1517 312 M
1532 275 1708 314 Assa.
2607 253 2722 309 349

308 437 659 496 cognoscere
686 418 747 474 in
776 417 885 475 hae
912 415 1037 474 vita
1065 424 1324 493 possunt,
1358 417 1462 475 sed
1490 417 1599 475 sub
1645 416 1775 474 velo
1803 423 2028 474 tantum
2057 423 2116 473 et
2159 415 2218 472 in
2242 415 2548 492 aenigmate
2577 413 2730 472 intu-

310 510 495 574 entur,
532 501 561 556 1
596 498 727 556 Cor.
758 497 885 554 xiii.
919 499 1011 572 12,
1044 497 1181 574 quia
1208 516 1311 574 per
1338 496 1530 570 fidem,
1561 517 1678 554 non
1706 516 1810 574 per
1837 503 2130 573 aspectum
2181 495 2496 570 ambulant,
2529 499 2564 552 2
2598 495 2728 552 Cor.

310 599 369 638 v.
416 583 447 636 7
458 623 471 636 .
503 585 562 636 2.
590 578 649 636 in
669 578 1053 650 sacramentis,
1085 577 1221 654 quia
1250 577 1333 635 ibi
1363 577 1627 635 Christus
1656 576 1978 636 occultatur
2006 577 2114 634 sub
2145 574 2424 652 symbolis
2453 573 2729 647 externis,

310 679 428 718 non
456 657 713 736 physice,
747 657 850 716 sed
876 657 1186 731 moraliter,
1219 664 1277 714 et
1306 677 1367 716 se
1415 656 1583 716 offert
1610 677 1726 714 non
1761 657 2042 729 sensibus,
2069 656 2173 714 sed
2199 654 2396 728 menti,
2435 675 2537 732 per
2559 655 2733 713 fldem

315 737 882 818 apprehendendum.
948 741 1003 796 3.
1050 739 1107 796 in
1135 739 1320 811 corde,
1352 737 1489 813 quia
1545 736 1810 795 Christus
1837 736 2060 794 habitat
2105 736 2166 793 in
2223 735 2492 794 cordibus
2521 734 2734 794 nostris

316 840 419 898 per
436 819 627 894 fidem,
661 819 811 897 Eph.
842 817 922 877 iii.
952 822 1044 884 17.
1074 817 1174 876 ubi
1204 837 1321 875 non
1348 817 1581 875 videtur
1608 817 1683 874 ab
1711 816 1857 891 aliis,
1884 816 1985 875 sed
2015 817 2260 876 sentitur
2275 815 2348 873 ab
2367 816 2559 873 anima
2579 813 2738 873 fideli

316 920 421 977 per
448 899 719 958 solatium
748 897 1102 973 incredibile,
1135 917 1250 976 quo
1288 897 1668 974 perfunditur,
1701 904 1759 954 et
1800 917 1904 976 per
1939 915 2156 954 novum
2200 894 2346 954 illud
2393 914 2603 953 nomen
2631 895 2738 952 filii

320 981 449 1054 Dei,
479 999 596 1057 quo
624 998 733 1037 nos
762 978 1021 1054 insignit,
1052 977 1209 1055 quod
1248 997 1417 1036 nemo
1446 978 1628 1052 novit,
1659 977 1772 1036 nisi
1817 977 1917 1054 qui
1939 977 2171 1054 recepit,
2205 976 2390 1052 Apoc.
2421 975 2479 1032 ii.
2515 979 2606 1032 17.
2678 977 2736 1032 4.

320 1060 377 1119 in
406 1064 557 1134 coelo,
590 1058 727 1136 quia
757 1058 1022 1116 Christus
1050 1059 1111 1116 in
1153 1058 1363 1116 coelum
1392 1065 1660 1134 receptus
1701 1057 1886 1116 oculis
1933 1057 2148 1115 nostris
2197 1055 2516 1115 subductus
2544 1063 2649 1130 est,
2681 1063 2740 1112 et

322 1141 507 1200 veluti
535 1138 909 1197 absconditus
936 1147 1132 1196 manet
1160 1138 1219 1196 in
1250 1139 1499 1196 sacrario
1525 1138 1654 1212 Dei,
1680 1137 1862 1196 donec
1885 1137 2089 1196 ultimo
2113 1135 2206 1194 die
2229 1155 2332 1212 per
2357 1135 2740 1193 novissimum

320 1221 638 1278 adventum
668 1218 957 1276 reveletur
981 1240 995 1276 :
1025 1217 1161 1275 hine
1194 1221 1229 1250 “
1253 1217 1377 1276 vita
1402 1225 1601 1275 nostra
1618 1217 1831 1276 dicitur
1847 1236 1975 1274 esse
1993 1215 2334 1274 abscondita
2357 1235 2487 1273 cum
2511 1213 2741 1272 Christo

328 1301 389 1356 in
422 1299 608 1372 De0,’'
644 1297 767 1356 Col.
800 1297 880 1355 iii.
920 1300 973 1356 3.

408 1378 596 1436 XXI.
642 1377 1071 1454 Qualiscunque
1112 1397 1251 1435 vero
1295 1376 1371 1437 sit
1412 1397 1637 1436 mannae
1667 1397 1798 1436 cum
1829 1375 2058 1436 Christo
2108 1373 2463 1450 similitud03
2524 1382 2744 1434 certum

327 1471 415 1518 est
443 1468 653 1531 tamen,
684 1467 750 1515 ut
778 1457 993 1516 veritas
1021 1465 1079 1516 et
1107 1476 1315 1534 eorpus
1356 1458 1531 1535 longe
1560 1457 1870 1535 perfectius
1911 1465 2000 1516 est
2027 1457 2154 1534 ipsa
2182 1455 2384 1534 figura,
2427 1458 2744 1515 maximum

324 1537 679 1599 intercedere
709 1538 884 1596 etiam
912 1537 973 1595 in
1012 1537 1105 1596 his
1133 1537 1319 1596 tribus
1358 1538 1509 1596 inter
1536 1547 1844 1615 utrumque
1871 1537 2198 1596 discrimen.
2285 1537 2434 1596 Nam
2479 1538 2528 1595 si
2573 1535 2748 1613 Oriyo

332 1619 667 1693 attenditur,
700 1637 912 1675 manna
939 1638 970 1677 e
1001 1618 1147 1677 coelo
1177 1617 1428 1695 quidem,
1462 1619 1566 1677 sed
1586 1617 1784 1676 infimo
1808 1626 1866 1676 et
1894 1621 2058 1676 acreo
2080 1626 2304 1677 tantum
2324 1617 2711 1678 descendebat
2735 1641 2748 1678 ε

336 1699 453 1758 Sed
482 1698 747 1758 Christus
769 1717 801 1757 e
832 1699 978 1757 coelo
1007 1719 1281 1776 empyreo
1310 1707 1369 1757 et
1398 1718 1682 1776 supreme,
1714 1719 1829 1757 non
1873 1697 2154 1757 descensu
2181 1699 2322 1757 reali
2350 1718 2453 1776 per
2481 1699 2749 1758 mutatio-

332 1800 463 1838 nem
517 1779 649 1853 loci‚
710 1779 814 1838 sed
868 1779 1223 1838 oeconomico
1280 1787 1341 1837 et
1402 1779 1622 1854 morali,
1667 1799 1769 1856 per
1811 1779 2002 1836 carnis
2023 1788 2234 1838 nostrae
2277 1782 2748 1857 assumptionem.

334 1859 507 1920 Unde
538 1859 821 1932 Christus,
853 1859 896 1918 J
899 1861 993 1917 oh.
1023 1859 1101 1917 vi.
1134 1862 1231 1930 32,
1279 1861 1315 1892 “
1340 1860 1537 1918 Moses
1578 1879 1696 1918 non
1725 1858 1885 1918 dedit
1927 1859 2095 1918 vobis
2142 1879 2349 1936 panem
2391 1879 2423 1918 e
2453 1860 2617 1935 coelo,
2651 1859 2754 1919 sed

336 1941 510 1998 Pater
535 1958 701 1998 meus
729 1938 831 1998 dat
858 1939 1027 1997 vobis
1056 1959 1259 1997 verum
1288 1959 1495 2016 panem
1527 1960 1558 1997 e
1588 1940 1796 2015 eoelo,''
1839 1959 1956 1998 non
1981 1960 2012 1997 e
2035 1939 2286 1998 nubibus
2313 1948 2556 2015 tantum,
2590 1939 2692 1998 sed
2721 1960 2752 1999 e

335 2021 467 2079 sinu
496 2020 705 2077 Patris,
793 2019 1013 2076 Manna
1035 2018 1410 2078 obtinuerunt
1448 2019 1726 2078 Israelitae
1769 2039 1804 2078 a
1847 2020 1990 2094 De0,
2021 2019 2341 2078 ministerio
2371 2019 2752 2097 Angelorum,

334 2109 395 2159 et
424 2099 609 2158 Mosis
638 2098 947 2174 precibus:
994 2098 1111 2156 Sed
1155 2098 1421 2158 Christus
1462 2099 1632 2158 nobis
1674 2100 1846 2159 datur
1886 2100 2216 2159 immediate
2246 2108 2304 2158 et
2331 2099 2500 2159 unice
2529 2120 2564 2157 a
2608 2102 2752 2176 Dec,

340 2181 383 2238 J
386 2180 480 2237 oh.
512 2177 590 2235 vi.
623 2181 719 2252 32,
770 2177 927 2236 unde
990 2177 1109 2236 κατ’
1177 2179 1342 2256 ἐξοχὴ
1384 2189 1626 2238 vocatur
1683 2181 1848 2258 panis
1911 2181 2038 2239 Dei.
2110 2185 2166 2239 2.
2217 2181 2430 2248 Quoad
2468 2189 2753 2254 naturam,

339 2278 550 2316 manna
576 2257 687 2316 fuit
714 2257 875 2317 cibus
917 2259 1229 2318 materialis
1278 2269 1337 2319 et
1386 2281 1695 2338 corporeus
1741 2260 1936 2338 quoad
1985 2261 2384 2336 substantiam,
2431 2261 2570 2320 licet
2608 2270 2761 2320 esset

341 2337 655 2416 spititualis
684 2337 877 2416 quoad
905 2339 1425 2417 significationem;
1471 2342 1609 2400 vitae
1655 2349 1897 2401 terrenae
1945 2349 2004 2401 et
2031 2362 2318 2420 corporeae
2369 2341 2760 2401 sustentandas

337 2419 523 2497 primo
552 2418 873 2478 destinatus
899 2441 912 2478 :
962 2419 1079 2478 Sed
1109 2421 1372 2481 Christus
1416 2430 1505 2480 est
1546 2423 1712 2481 cibus
1754 2441 1870 2480 non
1914 2423 2169 2499 eorporis
2199 2423 2300 2481 sed
2331 2423 2524 2498 animi,
2556 2443 2671 2500 quo
2701 2423 2762 2480 in

341 2519 502 2578 spem
530 2500 666 2558 vitae
696 2508 925 2559 aeternae
948 2501 1172 2577 alimur,
1204 2523 1321 2560 non
1363 2502 1678 2579 premendo
1722 2522 1836 2577 ore,
1870 2501 1974 2560 sed
2015 2501 2302 2561 credendo
2344 2503 2550 2577 corde3
2595 2503 2763 2580 panis

340 2601 455 2638 non
485 2589 709 2640 tantum
738 2581 927 2655 vivum
960 2581 1065 2639 sed
1090 2591 1149 2640 et
1176 2583 1463 2658 vivificuS,
1488 2582 1585 2660 qui
1608 2601 1728 2639 non
1755 2581 1928 2640 modo
1955 2583 2136 2640 nutrit
2157 2583 2439 2657 viventeS,
2466 2582 2570 2640 sed
2589 2583 2764 2640 etiam

340 2661 601 2719 vivificat
630 2670 905 2735 mortuOS,
938 2681 1055 2718 non
1082 2670 1306 2720 tantum
1338 2662 1441 2720 alit
1462 2681 1652 2736 sanOS,
1686 2660 1789 2719 sed
1819 2669 1984 2718 sanat
2025 2680 2229 2735 aegros,
2252 2680 2372 2718 non
2413 2662 2488 2719 ad
2515 2671 2761 2738 tempus,

342 2741 529 2799 sedin
558 2751 869 2812 aeternum3
914 2740 1155 2817 quinon
1182 2741 1540 2800 convertitur
1566 2741 1628 2796 in
1657 2747 1910 2797 nostram
1935 2739 2335 2812 substantiam,
2369 2740 2472 2798 sed
2501 2741 2599 2815 qui
2630 2761 2765 2798 con-

346 2821 524 2879 vertit
554 2841 659 2878 nos
688 2828 747 2878 et
774 2827 959 2876 mutat
1000 2819 1061 2875 in
1102 2839 1282 2894 suam,
1313 2819 1481 2896 panis
1526 2839 1644 2876 non
1673 2825 1898 2876 tantum
1929 2817 2057 2890 Dei,
2103 2817 2206 2874 sed
2235 2817 2432 2893 etipse
2459 2820 2636 2876 Deus.
2709 2824 2764 2878 3.

358 2901 572 2966 Quoad
617 2901 868 2972 effectum
912 2918 1124 2955 manna
1165 2917 1502 2974 corpoream
1566 2897 1750 2954 vitam
1803 2894 2209 2968 sustentabat‚'
2235 2895 2338 2952 sed
2398 2897 2472 2954 ad
2535 2907 2764 2974 tempus

348 2987 593 3048 tantum,
626 2997 732 3034 nec
762 2997 797 3033 a
826 2986 1007 3035 morte
1032 2977 1340 3034 servabat:
1388 2975 1504 3034 Sed
1534 2975 1700 3034 cibus
1729 2975 1824 3032 hie
1851 2995 1966 3032 non
1997 2983 2221 3033 tantum
2249 2975 2430 3033 vitam
2461 2985 2762 3052 sustentat,

352 3057 455 3115 sed
485 3055 755 3112 amissam
804 3055 1011 3130 reddit,
1060 3064 1118 3114 et
1159 3055 1353 3113 datam
1400 3064 1707 3113 conservat
1754 3056 1810 3112 in
1850 3063 2143 3130 aeternum,
2191 3075 2318 3113 non·
2350 3075 2680 3133 corpoream
2709 3070 2769 3119 et

354 3149 655 3208 terrenam,
689 3135 791 3192 sed
818 3134 1076 3192 divinam
1104 3143 1164 3192 et
1206 3133 1603 3210 immortalem,
1635 3135 1794 3212 quod
1836 3135 2100 3194 Christus
2143 3143 2322 3210 notat,
2375 3137 2512 3196 Joh.
2545 3138 2624 3196 vi.
2668 3142 2764 3214 49,

356 3221 451 3292 50,
502 3218 599 3290 51,
649 3214 908 3272 “Patres
938 3213 1117 3273 vestri
1165 3213 1585 3274 manducarunt
1631 3235 1840 3274 manna
1883 3216 1944 3272 in
1985 3215 2214 3274 deserto
2257 3225 2316 3274 et
2357 3219 2568 3276 mortui
2614 3229 2768 3292 sunt,

352 3297 447 3355 hie
466 3305 557 3354 cst
578 3295 743 3372 panis
766 3294 865 3371 qui
888 3294 961 3352 de
980 3294 1124 3351 coelo
1148 3295 1461 3369 descendit,
1494 3303 1557 3352 ut
1586 3295 1636 3354 si
1665 3295 1795 3373 quis
1819 3317 1892 3354 ex
1909 3315 1978 3354 eo
2002 3297 2251 3355 comedit
2267 3318 2382 3356 non
2403 3299 2739 3358 moriatur.’'

436 3375 664 3434 XXII.
712 3373 886 3434 Unde
914 3373 1082 3432 facilc
1113 3374 1407 3452 colligitur
1431 3395 1549 3432 non
1593 3376 1717 3434 sine
1747 3377 1968 3435 ratione
2009 3397 2222 3434 manna
2249 3379 2321 3436 ab
2353 3379 2642 3457 Apostolo
2687 3381 2766 3439 ci-

356 3457 495 3515 bum
552 3453 907 3531 spiritualem
960 3454 1139 3513 fuisse
1188 3454 1405 3514 dietum
1449 3463 1684 3534 propter
1733 3457 2170 3534 significationis
2217 3461 2575 3536 mysterium.
2669 3461 2770 3519 An

358 3543 551 3592 autem
602 3533 1083 3608 quemadmodum
1129 3535 1344 3594 Christi
1390 3537 1499 3595 fuit
1543 3537 1889 3612 symbolum,
1941 3538 2114 3597 etiam
2155 3538 2344 3615 figura
2389 3541 2769 3600 Eucharistiae

360 3613 550 3688 suerit,
582 3613 732 3671 inter
758 3633 863 3674 nos
911 3623 969 3674 et
1018 3616 1349 3674 Pontificios
1386 3618 1678 3694 quaeritur.
1751 3619 1829 3676 Et
1871 3618 1960 3676 illi
1987 3618 2220 3695 quidem
2266 3620 2375 3677 hoc
2403 3621 2766 3696 pertendunt,

360 3713 487 3752 eam
516 3713 643 3752 esse
673 3693 1053 3753 differentiam
1083 3704 1401 3756 statuentes
1428 3697 1579 3755 inter
1599 3717 1827 3773 manna,
1859 3698 2016 3776 quod
2045 3700 2300 3776 corporis
2330 3699 2544 3757 Christi
2585 3699 2772 3777 figura

360 3773 487 3846 fuit,
520 3781 579 3832 et
606 3793 809 3851 panem
844 3775 1323 3853 Eucharisticum,
1356 3777 1511 3854 quod
1542 3797 1752 3836 manna
1775 3779 2189 3856 significaverit
2233 3787 2455 3839 tantum
2479 3789 2538 3838 et
2563 3799 2769 3856 reprae-

362 3855 677 3912 sentaverit
719 3873 925 3932 corpus
958 3856 1209 3934 Christi3
1258 3857 1626 3917 Eucharistia
1653 3879 1794 3918 vero
1837 3859 1913 3917 sit
1955 3859 2144 3936 ipsum
2193 3879 2400 3936 corpus
2447 3859 2677 3935 Christi,
2711 3861 2770 3918 in

360 3933 517 4012 quod
550 3933 872 3994 substantia
898 3936 1065 4013 panis
1111 3957 1392 3996 conversa
1420 3946 1525 4012 est,
1556 3946 1623 3996 ut
1653 3938 1867 3997 Bellar.
1891 3938 1992 3997 lib.
2020 3938 2059 3998 i.
2091 3939 2162 3997 de
2213 3939 2397 3997 Euch.
2421 3959 2470 3997 c.
2503 3943 2558 4008 3,
2589 3949 2770 3999 notat.

368 4014 492 4072 Nos
516 4034 653 4072 vero
684 4014 901 4092 figuras
920 4016 1153 4094 quidem
1183 4017 1403 4076 similes
1432 4026 1491 4076 et
1520 4017 1633 4076 sibi
1661 4019 1910 4076 invicem
1951 4019 2383 4096 respondenteS,
2417 4019 2772 4097 eandemque

359 4115 481 4152 rem
512 4094 904 4172 significantes
935 4105 993 4155 et
1020 4104 1499 4173 repraesentantes
1540 4097 1720 4156 fuisse
1768 4117 1886 4156 non
1913 4118 2210 4176 negamuS‚
2242 4108 2300 4156 et
2327 4099 2605 4158 hactenus
2635 4120 2770 4158 cou-

359 4174 495 4232 ferri
524 4174 598 4232 ab
630 4173 935 4252 Apostolo,
966 4196 1082 4234 non
1110 4185 1177 4234 ut
1206 4175 1421 4253 figuras
1471 4196 1601 4234 eum
1631 4177 1895 4254 figuratO,
1922 4178 2026 4236 sed
2065 4187 2130 4236 ut
2159 4186 2578 4236 sacramentum
2607 4181 2773 4239 alteri

363 4252 568 4325 simile,
601 4263 659 4312 et
686 4254 1015 4332 analogum.
1064 4255 1181 4313 Sed
1208 4275 1489 4333 negamus
1516 4275 1728 4314 manna
1754 4277 1924 4332 posse
1955 4257 2068 4315 dici
2095 4258 2338 4334 figuram
2371 4258 2770 4336 Eucharistiae,

362 4353 492 4410 quae
516 4333 645 4392 ideo
677 4335 753 4393 sit
790 4353 825 4391 a
854 4335 981 4392 Deo
1008 4335 1289 4408 instituta,
1340 4343 1405 4393 ut
1453 4355 1579 4392 eam
1629 4335 1996 4412 significaret,
2029 4337 2166 4413 quia
2191 4345 2256 4396 ut
2282 4340 2629 4415 praecedenti
2658 4341 2773 4400 dis-

362 4414 663 4490 putatione
683 4413 807 4490 jam
838 4414 1181 4489 monuimuS,
1212 4413 1527 4473 absurdum
1556 4423 1646 4473 est
1693 4415 1816 4473 dari
1846 4416 2086 4493 figuram
2135 4419 2352 4494 figurae,
2386 4441 2516 4479 cum
2565 4422 2664 4481 illa
2692 4425 2776 4484 rei

364 4494 605 4552 internae
636 4503 695 4552 et
737 4494 1052 4572 spiritualis
1081 4493 1387 4572 imaginem
1421 4515 1619 4572 gerere
1649 4495 1873 4570 debeat,
1919 4517 2031 4555 non
2065 4519 2200 4557 vero
2229 4510 2482 4560 externae
2511 4511 2570 4561 et
2597 4515 2774 4564 mate·

361 4573 539 4651 rialis‚
564 4593 695 4651 quae
726 4576 783 4632 in
808 4595 1010 4634 seusus
1040 4575 1293 4634 incurrit.
1380 4575 1528 4634 Nam
1571 4575 1728 4654 quod
1757 4576 2070 4637 adversarii
2103 4579 2320 4658 volunt,
2356 4583 2778 4644 Eucharistiam
