<?xml version="1.0" encoding="UTF-8"?>
<!DOCTYPE html PUBLIC "-//W3C//DTD XHTML 1.0 Transitional//EN"
    "http://www.w3.org/TR/xhtml1/DTD/xhtml1-transitional.dtd">
<html xmlns="http://www.w3.org/1999/xhtml" xml:lang="en" lang="en">
 <head>
  <title>
</title>
<meta http-equiv="Content-Type" content="text/html;charset=utf-8" />
  <meta name='ocr-system' content='tesseract 3.04.00' />
  <meta name='ocr-capabilities' content='ocr_page ocr_carea ocr_par ocr_line ocrx_word'/>
</head>
<body>
  <div class='ocr_page' id='page_1' title='image "./denecessariasec00turrgoog_0716.png"; bbox 0 0 3234 5192; ppageno 0'>
   <div class='ocr_carea' id='block_1_1' title="bbox 546 302 2965 393">
    <p class='ocr_par' dir='ltr' id='par_1_1' title="bbox 546 302 2965 393">
     <span class='ocr_line' id='line_1_1' title="bbox 546 302 2965 393; baseline -0 -16"><span class='ocrx_word' id='word_1_1' title='bbox 546 320 662 377; x_wconf 79' lang='lat'><strong>656</strong></span> <span class='ocrx_word' id='word_1_2' title='bbox 1120 333 1199 373; x_wconf 77' lang='lat' dir='ltr'><strong>ns</strong></span> <span class='ocrx_word' id='word_1_3' title='bbox 1228 332 1709 375; x_wconf 71' lang='lat' dir='ltr'><strong>sAriserrxoms</strong></span> <span class='ocrx_word' id='word_1_4' title='bbox 1738 332 1972 373; x_wconf 75' lang='lat' dir='ltr'><strong>cutusu</strong></span> <span class='ocrx_word' id='word_1_5' title='bbox 2001 331 2319 373; x_wconf 70' lang='lat' dir='ltr'><strong>vaurum.</strong></span> <span class='ocrx_word' id='word_1_6' title='bbox 2533 302 2794 393; x_wconf 61' lang='lat' dir='ltr'><strong>[masur.</strong></span> <span class='ocrx_word' id='word_1_7' title='bbox 2827 332 2965 376; x_wconf 73' lang='lat' dir='ltr'><strong>xxr.</strong></span> 
     </span>
    </p>
   </div>
   <div class='ocr_carea' id='block_1_2' title="bbox 540 472 2960 713">
    <p class='ocr_par' dir='ltr' id='par_1_2' title="bbox 540 472 2960 713">
     <span class='ocr_line' id='line_1_2' title="bbox 542 472 2960 555; baseline 0 -20"><span class='ocrx_word' id='word_1_8' title='bbox 542 484 606 535; x_wconf 91' lang='lat' dir='ltr'><strong>ut</strong></span> <span class='ocrx_word' id='word_1_9' title='bbox 634 496 710 535; x_wconf 84' lang='lat' dir='ltr'><strong>ex</strong></span> <span class='ocrx_word' id='word_1_10' title='bbox 736 475 989 535; x_wconf 84' lang='lat' dir='ltr'><strong>hostium</strong></span> <span class='ocrx_word' id='word_1_11' title='bbox 1034 476 1415 555; x_wconf 75' lang='lat' dir='ltr'><strong>spiritualium</strong></span> <span class='ocrx_word' id='word_1_12' title='bbox 1464 481 1748 555; x_wconf 77' lang='lat' dir='ltr'><strong>potestate</strong></span> <span class='ocrx_word' id='word_1_13' title='bbox 1795 472 2041 548; x_wconf 86' lang='lat' dir='ltr'><strong>liberati,</strong></span> <span class='ocrx_word' id='word_1_14' title='bbox 2075 474 2111 505; x_wconf 90' lang='lat'><strong>“</strong></span> <span class='ocrx_word' id='word_1_15' title='bbox 2137 472 2262 531; x_wconf 91' lang='lat' dir='ltr'><strong>Deo</strong></span> <span class='ocrx_word' id='word_1_16' title='bbox 2291 484 2489 535; x_wconf 88' lang='lat' dir='ltr'><strong>nostro</strong></span> <span class='ocrx_word' id='word_1_17' title='bbox 2540 476 2862 535; x_wconf 77' lang='lat' dir='ltr'><strong>serviamus</strong></span> <span class='ocrx_word' id='word_1_18' title='bbox 2893 476 2960 534; x_wconf 85' lang='lat' dir='ltr'><strong>in</strong></span> 
     </span>
     <span class='ocr_line' id='line_1_3' title="bbox 540 552 2956 635; baseline 0 -20"><span class='ocrx_word' id='word_1_19' title='bbox 540 557 845 615; x_wconf 73' lang='lat' dir='ltr'><strong>sanctitate</strong></span> <span class='ocrx_word' id='word_1_20' title='bbox 872 564 931 615; x_wconf 89' lang='lat' dir='ltr'><strong>et</strong></span> <span class='ocrx_word' id='word_1_21' title='bbox 952 556 1182 635; x_wconf 87' lang='lat' dir='ltr'><strong>justitia</strong></span> <span class='ocrx_word' id='word_1_22' title='bbox 1208 558 1477 617; x_wconf 87' lang='lat' dir='ltr'><strong>omnibus</strong></span> <span class='ocrx_word' id='word_1_23' title='bbox 1504 554 1710 613; x_wconf 87' lang='lat' dir='ltr'><strong>diebus</strong></span> <span class='ocrx_word' id='word_1_24' title='bbox 1751 554 1888 613; x_wconf 80' lang='lat' dir='ltr'><strong>vitae</strong></span> <span class='ocrx_word' id='word_1_25' title='bbox 1915 554 2183 629; x_wconf 74' lang='lat' dir='ltr'><strong>nostrae,”</strong></span> <span class='ocrx_word' id='word_1_26' title='bbox 2217 552 2362 613; x_wconf 86' lang='lat' dir='ltr'><strong>Luc.</strong></span> <span class='ocrx_word' id='word_1_27' title='bbox 2392 554 2431 613; x_wconf 91' lang='lat' dir='ltr'><strong>i.</strong></span> <span class='ocrx_word' id='word_1_28' title='bbox 2463 558 2558 629; x_wconf 84' lang='grc'><strong>74,</strong></span> <span class='ocrx_word' id='word_1_29' title='bbox 2591 556 2668 614; x_wconf 83' lang='grc'><strong>75</strong></span> <span class='ocrx_word' id='word_1_30' title='bbox 2688 557 2719 613; x_wconf 87' lang='lat' dir='ltr'>P</span> <span class='ocrx_word' id='word_1_31' title='bbox 2758 556 2956 629; x_wconf 80' lang='lat' dir='ltr'><strong>Quare</strong></span> 
     </span>
     <span class='ocr_line' id='line_1_4' title="bbox 540 632 2959 713; baseline 0 -19"><span class='ocrx_word' id='word_1_32' title='bbox 540 635 805 695; x_wconf 86' lang='lat' dir='ltr'><strong>Christus</strong></span> <span class='ocrx_word' id='word_1_33' title='bbox 830 645 1069 713; x_wconf 86' lang='lat' dir='ltr'><strong>peccata</strong></span> <span class='ocrx_word' id='word_1_34' title='bbox 1094 638 1288 695; x_wconf 89' lang='lat' dir='ltr'><strong>omnia</strong></span> <span class='ocrx_word' id='word_1_35' title='bbox 1314 645 1512 695; x_wconf 88' lang='lat' dir='ltr'><strong>nostra</strong></span> <span class='ocrx_word' id='word_1_36' title='bbox 1538 635 1599 693; x_wconf 89' lang='lat' dir='ltr'><strong>in</strong></span> <span class='ocrx_word' id='word_1_37' title='bbox 1627 652 1864 711; x_wconf 88' lang='lat' dir='ltr'><strong>corpore</strong></span> <span class='ocrx_word' id='word_1_38' title='bbox 1893 653 1998 691; x_wconf 90' lang='lat' dir='ltr'><strong>suo</strong></span> <span class='ocrx_word' id='word_1_39' title='bbox 2047 652 2219 710; x_wconf 87' lang='lat' dir='ltr'><strong>super</strong></span> <span class='ocrx_word' id='word_1_40' title='bbox 2237 632 2465 711; x_wconf 88' lang='lat' dir='ltr'><strong>lignum</strong></span> <span class='ocrx_word' id='word_1_41' title='bbox 2502 634 2654 710; x_wconf 87' lang='lat' dir='ltr'><strong>tulit,</strong></span> <span class='ocrx_word' id='word_1_42' title='bbox 2684 635 2797 693; x_wconf 88' lang='lat' dir='ltr'><strong>nisi</strong></span> <span class='ocrx_word' id='word_1_43' title='bbox 2827 637 2865 668; x_wconf 91' lang='lat'>“</span> <span class='ocrx_word' id='word_1_44' title='bbox 2888 645 2959 695; x_wconf 85' lang='lat' dir='ltr'><strong>ut</strong></span> 
     </span>
    </p>
   </div>
   <div class='ocr_carea' id='block_1_3' title="bbox 538 711 2957 873">
    <p class='ocr_par' dir='ltr' id='par_1_3' title="bbox 538 711 2957 873">
     <span class='ocr_line' id='line_1_5' title="bbox 538 711 2954 793; baseline 0 -20"><span class='ocrx_word' id='word_1_45' title='bbox 538 716 749 774; x_wconf 87' lang='lat' dir='ltr'><strong>mortui</strong></span> <span class='ocrx_word' id='word_1_46' title='bbox 793 724 1048 793; x_wconf 87' lang='lat' dir='ltr'><strong>peccate,</strong></span> <span class='ocrx_word' id='word_1_47' title='bbox 1072 716 1317 793; x_wconf 64' lang='lat' dir='ltr'><strong>justitiae</strong></span> <span class='ocrx_word' id='word_1_48' title='bbox 1359 712 1685 789; x_wconf 84' lang='lat' dir='ltr'><strong>vivamus,&#39;&#39;</strong></span> <span class='ocrx_word' id='word_1_49' title='bbox 1717 712 1749 771; x_wconf 89' lang='lat' dir='ltr'><strong>l</strong></span> <span class='ocrx_word' id='word_1_50' title='bbox 1803 713 1928 771; x_wconf 88' lang='lat' dir='ltr'><strong>Pet.</strong></span> <span class='ocrx_word' id='word_1_51' title='bbox 1958 711 2018 771; x_wconf 89' lang='lat' dir='ltr'><strong>ii.</strong></span> <span class='ocrx_word' id='word_1_52' title='bbox 2068 716 2147 771; x_wconf 77' lang='lat'><strong>24</strong></span> <span class='ocrx_word' id='word_1_53' title='bbox 2167 716 2197 771; x_wconf 86' lang='lat' dir='ltr'>P</span> <span class='ocrx_word' id='word_1_54' title='bbox 2278 714 2468 789; x_wconf 80' lang='lat' dir='ltr'><strong>Quare</strong></span> <span class='ocrx_word' id='word_1_55' title='bbox 2517 714 2798 792; x_wconf 87' lang='lat' dir='ltr'><strong>sanguine</strong></span> <span class='ocrx_word' id='word_1_56' title='bbox 2843 734 2954 775; x_wconf 88' lang='lat' dir='ltr'><strong>sno</strong></span> 
     </span>
     <span class='ocr_line' id='line_1_6' title="bbox 538 792 2957 873; baseline 0.001 -21"><span class='ocrx_word' id='word_1_57' title='bbox 538 814 647 854; x_wconf 88' lang='lat' dir='ltr'><strong>nos</strong></span> <span class='ocrx_word' id='word_1_58' title='bbox 675 794 875 870; x_wconf 89' lang='lat' dir='ltr'><strong>abluit,</strong></span> <span class='ocrx_word' id='word_1_59' title='bbox 906 796 1021 853; x_wconf 89' lang='lat' dir='ltr'><strong>nisi</strong></span> <span class='ocrx_word' id='word_1_60' title='bbox 1046 804 1113 855; x_wconf 89' lang='lat' dir='ltr'><strong>ut</strong></span> <span class='ocrx_word' id='word_1_61' title='bbox 1137 798 1389 873; x_wconf 88' lang='lat' dir='ltr'><strong>pretioso</strong></span> <span class='ocrx_word' id='word_1_62' title='bbox 1418 796 1518 855; x_wconf 91' lang='lat' dir='ltr'><strong>illo</strong></span> <span class='ocrx_word' id='word_1_63' title='bbox 1553 795 1790 853; x_wconf 89' lang='lat' dir='ltr'><strong>lavaero</strong></span> <span class='ocrx_word' id='word_1_64' title='bbox 1832 792 2018 852; x_wconf 89' lang='lat' dir='ltr'><strong>abluti</strong></span> <span class='ocrx_word' id='word_1_65' title='bbox 2044 799 2240 852; x_wconf 87' lang='lat' dir='ltr'><strong>vestes</strong></span> <span class='ocrx_word' id='word_1_66' title='bbox 2284 802 2531 869; x_wconf 87' lang='lat' dir='ltr'><strong>nostras,</strong></span> <span class='ocrx_word' id='word_1_67' title='bbox 2562 794 2641 853; x_wconf 89' lang='lat' dir='ltr'><strong>id.</strong></span> <span class='ocrx_word' id='word_1_68' title='bbox 2691 793 2867 853; x_wconf 88' lang='lat' dir='ltr'><strong>corda</strong></span> <span class='ocrx_word' id='word_1_69' title='bbox 2893 798 2957 855; x_wconf 74' lang='lat' dir='ltr'><strong>et</strong></span> 
     </span>
    </p>
   </div>
   <div class='ocr_carea' id='block_1_4' title="bbox 513 872 2954 4703">
    <p class='ocr_par' dir='ltr' id='par_1_4' title="bbox 513 872 2954 4703">
     <span class='ocr_line' id='line_1_7' title="bbox 542 872 2952 952; baseline 0 -19"><span class='ocrx_word' id='word_1_70' title='bbox 542 875 923 934; x_wconf 80' lang='lat' dir='ltr'><strong>conscientias</strong></span> <span class='ocrx_word' id='word_1_71' title='bbox 949 876 1065 935; x_wconf 92' lang='lat' dir='ltr'><strong>imo</strong></span> <span class='ocrx_word' id='word_1_72' title='bbox 1094 885 1154 936; x_wconf 92' lang='lat' dir='ltr'><strong>et</strong></span> <span class='ocrx_word' id='word_1_73' title='bbox 1178 877 1437 935; x_wconf 84' lang='lat' dir='ltr'><strong>membra</strong></span> <span class='ocrx_word' id='word_1_74' title='bbox 1462 895 1499 934; x_wconf 89' lang='lat' dir='ltr'><strong>a</strong></span> <span class='ocrx_word' id='word_1_75' title='bbox 1523 873 1748 952; x_wconf 88' lang='lat' dir='ltr'><strong>peccati</strong></span> <span class='ocrx_word' id='word_1_76' title='bbox 1765 872 2031 932; x_wconf 88' lang='lat' dir='ltr'><strong>sordibus</strong></span> <span class='ocrx_word' id='word_1_77' title='bbox 2047 872 2388 933; x_wconf 86' lang='lat' dir='ltr'><strong>intemerata</strong></span> <span class='ocrx_word' id='word_1_78' title='bbox 2415 894 2715 933; x_wconf 80' lang='lat' dir='ltr'><strong>servemus</strong></span> <span class='ocrx_word' id='word_1_79' title='bbox 2742 882 2802 933; x_wconf 89' lang='lat' dir='ltr'><strong>et</strong></span> <span class='ocrx_word' id='word_1_80' title='bbox 2817 875 2952 934; x_wconf 90' lang='lat' dir='ltr'><strong>Deo</strong></span> 
     </span>
     <span class='ocr_line' id='line_1_8' title="bbox 543 951 2950 1031; baseline 0 -19"><span class='ocrx_word' id='word_1_81' title='bbox 543 974 682 1013; x_wconf 89' lang='lat' dir='ltr'><strong>vero</strong></span> <span class='ocrx_word' id='word_1_82' title='bbox 710 964 770 1013; x_wconf 90' lang='lat' dir='ltr'><strong>et</strong></span> <span class='ocrx_word' id='word_1_83' title='bbox 795 956 934 1013; x_wconf 88' lang='lat' dir='ltr'><strong>vivo</strong></span> <span class='ocrx_word' id='word_1_84' title='bbox 962 956 1299 1031; x_wconf 73' lang='lat' dir='ltr'><strong>serviamus,</strong></span> <span class='ocrx_word' id='word_1_85' title='bbox 1334 956 1487 1015; x_wconf 86' lang='lat' dir='ltr'><strong>Heb.</strong></span> <span class='ocrx_word' id='word_1_86' title='bbox 1536 954 1619 1012; x_wconf 85' lang='lat' dir='ltr'><strong>ix.</strong></span> <span class='ocrx_word' id='word_1_87' title='bbox 1671 956 1763 1027; x_wconf 88' lang='lat'><strong>14,</strong></span> <span class='ocrx_word' id='word_1_88' title='bbox 1789 951 1822 1010; x_wconf 91' lang='lat'>1</span> <span class='ocrx_word' id='word_1_89' title='bbox 1853 952 2059 1012; x_wconf 85' lang='lat' dir='ltr'><strong>Thess.</strong></span> <span class='ocrx_word' id='word_1_90' title='bbox 2087 952 2127 1011; x_wconf 90' lang='lat' dir='ltr'><strong>i.</strong></span> <span class='ocrx_word' id='word_1_91' title='bbox 2158 955 2192 1011; x_wconf 88' lang='grc'><strong>9</strong></span> <span class='ocrx_word' id='word_1_92' title='bbox 2212 955 2241 1012; x_wconf 99' lang='lat' dir='ltr'>P</span> <span class='ocrx_word' id='word_1_93' title='bbox 2283 952 2474 1027; x_wconf 90' lang='lat' dir='ltr'><strong>Quare</strong></span> <span class='ocrx_word' id='word_1_94' title='bbox 2522 973 2630 1013; x_wconf 88' lang='lat' dir='ltr'><strong>nos</strong></span> <span class='ocrx_word' id='word_1_95' title='bbox 2679 954 2950 1029; x_wconf 86' lang='lat' dir='ltr'><strong>salvavit,</strong></span> 
     </span>
     <span class='ocr_line' id='line_1_9' title="bbox 542 1030 2950 1112; baseline 0 -19"><span class='ocrx_word' id='word_1_96' title='bbox 542 1042 600 1093; x_wconf 83' lang='lat' dir='ltr'><strong>et</strong></span> <span class='ocrx_word' id='word_1_97' title='bbox 629 1054 774 1112; x_wconf 91' lang='lat' dir='ltr'><strong>opus</strong></span> <span class='ocrx_word' id='word_1_98' title='bbox 803 1054 970 1094; x_wconf 88' lang='lat' dir='ltr'><strong>suum</strong></span> <span class='ocrx_word' id='word_1_99' title='bbox 998 1034 1151 1111; x_wconf 87' lang='lat' dir='ltr'><strong>fecit,</strong></span> <span class='ocrx_word' id='word_1_100' title='bbox 1178 1036 1295 1094; x_wconf 88' lang='lat' dir='ltr'><strong>nisi</strong></span> <span class='ocrx_word' id='word_1_101' title='bbox 1321 1044 1387 1095; x_wconf 89' lang='lat' dir='ltr'><strong>ut</strong></span> <span class='ocrx_word' id='word_1_102' title='bbox 1414 1036 1487 1093; x_wconf 86' lang='lat' dir='ltr'><strong>ad</strong></span> <span class='ocrx_word' id='word_1_103' title='bbox 1514 1034 1669 1093; x_wconf 91' lang='lat' dir='ltr'><strong>bona</strong></span> <span class='ocrx_word' id='word_1_104' title='bbox 1712 1051 1887 1110; x_wconf 90' lang='lat' dir='ltr'><strong>opera</strong></span> <span class='ocrx_word' id='word_1_105' title='bbox 1911 1030 2220 1107; x_wconf 82' lang='lat' dir='ltr'><strong>reformati,</strong></span> <span class='ocrx_word' id='word_1_106' title='bbox 2251 1032 2312 1089; x_wconf 91' lang='lat' dir='ltr'><strong>in</strong></span> <span class='ocrx_word' id='word_1_107' title='bbox 2359 1032 2432 1092; x_wconf 90' lang='lat' dir='ltr'><strong>iis</strong></span> <span class='ocrx_word' id='word_1_108' title='bbox 2454 1033 2677 1111; x_wconf 86' lang='lat' dir='ltr'><strong>jugiter</strong></span> <span class='ocrx_word' id='word_1_109' title='bbox 2717 1033 2950 1093; x_wconf 87' lang='lat' dir='ltr'><strong>inceda-</strong></span> 
     </span>
     <span class='ocr_line' id='line_1_10' title="bbox 541 1111 2954 1192; baseline 0 -20"><span class='ocrx_word' id='word_1_110' title='bbox 541 1134 688 1189; x_wconf 85' lang='lat' dir='ltr'><strong>mus,</strong></span> <span class='ocrx_word' id='word_1_111' title='bbox 721 1114 872 1192; x_wconf 89' lang='lat' dir='ltr'><strong>Eph.</strong></span> <span class='ocrx_word' id='word_1_112' title='bbox 895 1114 954 1173; x_wconf 87' lang='lat' dir='ltr'><strong>ii.</strong></span> <span class='ocrx_word' id='word_1_113' title='bbox 990 1118 1065 1175; x_wconf 94' lang='lat'><strong>10</strong></span> <span class='ocrx_word' id='word_1_114' title='bbox 1084 1118 1113 1174; x_wconf 80' lang='lat' dir='ltr'>P</span> <span class='ocrx_word' id='word_1_115' title='bbox 1155 1115 1343 1190; x_wconf 83' lang='lat' dir='ltr'><strong>Quare</strong></span> <span class='ocrx_word' id='word_1_116' title='bbox 1371 1134 1479 1173; x_wconf 89' lang='lat' dir='ltr'><strong>nos</strong></span> <span class='ocrx_word' id='word_1_117' title='bbox 1505 1113 1748 1173; x_wconf 85' lang='lat' dir='ltr'><strong>redemit</strong></span> <span class='ocrx_word' id='word_1_118' title='bbox 1775 1112 1850 1171; x_wconf 91' lang='lat' dir='ltr'><strong>ab</strong></span> <span class='ocrx_word' id='word_1_119' title='bbox 1878 1111 2179 1190; x_wconf 79' lang='lat' dir='ltr'><strong>iniquitate</strong></span> <span class='ocrx_word' id='word_1_120' title='bbox 2197 1121 2255 1171; x_wconf 88' lang='lat' dir='ltr'><strong>et</strong></span> <span class='ocrx_word' id='word_1_121' title='bbox 2281 1112 2560 1189; x_wconf 86' lang='lat' dir='ltr'><strong>populum</strong></span> <span class='ocrx_word' id='word_1_122' title='bbox 2587 1113 2800 1191; x_wconf 87' lang='lat' dir='ltr'><strong>peculii</strong></span> <span class='ocrx_word' id='word_1_123' title='bbox 2835 1114 2954 1174; x_wconf 88' lang='lat' dir='ltr'><strong>sibi</strong></span> 
     </span>
     <span class='ocr_line' id='line_1_11' title="bbox 541 1191 2952 1273; baseline 0 -20"><span class='ocrx_word' id='word_1_124' title='bbox 541 1194 884 1271; x_wconf 86' lang='lat' dir='ltr'><strong>purificavit,</strong></span> <span class='ocrx_word' id='word_1_125' title='bbox 915 1193 1028 1253; x_wconf 86' lang='lat' dir='ltr'><strong>nisi</strong></span> <span class='ocrx_word' id='word_1_126' title='bbox 1055 1203 1121 1254; x_wconf 90' lang='lat' dir='ltr'><strong>ut</strong></span> <span class='ocrx_word' id='word_1_127' title='bbox 1146 1195 1431 1273; x_wconf 87' lang='lat' dir='ltr'><strong>purificati</strong></span> <span class='ocrx_word' id='word_1_128' title='bbox 1458 1215 1494 1253; x_wconf 92' lang='lat' dir='ltr'><strong>a</strong></span> <span class='ocrx_word' id='word_1_129' title='bbox 1522 1193 1788 1253; x_wconf 86' lang='lat' dir='ltr'><strong>sordibus</strong></span> <span class='ocrx_word' id='word_1_130' title='bbox 1815 1192 2046 1251; x_wconf 75' lang='lat' dir='ltr'><strong>accensi</strong></span> <span class='ocrx_word' id='word_1_131' title='bbox 2073 1191 2252 1251; x_wconf 87' lang='lat' dir='ltr'><strong>simus</strong></span> <span class='ocrx_word' id='word_1_132' title='bbox 2279 1192 2473 1252; x_wconf 88' lang='lat' dir='ltr'><strong>studio</strong></span> <span class='ocrx_word' id='word_1_133' title='bbox 2500 1192 2783 1253; x_wconf 90' lang='lat' dir='ltr'><strong>bonorum</strong></span> <span class='ocrx_word' id='word_1_134' title='bbox 2811 1212 2952 1271; x_wconf 88' lang='lat' dir='ltr'><strong>ope·</strong></span> 
     </span>
     <span class='ocr_line' id='line_1_12' title="bbox 540 1272 2948 1352; baseline 0 -19"><span class='ocrx_word' id='word_1_135' title='bbox 540 1293 687 1349; x_wconf 89' lang='lat' dir='ltr'><strong>rum,</strong></span> <span class='ocrx_word' id='word_1_136' title='bbox 718 1274 833 1333; x_wconf 86' lang='lat' dir='ltr'><strong>Tit.</strong></span> <span class='ocrx_word' id='word_1_137' title='bbox 863 1274 922 1333; x_wconf 90' lang='lat' dir='ltr'><strong>ii.</strong></span> <span class='ocrx_word' id='word_1_138' title='bbox 958 1278 1047 1351; x_wconf 85' lang='lat'><strong>14,</strong></span> <span class='ocrx_word' id='word_1_139' title='bbox 1078 1284 1137 1335; x_wconf 91' lang='lat' dir='ltr'><strong>et</strong></span> <span class='ocrx_word' id='word_1_140' title='bbox 1162 1275 1540 1352; x_wconf 70' lang='lat' dir='ltr'><strong>praedicemus</strong></span> <span class='ocrx_word' id='word_1_141' title='bbox 1565 1274 1812 1333; x_wconf 89' lang='lat' dir='ltr'><strong>virtutes</strong></span> <span class='ocrx_word' id='word_1_142' title='bbox 1855 1272 2014 1331; x_wconf 89' lang='lat' dir='ltr'><strong>illius</strong></span> <span class='ocrx_word' id='word_1_143' title='bbox 2055 1272 2154 1349; x_wconf 89' lang='lat' dir='ltr'><strong>qui</strong></span> <span class='ocrx_word' id='word_1_144' title='bbox 2184 1291 2219 1330; x_wconf 85' lang='lat' dir='ltr'><strong>a</strong></span> <span class='ocrx_word' id='word_1_145' title='bbox 2245 1272 2500 1331; x_wconf 88' lang='lat' dir='ltr'><strong>tenebris</strong></span> <span class='ocrx_word' id='word_1_146' title='bbox 2519 1272 2596 1333; x_wconf 87' lang='lat' dir='ltr'><strong>ad</strong></span> <span class='ocrx_word' id='word_1_147' title='bbox 2623 1272 2948 1333; x_wconf 87' lang='lat' dir='ltr'><strong>mirabilem</strong></span> 
     </span>
     <span class='ocr_line' id='line_1_13' title="bbox 540 1351 2950 1432; baseline 0.001 -21"><span class='ocrx_word' id='word_1_148' title='bbox 540 1352 729 1413; x_wconf 90' lang='lat' dir='ltr'><strong>lucem</strong></span> <span class='ocrx_word' id='word_1_149' title='bbox 758 1374 921 1413; x_wconf 90' lang='lat' dir='ltr'><strong>suam</strong></span> <span class='ocrx_word' id='word_1_150' title='bbox 948 1357 1199 1432; x_wconf 86' lang='lat' dir='ltr'><strong>vocavit,</strong></span> <span class='ocrx_word' id='word_1_151' title='bbox 1234 1359 1263 1414; x_wconf 94' lang='lat'>1</span> <span class='ocrx_word' id='word_1_152' title='bbox 1300 1356 1424 1415; x_wconf 90' lang='lat' dir='ltr'><strong>Pet.</strong></span> <span class='ocrx_word' id='word_1_153' title='bbox 1448 1355 1508 1413; x_wconf 90' lang='lat' dir='ltr'><strong>ii.</strong></span> <span class='ocrx_word' id='word_1_154' title='bbox 1538 1356 1574 1413; x_wconf 86' lang='grc'><strong>9</strong></span> <span class='ocrx_word' id='word_1_155' title='bbox 1595 1356 1626 1413; x_wconf 89' lang='lat' dir='ltr'>P</span> <span class='ocrx_word' id='word_1_156' title='bbox 1667 1354 1781 1428; x_wconf 91' lang='lat' dir='ltr'><strong>Qui</strong></span> <span class='ocrx_word' id='word_1_157' title='bbox 1824 1353 1971 1411; x_wconf 90' lang='lat' dir='ltr'><strong>fines</strong></span> <span class='ocrx_word' id='word_1_158' title='bbox 2013 1352 2165 1411; x_wconf 89' lang='lat' dir='ltr'><strong>inter</strong></span> <span class='ocrx_word' id='word_1_159' title='bbox 2191 1351 2338 1411; x_wconf 88' lang='lat' dir='ltr'><strong>alios</strong></span> <span class='ocrx_word' id='word_1_160' title='bbox 2387 1352 2619 1413; x_wconf 86' lang='lat' dir='ltr'><strong>Christo</strong></span> <span class='ocrx_word' id='word_1_161' title='bbox 2651 1353 2950 1425; x_wconf 76' lang='lat' dir='ltr'><strong>Servatori</strong></span> 
     </span>
     <span class='ocr_line' id='line_1_14' title="bbox 538 1434 2947 1593; baseline 0.001 -22"><span class='ocrx_word' id='word_1_162' title='bbox 538 1434 1108 1574; x_wconf 51' lang='grc' dir='ltr'>Ρΐῖῐέοὶὲῗιὶέαθῖῗιιέζ</span> <span class='ocrx_word' id='word_1_163' title='bbox 1120 1444 1315 1593; x_wconf 39' lang='lat' dir='ltr'><strong>ngat&amp;</strong></span> <span class='ocrx_word' id='word_1_164' title='bbox 1328 1434 1739 1593; x_wconf 48' lang='grc' dir='ltr'>Ἕῗιῖιιιῑιιιμὲἓὶῐιιεῗ).</span> <span class='ocrx_word' id='word_1_165' title='bbox 1779 1511 2130 1571; x_wconf 88' lang='lat' dir='ltr'><strong>contendant</strong></span> <span class='ocrx_word' id='word_1_166' title='bbox 2175 1511 2534 1588; x_wconf 88' lang='lat' dir='ltr'><strong>Adversarii,</strong></span> <span class='ocrx_word' id='word_1_167' title='bbox 2587 1532 2693 1590; x_wconf 90' lang='lat' dir='ltr'><strong>per</strong></span> <span class='ocrx_word' id='word_1_168' title='bbox 2733 1512 2947 1573; x_wconf 80' lang='lat' dir='ltr'><strong>doctri·</strong></span> 
     </span>
     <span class='ocr_line' id='line_1_15' title="bbox 540 1590 2948 1671; baseline 0.001 -22"><span class='ocrx_word' id='word_1_169' title='bbox 540 1612 676 1651; x_wconf 87' lang='lat' dir='ltr'><strong>nam</strong></span> <span class='ocrx_word' id='word_1_170' title='bbox 718 1594 1127 1654; x_wconf 79' lang='lat' dir='ltr'><strong>satisfactionis</strong></span> <span class='ocrx_word' id='word_1_171' title='bbox 1167 1595 1477 1653; x_wconf 82' lang='lat' dir='ltr'><strong>fenestram</strong></span> <span class='ocrx_word' id='word_1_172' title='bbox 1511 1593 1721 1671; x_wconf 87' lang='lat' dir='ltr'><strong>aperiri</strong></span> <span class='ocrx_word' id='word_1_173' title='bbox 1758 1592 1834 1651; x_wconf 89' lang='lat' dir='ltr'><strong>ad</strong></span> <span class='ocrx_word' id='word_1_174' title='bbox 1869 1590 2242 1669; x_wconf 89' lang='lat' dir='ltr'><strong>peccandum,</strong></span> <span class='ocrx_word' id='word_1_175' title='bbox 2273 1600 2332 1652; x_wconf 91' lang='lat' dir='ltr'><strong>et</strong></span> <span class='ocrx_word' id='word_1_176' title='bbox 2359 1590 2681 1651; x_wconf 88' lang='lat' dir='ltr'><strong>socordiam</strong></span> <span class='ocrx_word' id='word_1_177' title='bbox 2709 1600 2768 1651; x_wconf 91' lang='lat' dir='ltr'><strong>et</strong></span> <span class='ocrx_word' id='word_1_178' title='bbox 2795 1592 2948 1652; x_wconf 86' lang='lat' dir='ltr'><strong>desi·</strong></span> 
     </span>
     <span class='ocr_line' id='line_1_16' title="bbox 541 1672 2948 1754; baseline 0.001 -25"><span class='ocrx_word' id='word_1_179' title='bbox 541 1672 695 1729; x_wconf 88' lang='lat' dir='ltr'><strong>diam</strong></span> <span class='ocrx_word' id='word_1_180' title='bbox 744 1673 945 1748; x_wconf 85' lang='lat' dir='ltr'><strong>foveri,</strong></span> <span class='ocrx_word' id='word_1_181' title='bbox 994 1693 1127 1732; x_wconf 88' lang='lat' dir='ltr'><strong>cum</strong></span> <span class='ocrx_word' id='word_1_182' title='bbox 1172 1674 1395 1733; x_wconf 87' lang='lat' dir='ltr'><strong>nullum</strong></span> <span class='ocrx_word' id='word_1_183' title='bbox 1438 1672 1732 1751; x_wconf 88' lang='lat' dir='ltr'><strong>potentius</strong></span> <span class='ocrx_word' id='word_1_184' title='bbox 1777 1672 2150 1747; x_wconf 88' lang='lat' dir='ltr'><strong>incentivum,</strong></span> <span class='ocrx_word' id='word_1_185' title='bbox 2195 1672 2419 1731; x_wconf 83' lang='lat' dir='ltr'><strong>nullum</strong></span> <span class='ocrx_word' id='word_1_186' title='bbox 2464 1672 2754 1731; x_wconf 86' lang='lat' dir='ltr'><strong>efficacius</strong></span> <span class='ocrx_word' id='word_1_187' title='bbox 2795 1675 2948 1754; x_wconf 64' lang='grc' dir='ltr'><strong>ὅςμη-</strong></span> 
     </span>
     <span class='ocr_line' id='line_1_17' title="bbox 540 1751 2948 1831; baseline 0.002 -23"><span class='ocrx_word' id='word_1_188' title='bbox 540 1754 691 1831; x_wconf 67' lang='grc' dir='ltr'>πίςιον</span> <span class='ocrx_word' id='word_1_189' title='bbox 732 1751 807 1809; x_wconf 92' lang='lat' dir='ltr'><strong>ad</strong></span> <span class='ocrx_word' id='word_1_190' title='bbox 847 1752 1117 1829; x_wconf 85' lang='lat' dir='ltr'><strong>pietatem</strong></span> <span class='ocrx_word' id='word_1_191' title='bbox 1156 1761 1217 1811; x_wconf 91' lang='lat' dir='ltr'><strong>et</strong></span> <span class='ocrx_word' id='word_1_192' title='bbox 1256 1754 1617 1813; x_wconf 81' lang='lat' dir='ltr'><strong>sanctitatem</strong></span> <span class='ocrx_word' id='word_1_193' title='bbox 1653 1751 1948 1829; x_wconf 87' lang='lat' dir='ltr'><strong>Scriptura</strong></span> <span class='ocrx_word' id='word_1_194' title='bbox 1977 1770 2232 1827; x_wconf 88' lang='lat' dir='ltr'><strong>unquam</strong></span> <span class='ocrx_word' id='word_1_195' title='bbox 2265 1760 2564 1830; x_wconf 85' lang='lat' dir='ltr'><strong>proponat,</strong></span> <span class='ocrx_word' id='word_1_196' title='bbox 2607 1752 2948 1831; x_wconf 89' lang='lat' dir='ltr'><strong>nullumque</strong></span> 
     </span>
     <span class='ocr_line' id='line_1_18' title="bbox 541 1829 2947 1910; baseline 0.001 -20"><span class='ocrx_word' id='word_1_197' title='bbox 541 1832 619 1890; x_wconf 87' lang='lat' dir='ltr'><strong>sit</strong></span> <span class='ocrx_word' id='word_1_198' title='bbox 664 1830 855 1908; x_wconf 86' lang='lat' dir='ltr'><strong>reipsa</strong></span> <span class='ocrx_word' id='word_1_199' title='bbox 899 1833 1089 1909; x_wconf 88' lang='lat' dir='ltr'><strong>majus</strong></span> <span class='ocrx_word' id='word_1_200' title='bbox 1134 1833 1246 1891; x_wconf 89' lang='lat' dir='ltr'><strong>hac</strong></span> <span class='ocrx_word' id='word_1_201' title='bbox 1292 1833 1544 1910; x_wconf 87' lang='lat' dir='ltr'><strong>pretiosa</strong></span> <span class='ocrx_word' id='word_1_202' title='bbox 1572 1830 1788 1889; x_wconf 88' lang='lat' dir='ltr'><strong>Christi</strong></span> <span class='ocrx_word' id='word_1_203' title='bbox 1835 1829 2242 1907; x_wconf 86' lang='lat' dir='ltr'><strong>satisfactione,</strong></span> <span class='ocrx_word' id='word_1_204' title='bbox 2293 1831 2468 1910; x_wconf 89' lang='lat' dir='ltr'><strong>idque</strong></span> <span class='ocrx_word' id='word_1_205' title='bbox 2517 1832 2947 1893; x_wconf 83' lang='lat' dir='ltr'><strong>diversimode:</strong></span> 
     </span>
     <span class='ocr_line' id='line_1_19' title="bbox 544 1909 2947 1990; baseline 0.001 -22"><span class='ocrx_word' id='word_1_206' title='bbox 544 1914 597 1969; x_wconf 88' lang='lat'><strong>1.</strong></span> <span class='ocrx_word' id='word_1_207' title='bbox 642 1909 701 1967; x_wconf 89' lang='lat' dir='ltr'>A</span> <span class='ocrx_word' id='word_1_208' title='bbox 716 1912 841 1989; x_wconf 80' lang='lat' dir='ltr'><strong>fine</strong></span> <span class='ocrx_word' id='word_1_209' title='bbox 868 1913 1062 1971; x_wconf 77' lang='lat' dir='ltr'><strong>mortis</strong></span> <span class='ocrx_word' id='word_1_210' title='bbox 1093 1912 1318 1987; x_wconf 70' lang='lat' dir='ltr'><strong>Christi,</strong></span> <span class='ocrx_word' id='word_1_211' title='bbox 1366 1932 1499 1972; x_wconf 90' lang='lat' dir='ltr'><strong>cum</strong></span> <span class='ocrx_word' id='word_1_212' title='bbox 1542 1910 1696 1970; x_wconf 89' lang='lat' dir='ltr'><strong>enim</strong></span> <span class='ocrx_word' id='word_1_213' title='bbox 1738 1910 1836 1969; x_wconf 89' lang='lat' dir='ltr'><strong>hic</strong></span> <span class='ocrx_word' id='word_1_214' title='bbox 1877 1909 2011 1969; x_wconf 88' lang='lat' dir='ltr'><strong>finis</strong></span> <span class='ocrx_word' id='word_1_215' title='bbox 2050 1910 2279 1971; x_wconf 88' lang='lat' dir='ltr'><strong>Christo</strong></span> <span class='ocrx_word' id='word_1_216' title='bbox 2316 1912 2646 1990; x_wconf 87' lang='lat' dir='ltr'><strong>propositus</strong></span> <span class='ocrx_word' id='word_1_217' title='bbox 2689 1912 2782 1987; x_wconf 88' lang='lat' dir='ltr'><strong>sit,</strong></span> <span class='ocrx_word' id='word_1_218' title='bbox 2824 1932 2947 1971; x_wconf 91' lang='lat' dir='ltr'><strong>non</strong></span> 
     </span>
     <span class='ocr_line' id='line_1_20' title="bbox 538 1990 2946 2071; baseline 0.001 -22"><span class='ocrx_word' id='word_1_219' title='bbox 538 1990 711 2049; x_wconf 88' lang='lat' dir='ltr'><strong>modo</strong></span> <span class='ocrx_word' id='word_1_220' title='bbox 738 2000 804 2050; x_wconf 89' lang='lat' dir='ltr'><strong>ut</strong></span> <span class='ocrx_word' id='word_1_221' title='bbox 830 2011 934 2069; x_wconf 86' lang='lat' dir='ltr'><strong>pro</strong></span> <span class='ocrx_word' id='word_1_222' title='bbox 964 1992 1130 2051; x_wconf 89' lang='lat' dir='ltr'><strong>nobis</strong></span> <span class='ocrx_word' id='word_1_223' title='bbox 1158 1991 1530 2068; x_wconf 87' lang='lat' dir='ltr'><strong>satisfaceret,</strong></span> <span class='ocrx_word' id='word_1_224' title='bbox 1562 1990 1666 2050; x_wconf 90' lang='lat' dir='ltr'><strong>sed</strong></span> <span class='ocrx_word' id='word_1_225' title='bbox 1691 1990 1865 2071; x_wconf 82' lang='lat' dir='ltr'><strong>etiam</strong></span> <span class='ocrx_word' id='word_1_226' title='bbox 1893 1997 1958 2049; x_wconf 90' lang='lat' dir='ltr'><strong>ut</strong></span> <span class='ocrx_word' id='word_1_227' title='bbox 1984 2009 2092 2049; x_wconf 90' lang='lat' dir='ltr'><strong>nos</strong></span> <span class='ocrx_word' id='word_1_228' title='bbox 2119 1991 2521 2066; x_wconf 88' lang='lat' dir='ltr'><strong>sanctificaret,</strong></span> <span class='ocrx_word' id='word_1_229' title='bbox 2543 2000 2603 2051; x_wconf 89' lang='lat' dir='ltr'><strong>et</strong></span> <span class='ocrx_word' id='word_1_230' title='bbox 2631 2000 2946 2053; x_wconf 84' lang='lat' dir='ltr'><strong>sectatores</strong></span> 
     </span>
     <span class='ocr_line' id='line_1_21' title="bbox 537 2069 2943 2149; baseline 0 -19"><span class='ocrx_word' id='word_1_231' title='bbox 537 2071 820 2131; x_wconf 89' lang='lat' dir='ltr'><strong>bonorum</strong></span> <span class='ocrx_word' id='word_1_232' title='bbox 864 2092 1101 2149; x_wconf 88' lang='lat' dir='ltr'><strong>operum</strong></span> <span class='ocrx_word' id='word_1_233' title='bbox 1143 2072 1424 2149; x_wconf 90' lang='lat' dir='ltr'><strong>redderet,</strong></span> <span class='ocrx_word' id='word_1_234' title='bbox 1469 2071 1766 2148; x_wconf 88' lang='lat' dir='ltr'><strong>exemplar</strong></span> <span class='ocrx_word' id='word_1_235' title='bbox 1804 2070 1974 2129; x_wconf 86' lang='lat' dir='ltr'><strong>nobis</strong></span> <span class='ocrx_word' id='word_1_236' title='bbox 2009 2069 2318 2148; x_wconf 79' lang='lat' dir='ltr'><strong>praebendo</strong></span> <span class='ocrx_word' id='word_1_237' title='bbox 2359 2071 2517 2147; x_wconf 90' lang='lat' dir='ltr'><strong>quod</strong></span> <span class='ocrx_word' id='word_1_238' title='bbox 2554 2091 2943 2149; x_wconf 84' lang='lat' dir='ltr'><strong>sequeremur,</strong></span> 
     </span>
     <span class='ocr_line' id='line_1_22' title="bbox 546 2149 2946 2232; baseline 0.001 -23"><span class='ocrx_word' id='word_1_239' title='bbox 546 2154 575 2209; x_wconf 94' lang='lat'>1</span> <span class='ocrx_word' id='word_1_240' title='bbox 611 2152 738 2211; x_wconf 85' lang='lat' dir='ltr'><strong>Pet.</strong></span> <span class='ocrx_word' id='word_1_241' title='bbox 768 2152 828 2209; x_wconf 89' lang='lat' dir='ltr'><strong>ii.</strong></span> <span class='ocrx_word' id='word_1_242' title='bbox 858 2155 954 2228; x_wconf 85' lang='lat'><strong>21,</strong></span> <span class='ocrx_word' id='word_1_243' title='bbox 985 2153 1100 2212; x_wconf 87' lang='lat' dir='ltr'><strong>Tit.</strong></span> <span class='ocrx_word' id='word_1_244' title='bbox 1130 2154 1189 2213; x_wconf 87' lang='lat' dir='ltr'><strong>ii.</strong></span> <span class='ocrx_word' id='word_1_245' title='bbox 1214 2156 1321 2232; x_wconf 86' lang='lat'><strong>14;</strong></span> <span class='ocrx_word' id='word_1_246' title='bbox 1352 2152 1467 2213; x_wconf 88' lang='lat' dir='ltr'><strong>nisi</strong></span> <span class='ocrx_word' id='word_1_247' title='bbox 1492 2152 1742 2212; x_wconf 86' lang='lat' dir='ltr'><strong>velimus</strong></span> <span class='ocrx_word' id='word_1_248' title='bbox 1771 2150 2064 2209; x_wconf 89' lang='lat' dir='ltr'><strong>Christum</strong></span> <span class='ocrx_word' id='word_1_249' title='bbox 2090 2149 2204 2209; x_wconf 88' lang='lat' dir='ltr'><strong>fine</strong></span> <span class='ocrx_word' id='word_1_250' title='bbox 2234 2170 2338 2209; x_wconf 90' lang='lat' dir='ltr'><strong>suo</strong></span> <span class='ocrx_word' id='word_1_251' title='bbox 2365 2150 2670 2227; x_wconf 79' lang='lat' dir='ltr'><strong>excidisse,</strong></span> <span class='ocrx_word' id='word_1_252' title='bbox 2709 2160 2769 2211; x_wconf 92' lang='lat' dir='ltr'><strong>et</strong></span> <span class='ocrx_word' id='word_1_253' title='bbox 2793 2152 2946 2212; x_wconf 83' lang='lat' dir='ltr'><strong>frus·</strong></span> 
     </span>
     <span class='ocr_line' id='line_1_23' title="bbox 536 2228 2946 2310; baseline 0.001 -19"><span class='ocrx_word' id='word_1_254' title='bbox 536 2240 627 2291; x_wconf 87' lang='lat' dir='ltr'><strong>tra</strong></span> <span class='ocrx_word' id='word_1_255' title='bbox 654 2242 943 2293; x_wconf 90' lang='lat' dir='ltr'><strong>mortuum</strong></span> <span class='ocrx_word' id='word_1_256' title='bbox 968 2252 1114 2309; x_wconf 88' lang='lat' dir='ltr'><strong>esse,</strong></span> <span class='ocrx_word' id='word_1_257' title='bbox 1138 2253 1283 2310; x_wconf 90' lang='lat' dir='ltr'><strong>opus</strong></span> <span class='ocrx_word' id='word_1_258' title='bbox 1312 2242 1401 2293; x_wconf 89' lang='lat' dir='ltr'><strong>est</strong></span> <span class='ocrx_word' id='word_1_259' title='bbox 1426 2241 1493 2293; x_wconf 91' lang='lat' dir='ltr'><strong>ut</strong></span> <span class='ocrx_word' id='word_1_260' title='bbox 1520 2230 1811 2292; x_wconf 87' lang='lat' dir='ltr'><strong>sanctitati</strong></span> <span class='ocrx_word' id='word_1_261' title='bbox 1841 2228 2207 2308; x_wconf 85' lang='lat' dir='ltr'><strong>studeamus;</strong></span> <span class='ocrx_word' id='word_1_262' title='bbox 2248 2230 2350 2288; x_wconf 89' lang='lat' dir='ltr'><strong>An</strong></span> <span class='ocrx_word' id='word_1_263' title='bbox 2375 2239 2636 2290; x_wconf 88' lang='lat' dir='ltr'><strong>mortuus</strong></span> <span class='ocrx_word' id='word_1_264' title='bbox 2657 2240 2810 2291; x_wconf 89' lang='lat' dir='ltr'><strong>esset</strong></span> <span class='ocrx_word' id='word_1_265' title='bbox 2835 2251 2946 2309; x_wconf 77' lang='lat' dir='ltr'><strong>pro</strong></span> 
     </span>
     <span class='ocr_line' id='line_1_24' title="bbox 535 2310 2946 2389; baseline 0.001 -20"><span class='ocrx_word' id='word_1_266' title='bbox 535 2312 806 2388; x_wconf 89' lang='lat' dir='ltr'><strong>peccatis,</strong></span> <span class='ocrx_word' id='word_1_267' title='bbox 838 2321 903 2371; x_wconf 90' lang='lat' dir='ltr'><strong>ut</strong></span> <span class='ocrx_word' id='word_1_268' title='bbox 927 2312 989 2369; x_wconf 92' lang='lat' dir='ltr'><strong>in</strong></span> <span class='ocrx_word' id='word_1_269' title='bbox 1015 2313 1267 2389; x_wconf 89' lang='lat' dir='ltr'><strong>peccatis</strong></span> <span class='ocrx_word' id='word_1_270' title='bbox 1294 2331 1646 2387; x_wconf 88' lang='lat' dir='ltr'><strong>maneamus,</strong></span> <span class='ocrx_word' id='word_1_271' title='bbox 1687 2330 1880 2369; x_wconf 88' lang='lat' dir='ltr'><strong>annon</strong></span> <span class='ocrx_word' id='word_1_272' title='bbox 1915 2310 2108 2387; x_wconf 88' lang='lat' dir='ltr'><strong>potius</strong></span> <span class='ocrx_word' id='word_1_273' title='bbox 2134 2318 2202 2369; x_wconf 89' lang='lat' dir='ltr'><strong>ut</strong></span> <span class='ocrx_word' id='word_1_274' title='bbox 2227 2310 2299 2369; x_wconf 89' lang='lat' dir='ltr'><strong>iis</strong></span> <span class='ocrx_word' id='word_1_275' title='bbox 2326 2311 2600 2370; x_wconf 87' lang='lat' dir='ltr'><strong>nuncium</strong></span> <span class='ocrx_word' id='word_1_276' title='bbox 2626 2311 2946 2389; x_wconf 87' lang='lat' dir='ltr'><strong>mittamus,</strong></span> 
     </span>
     <span class='ocr_line' id='line_1_25' title="bbox 513 2386 2948 2469; baseline 0.001 -21"><span class='ocrx_word' id='word_1_277' title='bbox 513 2386 715 2466; x_wconf 72' lang='lat' dir='ltr'><strong>&#39;utque</strong></span> <span class='ocrx_word' id='word_1_278' title='bbox 753 2391 999 2468; x_wconf 88' lang='lat' dir='ltr'><strong>amplius</strong></span> <span class='ocrx_word' id='word_1_279' title='bbox 1042 2392 1113 2450; x_wconf 89' lang='lat' dir='ltr'><strong>iis</strong></span> <span class='ocrx_word' id='word_1_280' title='bbox 1156 2391 1219 2449; x_wconf 89' lang='lat' dir='ltr'><strong>in</strong></span> <span class='ocrx_word' id='word_1_281' title='bbox 1263 2401 1539 2451; x_wconf 62' lang='lat' dir='ltr'><strong>aeternum</strong></span> <span class='ocrx_word' id='word_1_282' title='bbox 1581 2410 1699 2450; x_wconf 91' lang='lat' dir='ltr'><strong>non</strong></span> <span class='ocrx_word' id='word_1_283' title='bbox 1743 2390 2061 2449; x_wconf 86' lang='lat' dir='ltr'><strong>serviamus</strong></span> <span class='ocrx_word' id='word_1_284' title='bbox 2081 2392 2110 2448; x_wconf 89' lang='lat' dir='ltr'>P</span> <span class='ocrx_word' id='word_1_285' title='bbox 2149 2390 2318 2462; x_wconf 87' lang='lat' dir='ltr'><strong>Rom.</strong></span> <span class='ocrx_word' id='word_1_286' title='bbox 2347 2390 2427 2450; x_wconf 89' lang='lat' dir='ltr'><strong>vi.</strong></span> <span class='ocrx_word' id='word_1_287' title='bbox 2462 2393 2556 2450; x_wconf 88' lang='lat'><strong>18.</strong></span> <span class='ocrx_word' id='word_1_288' title='bbox 2621 2390 2818 2469; x_wconf 89' lang='lat' dir='ltr'><strong>Atque</strong></span> <span class='ocrx_word' id='word_1_289' title='bbox 2843 2392 2948 2452; x_wconf 87' lang='lat' dir='ltr'><strong>hic</strong></span> 
     </span>
     <span class='ocr_line' id='line_1_26' title="bbox 541 2468 2947 2548; baseline 0 -21"><span class='ocrx_word' id='word_1_290' title='bbox 541 2468 737 2527; x_wconf 86' lang='lat' dir='ltr'><strong>Socini</strong></span> <span class='ocrx_word' id='word_1_291' title='bbox 778 2469 964 2528; x_wconf 88' lang='lat' dir='ltr'><strong>simile</strong></span> <span class='ocrx_word' id='word_1_292' title='bbox 1005 2471 1067 2527; x_wconf 89' lang='lat' dir='ltr'><strong>in</strong></span> <span class='ocrx_word' id='word_1_293' title='bbox 1108 2471 1297 2547; x_wconf 89' lang='lat' dir='ltr'><strong>ipsum</strong></span> <span class='ocrx_word' id='word_1_294' title='bbox 1338 2479 1774 2547; x_wconf 86' lang='lat' dir='ltr'><strong>retorquemus;</strong></span> <span class='ocrx_word' id='word_1_295' title='bbox 1823 2469 1972 2526; x_wconf 90' lang='lat' dir='ltr'><strong>Nam</strong></span> <span class='ocrx_word' id='word_1_296' title='bbox 2013 2468 2065 2527; x_wconf 90' lang='lat' dir='ltr'><strong>is</strong></span> <span class='ocrx_word' id='word_1_297' title='bbox 2101 2469 2202 2546; x_wconf 88' lang='lat' dir='ltr'><strong>qui</strong></span> <span class='ocrx_word' id='word_1_298' title='bbox 2239 2470 2476 2530; x_wconf 88' lang='lat' dir='ltr'><strong>alterius</strong></span> <span class='ocrx_word' id='word_1_299' title='bbox 2513 2470 2710 2530; x_wconf 89' lang='lat' dir='ltr'><strong>debita</strong></span> <span class='ocrx_word' id='word_1_300' title='bbox 2745 2470 2947 2548; x_wconf 87' lang='lat' dir='ltr'><strong>solvit,</strong></span> 
     </span>
     <span class='ocr_line' id='line_1_27' title="bbox 537 2548 2946 2628; baseline 0.002 -23"><span class='ocrx_word' id='word_1_301' title='bbox 537 2548 687 2606; x_wconf 88' lang='lat' dir='ltr'><strong>serio</strong></span> <span class='ocrx_word' id='word_1_302' title='bbox 714 2548 859 2619; x_wconf 87' lang='lat' dir='ltr'><strong>vult,</strong></span> <span class='ocrx_word' id='word_1_303' title='bbox 899 2548 951 2607; x_wconf 89' lang='lat' dir='ltr'><strong>si</strong></span> <span class='ocrx_word' id='word_1_304' title='bbox 992 2548 1137 2608; x_wconf 85' lang='lat' dir='ltr'><strong>alias</strong></span> <span class='ocrx_word' id='word_1_305' title='bbox 1181 2550 1437 2609; x_wconf 82' lang='lat' dir='ltr'><strong>sincerus</strong></span> <span class='ocrx_word' id='word_1_306' title='bbox 1481 2558 1572 2609; x_wconf 90' lang='lat' dir='ltr'><strong>est</strong></span> <span class='ocrx_word' id='word_1_307' title='bbox 1614 2548 1850 2623; x_wconf 88' lang='lat' dir='ltr'><strong>amicus,</strong></span> <span class='ocrx_word' id='word_1_308' title='bbox 1891 2554 1958 2606; x_wconf 90' lang='lat' dir='ltr'><strong>ut</strong></span> <span class='ocrx_word' id='word_1_309' title='bbox 2001 2549 2224 2608; x_wconf 86' lang='lat' dir='ltr'><strong>nullum</strong></span> <span class='ocrx_word' id='word_1_310' title='bbox 2262 2550 2536 2628; x_wconf 87' lang='lat' dir='ltr'><strong>deinceps</strong></span> <span class='ocrx_word' id='word_1_311' title='bbox 2573 2570 2652 2610; x_wconf 82' lang='lat' dir='ltr'><strong>aes</strong></span> <span class='ocrx_word' id='word_1_312' title='bbox 2689 2550 2946 2611; x_wconf 89' lang='lat' dir='ltr'><strong>alienum</strong></span> 
     </span>
     <span class='ocr_line' id='line_1_28' title="bbox 536 2627 2948 2708; baseline 0.002 -23"><span class='ocrx_word' id='word_1_313' title='bbox 536 2628 874 2705; x_wconf 84' lang='lat' dir='ltr'><strong>contrahat3</strong></span> <span class='ocrx_word' id='word_1_314' title='bbox 925 2627 1009 2687; x_wconf 89' lang='lat' dir='ltr'><strong>sic</strong></span> <span class='ocrx_word' id='word_1_315' title='bbox 1038 2629 1252 2689; x_wconf 86' lang='lat' dir='ltr'><strong>Christi</strong></span> <span class='ocrx_word' id='word_1_316' title='bbox 1294 2630 1619 2689; x_wconf 88' lang='lat' dir='ltr'><strong>liberatoris</strong></span> <span class='ocrx_word' id='word_1_317' title='bbox 1663 2628 1847 2687; x_wconf 89' lang='lat' dir='ltr'><strong>nostri</strong></span> <span class='ocrx_word' id='word_1_318' title='bbox 1887 2627 2160 2688; x_wconf 87' lang='lat' dir='ltr'><strong>voluntas</strong></span> <span class='ocrx_word' id='word_1_319' title='bbox 2205 2638 2310 2705; x_wconf 87' lang='lat' dir='ltr'><strong>est,</strong></span> <span class='ocrx_word' id='word_1_320' title='bbox 2358 2638 2423 2689; x_wconf 85' lang='lat' dir='ltr'><strong>ut</strong></span> <span class='ocrx_word' id='word_1_321' title='bbox 2459 2632 2731 2708; x_wconf 87' lang='lat' dir='ltr'><strong>quoniam</strong></span> <span class='ocrx_word' id='word_1_322' title='bbox 2759 2632 2948 2691; x_wconf 87' lang='lat' dir='ltr'><strong>semel</strong></span> 
     </span>
     <span class='ocr_line' id='line_1_29' title="bbox 534 2707 2946 2787; baseline 0.002 -21"><span class='ocrx_word' id='word_1_323' title='bbox 534 2726 640 2785; x_wconf 86' lang='lat' dir='ltr'><strong>pro</strong></span> <span class='ocrx_word' id='word_1_324' title='bbox 667 2708 835 2767; x_wconf 90' lang='lat' dir='ltr'><strong>nobis</strong></span> <span class='ocrx_word' id='word_1_325' title='bbox 864 2708 1158 2784; x_wconf 86' lang='lat' dir='ltr'><strong>satisfecit,</strong></span> <span class='ocrx_word' id='word_1_326' title='bbox 1197 2729 1271 2768; x_wconf 91' lang='lat' dir='ltr'><strong>ne</strong></span> <span class='ocrx_word' id='word_1_327' title='bbox 1296 2729 1515 2769; x_wconf 87' lang='lat' dir='ltr'><strong>novum</strong></span> <span class='ocrx_word' id='word_1_328' title='bbox 1543 2709 1802 2769; x_wconf 87' lang='lat' dir='ltr'><strong>debitum</strong></span> <span class='ocrx_word' id='word_1_329' title='bbox 1829 2707 2254 2787; x_wconf 81' lang='lat' dir='ltr'><strong>contrahamus,</strong></span> <span class='ocrx_word' id='word_1_330' title='bbox 2293 2718 2352 2770; x_wconf 92' lang='lat' dir='ltr'><strong>et</strong></span> <span class='ocrx_word' id='word_1_331' title='bbox 2379 2710 2569 2770; x_wconf 89' lang='lat' dir='ltr'><strong>denuo</strong></span> <span class='ocrx_word' id='word_1_332' title='bbox 2598 2710 2697 2771; x_wconf 71' lang='lat' dir='ltr'><strong>irae</strong></span> <span class='ocrx_word' id='word_1_333' title='bbox 2725 2709 2946 2771; x_wconf 80' lang='lat' dir='ltr'><strong>divinae</strong></span> 
     </span>
     <span class='ocr_line' id='line_1_30' title="bbox 536 2786 2945 2868; baseline 0.002 -22"><span class='ocrx_word' id='word_1_334' title='bbox 536 2786 945 2866; x_wconf 83' lang='lat' dir='ltr'><strong>subjiciamur3</strong></span> <span class='ocrx_word' id='word_1_335' title='bbox 1001 2789 1145 2849; x_wconf 89' lang='lat' dir='ltr'><strong>dicit</strong></span> <span class='ocrx_word' id='word_1_336' title='bbox 1190 2790 1461 2851; x_wconf 90' lang='lat' dir='ltr'><strong>omnibus</strong></span> <span class='ocrx_word' id='word_1_337' title='bbox 1506 2790 1668 2868; x_wconf 91' lang='lat' dir='ltr'><strong>quod</strong></span> <span class='ocrx_word' id='word_1_338' title='bbox 1714 2788 1854 2848; x_wconf 91' lang='lat' dir='ltr'><strong>olim</strong></span> <span class='ocrx_word' id='word_1_339' title='bbox 1899 2787 2236 2865; x_wconf 79' lang='lat' dir='ltr'><strong>paralytieO,</strong></span> <span class='ocrx_word' id='word_1_340' title='bbox 2283 2790 2328 2849; x_wconf 88' lang='lat' dir='ltr'><strong>J</strong></span> <span class='ocrx_word' id='word_1_341' title='bbox 2331 2790 2426 2849; x_wconf 89' lang='lat' dir='ltr'><strong>oh.</strong></span> <span class='ocrx_word' id='word_1_342' title='bbox 2469 2811 2529 2849; x_wconf 92' lang='lat' dir='ltr'><strong>v.</strong></span> <span class='ocrx_word' id='word_1_343' title='bbox 2579 2794 2672 2865; x_wconf 87' lang='lat'><strong>14,</strong></span> <span class='ocrx_word' id='word_1_344' title='bbox 2726 2792 2763 2822; x_wconf 91' lang='lat'><strong>“</strong></span> <span class='ocrx_word' id='word_1_345' title='bbox 2783 2788 2945 2851; x_wconf 86' lang='lat' dir='ltr'><strong>Ecce</strong></span> 
     </span>
     <span class='ocr_line' id='line_1_31' title="bbox 534 2867 2943 2962; baseline 0.001 -35"><span class='ocrx_word' id='word_1_346' title='bbox 534 2869 808 2928; x_wconf 86' lang='lat' dir='ltr'><strong>sanatus”</strong></span> <span class='ocrx_word' id='word_1_347' title='bbox 853 2878 913 2929; x_wconf 88' lang='lat' dir='ltr'><strong>et</strong></span> <span class='ocrx_word' id='word_1_348' title='bbox 953 2869 1231 2930; x_wconf 88' lang='lat' dir='ltr'><strong>liberatus</strong></span> <span class='ocrx_word' id='word_1_349' title='bbox 1274 2872 1311 2904; x_wconf 90' lang='lat'><strong>“</strong></span> <span class='ocrx_word' id='word_1_350' title='bbox 1340 2891 1420 2947; x_wconf 89' lang='lat' dir='ltr'><strong>es,</strong></span> <span class='ocrx_word' id='word_1_351' title='bbox 1460 2870 1630 2945; x_wconf 88' lang='lat' dir='ltr'><strong>vade,</strong></span> <span class='ocrx_word' id='word_1_352' title='bbox 1675 2888 1748 2927; x_wconf 92' lang='lat' dir='ltr'><strong>ne</strong></span> <span class='ocrx_word' id='word_1_353' title='bbox 1792 2886 1996 2947; x_wconf 84' lang='lat' dir='ltr'><strong>pecces</strong></span> <span class='ocrx_word' id='word_1_354' title='bbox 2033 2869 2296 2945; x_wconf 85' lang='lat' dir='ltr'><strong>amplius,</strong></span> <span class='ocrx_word' id='word_1_355' title='bbox 2343 2890 2418 2929; x_wconf 89' lang='lat' dir='ltr'><strong>ne</strong></span> <span class='ocrx_word' id='word_1_356' title='bbox 2455 2867 2596 2948; x_wconf 89' lang='lat' dir='ltr'><strong>quid</strong></span> <span class='ocrx_word' id='word_1_357' title='bbox 2632 2870 2801 2962; x_wconf 86' lang='lat' dir='ltr'><strong>pejus</strong></span> <span class='ocrx_word' id='word_1_358' title='bbox 2825 2869 2943 2930; x_wconf 88' lang='lat' dir='ltr'><strong>tibi</strong></span> 
     </span>
     <span class='ocr_line' id='line_1_32' title="bbox 534 2946 2946 3027; baseline 0.001 -21"><span class='ocrx_word' id='word_1_359' title='bbox 534 2949 888 3027; x_wconf 79' lang='lat' dir='ltr'><strong>contingat.”</strong></span> <span class='ocrx_word' id='word_1_360' title='bbox 972 2955 1030 3009; x_wconf 86' lang='lat'><strong>2.</strong></span> <span class='ocrx_word' id='word_1_361' title='bbox 1073 2949 1132 3007; x_wconf 86' lang='lat' dir='ltr'>A</span> <span class='ocrx_word' id='word_1_362' title='bbox 1160 2953 1301 3027; x_wconf 80' lang='lat' dir='ltr'><strong>jure</strong></span> <span class='ocrx_word' id='word_1_363' title='bbox 1340 2949 1750 3027; x_wconf 66' lang='lat' dir='ltr'><strong>redoenptiom‘s,</strong></span> <span class='ocrx_word' id='word_1_364' title='bbox 1797 2967 1833 3005; x_wconf 91' lang='lat' dir='ltr'><strong>a</strong></span> <span class='ocrx_word' id='word_1_365' title='bbox 1875 2966 2218 3025; x_wconf 89' lang='lat' dir='ltr'><strong>quocunque</strong></span> <span class='ocrx_word' id='word_1_366' title='bbox 2256 2946 2408 3006; x_wconf 87' lang='lat' dir='ltr'><strong>enim</strong></span> <span class='ocrx_word' id='word_1_367' title='bbox 2452 2948 2804 3025; x_wconf 78' lang='lat' dir='ltr'><strong>redirmmur,</strong></span> <span class='ocrx_word' id='word_1_368' title='bbox 2850 2949 2946 3009; x_wconf 88' lang='lat' dir='ltr'><strong>illi</strong></span> 
     </span>
     <span class='ocr_line' id='line_1_33' title="bbox 532 3026 2943 3107; baseline 0.001 -21"><span class='ocrx_word' id='word_1_369' title='bbox 532 3028 944 3107; x_wconf 88' lang='lat' dir='ltr'><strong>redemptionis</strong></span> <span class='ocrx_word' id='word_1_370' title='bbox 964 3030 1097 3107; x_wconf 84' lang='lat' dir='ltr'><strong>jure</strong></span> <span class='ocrx_word' id='word_1_371' title='bbox 1144 3030 1221 3089; x_wconf 90' lang='lat' dir='ltr'><strong>ad</strong></span> <span class='ocrx_word' id='word_1_372' title='bbox 1262 3030 1630 3090; x_wconf 89' lang='lat' dir='ltr'><strong>serviendum</strong></span> <span class='ocrx_word' id='word_1_373' title='bbox 1672 3036 1730 3087; x_wconf 86' lang='lat' dir='ltr'><strong>et</strong></span> <span class='ocrx_word' id='word_1_374' title='bbox 1770 3026 2202 3105; x_wconf 87' lang='lat' dir='ltr'><strong>obsequendum</strong></span> <span class='ocrx_word' id='word_1_375' title='bbox 2237 3026 2500 3086; x_wconf 88' lang='lat' dir='ltr'><strong>obstricti</strong></span> <span class='ocrx_word' id='word_1_376' title='bbox 2526 3048 2759 3105; x_wconf 82' lang='lat' dir='ltr'><strong>sumus3</strong></span> <span class='ocrx_word' id='word_1_377' title='bbox 2791 3029 2943 3089; x_wconf 82' lang='lat' dir='ltr'><strong>ratio</strong></span> 
     </span>
     <span class='ocr_line' id='line_1_34' title="bbox 532 3104 2941 3187; baseline 0.002 -22"><span class='ocrx_word' id='word_1_378' title='bbox 532 3106 658 3166; x_wconf 77' lang='lat' dir='ltr'><strong>haec</strong></span> <span class='ocrx_word' id='word_1_379' title='bbox 702 3109 1007 3185; x_wconf 87' lang='lat' dir='ltr'><strong>attingitur</strong></span> <span class='ocrx_word' id='word_1_380' title='bbox 1048 3130 1084 3169; x_wconf 89' lang='lat' dir='ltr'><strong>a</strong></span> <span class='ocrx_word' id='word_1_381' title='bbox 1128 3110 1423 3185; x_wconf 84' lang='lat' dir='ltr'><strong>Zacharia,</strong></span> <span class='ocrx_word' id='word_1_382' title='bbox 1471 3110 1613 3169; x_wconf 90' lang='lat' dir='ltr'><strong>Luc.</strong></span> <span class='ocrx_word' id='word_1_383' title='bbox 1652 3109 1691 3168; x_wconf 87' lang='lat' dir='ltr'><strong>i.</strong></span> <span class='ocrx_word' id='word_1_384' title='bbox 1733 3110 1828 3183; x_wconf 80' lang='lat'><strong>74,</strong></span> <span class='ocrx_word' id='word_1_385' title='bbox 1875 3116 1934 3166; x_wconf 88' lang='lat' dir='ltr'><strong>et</strong></span> <span class='ocrx_word' id='word_1_386' title='bbox 1977 3106 2052 3165; x_wconf 91' lang='lat' dir='ltr'><strong>ab</strong></span> <span class='ocrx_word' id='word_1_387' title='bbox 2091 3104 2320 3185; x_wconf 88' lang='lat' dir='ltr'><strong>Apost.,</strong></span> <span class='ocrx_word' id='word_1_388' title='bbox 2370 3110 2402 3165; x_wconf 94' lang='lat'>1</span> <span class='ocrx_word' id='word_1_389' title='bbox 2440 3108 2570 3167; x_wconf 89' lang='lat' dir='ltr'><strong>Cor.</strong></span> <span class='ocrx_word' id='word_1_390' title='bbox 2601 3108 2681 3167; x_wconf 89' lang='lat' dir='ltr'><strong>vi.</strong></span> <span class='ocrx_word' id='word_1_391' title='bbox 2713 3109 2805 3185; x_wconf 81' lang='lat'><strong>19,</strong></span> <span class='ocrx_word' id='word_1_392' title='bbox 2837 3112 2941 3187; x_wconf 80' lang='lat'><strong>20,</strong></span> 
     </span>
     <span class='ocr_line' id='line_1_35' title="bbox 536 3186 2943 3267; baseline 0.002 -23"><span class='ocrx_word' id='word_1_393' title='bbox 536 3188 573 3219; x_wconf 78' lang='lat'><strong>‘⁴</strong></span> <span class='ocrx_word' id='word_1_394' title='bbox 596 3186 907 3264; x_wconf 88' lang='lat' dir='ltr'><strong>Redempti</strong></span> <span class='ocrx_word' id='word_1_395' title='bbox 946 3190 1087 3248; x_wconf 90' lang='lat' dir='ltr'><strong>estis</strong></span> <span class='ocrx_word' id='word_1_396' title='bbox 1126 3190 1327 3266; x_wconf 77' lang='lat' dir='ltr'><strong>pretio,</strong></span> <span class='ocrx_word' id='word_1_397' title='bbox 1372 3190 1692 3267; x_wconf 87' lang='lat' dir='ltr'><strong>glorificate</strong></span> <span class='ocrx_word' id='word_1_398' title='bbox 1731 3206 1872 3264; x_wconf 87' lang='lat' dir='ltr'><strong>ergo</strong></span> <span class='ocrx_word' id='word_1_399' title='bbox 1907 3187 2098 3245; x_wconf 90' lang='lat' dir='ltr'><strong>Deum</strong></span> <span class='ocrx_word' id='word_1_400' title='bbox 2139 3206 2376 3265; x_wconf 88' lang='lat' dir='ltr'><strong>corpore</strong></span> <span class='ocrx_word' id='word_1_401' title='bbox 2417 3196 2477 3247; x_wconf 92' lang='lat' dir='ltr'><strong>et</strong></span> <span class='ocrx_word' id='word_1_402' title='bbox 2516 3188 2708 3247; x_wconf 89' lang='lat' dir='ltr'><strong>animo</strong></span> <span class='ocrx_word' id='word_1_403' title='bbox 2741 3196 2943 3250; x_wconf 73' lang='lat' dir='ltr'><strong>vesu-o</strong></span> 
     </span>
     <span class='ocr_line' id='line_1_36' title="bbox 532 3266 2946 3345; baseline 0.002 -21"><span class='ocrx_word' id='word_1_404' title='bbox 532 3284 663 3341; x_wconf 78' lang='lat' dir='ltr'><strong>quae</strong></span> <span class='ocrx_word' id='word_1_405' title='bbox 691 3275 827 3324; x_wconf 87' lang='lat' dir='ltr'><strong>sunt</strong></span> <span class='ocrx_word' id='word_1_406' title='bbox 856 3266 1023 3323; x_wconf 87' lang='lat' dir='ltr'><strong>Dei.’&#39;</strong></span> <span class='ocrx_word' id='word_1_407' title='bbox 1105 3270 1161 3325; x_wconf 88' lang='lat'><strong>3.</strong></span> <span class='ocrx_word' id='word_1_408' title='bbox 1206 3268 1266 3326; x_wconf 89' lang='lat' dir='ltr'>A</span> <span class='ocrx_word' id='word_1_409' title='bbox 1304 3271 1573 3344; x_wconf 72' lang='lat' dir='ltr'><strong>yratuitoe</strong></span> <span class='ocrx_word' id='word_1_410' title='bbox 1612 3268 1950 3327; x_wconf 73' lang='lat' dir='ltr'><strong>remissionis</strong></span> <span class='ocrx_word' id='word_1_411' title='bbox 1991 3266 2265 3344; x_wconf 73' lang='lat' dir='ltr'><strong>beneficia,</strong></span> <span class='ocrx_word' id='word_1_412' title='bbox 2313 3286 2429 3345; x_wconf 89' lang='lat' dir='ltr'><strong>quo</strong></span> <span class='ocrx_word' id='word_1_413' title='bbox 2473 3268 2639 3345; x_wconf 86' lang='lat' dir='ltr'><strong>plura</strong></span> <span class='ocrx_word' id='word_1_414' title='bbox 2681 3268 2836 3328; x_wconf 91' lang='lat' dir='ltr'><strong>enim</strong></span> <span class='ocrx_word' id='word_1_415' title='bbox 2879 3278 2946 3329; x_wconf 89' lang='lat' dir='ltr'><strong>et</strong></span> 
     </span>
     <span class='ocr_line' id='line_1_37' title="bbox 532 3344 2941 3425; baseline 0.003 -24"><span class='ocrx_word' id='word_1_416' title='bbox 532 3344 754 3421; x_wconf 88' lang='lat' dir='ltr'><strong>majora</strong></span> <span class='ocrx_word' id='word_1_417' title='bbox 794 3344 1073 3405; x_wconf 87' lang='lat' dir='ltr'><strong>beneficia</strong></span> <span class='ocrx_word' id='word_1_418' title='bbox 1112 3346 1489 3425; x_wconf 87' lang='lat' dir='ltr'><strong>accipiuntur,</strong></span> <span class='ocrx_word' id='word_1_419' title='bbox 1531 3366 1599 3405; x_wconf 92' lang='lat' dir='ltr'><strong>eo</strong></span> <span class='ocrx_word' id='word_1_420' title='bbox 1641 3347 1828 3424; x_wconf 87' lang='lat' dir='ltr'><strong>major</strong></span> <span class='ocrx_word' id='word_1_421' title='bbox 1868 3345 2040 3405; x_wconf 87' lang='lat' dir='ltr'><strong>etiam</strong></span> <span class='ocrx_word' id='word_1_422' title='bbox 2099 3347 2393 3424; x_wconf 86' lang='lat' dir='ltr'><strong>gratitudo</strong></span> <span class='ocrx_word' id='word_1_423' title='bbox 2441 3347 2722 3425; x_wconf 77' lang='lat' dir='ltr'><strong>debetur3</strong></span> <span class='ocrx_word' id='word_1_424' title='bbox 2780 3348 2941 3408; x_wconf 88' lang='lat' dir='ltr'><strong>unde</strong></span> 
     </span>
     <span class='ocr_line' id='line_1_38' title="bbox 537 3422 2938 3503; baseline 0.003 -21"><span class='ocrx_word' id='word_1_425' title='bbox 537 3422 817 3498; x_wconf 74' lang='lat' dir='ltr'><strong>ChristuS,</strong></span> <span class='ocrx_word' id='word_1_426' title='bbox 850 3422 991 3482; x_wconf 88' lang='lat' dir='ltr'><strong>Luc.</strong></span> <span class='ocrx_word' id='word_1_427' title='bbox 1022 3424 1121 3483; x_wconf 87' lang='lat' dir='ltr'><strong>vii.</strong></span> <span class='ocrx_word' id='word_1_428' title='bbox 1153 3422 1248 3500; x_wconf 85' lang='lat'><strong>47,</strong></span> <span class='ocrx_word' id='word_1_429' title='bbox 1297 3429 1333 3459; x_wconf 77' lang='lat'><strong>‘⁴</strong></span> <span class='ocrx_word' id='word_1_430' title='bbox 1358 3426 1753 3485; x_wconf 86' lang='lat' dir='ltr'><strong>Remittuntur</strong></span> <span class='ocrx_word' id='word_1_431' title='bbox 1791 3424 1846 3483; x_wconf 90' lang='lat' dir='ltr'><strong>ei</strong></span> <span class='ocrx_word' id='word_1_432' title='bbox 1887 3432 2124 3503; x_wconf 88' lang='lat' dir='ltr'><strong>peccata</strong></span> <span class='ocrx_word' id='word_1_433' title='bbox 2159 3426 2359 3502; x_wconf 87' lang='lat' dir='ltr'><strong>multa,</strong></span> <span class='ocrx_word' id='word_1_434' title='bbox 2388 3428 2524 3485; x_wconf 88' lang='lat' dir='ltr'><strong>hinc</strong></span> <span class='ocrx_word' id='word_1_435' title='bbox 2553 3426 2760 3487; x_wconf 84' lang='lat' dir='ltr'><strong>dilexit</strong></span> <span class='ocrx_word' id='word_1_436' title='bbox 2785 3428 2938 3489; x_wconf 84' lang='lat' dir='ltr'><strong>mul·</strong></span> 
     </span>
     <span class='ocr_line' id='line_1_39' title="bbox 534 3502 2941 3585; baseline 0.002 -23"><span class='ocrx_word' id='word_1_437' title='bbox 534 3511 675 3579; x_wconf 87' lang='lat' dir='ltr'><strong>tum,</strong></span> <span class='ocrx_word' id='word_1_438' title='bbox 716 3502 811 3561; x_wconf 88' lang='lat' dir='ltr'><strong>eui</strong></span> <span class='ocrx_word' id='word_1_439' title='bbox 851 3504 1006 3562; x_wconf 87' lang='lat' dir='ltr'><strong>enim</strong></span> <span class='ocrx_word' id='word_1_440' title='bbox 1045 3503 1237 3563; x_wconf 90' lang='lat' dir='ltr'><strong>minus</strong></span> <span class='ocrx_word' id='word_1_441' title='bbox 1278 3504 1602 3581; x_wconf 86' lang='lat' dir='ltr'><strong>dimittitur,</strong></span> <span class='ocrx_word' id='word_1_442' title='bbox 1647 3507 1838 3565; x_wconf 88' lang='lat' dir='ltr'><strong>minus</strong></span> <span class='ocrx_word' id='word_1_443' title='bbox 1858 3504 2109 3581; x_wconf 87' lang='lat' dir='ltr'><strong>diligit,&#39;’</strong></span> <span class='ocrx_word' id='word_1_444' title='bbox 2133 3514 2192 3565; x_wconf 91' lang='lat' dir='ltr'><strong>et</strong></span> <span class='ocrx_word' id='word_1_445' title='bbox 2215 3507 2368 3566; x_wconf 89' lang='lat' dir='ltr'><strong>Psal.</strong></span> <span class='ocrx_word' id='word_1_446' title='bbox 2399 3528 2578 3567; x_wconf 80' lang='lat' dir='ltr'><strong>cxxx.</strong></span> <span class='ocrx_word' id='word_1_447' title='bbox 2605 3512 2664 3585; x_wconf 88' lang='grc'><strong>4,</strong></span> <span class='ocrx_word' id='word_1_448' title='bbox 2696 3506 2941 3568; x_wconf 86' lang='lat' dir='ltr'><strong>“Venia</strong></span> 
     </span>
     <span class='ocr_line' id='line_1_40' title="bbox 534 3583 2938 3667; baseline 0.002 -25"><span class='ocrx_word' id='word_1_449' title='bbox 534 3590 625 3642; x_wconf 90' lang='lat' dir='ltr'><strong>est</strong></span> <span class='ocrx_word' id='word_1_450' title='bbox 652 3583 806 3661; x_wconf 88' lang='lat' dir='ltr'><strong>apud</strong></span> <span class='ocrx_word' id='word_1_451' title='bbox 834 3591 910 3660; x_wconf 88' lang='lat' dir='ltr'><strong>te,</strong></span> <span class='ocrx_word' id='word_1_452' title='bbox 940 3592 1007 3643; x_wconf 90' lang='lat' dir='ltr'><strong>ut</strong></span> <span class='ocrx_word' id='word_1_453' title='bbox 1033 3584 1347 3661; x_wconf 84' lang='lat' dir='ltr'><strong>timearis,”</strong></span> <span class='ocrx_word' id='word_1_454' title='bbox 1376 3594 1435 3645; x_wconf 87' lang='lat' dir='ltr'><strong>et</strong></span> <span class='ocrx_word' id='word_1_455' title='bbox 1464 3585 1618 3646; x_wconf 89' lang='lat' dir='ltr'><strong>Psal.</strong></span> <span class='ocrx_word' id='word_1_456' title='bbox 1646 3586 1857 3645; x_wconf 81' lang='lat' dir='ltr'><strong>lxxxv.</strong></span> <span class='ocrx_word' id='word_1_457' title='bbox 1888 3586 1944 3660; x_wconf 90' lang='lat'><strong>8,</strong></span> <span class='ocrx_word' id='word_1_458' title='bbox 1991 3587 2026 3617; x_wconf 89' lang='lat'>“</span> <span class='ocrx_word' id='word_1_459' title='bbox 2049 3584 2334 3663; x_wconf 84' lang='lat' dir='ltr'><strong>Loquitur</strong></span> <span class='ocrx_word' id='word_1_460' title='bbox 2352 3606 2554 3666; x_wconf 88' lang='lat' dir='ltr'><strong>pacem</strong></span> <span class='ocrx_word' id='word_1_461' title='bbox 2574 3587 2787 3667; x_wconf 90' lang='lat' dir='ltr'><strong>populo</strong></span> <span class='ocrx_word' id='word_1_462' title='bbox 2809 3606 2938 3666; x_wconf 86' lang='lat' dir='ltr'><strong>suo,</strong></span> 
     </span>
     <span class='ocr_line' id='line_1_41' title="bbox 533 3662 2940 3746; baseline 0.002 -23"><span class='ocrx_word' id='word_1_463' title='bbox 533 3663 638 3723; x_wconf 88' lang='lat' dir='ltr'><strong>sed</strong></span> <span class='ocrx_word' id='word_1_464' title='bbox 676 3683 750 3723; x_wconf 90' lang='lat' dir='ltr'><strong>ne</strong></span> <span class='ocrx_word' id='word_1_465' title='bbox 790 3662 989 3725; x_wconf 88' lang='lat' dir='ltr'><strong>redeat</strong></span> <span class='ocrx_word' id='word_1_466' title='bbox 1026 3664 1273 3742; x_wconf 90' lang='lat' dir='ltr'><strong>amplius</strong></span> <span class='ocrx_word' id='word_1_467' title='bbox 1300 3664 1375 3741; x_wconf 80' lang='lat' dir='ltr'><strong>ad</strong></span> <span class='ocrx_word' id='word_1_468' title='bbox 1402 3665 1766 3725; x_wconf 83' lang='lat' dir='ltr'><strong>stultitiam.”</strong></span> <span class='ocrx_word' id='word_1_469' title='bbox 1841 3664 2043 3741; x_wconf 90' lang='lat' dir='ltr'><strong>Neque</strong></span> <span class='ocrx_word' id='word_1_470' title='bbox 2071 3666 2225 3724; x_wconf 87' lang='lat' dir='ltr'><strong>enim</strong></span> <span class='ocrx_word' id='word_1_471' title='bbox 2253 3666 2305 3725; x_wconf 89' lang='lat' dir='ltr'><strong>si</strong></span> <span class='ocrx_word' id='word_1_472' title='bbox 2330 3668 2579 3727; x_wconf 55' lang='lat' dir='ltr'><strong>remissio</strong></span> <span class='ocrx_word' id='word_1_473' title='bbox 2607 3668 2775 3728; x_wconf 86' lang='lat' dir='ltr'><strong>datur</strong></span> <span class='ocrx_word' id='word_1_474' title='bbox 2799 3688 2940 3746; x_wconf 86' lang='lat' dir='ltr'><strong>pec-</strong></span> 
     </span>
     <span class='ocr_line' id='line_1_42' title="bbox 532 3742 2942 3822; baseline 0.002 -19"><span class='ocrx_word' id='word_1_475' title='bbox 532 3742 649 3803; x_wconf 86' lang='lat' dir='ltr'><strong>cati</strong></span> <span class='ocrx_word' id='word_1_476' title='bbox 678 3746 975 3819; x_wconf 62' lang='lat' dir='ltr'><strong>proeteriti,</strong></span> <span class='ocrx_word' id='word_1_477' title='bbox 1020 3744 1178 3804; x_wconf 89' lang='lat' dir='ltr'><strong>illico</strong></span> <span class='ocrx_word' id='word_1_478' title='bbox 1220 3745 1392 3805; x_wconf 86' lang='lat' dir='ltr'><strong>datur</strong></span> <span class='ocrx_word' id='word_1_479' title='bbox 1421 3747 1719 3822; x_wconf 64' lang='lat' dir='ltr'><strong>permissio</strong></span> <span class='ocrx_word' id='word_1_480' title='bbox 1743 3745 1955 3821; x_wconf 65' lang='lat' dir='ltr'><strong>ficem-i,</strong></span> <span class='ocrx_word' id='word_1_481' title='bbox 1998 3745 2344 3806; x_wconf 87' lang='lat' dir='ltr'><strong>condonatio</strong></span> <span class='ocrx_word' id='word_1_482' title='bbox 2383 3748 2666 3809; x_wconf 84' lang='lat' dir='ltr'><strong>factorum</strong></span> <span class='ocrx_word' id='word_1_483' title='bbox 2702 3767 2819 3807; x_wconf 89' lang='lat' dir='ltr'><strong>non</strong></span> <span class='ocrx_word' id='word_1_484' title='bbox 2845 3757 2942 3809; x_wconf 85' lang='lat' dir='ltr'><strong>est</strong></span> 
     </span>
     <span class='ocr_line' id='line_1_43' title="bbox 531 3822 2940 3905; baseline 0.003 -24"><span class='ocrx_word' id='word_1_485' title='bbox 531 3822 845 3901; x_wconf 89' lang='lat' dir='ltr'><strong>impunitas</strong></span> <span class='ocrx_word' id='word_1_486' title='bbox 872 3824 1281 3902; x_wconf 87' lang='lat' dir='ltr'><strong>faciendorum,</strong></span> <span class='ocrx_word' id='word_1_487' title='bbox 1312 3825 1417 3885; x_wconf 91' lang='lat' dir='ltr'><strong>sed</strong></span> <span class='ocrx_word' id='word_1_488' title='bbox 1442 3826 1634 3905; x_wconf 91' lang='lat' dir='ltr'><strong>potius</strong></span> <span class='ocrx_word' id='word_1_489' title='bbox 1663 3826 1903 3885; x_wconf 80' lang='lat' dir='ltr'><strong>fraenum</strong></span> <span class='ocrx_word' id='word_1_490' title='bbox 1931 3831 1991 3883; x_wconf 90' lang='lat' dir='ltr'><strong>et</strong></span> <span class='ocrx_word' id='word_1_491' title='bbox 2011 3824 2390 3886; x_wconf 84' lang='lat' dir='ltr'><strong>obstaculum.</strong></span> <span class='ocrx_word' id='word_1_492' title='bbox 2472 3832 2530 3889; x_wconf 93' lang='lat'><strong>4.</strong></span> <span class='ocrx_word' id='word_1_493' title='bbox 2572 3829 2627 3887; x_wconf 88' lang='lat' dir='ltr'>A</span> <span class='ocrx_word' id='word_1_494' title='bbox 2653 3828 2940 3905; x_wconf 59' lang='lat' dir='ltr'><strong>,qv-avitam</strong></span> 
     </span>
     <span class='ocr_line' id='line_1_44' title="bbox 522 3906 2936 3983; baseline 0.002 -20"><span class='ocrx_word' id='word_1_495' title='bbox 522 3924 827 3979; x_wconf 82' lang='lat' dir='ltr'><strong>poenarum</strong></span> <span class='ocrx_word' id='word_1_496' title='bbox 861 3916 916 3962; x_wconf 79' lang='lat' dir='ltr'><strong>et</strong></span> <span class='ocrx_word' id='word_1_497' title='bbox 944 3906 1172 3981; x_wconf 79' lang='lat' dir='ltr'><strong>peccati</strong></span> <span class='ocrx_word' id='word_1_498' title='bbox 1188 3906 1471 3983; x_wconf 77' lang='lat' dir='ltr'><strong>foeditate,</strong></span> <span class='ocrx_word' id='word_1_499' title='bbox 1508 3906 1571 3966; x_wconf 91' lang='lat' dir='ltr'><strong>Si</strong></span> <span class='ocrx_word' id='word_1_500' title='bbox 1600 3906 1830 3966; x_wconf 87' lang='lat' dir='ltr'><strong>Christo</strong></span> <span class='ocrx_word' id='word_1_501' title='bbox 1857 3913 1976 3965; x_wconf 85' lang='lat' dir='ltr'><strong>tam</strong></span> <span class='ocrx_word' id='word_1_502' title='bbox 2003 3924 2134 3964; x_wconf 88' lang='lat' dir='ltr'><strong>care</strong></span> <span class='ocrx_word' id='word_1_503' title='bbox 2161 3907 2421 3966; x_wconf 89' lang='lat' dir='ltr'><strong>constitit</strong></span> <span class='ocrx_word' id='word_1_504' title='bbox 2447 3906 2772 3967; x_wconf 88' lang='lat' dir='ltr'><strong>debitorum</strong></span> <span class='ocrx_word' id='word_1_505' title='bbox 2799 3927 2936 3967; x_wconf 86' lang='lat' dir='ltr'><strong>nos·</strong></span> 
     </span>
     <span class='ocr_line' id='line_1_45' title="bbox 530 3984 2938 4063; baseline 0.002 -20"><span class='ocrx_word' id='word_1_506' title='bbox 530 3991 749 4043; x_wconf 89' lang='lat' dir='ltr'><strong>trorum</strong></span> <span class='ocrx_word' id='word_1_507' title='bbox 776 3985 1108 4062; x_wconf 80' lang='lat' dir='ltr'><strong>persolutiO,</strong></span> <span class='ocrx_word' id='word_1_508' title='bbox 1139 4006 1214 4044; x_wconf 91' lang='lat' dir='ltr'><strong>an</strong></span> <span class='ocrx_word' id='word_1_509' title='bbox 1242 4005 1311 4044; x_wconf 91' lang='lat' dir='ltr'><strong>ea</strong></span> <span class='ocrx_word' id='word_1_510' title='bbox 1338 3986 1609 4063; x_wconf 87' lang='lat' dir='ltr'><strong>deinceps</strong></span> <span class='ocrx_word' id='word_1_511' title='bbox 1637 3984 2058 4044; x_wconf 81' lang='lat' dir='ltr'><strong>cumulabimus</strong></span> <span class='ocrx_word' id='word_1_512' title='bbox 2075 3988 2105 4043; x_wconf 86' lang='lat' dir='ltr'>P</span> <span class='ocrx_word' id='word_1_513' title='bbox 2159 3986 2275 4046; x_wconf 89' lang='lat' dir='ltr'><strong>Vel</strong></span> <span class='ocrx_word' id='word_1_514' title='bbox 2315 4006 2390 4045; x_wconf 87' lang='lat' dir='ltr'><strong>an</strong></span> <span class='ocrx_word' id='word_1_515' title='bbox 2425 3987 2708 4047; x_wconf 86' lang='lat' dir='ltr'><strong>vellemus</strong></span> <span class='ocrx_word' id='word_1_516' title='bbox 2745 3986 2938 4048; x_wconf 86' lang='lat' dir='ltr'><strong>adhuc</strong></span> 
     </span>
     <span class='ocr_line' id='line_1_46' title="bbox 530 4063 2936 4144; baseline 0.001 -21"><span class='ocrx_word' id='word_1_517' title='bbox 530 4063 593 4123; x_wconf 88' lang='lat' dir='ltr'><strong>in</strong></span> <span class='ocrx_word' id='word_1_518' title='bbox 620 4065 752 4123; x_wconf 89' lang='lat' dir='ltr'><strong>sinu</strong></span> <span class='ocrx_word' id='word_1_519' title='bbox 784 4064 979 4124; x_wconf 86' lang='lat' dir='ltr'><strong>fovere</strong></span> <span class='ocrx_word' id='word_1_520' title='bbox 1020 4074 1273 4144; x_wconf 86' lang='lat' dir='ltr'><strong>peccata,</strong></span> <span class='ocrx_word' id='word_1_521' title='bbox 1316 4086 1447 4143; x_wconf 78' lang='lat' dir='ltr'><strong>quas</strong></span> <span class='ocrx_word' id='word_1_522' title='bbox 1488 4065 1770 4143; x_wconf 90' lang='lat' dir='ltr'><strong>optimum</strong></span> <span class='ocrx_word' id='word_1_523' title='bbox 1798 4064 2243 4141; x_wconf 88' lang='lat' dir='ltr'><strong>Redemptorem</strong></span> <span class='ocrx_word' id='word_1_524' title='bbox 2271 4074 2360 4125; x_wconf 90' lang='lat' dir='ltr'><strong>tot</strong></span> <span class='ocrx_word' id='word_1_525' title='bbox 2383 4068 2686 4128; x_wconf 88' lang='lat' dir='ltr'><strong>tormentis</strong></span> <span class='ocrx_word' id='word_1_526' title='bbox 2713 4076 2772 4127; x_wconf 90' lang='lat' dir='ltr'><strong>et</strong></span> <span class='ocrx_word' id='word_1_527' title='bbox 2797 4087 2936 4127; x_wconf 84' lang='lat' dir='ltr'><strong>con-</strong></span> 
     </span>
     <span class='ocr_line' id='line_1_47' title="bbox 530 4143 2936 4225; baseline 0.002 -23"><span class='ocrx_word' id='word_1_528' title='bbox 530 4143 785 4204; x_wconf 87' lang='lat' dir='ltr'><strong>tumeliis</strong></span> <span class='ocrx_word' id='word_1_529' title='bbox 812 4144 1151 4222; x_wconf 87' lang='lat' dir='ltr'><strong>objecerunt</strong></span> <span class='ocrx_word' id='word_1_530' title='bbox 1169 4148 1197 4205; x_wconf 90' lang='lat' dir='ltr'>P</span> <span class='ocrx_word' id='word_1_531' title='bbox 1243 4145 1307 4204; x_wconf 88' lang='lat' dir='ltr'><strong>Si</strong></span> <span class='ocrx_word' id='word_1_532' title='bbox 1334 4153 1450 4204; x_wconf 87' lang='lat' dir='ltr'><strong>tam</strong></span> <span class='ocrx_word' id='word_1_533' title='bbox 1479 4144 1638 4204; x_wconf 85' lang='lat' dir='ltr'><strong>foeda</strong></span> <span class='ocrx_word' id='word_1_534' title='bbox 1660 4153 1752 4205; x_wconf 91' lang='lat' dir='ltr'><strong>est</strong></span> <span class='ocrx_word' id='word_1_535' title='bbox 1771 4144 1999 4221; x_wconf 56' lang='lat' dir='ltr'><strong>„peccati</strong></span> <span class='ocrx_word' id='word_1_536' title='bbox 2033 4146 2276 4220; x_wconf 87' lang='lat' dir='ltr'><strong>macula,</strong></span> <span class='ocrx_word' id='word_1_537' title='bbox 2319 4154 2387 4206; x_wconf 88' lang='lat' dir='ltr'><strong>ut</strong></span> <span class='ocrx_word' id='word_1_538' title='bbox 2413 4147 2574 4206; x_wconf 92' lang='lat' dir='ltr'><strong>nullo</strong></span> <span class='ocrx_word' id='word_1_539' title='bbox 2601 4147 2716 4207; x_wconf 85' lang='lat' dir='ltr'><strong>nisi</strong></span> <span class='ocrx_word' id='word_1_540' title='bbox 2749 4146 2936 4225; x_wconf 77' lang='lat' dir='ltr'><strong>ipsius</strong></span> 
     </span>
     <span class='ocr_line' id='line_1_48' title="bbox 532 4222 2940 4306; baseline 0.002 -24"><span class='ocrx_word' id='word_1_541' title='bbox 532 4222 670 4282; x_wconf 86' lang='lat' dir='ltr'><strong>Filii</strong></span> <span class='ocrx_word' id='word_1_542' title='bbox 702 4224 812 4283; x_wconf 88' lang='lat' dir='ltr'><strong>Dei</strong></span> <span class='ocrx_word' id='word_1_543' title='bbox 850 4225 1130 4302; x_wconf 87' lang='lat' dir='ltr'><strong>sanguine</strong></span> <span class='ocrx_word' id='word_1_544' title='bbox 1170 4225 1289 4284; x_wconf 87' lang='lat' dir='ltr'><strong>elui</strong></span> <span class='ocrx_word' id='word_1_545' title='bbox 1327 4224 1595 4303; x_wconf 87' lang='lat' dir='ltr'><strong>potuerit,</strong></span> <span class='ocrx_word' id='word_1_546' title='bbox 1639 4244 1716 4283; x_wconf 88' lang='lat' dir='ltr'><strong>an</strong></span> <span class='ocrx_word' id='word_1_547' title='bbox 1754 4243 1824 4283; x_wconf 88' lang='lat' dir='ltr'><strong>ea</strong></span> <span class='ocrx_word' id='word_1_548' title='bbox 1857 4243 1967 4283; x_wconf 89' lang='lat' dir='ltr'><strong>nos</strong></span> <span class='ocrx_word' id='word_1_549' title='bbox 1993 4222 2054 4282; x_wconf 89' lang='lat' dir='ltr'><strong>in</strong></span> <span class='ocrx_word' id='word_1_550' title='bbox 2075 4234 2369 4303; x_wconf 88' lang='lat' dir='ltr'><strong>posterum</strong></span> <span class='ocrx_word' id='word_1_551' title='bbox 2395 4227 2722 4287; x_wconf 88' lang='lat' dir='ltr'><strong>voluntarie</strong></span> <span class='ocrx_word' id='word_1_552' title='bbox 2747 4226 2940 4306; x_wconf 85' lang='lat' dir='ltr'><strong>pollu-</strong></span> 
     </span>
     <span class='ocr_line' id='line_1_49' title="bbox 530 4303 2934 4385; baseline 0.001 -24"><span class='ocrx_word' id='word_1_553' title='bbox 530 4322 694 4361; x_wconf 89' lang='lat' dir='ltr'><strong>emus</strong></span> <span class='ocrx_word' id='word_1_554' title='bbox 712 4307 742 4362; x_wconf 82' lang='lat' dir='ltr'>P</span> <span class='ocrx_word' id='word_1_555' title='bbox 784 4303 995 4379; x_wconf 75' lang='lat' dir='ltr'><strong>Absit3</strong></span> <span class='ocrx_word' id='word_1_556' title='bbox 1031 4305 1143 4363; x_wconf 91' lang='lat' dir='ltr'><strong>hoc</strong></span> <span class='ocrx_word' id='word_1_557' title='bbox 1170 4304 1323 4365; x_wconf 87' lang='lat' dir='ltr'><strong>enim</strong></span> <span class='ocrx_word' id='word_1_558' title='bbox 1350 4312 1505 4365; x_wconf 89' lang='lat' dir='ltr'><strong>esset</strong></span> <span class='ocrx_word' id='word_1_559' title='bbox 1530 4304 1716 4363; x_wconf 86' lang='lat' dir='ltr'><strong>filium</strong></span> <span class='ocrx_word' id='word_1_560' title='bbox 1743 4304 1932 4363; x_wconf 90' lang='lat' dir='ltr'><strong>denuo</strong></span> <span class='ocrx_word' id='word_1_561' title='bbox 1961 4304 2312 4383; x_wconf 86' lang='lat' dir='ltr'><strong>crucifigere,</strong></span> <span class='ocrx_word' id='word_1_562' title='bbox 2343 4316 2403 4366; x_wconf 92' lang='lat' dir='ltr'><strong>et</strong></span> <span class='ocrx_word' id='word_1_563' title='bbox 2429 4308 2769 4385; x_wconf 85' lang='lat' dir='ltr'><strong>sanguinem</strong></span> <span class='ocrx_word' id='word_1_564' title='bbox 2791 4306 2934 4365; x_wconf 88' lang='lat' dir='ltr'><strong>Tes-</strong></span> 
     </span>
     <span class='ocr_line' id='line_1_50' title="bbox 528 4382 2940 4463; baseline 0.003 -24"><span class='ocrx_word' id='word_1_565' title='bbox 528 4382 769 4440; x_wconf 89' lang='lat' dir='ltr'><strong>tamenti</strong></span> <span class='ocrx_word' id='word_1_566' title='bbox 796 4383 1096 4459; x_wconf 84' lang='lat' dir='ltr'><strong>profanum</strong></span> <span class='ocrx_word' id='word_1_567' title='bbox 1127 4383 1353 4462; x_wconf 88' lang='lat' dir='ltr'><strong>ducere,</strong></span> <span class='ocrx_word' id='word_1_568' title='bbox 1388 4384 1545 4463; x_wconf 90' lang='lat' dir='ltr'><strong>quod</strong></span> <span class='ocrx_word' id='word_1_569' title='bbox 1573 4385 1920 4444; x_wconf 89' lang='lat' dir='ltr'><strong>horrendum</strong></span> <span class='ocrx_word' id='word_1_570' title='bbox 1948 4393 2009 4444; x_wconf 91' lang='lat' dir='ltr'><strong>et</strong></span> <span class='ocrx_word' id='word_1_571' title='bbox 2033 4385 2110 4444; x_wconf 90' lang='lat' dir='ltr'><strong>ab</strong></span> <span class='ocrx_word' id='word_1_572' title='bbox 2137 4386 2294 4445; x_wconf 91' lang='lat' dir='ltr'><strong>omni</strong></span> <span class='ocrx_word' id='word_1_573' title='bbox 2319 4386 2654 4447; x_wconf 87' lang='lat' dir='ltr'><strong>remissione</strong></span> <span class='ocrx_word' id='word_1_574' title='bbox 2681 4387 2940 4446; x_wconf 86' lang='lat' dir='ltr'><strong>alienum</strong></span> 
     </span>
     <span class='ocr_line' id='line_1_51' title="bbox 529 4460 2938 4541; baseline 0.004 -25"><span class='ocrx_word' id='word_1_575' title='bbox 529 4460 870 4536; x_wconf 87' lang='lat' dir='ltr'><strong>pronunciat</strong></span> <span class='ocrx_word' id='word_1_576' title='bbox 890 4461 1119 4540; x_wconf 89' lang='lat' dir='ltr'><strong>Apost.,</strong></span> <span class='ocrx_word' id='word_1_577' title='bbox 1148 4465 1299 4525; x_wconf 90' lang='lat' dir='ltr'><strong>Heb.</strong></span> <span class='ocrx_word' id='word_1_578' title='bbox 1322 4486 1385 4525; x_wconf 85' lang='lat' dir='ltr'><strong>x.</strong></span> <span class='ocrx_word' id='word_1_579' title='bbox 1406 4468 1504 4526; x_wconf 80' lang='lat'><strong>29.</strong></span> <span class='ocrx_word' id='word_1_580' title='bbox 1588 4466 1646 4525; x_wconf 86' lang='lat'><strong>5.</strong></span> <span class='ocrx_word' id='word_1_581' title='bbox 1676 4465 1776 4525; x_wconf 89' lang='lat' dir='ltr'><strong>Ab</strong></span> <span class='ocrx_word' id='word_1_582' title='bbox 1798 4466 1902 4524; x_wconf 79' lang='lat' dir='ltr'><strong>irae</strong></span> <span class='ocrx_word' id='word_1_583' title='bbox 1921 4464 2122 4525; x_wconf 78' lang='lat' dir='ltr'><strong>divinoe</strong></span> <span class='ocrx_word' id='word_1_584' title='bbox 2143 4466 2520 4541; x_wconf 74' lang='lat' dir='ltr'><strong>immensitate,</strong></span> <span class='ocrx_word' id='word_1_585' title='bbox 2542 4487 2678 4525; x_wconf 88' lang='lat' dir='ltr'><strong>nam</strong></span> <span class='ocrx_word' id='word_1_586' title='bbox 2699 4468 2750 4526; x_wconf 89' lang='lat' dir='ltr'><strong>si</strong></span> <span class='ocrx_word' id='word_1_587' title='bbox 2769 4474 2938 4526; x_wconf 84' lang='lat' dir='ltr'><strong>tanta</strong></span> 
     </span>
     <span class='ocr_line' id='line_1_52' title="bbox 526 4537 2936 4625; baseline 0.005 -30"><span class='ocrx_word' id='word_1_588' title='bbox 526 4537 639 4595; x_wconf 81' lang='lat' dir='ltr'><strong>fuit</strong></span> <span class='ocrx_word' id='word_1_589' title='bbox 664 4537 792 4615; x_wconf 88' lang='lat' dir='ltr'><strong>ejus</strong></span> <span class='ocrx_word' id='word_1_590' title='bbox 818 4539 1157 4619; x_wconf 80' lang='lat' dir='ltr'><strong>indignatiO,</strong></span> <span class='ocrx_word' id='word_1_591' title='bbox 1182 4554 1247 4603; x_wconf 91' lang='lat' dir='ltr'><strong>ut</strong></span> <span class='ocrx_word' id='word_1_592' title='bbox 1274 4546 1436 4605; x_wconf 87' lang='lat' dir='ltr'><strong>nulla</strong></span> <span class='ocrx_word' id='word_1_593' title='bbox 1460 4566 1523 4606; x_wconf 90' lang='lat' dir='ltr'><strong>re</strong></span> <span class='ocrx_word' id='word_1_594' title='bbox 1550 4546 1666 4606; x_wconf 89' lang='lat' dir='ltr'><strong>alia</strong></span> <span class='ocrx_word' id='word_1_595' title='bbox 1685 4566 1860 4625; x_wconf 87' lang='lat' dir='ltr'><strong>quam</strong></span> <span class='ocrx_word' id='word_1_596' title='bbox 1885 4544 2188 4623; x_wconf 87' lang='lat' dir='ltr'><strong>Unigeniti</strong></span> <span class='ocrx_word' id='word_1_597' title='bbox 2216 4552 2398 4605; x_wconf 84' lang='lat' dir='ltr'><strong>morte</strong></span> <span class='ocrx_word' id='word_1_598' title='bbox 2419 4546 2635 4623; x_wconf 86' lang='lat' dir='ltr'><strong>placari</strong></span> <span class='ocrx_word' id='word_1_599' title='bbox 2661 4547 2936 4625; x_wconf 84' lang='lat' dir='ltr'><strong>potuerit,</strong></span> 
     </span>
     <span class='ocr_line' id='line_1_53' title="bbox 527 4620 2938 4703; baseline 0.004 -27"><span class='ocrx_word' id='word_1_600' title='bbox 527 4636 718 4676; x_wconf 88' lang='lat' dir='ltr'><strong>annon</strong></span> <span class='ocrx_word' id='word_1_601' title='bbox 760 4620 1149 4682; x_wconf 86' lang='lat' dir='ltr'><strong>reverebimur</strong></span> <span class='ocrx_word' id='word_1_602' title='bbox 1188 4624 1338 4684; x_wconf 86' lang='lat' dir='ltr'><strong>hanc</strong></span> <span class='ocrx_word' id='word_1_603' title='bbox 1378 4624 1539 4703; x_wconf 85' lang='lat' dir='ltr'><strong>iram,</strong></span> <span class='ocrx_word' id='word_1_604' title='bbox 1584 4645 1660 4685; x_wconf 84' lang='lat' dir='ltr'><strong>an</strong></span> <span class='ocrx_word' id='word_1_605' title='bbox 1700 4625 2040 4685; x_wconf 86' lang='lat' dir='ltr'><strong>audebimus</strong></span> <span class='ocrx_word' id='word_1_606' title='bbox 2067 4646 2194 4685; x_wconf 89' lang='lat' dir='ltr'><strong>eam</strong></span> <span class='ocrx_word' id='word_1_607' title='bbox 2221 4626 2412 4687; x_wconf 89' lang='lat' dir='ltr'><strong>denuo</strong></span> <span class='ocrx_word' id='word_1_608' title='bbox 2437 4628 2691 4703; x_wconf 86' lang='lat' dir='ltr'><strong>peccatis</strong></span> <span class='ocrx_word' id='word_1_609' title='bbox 2719 4626 2938 4686; x_wconf 83' lang='lat' dir='ltr'><strong>nostris</strong></span> 
     </span>
    </p>
   </div>
   <div class='ocr_carea' id='block_1_5' title="bbox 3186 968 3192 1487">
    <p class='ocr_par' dir='ltr' id='par_1_5' title="bbox 3186 968 3192 1487">
     <span class='ocr_line' id='line_1_54' title="bbox 3186 968 3192 1487; baseline 0 0"><span class='ocrx_word' id='word_1_610' title='bbox 3186 968 3192 1487; x_wconf 95' lang='lat' dir='ltr'><strong> </strong></span> 
     </span>
    </p>
   </div>
  </div>
 </body>
</html>
