3234 5192
468 338 586 397 440
1062 352 1140 395 na
1170 351 1657 394 sumno-rmum
1687 350 1932 393 camsi-1
1961 348 2282 393 vamur-s.
2445 329 2712 413 [mswr.
2741 346 2880 390 1111.

550 494 661 554 IV.
708 494 793 555 Ut
846 513 987 553 vero
1032 491 1260 553 facilius
1314 500 1373 553 et
1425 492 1642 552 veritas
1709 489 2032 551 confirmari
2099 496 2160 549 et
2224 486 2588 548 mendacium
2655 487 2877 547 revinci

470 581 662 652 queat,
706 572 1127 652 dispiciendum
1168 580 1301 631 ante
1344 572 1537 631 omnia
1578 570 1720 649 quid
1761 572 2013 630 sentiant
2051 570 2147 628 hic
2189 568 2520 644 adversarii,
2565 567 2706 645 quid
2733 568 2873 626 item

470 653 795 731 orthodoxi,
839 653 993 713 unde
1035 652 1371 729 quaestionis
1412 659 1597 711 status
1638 658 1902 711 accurate
1945 650 2128 709 teneri
2173 656 2233 708 et
2286 656 2657 707 controversa
2697 668 2732 706 a
2757 668 2876 707 uon

470 733 856 807 controversis
883 732 1164 809 distingui
1189 732 1448 809 possint3
1491 732 1692 809 Atque
1743 739 1810 790 ut
1863 730 2011 790 illud
2063 748 2233 788 omne
2262 727 2536 806 quicquid
2591 736 2680 787 est
2719 727 2876 786 clare

470 813 819 892 percipiatur
862 812 1265 873 distinctiones
1310 811 1592 889 quasdam
1640 810 1718 870 ad
1763 809 2176 870 controversiae
2221 808 2404 868 totius
2431 807 2874 868 elucidationem

472 894 827 954 necessarias
854 890 1274 969 praemittimus.

557 974 637 1033 V.
678 975 876 1032 Jesum
922 972 1205 1032 Christum
1266 990 1393 1031 esse
1450 970 1809 1029 Ser-vatorem
1849 976 2111 1028 nostrum
2139 988 2270 1028 cum
2297 975 2419 1027 tam
2447 974 2776 1026 constanter
2814 975 2874 1027 et

475 1052 630 1111 clare
668 1052 945 1130 praedicet
995 1052 1307 1129 Scriptura,
1358 1058 1417 1111 et
1462 1070 1673 1109 nomen
1720 1050 1832 1127 ipsi
1876 1050 1950 1109 ab
1977 1050 2187 1127 angelo
2213 1047 2461 1107 inditum
2485 1047 2730 1121 evincat,
2773 1066 2874 1105 ne-

474 1153 570 1192 mo
596 1152 809 1209 negare
832 1132 1111 1191 sustinet:
1157 1130 1261 1191 sed
1304 1130 1594 1208 quomodo
1637 1129 1713 1189 sit
1744 1130 2019 1189 Servator
2054 1147 2254 1187 omnes
2279 1147 2396 1187 non
2426 1127 2628 1185 eadem
2653 1126 2874 1185 ratione

474 1212 801 1290 explicant;
868 1211 1154 1271 Nimirum
1192 1230 1423 1271 servare
1462 1218 1552 1270 est
1604 1230 1838 1287 operam
1879 1209 2016 1268 dare
2057 1217 2125 1268 ut
2163 1206 2373 1285 aliquis
2413 1207 2689 1284 eripiatur
2727 1206 2876 1283 peri-

475 1292 609 1351 culo
656 1291 813 1369 quod
855 1291 1135 1366 imminet,
1177 1291 1277 1349 vel
1314 1290 1547 1350 miseria
1574 1290 1636 1348 in
1663 1309 1778 1367 qua
1812 1290 1987 1367 jacet,
2020 1289 2124 1351 sed
2163 1287 2312 1347 illud
2349 1286 2476 1345 fieri
2515 1294 2709 1364 potest
2735 1286 2878 1345 duo-

474 1371 586 1431 bus
626 1372 851 1431 modis:
894 1390 1029 1429 nam
1056 1371 1156 1430 ille
1185 1378 1379 1431 servat
1405 1370 1507 1447 qui
1532 1370 1616 1429 ita
1637 1378 1904 1447 operatur
1929 1376 1996 1428 ut
2021 1370 2236 1428 virtute
2265 1386 2370 1426 sua
2395 1367 2656 1444 proxime
2685 1374 2745 1424 et
2769 1365 2877 1423 im·-

474 1451 724 1511 mediate
770 1458 981 1526 servet,
1014 1451 1139 1510 sive
1182 1450 1499 1528 potentiam
1544 1469 1708 1508 suam
1747 1449 1929 1507 solam
1957 1466 2193 1508 exerere
2219 1465 2454 1506 necesse
2483 1446 2576 1521 sit,
2607 1453 2674 1505 ut
2701 1464 2878 1521 quum

474 1531 606 1608 quis
652 1531 895 1590 militem
942 1530 1005 1587 in
1050 1530 1205 1588 bello
1234 1537 1464 1607 captum
1494 1528 1566 1587 de
1592 1548 1768 1587 manu
1794 1528 1979 1586 hostis
2007 1527 2194 1604 eripit,
2221 1526 2318 1585 vel
2338 1524 2642 1584 nauclerus
2669 1544 2879 1583 navem

473 1611 589 1669 huc
628 1610 769 1668 illuc
810 1608 1000 1667 ventis
1040 1608 1427 1684 fluctibusque
1460 1610 1759 1685 jactatam,
1803 1606 2086 1665 industria
2125 1624 2232 1665 sua
2271 1604 2492 1663 salvam
2533 1604 2610 1661 ad
2649 1612 2879 1679 portum

474 1688 741 1763 deducit;
786 1686 911 1745 sive
943 1687 1189 1763 justitiae
1232 1686 1497 1745 satisfieri
1524 1694 1801 1763 oporteat,
1831 1693 1898 1744 ut
1923 1704 2102 1761 quum
2129 1684 2260 1762 quis
2297 1682 2591 1759 captivum
2619 1680 2691 1741 dc
2718 1701 2876 1740 com-

474 1766 720 1845 pedibus
778 1774 837 1825 et
898 1766 1144 1825 carceris
1199 1765 1403 1825 foetore
1458 1764 1670 1825 liberat
1721 1766 1883 1842 justo
1923 1771 2224 1823 numerato
2263 1762 2486 1840 pretio;
2533 1761 2637 1821 sed
2677 1768 2737 1821 et
2776 1762 2878 1820 ille

472 1866 705 1905 servare
759 1864 1173 1922 nonnunquam
1235 1843 1447 1905 dicitur
1502 1844 1603 1922 qui
1665 1864 1995 1921 quanquam
2055 1844 2204 1902 nihil
2245 1841 2420 1901 efficit
2459 1861 2574 1919 quo
2615 1842 2880 1919 proxime

474 1934 533 1985 et
559 1923 891 1984 immediate
921 1924 1097 1983 salus
1144 1924 1488 1999 obtineatur,
1516 1924 1796 1988 rationem
1840 1933 2035 1983 tamen
2072 1922 2326 1984 ostendit
2351 1930 2410 1981 et
2437 1922 2594 1980 viam
2621 1940 2739 1998 qua
2759 1940 2879 1981 ser-

473 2004 601 2065 vari
627 2005 811 2083 possit
838 2004 941 2065 ille
986 2004 1088 2081 qui
1136 2004 1197 2063 in
1223 2004 1479 2081 periculo
1526 2011 1587 2063 et
1611 2004 1844 2063 miseria
1886 2012 2166 2079 versatur,
2195 2009 2262 2062 ut
2308 2021 2488 2080 quum
2531 2001 2662 2079 quis
2709 2002 2885 2061 militi

466 2086 711 2165 jamjam
752 2084 813 2143 in
852 2091 1198 2163 potestatem
1237 2084 1493 2144 hostium
1534 2084 1871 2160 deventuro,
1901 2092 2090 2144 tutum
2131 2083 2384 2160 aliquem
2409 2082 2602 2141 locum
2644 2081 2880 2157 indicat,

474 2184 590 2244 quo
636 2185 761 2227 sese
789 2165 1046 2242 recipiat,
1077 2164 1174 2224 vel
1220 2182 1397 2242 quum
1429 2164 1560 2242 quis
1608 2163 1670 2222 in
1695 2164 1890 2224 littore
1937 2172 2098 2223 stans
2124 2172 2332 2222 nautas
2373 2162 2625 2239 agitatos
2651 2170 2710 2221 et
2737 2181 2878 2221 nau-

474 2246 663 2324 fragio
688 2244 1073 2383 proffiores
1099 2264 1245 2305 voce
1270 2243 1433 2303 fovet
1458 2252 1517 2306 et
1544 2251 1717 2322 gestu
1743 2251 1802 2303 et
1820 2252 2048 2323 portum
2079 2242 2333 2303 ostendit
2358 2262 2474 2319 quo
2503 2242 2650 2301 velis
2676 2242 2878 2302 remis·

476 2345 589 2402 que
612 2333 821 2383 conten
938 2332 981 2383 t.

556 2403 669 2463 VI.
713 2402 873 2461 Hinc
912 2402 1207 2463 distinctio
1251 2402 1573 2461 servatore
1626 2409 1764 2461 nata
1807 2402 1870 2460 in
1915 2402 2280 2463 Servatorem
2301 2402 2608 2479 proeconio,
2652 2401 2880 2461 consilio

476 2490 535 2541 et
561 2485 834 2558 exemplo,
864 2488 924 2539 et
956 2481 1323 2539 Servatorem
1350 2482 1564 2555 merito,
1596 2501 1766 2558 opere
1805 2492 1866 2541 et
1893 2482 2141 2555 efficacia
2165 2507 2190 2556 ;
2235 2483 2396 2541 Deus
2451 2480 2607 2541 enim
2661 2492 2719 2541 et
2771 2482 2877 2540 ho-

474 2562 661 2621 mines
707 2578 817 2619 nos
860 2579 1093 2619 servare
1118 2559 1405 2636 dicuntur,
1436 2559 1589 2620 unde
1639 2561 1702 2619 in
1753 2560 2050 2639 Scriptura
2096 2562 2262 2623 verbi
2287 2582 2584 2639 praecones
2609 2560 2881 2621 dicunt-ur

475 2658 577 2701 eos
605 2658 837 2701 servare
873 2640 1087 2717 quibus
1114 2640 1485 2717 evangelium
1523 2639 1890 2717 annuntiant,
1921 2642 2091 2701 Rom.
2140 2662 2202 2701 x.
2245 2644 2340 2716 14,
2387 2644 2416 2700 1
2469 2642 2618 2701 Tim.
2665 2642 2748 2700 iv.
2781 2644 2874 2717 16,

476 2720 581 2783 sed
626 2721 803 2799 longe
858 2720 1093 2780 diversa
1128 2720 1368 2797 ratione,
1418 2721 1579 2781 Deus
1629 2721 1784 2779 enim
1826 2740 1936 2783 nos
1969 2730 2164 2783 servat
2191 2740 2362 2799 opere
2391 2730 2449 2781 et
2475 2720 2744 2796 efficacia,
2774 2722 2880 2781 ho·

474 2801 661 2861 mines
704 2809 898 2861 autem
942 2800 1211 2878 exemplo
1254 2808 1315 2861 et
1358 2801 1615 2877 consilio,
1664 2810 1950 2879 quatenus
1979 2791 2201 2861 scilicet
2236 2810 2296 2862 et
2338 2822 2445 2863 nos
2484 2802 2787 2861 hortantur
2813 2809 2882 2861 ut

474 2881 553 2943 ad
578 2882 825 2943 salutem
851 2880 1049 2941 nervis
1075 2880 1343 2941 omnibus
1360 2880 1793 2958 contendamus,
1827 2882 1978 2941 Phil.
1995 2882 2060 2942 ii.
2092 2884 2184 2958 12,
2209 2890 2268 2942 et
2294 2882 2562 2959 exemplo
2583 2901 2689 2941 suo
2710 2881 2882 2941 nobis

474 2962 539 3021 in
565 2962 667 3021 via
690 2962 896 3030 salutis
922 2961 1254 3040 praelucent,
1286 2969 1351 3023 ut
1378 2982 1479 3022 eos
1506 2981 1833 3039 sequamur.

556 3042 705 3102 VII.
750 3042 941 3117 Quum
982 3061 1123 3120 ergo
1168 3042 1241 3101 de
1294 3042 1470 3101 modo
1516 3042 1724 3103 salutis
1763 3062 1799 3102 a
1843 3040 2072 3101 Christo
2118 3050 2300 3119 partae
2345 3041 2498 3101 inter
2535 3060 2643 3101 nos
2691 3050 2750 3101 et
2776 3040 2876 3101 ad·

473 3122 763 3181 versarios
817 3122 1307 3197 controvertitur;
1365 3122 1500 3182 Non
1546 3122 1610 3181 id
1663 3123 1939 3199 quaeritur
1990 3141 2066 3180 an
2122 3122 2384 3181 Christus
2423 3121 2621 3199 aliqua
2659 3121 2882 3181 ratione

479 3200 755 3259 Servator
792 3201 985 3277 possit
1018 3201 1134 3260 dici
1174 3209 1233 3261 et
1272 3220 1476 3260 revera
1514 3200 1742 3261 dicatur
1768 3225 1783 3279 3
1853 3221 1990 3261 nam
2029 3202 2182 3261 ultro
2221 3202 2547 3279 largiuntur
2585 3202 2673 3261 illi
2711 3201 2884 3261 nobis

477 3277 771 3336 Christum
826 3279 1233 3355 quadrifariam
1268 3280 1636 3339 Servatorem
1662 3281 1992 3358 praedicari:
2043 3284 2096 3341 1.
2117 3282 2554 3341 Annuntiatione
2609 3288 2668 3341 et
2713 3282 2877 3341 Proe-

476 3355 655 3429 οοηίο,
698 3356 837 3433 quia
874 3357 1207 3416 universam
1249 3359 1363 3417 Dei
1411 3359 1770 3419 voluntatem
1811 3360 1886 3419 de
1911 3362 2136 3421 ratione
2163 3361 2366 3421 salutis
2393 3360 2562 3420 nobis
2589 3361 2876 3439 exposuit,

473 3443 535 3497 et
560 3434 703 3513 quid
747 3455 784 3494 a
826 3436 995 3495 nobis
1038 3435 1165 3496 fieri
1210 3446 1473 3515 oporteat
1496 3446 1565 3497 ut
1606 3439 1852 3499 salutem
1880 3458 2301 3519 consequamur
2325 3441 2539 3501 docuit.
2569 3446 2626 3501 2.
2659 3442 2884 3535 Confir-

475 3516 719 3576 matione
759 3525 815 3575 et
852 3518 1122 3592 exemplo,
1166 3516 1304 3593 quia
1330 3518 1651 3577 doctrinam
1696 3539 1858 3578 suam
1875 3522 2252 3598 proposuisse
2281 3542 2398 3579 non
2425 3529 2730 3581 contentus
2757 3540 2884 3598 ipse

473 3596 696 3675 primus
748 3596 905 3653 viam
960 3615 1133 3673 quam
1190 3616 1559 3673 sequeremur
1605 3600 1876 3677 exemplo
1929 3620 2034 3660 suo
2071 3601 2538 3678 praemonstravit
2563 3608 2622 3660 et
2648 3600 2880 3660 absolu-

475 3677 758 3737 tissimam
792 3675 1039 3753 justitiis
1075 3676 1320 3735 formam
1360 3677 1421 3735 in
1462 3685 1585 3737 tota
1625 3678 1763 3737 vitae
1803 3698 1924 3739 suae
1951 3681 2174 3741 ratione
2199 3682 2502 3759 expressit,
2533 3682 2650 3743 imo
2679 3680 2886 3741 salutis

473 3757 749 3817 nuncium
790 3776 909 3815 non
935 3756 1073 3815 vitoe
1102 3764 1325 3816 tantum
1369 3759 1656 3836 example,
1701 3758 1803 3819 sed
1843 3760 2250 3821 miraculorum
2287 3761 2720 3821 innumerorum
2767 3769 2884 3821 tes-

470 3835 729 3913 timonio,
775 3843 835 3895 et
874 3836 1075 3895 mortis
1116 3836 1419 3897 dirissime
1445 3839 1725 3917 martyrio
1765 3839 2116 3917 obsignavit.
2159 3844 2216 3901 3.
2257 3842 2582 3901 Iniciatione
2608 3848 2668 3900 et
2713 3842 2882 3918 prin-

470 3917 633 3993 cipie,
678 3916 817 3994 quia
854 3916 1271 3977 resurrectione
1313 3918 1469 3977 viam
1518 3919 1668 3979 hanc
1709 3919 2104 3998 complanavit
2127 3920 2266 3981 dum
2293 3928 2508 3982 eventu
2533 3922 2662 3998 ipso
2689 3928 2882 3980 osten-

470 3996 559 4056 dit
604 3997 755 4055 hanc
798 4016 925 4057 esse
972 3996 1351 4057 certissimam
1394 3998 1722 4059 obtinendas
1771 4000 1976 4059 salutis
2013 4000 2311 4077 rationem,
2355 4001 2440 4061 ita
2463 4009 2530 4061 ut
2549 4000 2880 4078 quicunque

472 4076 623 4137 hanc
684 4077 840 4135 viam
900 4076 1215 4137 institerint
1255 4076 1331 4137 ad
1372 4086 1644 4138 aeternam
1687 4079 1871 4139 vitam
1911 4080 2070 4139 haud
2109 4080 2285 4141 dubie
2327 4080 2445 4140 sint
2483 4080 2876 4141 resurrecturi.

472 4159 531 4216 4.
580 4158 1089 4219 Communicatione
1116 4166 1177 4217 et
1206 4158 1638 4235 complemento,
1668 4160 1806 4237 quia
1831 4160 1957 4239 ipse
1983 4160 2216 4221 tandem
2245 4180 2350 4239 pro
2389 4168 2677 4239 potestate
2705 4160 2818 4219 sibi
2845 4180 2882 4219 a

374 4290 387 4301 ,
472 4236 647 4296 Patre
676 4256 950 4297 concessa
974 4237 1155 4297 vitam
1182 4246 1456 4300 aeternam
1482 4239 1595 4317 piis
1633 4240 1900 4299 omnibus
1926 4240 2030 4319 qui
2075 4241 2258 4319 ipsius
2304 4240 2594 4301 mandatis
2619 4240 2884 4301 obsecuti

470 4314 718 4376 fideliter
744 4316 959 4377 fuerint
984 4326 1075 4377 est
1102 4318 1433 4394 collaturus,
1464 4328 1531 4380 ut
1552 4320 1680 4380 fuse
1708 4320 1964 4380 declarat
1995 4322 2146 4381 Soci.
2165 4321 2276 4381 lib.
2294 4322 2334 4381 i.
2353 4320 2426 4381 de
2451 4321 2650 4381 Serva.
2675 4341 2800 4398 cap.
2821 4322 2880 4396 4,

471 4396 527 4467 5,
560 4397 616 4453 6.
663 4396 780 4455 Sed
806 4398 1084 4473 quaeritur
1106 4397 1205 4456 An
1225 4418 1355 4457 vere
1372 4407 1431 4459 et
1450 4401 1694 4477 proprie
1710 4400 1986 4461 &mator
2003 4401 2176 4461 fuerit
2189 4402 2568 4477 satisfactione
2583 4409 2646 4461 et
2660 4400 2882 4459 ητα-ἕω.

469 4470 625 4531 Nam
649 4474 761 4565 etsi
785 4494 973 4553 neque
1000 4496 1109 4536 nos
1132 4478 1295 4537 hisce
1326 4478 1399 4537 de
1432 4480 1624 4540 causis
1673 4480 1998 4541 Servatoris
2025 4482 2470 4559 appellationem
2497 4481 2584 4539 illi
2627 4479 2884 4558 quadan·

469 4560 658 4625 tenus,
700 4552 840 4611 hcet
875 4554 1068 4614 minus
1108 4556 1355 4634 proprie,
1400 4559 1577 4619 tribui
1635 4580 1807 4638 posse
1849 4560 2176 4639 diffitemur,
2219 4561 2380 4641 quod
2417 4561 2634 4623 talibus
2673 4560 2884 4620 mediis

468 4630 715 4691 salutem
770 4640 1025 4691 nostram
1069 4654 1187 4694 non
1228 4656 1432 4713 parum
1476 4640 1852 4718 promoverit,
1891 4642 2052 4702 hisee
2079 4642 2354 4703 cancellis
2381 4648 2575 4703 tamen
2601 4642 2731 4721 ejus
2757 4638 2880 4701 offi-
