3234 5192
522 341 639 396 362
1448 353 1524 392 DE
1554 353 1748 392 PETRA
1779 353 2050 393 cums‘m.
2546 331 2810 414 [mss-tr.
2843 353 2938 393 ix.

518 496 713 574 guinis
756 495 901 572 ejus.
990 495 1179 553 “Non
1234 495 1573 572 negamu5,''
1618 494 1808 570 inquit
1856 493 2129 554 Bellarm.
2159 493 2198 552 l.
2257 513 2326 569 c.,
2375 493 2570 571 “quin
2619 503 2781 572 petra
2829 495 2934 553 illa

520 577 832 635 materialis
880 576 1067 653 figura
1112 574 1284 633 suerit
1330 574 1568 648 Christi,
1611 583 1670 632 et
1715 593 1864 650 aqua
1901 594 1976 634 ex
2019 575 2120 631 illa
2147 593 2387 632 manans
2414 574 2604 650 figura
2631 576 2932 652 sanguinis

518 657 659 732 ejuS,
690 665 757 715 ut
782 676 899 714 non
928 675 1207 732 negamus
1234 655 1457 731 species
1482 653 1648 731 panis
1669 661 1728 712 et
1755 654 1878 712 vini
1899 674 2024 712 esse
2055 654 2225 730 signa
2253 654 2521 731 Corporis
2538 663 2596 713 et
2617 654 2932 731 Sanguinis

524 737 755 811 Christi,
803 737 906 795 sed
949 755 1229 813 negamus
1272 755 1375 810 per
1422 735 1533 792 ista
1566 733 1762 808 verba,
1797 733 1970 792 Petra
1989 743 2112 792 erat
2141 734 2423 808 Christus,
2454 735 2604 793 hanc
2632 735 2926 812 designari

522 817 827 893 figuram.’'
865 816 981 874 Sed
1008 836 1139 874 cum
1168 815 1363 873 nullus
1391 815 1540 871 alius
1570 814 1647 872 sit
1673 813 1983 890 Scripturas
2011 813 2175 872 locus
2201 813 2356 872 unde
2385 813 2448 872 id
2473 815 2704 892 probari
2732 823 2924 892 queat,

520 896 617 954 vel
658 916 761 973 pro
790 896 959 954 libitu
987 895 1241 970 fingitur,
1270 894 1368 951 vel
1388 913 1463 952 ex
1490 894 1601 952 hoc
1628 893 1760 952 loco
1779 894 2102 952 necessario
2130 894 2440 970 colligitur.

603 975 783 1033 XIV.
830 975 950 1032 Nec
989 975 1086 1032 hic
1133 993 1240 1032 nos
1280 993 1515 1031 movere
1556 973 1771 1032 debent
1817 975 2070 1032 rationes
2127 973 2276 1047 duee,
2321 995 2450 1050 quae
2497 973 2812 1032 afferuntur
2851 974 2928 1032 ab

522 1054 867 1114 adversariis
910 1054 985 1112 ad
1014 1054 1503 1113 confirmationem
1532 1054 1832 1112 sententiae
1861 1075 1996 1129 suae,
2027 1063 2150 1112 turn
2200 1053 2353 1131 quod
2394 1063 2634 1112 vocetur
2657 1055 2920 1131 spirim-

522 1135 607 1210 lis,
630 1143 757 1193 tum
785 1134 940 1212 quod
970 1134 1195 1193 dicatur
1220 1143 1408 1192 secuta
1428 1133 1743 1209 Israelita-s,
1774 1134 1932 1210 quod
1975 1142 2296 1210 competere
2326 1143 2574 1210 nequeat
2600 1143 2778 1211 petrae
2805 1154 2926 1192 ma-

521 1214 727 1274 teriali.
813 1216 961 1274 Nam
999 1218 1123 1292 jam
1171 1214 1609 1288 insinuavimus,
1657 1222 1881 1291 petram
1928 1215 2100 1272 istam
2149 1214 2504 1290 spiritualem
2559 1213 2676 1274 dici
2723 1214 2925 1273 eodem

522 1315 713 1372 sensu,
746 1315 862 1373 quo
916 1316 1127 1354 manna
1166 1295 1315 1354 cibus
1360 1295 1688 1371 spirituali-9,
1718 1314 1834 1352 non
1887 1295 2211 1368 substantia,
2269 1293 2373 1352 sed
2431 1295 2466 1327 “
2485 1293 2922 1370 significatione,

522 1386 756 1453 propter
785 1376 1208 1453 intelligibilem
1236 1376 1533 1452 utriusque
1582 1374 2123 1450 significationem,”
2154 1383 2220 1434 ut
2254 1373 2508 1451 loquitur
2550 1374 2808 1450 August.
2851 1383 2923 1433 tr.

522 1458 686 1516 xxvi.
716 1465 774 1514 et
802 1456 925 1514 xlv.
955 1457 1015 1514 in
1042 1457 1183 1516 Joh.
1270 1455 1423 1514 Etsi
1454 1463 1652 1513 secuta
1691 1453 1902 1512 dicitur
1953 1455 2265 1528 IsraelitaS,
2314 1454 2426 1512 hoc
2467 1473 2584 1512 non
2624 1454 2798 1512 debet
2839 1455 2924 1512 in—

520 1535 708 1612 telligi
736 1536 807 1594 de
853 1537 979 1613 ipsa
1024 1544 1205 1612 petra,
1249 1535 1416 1610 quasi
1456 1553 1557 1592 eos
1604 1553 1755 1610 pone
1798 1543 2150 1610 sequeretur,
2193 1541 2295 1591 aut
2337 1534 2624 1610 portatilis
2673 1543 2824 1592 esset
2863 1534 2924 1592 in

522 1616 653 1672 sinu
683 1615 903 1690 Mariae,
933 1624 999 1673 ut
1048 1614 1404 1673 somniarunt
1431 1613 1664 1689 quidam
1711 1613 1980 1689 Rabbini‚
2029 1613 2132 1673 sed
2172 1623 2437 1690 respectu
2477 1614 2750 1690 rivorum,
2779 1634 2928 1691 quos

518 1692 813 1766 fundebat,
845 1694 943 1769 qui
974 1701 1162 1752 castra
1208 1692 1438 1750 illorum
1480 1692 1918 1768 comitabantur,
1965 1701 2030 1751 ut
2071 1692 2153 1750 sic
2173 1691 2454 1751 haberent
2472 1703 2656 1768 petrae
2703 1697 2924 1770 aquati-

520 1773 627 1829 lem
652 1775 949 1846 sequelam,
994 1781 1061 1830 ut
1102 1773 1182 1830 ait
1210 1771 1451 1830 Tertull.
1476 1775 1545 1830 de
1560 1772 1860 1848 patientia.

602 1851 747 1907 XV.
794 1851 1038 1908 Asserta
1064 1871 1202 1909 vero
1234 1850 1652 1927 Propositionis
1679 1851 1848 1910 istius
1888 1852 2150 1926 veritate,
2189 1852 2506 1912 videndum
2535 1862 2624 1913 est
2663 1853 2924 1928 alteriue,

522 1928 823 2002 Quomodo
862 1939 1029 2006 petra
1054 1930 1166 1988 ista
1206 1929 1378 1988 fuerit
1408 1930 1690 1990 Christus.
1775 1931 1910 1990 Hoc
1957 1940 2148 1991 autem
2197 1953 2312 1990 non
2353 1933 2604 2010 intelligi
2633 1935 2927 1992 liter-aliter

518 2028 623 2084 per
649 2010 1081 2067 conversionem
1111 2018 1212 2068 aut
1238 2011 1793 2086 transmutationem,
1827 2012 1930 2072 sed
1957 2013 2445 2072 sacramentaliter
2465 2023 2524 2071 et
2550 2015 2922 2090 metonffinice,

522 2107 625 2165 per
664 2107 881 2147 meram
909 2089 1388 2166 significationem
1418 2099 1477 2150 et
1504 2090 1966 2168 obsignationem
2016 2092 2334 2166 relativam,
2365 2113 2480 2150 non
2510 2095 2740 2171 propria
2766 2093 2925 2152 locu-

520 2168 695 2244 tione,
728 2168 833 2227 sed.
860 2171 1079 2246 tropica
1118 2178 1178 2229 et
1205 2169 1467 2246 figurata,
1514 2190 1607 2228 res
1649 2172 1776 2248 ipsa
1823 2173 2068 2232 clamat:
2115 2173 2258 2232 Cum
2301 2172 2654 2250 disparatum
2693 2171 2766 2230 de
2807 2173 2923 2232 dis-

430 2287 436 2294 ·
520 2257 738 2325 parat0,
770 2250 967 2326 qualia
994 2259 1128 2309 sunt
1170 2249 1435 2309 Christus
1462 2257 1521 2308 et
1548 2260 1728 2326 petra,
1761 2252 1833 2310 de
1863 2273 1925 2310 se
1953 2252 2202 2310 invicem
2226 2254 2452 2329 proprie
2481 2250 2781 2328 praedicari
2809 2271 2926 2309 non

521 2329 761 2405 possint,
814 2330 1125 2390 fatentibus
1172 2329 1314 2406 ipsis
1370 2330 1732 2388 adversariis
1819 2332 1976 2407 Ergo
2019 2331 2166 2388 nihil
2219 2330 2378 2388 aliud
2431 2340 2536 2404 est,
2577 2340 2745 2405 petra
2799 2340 2929 2388 erat

526 2409 795 2484 Christus,
826 2430 998 2487 quam
1048 2409 1411 2486 significabat
1466 2409 1776 2483 Christum,
1827 2411 1924 2467 vel
1967 2422 2091 2467 erat
2135 2410 2365 2486 signum
2407 2409 2640 2480 Christi,
2684 2407 2921 2483 perinde

518 2488 671 2546 enim
716 2498 820 2563 est,
853 2489 976 2548 sive
1003 2490 1063 2547 in
1091 2489 1313 2566 copula,
1359 2489 1483 2548 sive
1526 2489 1585 2546 in
1613 2489 1924 2565 praedicato
1951 2497 2152 2565 tropus
2195 2497 2454 2565 ponatur,
2486 2495 2544 2545 et
2587 2506 2680 2544 res
2721 2485 2924 2543 eodem

520 2568 685 2644 redit,
716 2578 783 2628 ut
809 2589 911 2647 per
938 2569 1348 2646 metonymiam
1378 2569 1545 2646 signo
1577 2569 1746 2627 detur
1772 2587 1982 2626 nomen
2019 2569 2102 2626 rei
2143 2566 2497 2644 significatas,
2527 2573 2653 2624 tum
2693 2573 2927 2644 propter

518 2649 862 2727 analogiam,
886 2659 1007 2709 tum
1038 2657 1271 2727 propter
1298 2648 1569 2708 unionem
1596 2669 1672 2706 ex
1701 2647 1899 2706 ordine
1921 2646 2032 2706 Dei
2059 2650 2120 2704 in
2146 2667 2256 2706 usu
2282 2646 2560 2722 legitimo.
2607 2646 2730 2704 Nec
2758 2646 2928 2704 aliter

520 2729 929 2789 intellexerunt
949 2731 1211 2804 Veteres,
1231 2728 1473 2788 Tertull.
1502 2727 1603 2786 lib.
1629 2727 1700 2786 de
1731 2728 2034 2802 Patientia,
2065 2727 2297 2786 “Petra
2323 2726 2426 2784 illa
2451 2734 2576 2784 erat
2597 2725 2923 2800 ChristuS,’'

517 2809 629 2867 hoc
670 2818 775 2884 est,
831 2813 867 2844 ‘⁴
889 2810 1254 2887 significabat
1303 2807 1659 2868 Christum.”
1743 2808 1999 2884 August.
2047 2807 2275 2884 saepiuS,
2314 2807 2426 2864 hoc
2467 2806 2691 2882 repetit,
2738 2825 2928 2882 quaes-

518 2889 620 2948 tio.
650 2890 711 2947 in
741 2890 952 2949 Leviti.
981 2912 1039 2968 q.
1072 2893 1165 2964 57,
1214 2891 1249 2922 “
1270 2889 1444 2948 Petra
1491 2897 1613 2947 erat
1642 2887 1923 2962 ChristuS‚
1967 2907 2084 2945 non
2128 2907 2230 2964 per
2258 2886 2661 2962 substantiam,
2695 2885 2798 2944 sed
2825 2905 2928 2961 per

518 2969 1056 3044 significationem.''
1143 2971 1222 3029 Et
1250 2969 1438 3047 Epist.
1468 2969 1560 3043 cii,
1648 2970 1682 3000 “
1708 2967 1881 3026 Petra
1907 2975 2030 3025 erat
2078 2966 2358 3041 chrisme,
2399 2965 2536 3042 quia
2564 2965 2928 3043 significabat

521 3048 870 3108 Christum.''
960 3050 1057 3108 Sic
1082 3050 1185 3108 lib.
1216 3049 1379 3108 xviii.
1410 3048 1482 3107 de
1512 3049 1575 3106 C.
1608 3049 1684 3106 D.
1715 3069 1764 3106 c.
1795 3050 1892 3122 42,
1945 3055 2096 3106 cont.
2127 3047 2322 3106 adver.
2362 3045 2478 3122 leg.
2509 3066 2559 3104 c.
2615 3045 2694 3103 vi.
2726 3054 2795 3104 tr.
2827 3049 2921 3122 63,

518 3127 575 3184 in
607 3128 649 3186 J
653 3128 746 3186 oh.
778 3138 835 3187 et
862 3129 1003 3186 alibi
1023 3148 1139 3186 non
1168 3129 1365 3186 semel.
1424 3129 1557 3186 Hoc
1586 3135 1951 3204 agnoverunt
1995 3127 2250 3186 Basilius
2297 3126 2368 3185 de
2403 3125 2521 3203 Spi.
2557 3125 2615 3184 S.
2647 3145 2770 3202 cap.
2801 3125 2924 3184 xiv.

517 3205 865 3264 Ambrosius
893 3207 955 3263 in
984 3207 1138 3264 Psal.
1168 3207 1437 3281 xxxviii„
1523 3207 1938 3282 Theodoretus,
1969 3207 2030 3265 in
2075 3207 2268 3265 Exod.
2297 3207 2377 3264 ix.
2409 3207 2524 3280 28„
2611 3204 2928 3264 Primasius

516 3285 578 3340 in
610 3288 640 3339 1
675 3284 803 3342 Cor.
834 3305 894 3342 x.
925 3292 983 3342 et
1010 3285 1109 3342 alii
1138 3305 1255 3344 non
1282 3286 1471 3362 pauci.
1556 3287 1686 3344 Imo
1716 3288 1970 3346 saniores
1999 3307 2073 3344 ex
2122 3285 2468 3345 adversariis
2496 3285 2606 3344 hoc
2633 3303 2752 3342 non
2779 3285 2925 3344 diffi-

518 3370 727 3436 tentur,
760 3362 1044 3438 Lyranu5‚
1081 3364 1301 3439 “petra
1328 3373 1451 3422 erat
1481 3365 1761 3437 Christus,
1793 3365 2014 3424 scilicet
2041 3365 2364 3441 figurative,
2397 3385 2464 3424 eo
2495 3364 2664 3422 modo
2686 3365 2920 3441 loquen-

516 3440 595 3515 di,
628 3461 741 3517 quo
772 3441 963 3517 imago
994 3441 1269 3500 Herculis
1298 3441 1583 3500 Hercules
1609 3443 1997 3501 nominatur.''
2083 3445 2298 3504 Glossa
2327 3444 2720 3504 Interlinearis
2752 3447 2786 3478 “
2811 3445 2924 3522 spi-

516 3521 779 3580 ritualem
812 3521 1069 3597 petram'’
1098 3521 1521 3598 interpretatur,
1558 3523 1593 3553 “
1616 3541 1745 3598 quae
1777 3522 2067 3581 Christum
2097 3524 2443 3601 significat‚’'
2473 3534 2530 3584 et
2560 3525 2921 3601 Marginalis,

520 3603 740 3679 “petra
766 3610 977 3674 autem,
1010 3600 1158 3658 solet
1184 3620 1276 3659 res
1304 3621 1435 3677 quae
1464 3599 1768 3677 significat,
1817 3601 2045 3661 nomine
2074 3604 2158 3662 rei
2203 3624 2378 3681 quam
2427 3604 2715 3682 significat
2742 3605 2924 3662 nomi-

514 3683 657 3756 nari,
707 3689 871 3761 petra
916 3680 1238 3740 Christu8.'’
1323 3681 1479 3756 Aug.
1514 3682 1549 3712 “
1570 3680 1629 3738 in
1686 3681 1869 3758 signis
1917 3682 2164 3742 diversis
2211 3683 2413 3742 eadem
2441 3684 2604 3758 fides,
2655 3684 2735 3741 ibi
2765 3693 2927 3760 petra

518 3763 797 3838 ChristuS,
827 3761 997 3821 nobis
1025 3760 1181 3839 quod
1208 3760 1269 3818 in
1298 3761 1464 3819 altari
1491 3761 1726 3838 ponitur
1753 3769 1841 3821 est
1897 3761 2195 3840 christus3
2241 3764 2292 3822 si
2339 3765 2590 3840 speciem
2637 3763 2926 3823 visibilem

514 3844 797 3918 attendas,
828 3841 987 3901 aliud
1016 3849 1120 3916 est,
1152 3841 1204 3899 si
1230 3840 1655 3917 intelligibilem
1697 3841 2176 3919 significationem
2225 3843 2472 3901 eundem
2518 3851 2718 3919 potum
2762 3844 2925 3903 bibe-

513 3924 705 3983 runt.'’
788 3922 1041 3981 Thomas
1072 3923 1109 3954 ‘⁴
1129 3941 1246 3980 non
1273 3941 1377 3998 per
1396 3921 1723 3996 essentiam,
1755 3922 1858 3980 sed
1895 3943 1998 4000 per
2041 3922 2576 4000 significationem.”
2661 3923 2926 3982 CartbuS.

520 4006 553 4037 ‘⁴
572 4023 689 4062 non
718 4002 1116 4077 essentialiter,
1169 4001 1273 4060 sed
1320 4001 1686 4079 figurative.”
1772 4002 2070 4080 Gagnaeus
2121 4007 2155 4035 “
2180 4002 2474 4061 Christum
2505 4003 2927 4080 significabat.''

512 4081 559 4141 J
564 4084 734 4142 ustin.
760 4083 819 4140 in
845 4083 904 4141 h.
934 4083 973 4141 l.
1008 4084 1043 4116 ‘⁴
1063 4091 1229 4159 petra
1255 4091 1379 4140 erat
1408 4082 1672 4141 Christus
1702 4081 2122 4158 significatione
2167 4089 2226 4142 et
2255 4082 2579 4159 symbolo.”
2664 4083 2786 4142 Nec
2813 4083 2928 4142 alio

512 4164 686 4222 modo
716 4164 837 4241 ipse
869 4163 1158 4222 Lutherus
1186 4163 1261 4221 ad
1288 4161 1656 4236 waldenses,
1712 4163 1747 4195 “
1772 4162 1888 4220 Hic
1935 4161 2082 4220 fides
2119 4183 2209 4222 me
2239 4164 2414 4240 cogit,
2455 4171 2521 4222 ut
2547 4163 2808 4222 Verbum
2851 4173 2932 4221 ese

513 4242 869 4380 interpreffir,
898 4242 1227 4324 scynificat,”
1256 4244 1367 4302 hoc
1386 4243 1577 4312 modo,
1612 4244 1648 4274 ‘⁴
1668 4241 1929 4302 Christus
1947 4250 2036 4301 est
2063 4243 2421 4321 significatus
2469 4262 2571 4320 per
2598 4263 2929 4320 corpoream

512 4331 735 4398 petram
824 4324 994 4384 osis.''

598 4401 778 4458 XVI.
824 4403 999 4461 Hunc
1026 4412 1221 4463 autem
1270 4404 1585 4480 genuinum
1641 4422 1767 4462 esse
1815 4402 2124 4463 locutionis
2173 4403 2340 4464 istius
2389 4423 2640 4480 sensum,
2697 4423 2774 4462 ex
2801 4403 2932 4462 aliis

514 4480 907 4556 compluribus
936 4483 1195 4558 ejusdem
1224 4485 1453 4560 generis
1479 4483 1886 4556 locutionibus,
1911 4503 2041 4560 quae
2078 4503 2194 4542 non
2221 4485 2398 4545 alium
2429 4503 2662 4544 sensum
2689 4491 2934 4561 possunt

514 4557 837 4632 admittere,
868 4562 1167 4636 perspicue
1196 4563 1507 4639 colligitur.
1594 4563 1756 4621 Nihil
1784 4564 2050 4622 usitatius
2099 4573 2186 4623 est
2214 4564 2274 4622 in
2327 4563 2640 4640 Scriptura,
2664 4583 2837 4642 quam
2865 4572 2932 4622 ut

514 4636 755 4696 verbum
786 4648 880 4712 est,
910 4650 1157 4714 ponatur
1184 4660 1286 4716 pro
1333 4645 1367 4674 ‘⁴
1392 4641 1739 4718 significat‚”
1769 4651 1832 4700 ut
1865 4646 1898 4677 “
1923 4651 2142 4720 septem
2171 4642 2516 4702 candelabra
2541 4655 2668 4702 sunt
2711 4653 2930 4721 septem
