3234 5192
533 365 653 423 220
1486 374 1567 414 nr.
1594 374 1772 415 mano
1799 370 1974 421 vrrs..
2619 356 2875 437 [nrsrur.
2907 376 2950 416 1.

537 520 620 583 Ut
630 519 680 578 si
697 518 867 593 filius,
890 515 1041 595 patri
1050 534 1167 594 prae
1180 515 1403 575 caeteris
1420 516 1646 591 charus,
1661 515 1894 597 culpam
1906 513 2067 573 fratri
2089 514 2442 591 immorigeri
2461 534 2494 573 a
2511 523 2673 591 patre
2689 516 2801 574 hoc
2818 536 2942 575 mo-

532 602 607 661 do
647 598 999 676 deprecetur,
1044 604 1103 654 et
1129 596 1273 654 iram
1301 597 1429 673 ejus
1456 595 1684 674 placare
1713 604 1914 670 tentet,
1962 593 2068 653 Vel
2105 595 2332 671 iynosee
2367 594 2470 665 illi,
2499 595 2587 653 vel
2611 615 2700 651 me
2730 596 2936 673 occide,

531 691 639 737 aut
682 678 1015 753 eoehaereda3
1062 676 1171 735 scit
1198 676 1352 737 enim
1380 685 1676 752 parentem
1705 675 1938 754 quidvis
1966 674 2159 752 potius
2186 693 2358 751 quam
2387 674 2544 733 istud
2572 674 2876 734 facturum.

609 757 871 817 XXIX.
916 756 1066 832 Quia
1093 776 1231 815 vero
1259 776 1377 814 non
1405 756 1573 815 facile
1600 755 1828 833 concipi
1847 763 2056 833 potest,
2086 754 2374 831 quomodo
2405 755 2604 813 Moses
2631 762 2690 813 et
2721 754 2940 814 Paulus

525 838 821 917 potuerint
848 845 1045 914 optare
1074 844 1349 895 aeternum
1380 854 1549 895 suum
1586 836 1830 894 exitium
1879 842 1938 895 et
1983 834 2402 912 separationem
2429 854 2466 892 a
2493 854 2717 893 summo
2761 833 2933 912 bono,

526 920 685 997 quod
710 916 944 976 videtur
968 916 1171 993 pietati
1198 925 1256 974 et
1300 915 1565 975 charitati
1612 915 1875 993 inprimis
1913 914 2240 991 adversari3
2284 935 2401 974 non
2429 914 2788 973 incommode
2818 913 2936 974 dis-

523 1000 799 1076 tinguunt
823 997 920 1055 hic
947 996 1131 1054 nostri
1158 995 1471 1054 amicitiam
1498 995 1714 1054 Christi
1743 1004 1800 1054 et
1821 996 1947 1073 ejus
1985 995 2248 1069 fructum,
2281 1014 2384 1054 seu
2411 996 2562 1054 inter
2587 996 2939 1053 sanctitatem

524 1098 655 1155 quae
684 1078 745 1135 in
772 1076 927 1136 bono
947 1076 1155 1151 ethico,
1186 1083 1245 1135 et
1255 1076 1602 1151 felicitatem,
1635 1096 1765 1153 quae
1807 1076 1869 1133 in
1916 1075 2160 1153 physico
2201 1083 2483 1135 versatur.
2569 1075 2654 1134 Ut
2681 1076 2834 1133 enim
2872 1075 2936 1133 in

524 1158 653 1217 Deo
676 1158 791 1217 duo
818 1158 944 1215 haec
971 1156 1258 1234 praecipue
1285 1155 1655 1232 attendimus,
1687 1155 2050 1215 sanctitatem
2087 1162 2146 1214 et
2171 1154 2522 1229 felicitatem,
2553 1174 2683 1231 quae
2712 1162 2934 1213 creatu-

523 1258 623 1314 rae,
656 1258 829 1316 quam
859 1236 934 1295 ad
956 1256 1017 1295 se
1046 1244 1233 1311 vocat,
1283 1255 1387 1313 pro
1436 1236 1674 1295 modulo
1711 1235 2242 1311 communicantur;
2286 1236 2368 1294 ita
2393 1235 2456 1293 in
2485 1235 2599 1293 Dei
2625 1234 2934 1293 amissione

520 1318 637 1378 duo
666 1326 818 1393 sunt,
850 1316 1103 1376 carentia
1128 1316 1455 1393 sanctitatis,
1485 1336 1589 1395 per
1615 1336 1790 1393 quam
1820 1316 1948 1373 Deo
1985 1315 2361 1392 adhaeremus,
2393 1322 2453 1373 et
2479 1316 2732 1375 carentia
2743 1316 2932 1389 felici-

520 1401 666 1475 tatis,
698 1399 760 1456 in
785 1418 904 1476 qua
930 1397 1057 1475 ipso
1085 1397 1343 1473 fruimur,
1364 1418 1495 1475 quae
1536 1397 1648 1455 etsi
1669 1396 1730 1453 in
1747 1396 2006 1474 reprobis
2029 1397 2473 1473 conjungantur,
2499 1395 2558 1453 in
2587 1395 2718 1453 aliis
2737 1404 2932 1454 tamen

516 1486 763 1557 possunt
798 1477 1068 1556 separari,
1098 1486 1165 1537 ιιι
1194 1478 1269 1536 sit
1288 1476 1537 1554 privatio
1585 1475 1895 1552 felicitatis,
1945 1476 2068 1535 sine
2115 1476 2438 1553 privatione
2467 1474 2821 1551 sanctitatis;
2867 1484 2934 1534 ut

517 1559 783 1617 Christus
804 1557 1113 1617 derelictus
1140 1557 1352 1615 dieitur
1377 1575 1413 1614 a
1442 1556 1569 1615 Deo
1590 1556 1784 1633 quoad
1810 1556 1986 1633 prius,
2027 1555 2296 1614 nimirum
2325 1556 2524 1633 gloriae
2546 1556 2930 1613 communica-

517 1638 737 1697 tionem
766 1646 825 1697 et
852 1637 1053 1714 gaudii
1072 1636 1375 1713 influxum,
1406 1636 1544 1696 licet
1570 1655 1868 1712 nunquam
1911 1636 1986 1694 ab
2015 1655 2083 1694 οο
2118 1646 2414 1714 separatus
2443 1636 2519 1695 sit
2545 1634 2739 1711 quoad
2767 1656 2930 1694 sanc-

516 1717 701 1777 titatis
727 1716 1224 1795 participationem
1246 1723 1305 1774 et
1331 1716 1565 1775 virtutis
1591 1715 1894 1790 influxum,
1926 1716 2119 1791 quoad
2144 1717 2489 1790 affectionem
2515 1716 2804 1791 commodi,
2829 1716 2936 1775 sed

516 1816 635 1855 non
660 1797 1005 1871 affectionem
1016 1796 1269 1871 justitiae.
1356 1796 1522 1854 Idem
1550 1795 1623 1853 de
1654 1796 1822 1854 Mose
1851 1804 1908 1854 et
1927 1795 2110 1854 Paulo
2129 1795 2318 1855 dicere
2339 1814 2662 1873 possumne,
2693 1816 2793 1855 eos
2815 1815 2933 1853 non

516 1884 748 1954 optasse
777 1876 1099 1935 sanctitatis
1125 1875 1525 1952 privationem,
1557 1875 1655 1934 vel
1693 1875 1960 1933 amicitiae
2011 1895 2128 1935 suae
2159 1895 2290 1934 cum
2320 1876 2446 1934 Deo
2475 1874 2930 1951 dissolutionem,

516 1956 653 2035 quia
681 1957 791 2016 hoc
820 1963 1017 2032 optare
1046 1975 1165 2013 non
1191 1964 1311 2013 tam
1353 1956 1479 2014 Deo
1529 1963 1683 2013 esset
1729 1956 2038 2031 ingratum,
2086 1976 2260 2033 quam
2288 1956 2616 2033 petentibus
2653 1956 2928 2034 impium;

516 2036 621 2097 sed
649 2056 748 2095 eos
774 2036 969 2113 potius
993 2035 1155 2112 loqui
1183 2035 1255 2093 de
1284 2035 1551 2094 amicitiae
1577 2036 1747 2094 istius
1774 2034 2056 2094 fructibus
2084 2045 2142 2095 et
2179 2036 2470 2095 felicitatis
2499 2054 2687 2111 sensu,
2719 2044 2784 2095 ut
2811 2038 2930 2113 sig-

514 2116 751 2176 nificent
780 2136 841 2175 se
868 2115 1147 2175 libentius
1174 2115 1455 2175 carituros
1476 2115 1587 2174 Dei
1627 2125 1956 2192 conspectu,
1981 2116 2196 2193 gaudio
2215 2136 2282 2174 ac
2305 2116 2608 2193 suavitate,
2639 2134 2769 2193 quae
2790 2115 2928 2175 inde

513 2197 712 2273 oritur,
742 2216 918 2273 quam
938 2204 1005 2255 ut
1047 2204 1205 2254 totus
1252 2196 1500 2273 populus
1542 2196 1774 2273 periret.
1839 2196 1894 2254 N
1897 2216 1972 2254 on
1994 2204 2195 2273 optant
2241 2215 2369 2255 esse
2420 2196 2532 2254 Dei
2579 2215 2792 2271 osores,
2825 2195 2930 2255 sed

512 2277 787 2337 vindictae
815 2278 1059 2353 objecta.
1136 2275 1361 2334 Volunt
1387 2276 1590 2353 perire,
1622 2296 1740 2335 non
1786 2283 1853 2335 ut
1897 2275 2010 2334 Dei
2051 2276 2288 2351 inimici,
2320 2276 2424 2334 sed
2449 2284 2516 2335 ut
2543 2275 2782 2335 fratrum
2811 2295 2930 2335 ser-

513 2365 763 2431 vatoreS,
796 2356 847 2415 si
874 2356 1045 2413 modo
1075 2354 1137 2413 id
1163 2376 1239 2414 ex
1264 2356 1349 2413 rei
1377 2364 1598 2431 natura,
1652 2358 1711 2415 et
1729 2376 1832 2433 per
1862 2356 1977 2414 Dei
2023 2356 2327 2415 consilium
2349 2356 2472 2413 fieri
2500 2364 2712 2433 posset,
2744 2357 2838 2415 cui
2866 2376 2928 2415 se

514 2436 699 2495 sancti
726 2436 789 2493 in
816 2436 1083 2511 precibus
1112 2443 1169 2495 et
1197 2434 1350 2494 votis
1378 2436 1498 2494 suis
1529 2455 1754 2513 semper
1792 2436 2076 2513 subjicere
2105 2436 2320 2494 debent
2347 2455 2478 2494 cum
2509 2436 2754 2495 Christo.
2842 2436 2926 2496 Ut

508 2516 606 2576 hic
635 2514 853 2574 similes
880 2514 1311 2575 enunciationes
1338 2514 1728 2574 conditionate
1755 2524 1815 2575 et
1839 2516 2212 2595 hypothetice
2241 2536 2482 2594 semper,
2507 2535 2622 2574 non
2645 2515 2926 2595 absolute,

512 2596 629 2655 sint
658 2594 1067 2671 intelligendae.

593 2674 819 2734 XXX.
868 2674 987 2735 Sed
1028 2674 1123 2733 hic
1166 2682 1395 2751 regeret
1443 2674 1638 2733 statim
1683 2673 1928 2751 aliquis;
1974 2674 2140 2734 Licet
2184 2674 2438 2735 conditio
2475 2675 2536 2733 in
2573 2684 2711 2735 voto
2741 2676 2927 2737 Mosis

514 2756 1060 2832 subintelligeretur,
1090 2774 1210 2813 non
1236 2754 1365 2813 tolli
1412 2762 1606 2813 tamen
1657 2754 2072 2831 difficultatem,
2118 2756 2255 2831 quia
2294 2756 2457 2815 Deus
2497 2756 2652 2815 Mosi
2689 2776 2924 2833 respon-

505 2836 651 2896 dens
678 2836 941 2895 absolute
968 2835 1242 2913 loquitur,
1274 2844 1333 2895 et
1360 2854 1477 2893 non
1504 2843 1732 2893 tantum
1761 2855 1882 2893 rem
1903 2855 2072 2911 posse
2101 2834 2243 2910 fieri,
2289 2836 2394 2894 sed
2440 2856 2644 2895 revera
2669 2836 2922 2896 futuram

456 2942 465 2953 =
509 2915 836 2991 denunciat,
867 2936 989 2976 ver.
1018 2919 1116 2991 33,
1178 2916 1384 2974 “Eum
1432 2915 1534 2992 qui
1582 2915 1726 2973 mihi
1773 2915 2116 2992 peccaverit,
2169 2915 2376 2974 delebo
2419 2936 2631 2974 nomen
2679 2917 2806 2994 ejus
2851 2916 2924 2976 de

509 2996 659 3056 libro
686 3017 859 3073 quem
890 2996 1152 3074 scripsi.’'
1200 2996 1377 3075 Resp.
1402 3000 1454 3055 1.
1479 2996 1542 3055 Si
1559 2996 1634 3055 de
1651 3004 1834 3055 morte
1853 3014 2127 3072 corporea
2143 2995 2336 3054 locum
2355 2996 2764 3074 intelligamus,
2786 2998 2923 3055 sub-

508 3076 628 3135 lata
649 3076 759 3135 erit
786 3077 975 3135 omnis
1004 3076 1328 3151 difficultas,
1360 3077 1495 3152 quia
1522 3096 1694 3135 nemo
1721 3084 1898 3153 negat
1927 3075 2141 3133 multos
2169 3096 2320 3152 saepe
2350 3095 2381 3134 e
2408 3076 2564 3134 vivis
2591 3076 2736 3151 tolli,
2767 3086 2826 3135 et
2853 3076 2926 3135 de

506 3174 748 3215 numero
777 3156 1103 3214 viventium
1132 3155 1311 3214 deleri
1333 3156 1497 3233 justo
1528 3156 1644 3215 Dei
1662 3156 1907 3233 judicic.
1979 3160 2036 3214 2.
2061 3154 2176 3213 Sed
2206 3155 2346 3213 side
2377 3164 2590 3214 oeterna
2615 3156 2922 3233 loquimur,

512 3254 631 3292 11011
656 3234 845 3309 magis
866 3234 1142 3293 astruitur
1168 3235 1249 3293 rei
1266 3234 1624 3311 possibilitas
1646 3255 1660 3309 ;
1705 3236 1842 3311 quia
1869 3244 1934 3294 ut
1953 3235 2138 3293 Mosis
2157 3244 2358 3293 votum
2391 3235 2576 3295 fuerat
2604 3236 2926 3295 condition·

510 3321 688 3385 atum,
720 3312 768 3369 si
797 3332 900 3388 per
942 3312 1297 3389 impossibile
1325 3314 1387 3371 id
1412 3314 1537 3371 fieri
1564 3322 1776 3391 posset,
1821 3315 1905 3373 ita
1932 3314 2094 3372 Deus
2136 3316 2446 3393 respondet
2475 3315 2582 3375 sub
2609 3316 2810 3375 eadem
2839 3324 2924 3375 ta-

510 3392 627 3451 cita
653 3390 999 3467 conditione,
1029 3392 1187 3468 quod
1214 3392 1265 3450 si
1290 3392 1417 3449 fieri
1458 3412 1552 3451 res
1598 3400 1812 3469 posset,
1861 3394 2060 3451 Moses
2087 3400 2280 3453 tamen
2307 3416 2424 3454 non
2452 3396 2598 3455 foret
2625 3395 2924 3473 delendae,

506 3478 865 3547 repugnante
892 3490 1009 3529 non
1036 3471 1208 3529 modo
1238 3471 1576 3548 constantia,
1600 3472 1706 3532 sed
1732 3472 1904 3531 etiam
1941 3471 2172 3550 justitia
2219 3474 2435 3552 divina,
2465 3496 2594 3553 quae
2621 3496 2739 3535 non
2765 3485 2925 3553 pate-

508 3560 667 3611 retur
720 3570 853 3610 eum
910 3549 1107 3625 deleri,
1164 3551 1265 3628 qui
1310 3550 1460 3610 foret
1508 3560 1676 3611 extra
1713 3572 1944 3627 noxam,
1997 3553 2100 3611 sed
2142 3556 2462 3631 postularet
2516 3576 2677 3614 reum
2733 3556 2926 3633 ipsum

509 3630 705 3709 plecti.
770 3630 1055 3708 Loquitur
1072 3650 1211 3709 ergo
1242 3632 1403 3690 Deus
1432 3631 1505 3689 de
1526 3651 1597 3690 eo
1625 3631 1783 3709 quod
1809 3654 1886 3692 ex
1907 3634 2041 3711 jure
2058 3633 2353 3694 debuisset
2379 3636 2520 3711 fieri,
2545 3655 2662 3694 non
2689 3656 2828 3695 vero
2851 3635 2923 3695 de

509 3732 581 3771 eo
603 3710 760 3790 quod
788 3711 1045 3770 facturus
1072 3719 1225 3771 esset
1251 3712 1457 3789 reipsa,
1488 3712 1634 3770 alias
1663 3712 1894 3773 delendi
1933 3714 2178 3773 fuissent
2215 3723 2498 3792 quotquot
2525 3724 2923 3792 peccaverant,

508 3801 628 3851 tam
658 3791 887 3869 reprobi
915 3811 1087 3869 quam
1124 3792 1309 3868 electi,
1362 3791 1519 3869 quod
1562 3812 1678 3851 11011
1722 3793 1937 3854 factum
1987 3802 2195 3853 tamen.
2285 3794 2455 3854 Unde
2484 3796 2632 3855 bene
2661 3795 2920 3873 colligas,

502 3872 794 3951 justitiam
825 3872 937 3930 Dei
964 3871 1269 3949 requirere,
1320 3881 1387 3931 ut
1413 3891 1629 3933 nocens
1668 3874 1954 3951 plectatur
1987 3894 2106 3933 non
2147 3874 2364 3951 insons,
2417 3875 2520 3933 sed
2561 3894 2678 3933 non
2729 3877 2924 3935 statim

508 3972 631 4011 rem
658 3972 799 4031 erga
826 3952 1089 4029 singulos
1116 3952 1445 4012 executioni
1471 3952 1750 4013 mandari.
1811 3955 1906 4013 Ita
1936 3954 2220 4013 Dominus
2241 3955 2480 4032 corrigit
2506 3965 2706 4017 votum
2737 3956 2926 4015 Mosis

508 4053 625 4092 non
652 4032 953 4092 irascendo
994 4032 1107 4111 ipsi
1146 4052 1252 4110 pro
1288 4032 1501 4093 talibus
1548 4034 1834 4111 precibus,
1886 4053 2046 4110 quas,
2085 4043 2218 4094 utut
2260 4036 2712 4113 praecipitantius
2747 4036 2924 4113 paulo

504 4113 735 4189 effusae,
766 4121 1009 4174 noverat
1035 4121 1228 4173 tamen
1256 4134 1333 4172 ex
1360 4114 1658 4173 charitatis
1685 4113 1936 4191 quodam
1954 4133 2196 4175 excessu
2216 4114 2520 4192 proficisci,
2541 4116 2646 4175 sed
2671 4115 2923 4193 benigne

503 4213 637 4253 eum
664 4194 940 4272 reprimit,
970 4201 1029 4253 et
1048 4193 1257 4271 judicii
1284 4194 1377 4253 sui
1402 4194 1732 4272 aequitatem
1762 4194 2139 4271 commendat,
2170 4194 2329 4272 quod
2359 4203 2553 4255 tamen
2579 4215 2697 4255 non
2725 4196 2921 4254 exclu-

503 4272 591 4409 git
644 4274 1049 4334 misericordiae
1098 4275 1418 4351 veritatem,
1469 4294 1644 4353 quam
1689 4274 1750 4331 in
1796 4275 1970 4334 venia
2015 4276 2230 4353 populo
2278 4294 2552 4335 concessa
2598 4276 2924 4336 luculenter

544 4354 937 4413 emonstravit.

588 4430 848 4492 XXXI.
880 4434 1160 4507 Quamvis
1178 4454 1318 4511 ergo
1341 4440 1541 4493 votum
1561 4434 1674 4493 hoc
1696 4433 1883 4493 Mosis
1909 4434 2134 4511 impleri
2156 4454 2271 4495 non
2287 4436 2556 4513 potuerit,
2576 4454 2694 4495 11011
2716 4441 2923 4512 putan-

510 4509 650 4569 dum
678 4517 871 4569 tamen
898 4512 1067 4571 inane
1088 4514 1285 4589 fuisse,
1310 4514 1449 4590 quia
1468 4534 1586 4573 non
1612 4522 1734 4572 tam
1761 4515 2079 4575 attenditur
2097 4516 2180 4574 rei
2201 4524 2462 4591 eventus,
2487 4534 2660 4592 quam
2683 4515 2921 4574 demon-

508 4588 710 4649 stratio
736 4590 1083 4667 hyperboles
1132 4612 1237 4653 seu
1280 4612 1555 4652 excessus
1604 4594 1918 4669 charitatis,
1949 4595 2053 4673 qui
2080 4596 2228 4655 solet
2253 4596 2390 4654 ferri
2416 4596 2492 4654 ad
2519 4595 2918 4673 impossibilia,

504 4669 643 4749 quia
670 4669 731 4727 in
758 4669 830 4729 iis
857 4689 987 4746 quae
1024 4670 1149 4729 fieri
1197 4680 1441 4748 possunt
1486 4672 1635 4731 nihil
1673 4673 1971 4733 satisfacit.
2059 4675 2230 4735 Unde
2278 4675 2495 4736 locutio
2543 4675 2922 4755 hyperbolica
