3234 5192
501 325 620 386 618
1076 341 1154 380 nu
1185 339 1663 381 suismcrioms
1690 340 1927 381 emusrr
1957 339 2278 381 vamum.
2482 319 2745 404 [msrur.
2776 341 2909 383 xm

501 483 780 542 Ecclesiae
801 489 860 542 et
879 481 1135 542 fidelium
1166 481 1462 560 regimine,
1483 490 1679 541 tamen
1696 481 2035 559 plerumque
2056 482 2117 540 in
2138 480 2385 559 singulis
2414 483 2639 543 actibus
2668 487 2908 561 conjun-

501 572 718 641 guntur
739 563 1053 623 secundum
1077 563 1268 622 varias
1290 564 1519 622 illorum
1553 563 1777 640 σχέσεις.
1864 562 2052 621 Verbi
2080 562 2283 638 gratia,
2317 563 2379 620 in
2406 571 2607 638 morte,
2640 563 2908 624 Christus

501 645 622 721 egit
651 645 822 702 simul
850 652 916 702 ut
942 644 1237 720 propheta,
1269 653 1334 702 ut
1361 643 1631 702 sacerdos
1660 652 1718 701 et
1746 662 1867 717 rex,
1902 642 2185 702 Sacerdos
2212 653 2465 718 respectu
2492 644 2622 719 Dei,
2654 646 2754 720 qui
2782 645 2907 721 pla-

501 725 721 783 candus
751 725 858 783 fuit
880 723 1110 800 justitia
1137 723 1407 801 perfecta,
1439 722 1590 800 Eph.
1622 743 1679 780 v.
1710 726 1765 798 2,
1801 723 1930 780 Rex
1950 732 2200 799 respectu
2229 724 2465 782 Diaboli
2482 723 2583 800 qui
2610 723 2909 782 debellan-

503 805 612 864 dus
640 805 750 864 fuit
775 805 990 862 virtute
1019 812 1078 862 et
1103 804 1362 880 potentia
1389 822 1630 876 summa,
1664 803 1817 861 Heb.
1842 802 1900 860 ii.
1935 806 2026 878 14,
2060 803 2183 862 Col.
2214 803 2273 860 ii.
2308 806 2399 878 15,
2435 804 2739 880 Propheta,
2774 804 2911 864 Rex

501 894 560 946 et
593 884 874 944 Sacerdos
917 893 1168 960 respectu
1215 885 1497 942 hominum
1525 883 1623 959 qui
1654 881 1900 942 docendi
1926 883 2159 942 fuerunt
2193 883 2305 942 hoc
2333 883 2657 942 admirabili
2682 884 2821 943 fidei
2849 895 2913 944 et

502 965 840 1024 constantiae
879 964 1164 1040 exemp10,
1217 963 1503 1042 purgandi
1545 963 1799 1040 pretioso
1828 963 2129 1040 sanguinis
2175 964 2397 1039 merito,
2446 972 2505 1023 et
2553 964 2798 1022 victoria
2838 984 2910 1023 ac

493 1043 793 1123 'triumpho
841 1043 1096 1102 donandi
1139 1043 1340 1101 divina
1387 1044 1561 1121 hujus
1608 1043 1812 1102 mortis
1848 1052 1907 1102 et
1952 1043 2254 1120 sanguinis
2282 1043 2551 1121 efficacia,
2584 1044 2771 1121 Apoc.
2804 1045 2909 1102 xii.

505 1125 843 1204 Quanquam
874 1144 1013 1201 ergo
1057 1123 1132 1182 ad
1174 1133 1418 1183 mortem
1447 1123 1547 1200 qui
1569 1123 1797 1201 proprie
1825 1122 1934 1182 fuit
1962 1132 2126 1182 actus
2156 1124 2529 1183 sacerdotalis
2556 1127 2915 1184 concurrerit

503 1207 768 1266 Christus
797 1206 968 1264 etiam
997 1204 1422 1281 quodammodo
1451 1212 1516 1262 ut
1543 1223 1648 1262 rex
1696 1214 1756 1262 et
1802 1204 2099 1281 propheta,
2130 1223 2247 1262 non
2276 1205 2536 1281 sequitur
2562 1213 2755 1262 tamen
2782 1205 2912 1263 haec

501 1287 700 1345 munia
727 1285 1074 1364 permisceri,
1098 1285 1549 1362 unumquodque
1579 1284 1729 1342 enim
1751 1284 1875 1362 agit
1902 1283 2059 1361 quod
2088 1304 2254 1342 suum
2284 1293 2389 1360 est,
2422 1284 2913 1362 quemadmodum

501 1369 561 1426 in
591 1369 718 1426 istis
747 1364 1176 1444 operationibus
1203 1363 1538 1443 ὃεανόςικαῒς
1565 1362 1766 1422 divina
1792 1373 1851 1422 et
1898 1363 2151 1424 humana
2192 1372 2399 1423 natura
2426 1365 2642 1441 pariter
2668 1383 2911 1424 concur-

503 1457 654 1506 runt.
723 1447 888 1506 Idem
919 1444 1226 1504 dicendum
1255 1453 1523 1522 respectu
1545 1444 1991 1518 intercessionis,
2022 1443 2097 1502 ad
2126 1464 2253 1503 eam
2281 1445 2435 1503 enim
2465 1445 2731 1504 Christus
2776 1465 2915 1503 con·

501 1529 680 1587 currit
707 1535 772 1586 ut
821 1525 1088 1586 sacerdos
1134 1525 1400 1583 meritum
1448 1524 1747 1600 sanguinis
1776 1525 1863 1582 sui
1912 1523 2393 1602 repraesentandO,
2424 1532 2484 1583 et
2511 1525 2685 1584 simul
2710 1533 2777 1583 ut
2803 1545 2913 1584 rex

502 1607 808 1666 efficaciter
833 1607 990 1664 illius
1020 1603 1293 1662 virtutem
1321 1603 1681 1681 applicando,

583 1686 793 1744 XLII.
839 1689 892 1743 8.
938 1683 1156 1742 Absur.
1190 1683 1472 1760 Denique,
1503 1703 1576 1742 ne
1603 1683 1771 1760 plura
1798 1703 2196 1760 congeramuS,
2228 1692 2564 1761 sequeretur
2588 1703 2765 1743 unum
2802 1684 2909 1744 So—

501 1767 696 1844 cinpm
740 1785 871 1823 cum
917 1763 1178 1840 pauculis
1223 1764 1343 1822 suis
1387 1763 1625 1821 asseclis
1654 1761 1871 1822 vidisse
1898 1765 1959 1822 in
1989 1765 2101 1822 hoc
2127 1765 2407 1841 palmatio
2436 1764 2640 1824 salutis
2667 1764 2914 1824 articulo

501 1845 658 1923 quod
687 1845 1015 1904 universam
1043 1843 1214 1901 latuit
1240 1843 1527 1919 puriorem
1579 1841 2021 1919 Antiquitatem,
2052 1845 2169 1902 imo
2198 1845 2365 1922 cujus
2393 1845 2741 1904 contrarium
2771 1865 2912 1903 eon-

502 1935 720 1986 stanter
746 1931 1172 2002 propugnatum
1202 1922 1325 1983 fuit.
1373 1923 1496 1982 Nec
1523 1922 1753 1981 difficile
1784 1932 1953 1998 esset,
1986 1924 2034 1981 si
2063 1925 2313 1983 thesium
2342 1925 2487 1983 ratio
2516 1925 2578 1982 id
2598 1933 2909 2002 pateretur,

501 2007 892 2065 demonstrare
921 2024 1024 2082 per
1051 2003 1281 2080 singula
1304 2004 1498 2062 secula
1526 2011 1883 2062 constantem
1913 2003 2090 2063 fuisse
2110 2005 2259 2063 hanc
2280 2013 2535 2064 nostram
2554 2005 2625 2064 de
2666 2006 2914 2065 Ver-itate

501 2086 910 2161 Satist'actionis
940 2085 1000 2143 in
1045 2084 1308 2142 Ecclesia
1338 2084 1678 2143 Orthodoxa
1726 2085 2085 2158 sententiam,
2116 2105 2224 2142 nec
2251 2105 2505 2161 unquam
2536 2085 2646 2144 nisi
2674 2106 2711 2143 a
2742 2085 2913 2144 Pela-

501 2167 707 2244 gianis,
739 2175 798 2226 et
825 2164 1193 2224 maleferiatis
1221 2164 1547 2223 istiusmodi
1575 2163 1905 2223 hominibus
1934 2165 2031 2222 vel
2058 2165 2117 2222 in
2140 2164 2379 2223 dubium
2404 2175 2667 2224 vocatam
2688 2165 2785 2223 vel
2808 2185 2911 2224 ne-

501 2257 714 2324 gatam.
750 2246 864 2305 Sed
876 2254 1102 2322 tempus
1124 2253 1211 2302 est
1229 2251 1294 2302 ut
1314 2265 1546 2303 manum
1569 2244 1641 2302 de
1666 2245 1863 2304 tabula
1878 2265 2159 2322 ponamus
2172 2253 2229 2303 et
2250 2245 2627 2322 disputationi
2647 2245 2783 2304 huic
2807 2269 2913 2302 κα,-

503 2329 901 2402 τασκευαστικῇ
929 2345 1058 2400 quae
1089 2323 1301 2381 sensim
1347 2333 1404 2382 et
1431 2333 1639 2400 praeter
1682 2332 1935 2383 mentem
1968 2326 2099 2402 plus
2134 2329 2295 2402 justo
2325 2325 2557 2384 videtur
2581 2345 2911 2404 progressa,

503 2406 882 2481 colophonem
930 2402 1163 2461 tandem
1211 2403 1590 2479 imponamuS.
1678 2403 1824 2462 Cum
1872 2424 2012 2480 ergo
2062 2424 2137 2462 ex
2180 2405 2653 2464 antecedentibus
2682 2415 2916 2466 constet

505 2484 798 2543 Christum
837 2503 967 2540 vere
993 2483 1332 2557 Spore-sorem
1359 2492 1618 2540 nostrum
1649 2482 1863 2542 factum
1892 2484 2087 2558 fuisse,
2116 2505 2245 2544 vere
2288 2494 2347 2544 et
2374 2505 2491 2543 non
2520 2487 2912 2563 metaphorice

503 2584 610 2622 nos
638 2563 949 2637 redemisse,
980 2581 1108 2620 vere
1126 2580 1242 2636 pro
1261 2563 1413 2619 nobis
1441 2571 1498 2620 et
1518 2562 1649 2620 loco
1676 2571 1875 2622 nostro
1900 2574 2176 2622 mortuum
2205 2584 2332 2623 esse
2360 2573 2419 2624 et
2447 2566 2915 2625 maledictionem

502 2644 734 2718 factum,
765 2663 894 2702 vere
915 2650 1152 2720 peccata
1177 2647 1376 2700 nostra
1401 2662 1518 2700 non
1547 2642 1917 2702 autoritative
1945 2652 2165 2703 tantum
2186 2665 2288 2722 per
2315 2646 2558 2722 gratiam
2578 2645 2910 2721 auferend0,

503 2723 607 2784 sed
633 2723 864 2801 passive
883 2723 942 2781 in
972 2743 1048 2800 se0
1061 2721 1389 2799 recipiendo
1409 2731 1690 2798 portasse,
1712 2743 1841 2782 vere
1867 2726 2133 2800 ayoniam
2160 2734 2219 2784 et
2244 2727 2609 2784 desertionem
2625 2730 2914 2803 poenalem

505 2805 771 2878 sensisse,
801 2825 931 2864 vere
959 2805 1019 2862 in
1045 2803 1334 2881 sacr-{ficiis
1361 2803 1643 2861 hilasticis
1670 2803 1802 2862 Vet.
1833 2805 1991 2864 Test.
2021 2807 2415 2864 adumbratum
2446 2805 2641 2880 fuisse,
2675 2808 2911 2866 conclu-

503 2885 708 2944 damus
741 2885 982 2944 fidenter
1007 2905 1084 2943 ex
1111 2883 1422 2961 praemissis
1448 2884 1520 2941 D.
1547 2883 1618 2942 N.
1642 2884 1686 2942 J
1690 2903 1851 2943 esum
1871 2885 2159 2945 Christum
2183 2885 2504 2963 θεάνθςωπον
2524 2885 2737 2945 divinae
2766 2887 2809 2946 J
2814 2907 2912 2946 us·

499 2967 642 3026 titiae
671 2985 774 3042 pro
803 2965 1055 3043 peccatis
1083 2964 1296 3028 nostris
1337 2965 1476 3022 Vere
1504 2964 1866 3037 Satisfecisse.
1938 2967 2103 3044 Ὀπὲς
2130 2963 2229 3022 ἔδει
2259 2963 2464 3040 δεῒξαι.

586 3046 670 3105 Ut
697 3055 922 3104 constet
964 3045 1318 3104 Sententiam
1350 3042 1745 3103 Orthodoxam
1796 3065 1913 3103 non
1958 3045 2197 3104 destitui
2245 3046 2491 3122 purioris
2522 3046 2914 3124 Antiquitatis

485 3125 794 3199 -suffragio,
827 3124 1072 3200 paucula
1099 3145 1174 3182 ex
1203 3124 1519 3182 innumeris
1541 3123 1746 3182 damus
1774 3124 2051 3184 Veterum
2084 3125 2454 3200 Testimonia,
2486 3126 2698 3202 quibus
2725 3127 2917 3204 liquet-

499 3205 654 3339 piagi
681 3203 832 3260 hanc
861 3203 932 3262 de
966 3203 1367 3262 Satisfactione
1399 3203 1611 3262 Christi
1642 3204 1959 3263 doctrinam
1989 3214 2320 3264 constanter
2360 3205 2617 3282 agnitam
2647 3205 2824 3265 fuisse
2852 3216 2917 3267 et

501 3303 596 3342 cre
640 3286 796 3340 itam.

581 3361 852 3420 Justinus
892 3361 1120 3438 Martyr
1167 3360 1266 3436 qui
1311 3361 1506 3421 floruit
1533 3362 1687 3422 circa
1712 3382 1844 3422 aun.
1878 3365 1941 3423 C.
1977 3367 2109 3424 150.
2155 3365 2387 3443 Dialoq.
2432 3385 2557 3424 cum
2609 3367 2914 3443 Tryphone

499 3444 724 3516 JudaeO,
757 3461 889 3519 pag.
925 3445 1057 3499 177.

585 3529 620 3558 “
653 3525 816 3579 Τοῦτο
841 3523 992 3578 &mero
1013 3524 1072 3577 τὸ
1103 3521 1338 3598 σωτῆξιον
1367 3525 1573 3602 λοῦτςον
1601 3545 1662 3589 ην
1710 3525 1736 3579 ὅ
1766 3525 1933 3579 εἵπετο
1963 3527 2067 3587 τοῖς
2112 3525 2559 3602 μεταγινώσκουσι
2588 3529 2688 3582 κα)
2710 3525 2913 3595 μηκέτι

504 3607 700 3674 αἵματι
740 3603 947 3680 τράγων
964 3604 1062 3658 καὶ
1085 3601 1372 3678 πςοέάτων,
1399 3600 1434 3668 ἤ
1452 3604 1629 3680 σποδῷ
1652 3604 1962 3678 δαμάλεως,
1990 3601 2025 3668 ἦ
2053 3605 2378 3673 σεμιδάλεως
2396 3609 2705 3682 προσφοραῖς
2734 3609 2915 3662 naba·-

503 3684 808 3764 ριζομὲ-νους,
842 3683 1004 3738 ἀλλὰ
1043 3685 1212 3738 πίστει
1241 3681 1330 3737 διὰ
1363 3685 1450 3738 τοῦ
1472 3685 1706 3752 αἵματος
1750 3685 1839 3738 τοῦ
1866 3691 1917 3739 X
1946 3686 2103 3754 to‘roii,
2130 3687 2229 3738 κα)
2256 3687 2346 3740 τοῦ
2372 3684 2609 3741 θανάτου
2639 3687 2822 3754 αὐτοῦ,
2854 3687 2915 3750 ὅς

501 3755 592 3822 διὰ
621 3767 770 3821 τοῦτο
801 3763 1048 3820 ἀπέθανεν
1069 3762 1137 3826 ὡς
1167 3764 1328 3825 αὐτὸς
1361 3765 1576 3826 Ησαίοις
1599 3760 1715 3837 ἔφη,
1747 3760 1854 3820 ὅτε.
1882 3763 1906 3818 1
1946 3783 2015 3820 oc
2033 3763 2177 3820 illud
2196 3763 2755 3822 salutare-lavacrum
2776 3764 2909 3840 fuit,

500 3844 656 3922 quod
669 3863 768 3903 eos
787 3852 875 3902 est
893 3852 1310 3918 consequutum
1329 3841 1426 3917 qui
1449 3842 1845 3918 poenitentiam
1868 3851 2126 3918 egerunt,
2152 3863 2339 3920 neque
2350 3845 2599 3921 amplius
2620 3845 2915 3903 hircorum

499 3934 558 3985 et
587 3925 782 3983 ovium
813 3923 1111 3999 sanguine,
1142 3929 1242 3980 aut
1287 3922 1483 3980 vituloe
1519 3921 1726 3995 cinere,
1759 3921 2037 3981 similaeve
2086 3923 2478 3982 oblationibus
2505 3933 2641 3983 sunt
2668 3924 2911 4000 expiati,

500 4004 602 4064 scd
649 4004 762 4062 fide
811 4023 914 4080 per
961 4003 1297 4078 sanguinem
1347 4001 1562 4060 Christi
1609 4010 1669 4059 et
1715 4011 1957 4060 mortem
2000 4003 2145 4080 ejus,
2175 4003 2274 4079 qui
2317 4022 2385 4061 ea
2426 4004 2553 4080 ipsa
2606 4004 2679 4062 de
2734 4023 2917 4064 causa

498 4093 759 4144 mortuus
807 4092 897 4141 est
923 4080 1406 4160 quemadmodum
1439 4081 1623 4139 Isaias
1653 4080 1848 4154 dicit‚'’
1879 4080 2003 4159 &03
2052 4083 2147 4140 ubi
2177 4103 2305 4142 cum
2356 4084 2611 4160 expiatio
2639 4083 2789 4142 facta
2820 4084 2913 4141 di-

499 4175 662 4225 catur
689 4184 805 4222 non
833 4183 936 4239 per
963 4161 1302 4238 sanguinem
1331 4159 1618 4220 hircorum
1648 4169 1707 4220 et
1735 4161 1949 4238 ovium,
1982 4163 2083 4221 sed
2112 4183 2216 4240 per
2242 4165 2582 4240 sanguinem
2614 4163 2829 4223 Christi
2851 4173 2917 4224 et

501 4254 742 4303 mortem
773 4244 915 4320 ejus,
949 4243 1048 4319 qui
1093 4261 1162 4300 ea
1205 4241 1566 4319 potissimum
1617 4241 1690 4300 de
1740 4261 1913 4300 causa
1956 4251 2216 4302 mortuus
2246 4243 2472 4319 dicitur,
2504 4253 2569 4303 ut
2595 4244 2723 4303 fuse
2749 4243 2913 4303 idem

501 4325 732 4382 Author
753 4323 893 4381 ibid.
924 4322 1129 4399 probat
1157 4342 1231 4380 ex
1261 4342 1385 4399 cap.
1418 4319 1520 4380 liii.
1571 4322 1756 4395 Isaiae,
1790 4323 1930 4381 satis
1958 4343 2033 4381 ex
2074 4343 2144 4380 eo
2173 4323 2357 4399 liquet
2386 4323 2601 4382 Christi
2633 4323 2917 4382 Satisfae-

497 4403 713 4460 tionem
742 4403 1040 4460 connotari
1067 4402 1279 4478 quaein
1307 4402 1635 4478 expiatione
1664 4402 1989 4461 necessario
2018 4402 2347 4462 includitur.
2436 4403 2565 4462 Hoc
2588 4404 2775 4480 ipsum
2804 4423 2913 4462 ve-

497 4502 562 4539 ro
590 4481 940 4539 luculentius
969 4482 1190 4556 probat,
1222 4503 1278 4558 p.
1309 4487 1446 4556 252,
1491 4483 1594 4542 ubi
1640 4482 1852 4542 diserte
1900 4483 2078 4542 babet
2108 4483 2298 4541 Deum
2326 4483 2581 4542 voluisse
2612 4483 2911 4543 Christum

498 4560 753 4618 omnium
809 4558 1242 4620 maledictiones
1289 4562 1349 4618 in
1399 4583 1460 4620 se
1509 4562 1780 4638 recipere,
1812 4561 1971 4639 quod
2017 4562 2141 4621 fieri
2188 4582 2552 4639 nequaquam
2602 4562 2911 4641 potuisset,

497 4639 610 4694 nisi
666 4637 786 4712 ipse
834 4637 1087 4695 omnium
1133 4640 1260 4697 loco
1307 4641 1673 4715 substitutus,
1720 4661 1917 4700 eorum
1968 4663 2171 4720 poenas
2220 4661 2423 4701 revera
2466 4643 2712 4712 tulisset,
2779 4649 2819 4678 “
2842 4649 2917 4700 Εἰ
