3234 5192
480 324 600 386 486
1062 338 1141 379 na
1170 338 1645 383 sanstae-rmum
1673 335 1912 381 cumsrr
1941 336 2262 380 narrare.
2471 316 2735 398 [meror.
2761 337 2890 379 nv.

482 478 775 558 suscipere
803 479 1124 557 tenebatur,
1148 479 1293 541 alias
1320 479 1726 540 maledictione
1747 478 1916 539 nobis
1943 476 2140 537 debita
2165 495 2284 535 non
2309 474 2604 553 persoluta
2621 474 2890 537 liberatio

481 567 745 619 nostrum
766 560 1023 619 omnium
1048 560 1212 619 nulla
1230 578 1360 621 esse
1386 560 1587 638 potuit
1598 582 1613 635 ς
1655 578 1844 637 neque
1873 559 2066 617 obstat
2107 556 2265 634 quod
2293 555 2604 615 Execratio
2629 555 2758 616 haec
2784 556 2892 616 im-

481 647 673 719 portet
698 646 943 699 mortem
970 646 1260 715 eternam,
1292 659 1424 701 cum
1450 648 1511 701 et
1538 639 1804 699 Christus
1843 639 1994 697 hanc
2020 636 2222 697 tulisse
2250 654 2392 697 sano
2421 654 2595 695 sensu
2621 644 2777 696 recte
2803 636 2896 695 di-

482 728 680 796 catur;
721 719 883 777 nimi.
914 739 1067 779 mors
1092 728 1307 779 oeterna
1344 739 1449 780 seu
1486 718 1818 779 maledictio
1857 718 1960 777 illa
1997 736 2174 795 quam
2215 715 2345 775 Lex
2371 716 2896 793 transgressoribus

484 798 810 859 intentabat
856 799 1107 877 spectari
1144 806 1337 877 potest
1376 799 1476 859 vel
1514 799 1778 859 intensive
1815 797 2010 875 quoad
2049 796 2477 857 extremitatem
2515 796 2781 855 dolorum
2836 804 2898 857 et

484 877 845 939 cruciatuum
888 897 1021 937 cum
1069 878 1393 938 desertione
1442 886 1503 937 et
1550 896 1728 938 sensu
1766 877 2127 956 penitissimo
2154 876 2256 935 irae
2301 875 2432 951 Dei,
2477 876 2577 935 vel
2621 876 2898 936 extensive

485 958 682 1036 quoad
708 964 981 1017 aeternam
1008 966 1069 1017 et
1094 977 1391 1036 nunquam
1426 957 1742 1019 finiendam
1777 978 1964 1036 poenae
2005 965 2066 1017 et
2109 956 2465 1015 cruciatuum
2491 954 2893 1033 durationem3

485 1045 547 1098 et
566 1037 723 1115 prior
747 1037 851 1096 illa
870 1038 1105 1114 quidem
1132 1037 1300 1115 exim
1326 1038 1599 1117 primaria
1624 1037 1858 1097 videtur
1884 1056 2012 1097 esse
2053 1036 2114 1095 in
2141 1054 2314 1113 poena
2328 1054 2503 1113 quam
2524 1036 2756 1113 justitia
2783 1036 2900 1095 Dei

487 1116 780 1193 exigebat,
810 1116 957 1177 adeo
983 1125 1051 1177 ut
1076 1118 1179 1195 qui
1205 1118 1302 1178 vel
1324 1118 1400 1177 ad
1426 1118 1706 1196 exiguum
1733 1117 1972 1195 aliquod
2005 1126 2235 1193 tempus
2261 1115 2550 1175 cruciatus
2575 1115 2711 1175 illos
2739 1115 2896 1175 subi-

486 1205 577 1257 ret
602 1204 787 1256 morte
814 1205 1031 1257 aeterna
1071 1198 1183 1257 rite
1210 1198 1517 1259 defunctus
1556 1197 1884 1257 censendus
1926 1205 2096 1273 esset,
2125 1204 2188 1255 at
2229 1195 2513 1273 posterior
2557 1195 2900 1255 secundaria

489 1285 581 1339 est
607 1296 685 1337 ex
710 1276 1042 1337 infirmitate
1072 1277 1365 1337 Creaturae
1386 1286 1529 1353 orta,
1558 1278 1700 1355 quia
1725 1277 1880 1337 enim
1916 1276 2045 1354 ipsa
2069 1294 2271 1354 poenas
2315 1274 2512 1351 quoad
2537 1275 2898 1335 atrocitatem

489 1356 803 1417 immensas
828 1376 975 1435 quas
995 1358 1228 1434 justitia
1253 1376 1353 1417 reo
1370 1357 1704 1435 imponebat
1723 1356 1870 1417 ferre
1891 1375 2009 1417 non
2035 1362 2260 1434 poterat
2277 1353 2421 1431 quin
2434 1353 2745 1427 fatisceret,
2765 1354 2900 1414 ideo

487 1455 566 1496 ex
592 1435 794 1496 ordine
822 1437 1119 1515 sapientias
1143 1457 1443 1519 poenarum
1472 1438 1581 1497 hac
1606 1438 1672 1496 in
1697 1444 1860 1514 parte
1891 1434 2263 1497 commutatio
2289 1434 2444 1494 facta
2469 1442 2575 1509 cst,
2621 1442 2687 1493 ut
2705 1434 2902 1511 quoad

489 1514 853 1575 durationem
880 1515 1119 1575 infinitae
1148 1524 1373 1593 essent;
1419 1524 1480 1575 at
1506 1517 1557 1577 si
1584 1514 1822 1594 aliquod
1849 1516 2175 1594 subjeetum
2215 1522 2537 1575 occurreret
2583 1514 2740 1591 quod
2767 1533 2900 1590 gra-

490 1594 1628 1737 ffiffiffssffiffiffizffffiffiffcffi
1648 1594 2552 1752 ffizfflfflffffitssss
2577 1593 2900 1731 ffl‘r'ffi

492 1752 957 1830 deprehenditur,
1002 1755 1489 1830 quemadmodum
1532 1756 1688 1815 enim
1729 1772 1978 1832 persona
2015 1753 2127 1815 fuit
2167 1752 2382 1828 divina,
2403 1772 2604 1830 paenae
2653 1752 2902 1830 &finitas

490 1831 637 1891 ferre
665 1833 855 1909 potuit
881 1834 1361 1910 constantissime,
1396 1853 1514 1894 non
1540 1833 1776 1912 quidem
1803 1834 2048 1914 inficitur
2073 1834 2132 1893 in
2171 1854 2246 1909 se,
2275 1832 2424 1893 nihil
2469 1834 2624 1892 enim
2650 1840 2786 1891 actu
2811 1830 2900 1889 in-

490 1910 719 1971 finitum
745 1912 809 1971 in
836 1920 1103 1971 naturam
1143 1914 1455 1975 humanam
1494 1934 1628 1991 quae
1667 1914 1834 1975 finita
1871 1914 1982 1975 fuit
2021 1912 2228 1973 cadere
2253 1912 2461 1990 potuit,
2505 1912 2612 1972 sed
2635 1918 2902 1989 respectu

490 1992 719 2067 subjecti
743 1992 819 2051 ob
846 1991 1131 2053 infinitam
1158 2013 1419 2071 personas
1446 1994 1721 2071 patientis
1765 1994 2141 2072 dignitatem3
2184 1991 2672 2069 quemadmodum
2698 2010 2902 2069 pecca-

492 2079 618 2131 tum
644 2079 852 2131 natura
878 2091 986 2131 sua
1023 2072 1251 2133 finitum
1292 2073 1581 2135 infinitum
1620 2074 1811 2135 evasit
1849 2082 2044 2135 tamen
2090 2092 2242 2150 resp.
2283 2073 2483 2148 olv‘ecti
2505 2071 2582 2131 ob
2619 2069 2902 2131 infinitam

493 2171 669 2228 quam
720 2150 963 2213 offendit
1004 2152 1119 2213 Dei
1166 2154 1546 2231 majestatem.
1590 2154 1802 2231 Itaque
1851 2154 2120 2231 quamvis
2169 2160 2418 2212 mortem
2459 2160 2734 2212 aeternam
2787 2170 2904 2209 non

492 2231 693 2290 tulerit
718 2232 914 2308 quoad
939 2231 1301 2293 durationem
1342 2242 1402 2293 et
1442 2234 1858 2309 extensionem,
1902 2232 2188 2311 siquidem
2213 2251 2251 2291 a
2277 2239 2462 2291 morte
2501 2229 2749 2291 detineri
2787 2248 2906 2288 non

491 2311 699 2387 potuit,
730 2310 867 2369 Act.
896 2310 958 2369 ii.
988 2315 1084 2387 24,
1124 2321 1193 2371 ut
1217 2332 1327 2371 nec
1354 2332 1492 2373 sane
1518 2312 1738 2389 debuit,
1767 2313 1981 2391 quippe
2009 2313 2085 2372 ab
2111 2332 2182 2371 ea
2219 2332 2328 2371 nos
2369 2311 2604 2371 liberari
2629 2310 2904 2388 oportuit,

492 2395 650 2447 recte
676 2396 871 2447 tamen
900 2408 1028 2447 eam
1056 2390 1260 2451 tulisse
1293 2390 1506 2451 dicitur
1530 2392 1727 2468 quoad
1751 2410 2050 2469 pennarum
2079 2412 2116 2451 a
2140 2410 2388 2469 persona
2433 2391 2544 2451 hac
2591 2390 2793 2451 divina
2817 2389 2904 2447 la-

492 2474 681 2527 tarum
709 2467 1083 2527 acerbitatem
1110 2477 1171 2527 et
1195 2469 1597 2546 intensionem,
1629 2470 1775 2531 adeo
1802 2478 1868 2531 ut
1893 2490 2050 2531 mors
2075 2472 2203 2548 ejus
2227 2472 2368 2531 licet
2387 2469 2656 2531 triduana
2680 2477 2904 2529 tantum

493 2554 769 2623 tempore,
814 2566 952 2606 vere
992 2548 1369 2608 nihilominus
1410 2558 1642 2608 aeternae
1683 2550 2040 2627 aequivalens
2079 2551 2252 2611 fuerit
2291 2550 2490 2611 valore
2531 2557 2592 2611 et
2615 2548 2904 2628 ponderc;

494 2625 694 2704 Atque
721 2626 805 2686 ita
828 2626 991 2687 illam
1018 2628 1205 2705 ipsam
1230 2627 1696 2689 maledictionem
1723 2629 1892 2689 nobis
1920 2630 2175 2691 debitam
2203 2631 2388 2691 sinon
2414 2649 2672 2705 numero,
2701 2628 2908 2689 saltem

492 2706 701 2785 specie,
730 2706 793 2765 in
820 2724 883 2765 se
908 2708 1145 2785 recepit.
1229 2708 1383 2783 Quid
1409 2708 1563 2769 enim
1590 2708 1864 2769 terribilis
1889 2708 1992 2769 illa
2028 2710 2318 2769 execratio
2359 2710 2708 2788 importabat
2733 2726 2910 2786 quam

492 2787 835 2847 acerrimum
860 2787 962 2846 irae
992 2787 1105 2847 Dei
1142 2806 1376 2849 sensum
1415 2796 1477 2849 et
1501 2808 1704 2867 poenas
1731 2808 1934 2849 omnes
1972 2797 2096 2851 tum
2137 2790 2395 2866 corporis
2420 2799 2545 2849 tum
2571 2790 2752 2849 animi
2777 2807 2908 2865 quaa

491 2886 569 2927 ex
598 2867 713 2927 Dei
731 2866 955 2946 judicio
980 2867 1317 2947 infligendae
1344 2878 1507 2929 erant
1526 2869 1833 2947 peccatori,
1863 2876 2103 2929 eatenus
2129 2877 2196 2929 ut
2215 2870 2462 2947 justitiae
2497 2868 2682 2947 ipsius
2707 2868 2904 2927 litare·

491 2950 631 3007 tur?
670 2957 732 3008 at
760 2968 862 3009 cas
888 2967 1089 3009 omnes
1126 2948 1209 3009 ita
1234 2949 1369 3009 tulit
1398 2948 1665 3009 Christus
1691 2956 1758 3009 ut
1783 2949 1930 3007 nihil
1953 2949 2066 3008 hac
2093 2949 2154 3009 in
2181 2957 2344 3026 parte
2371 2948 2688 3010 desiderari
2705 2954 2900 3026 potne-

490 3026 604 3103 rit;
635 3048 771 3087 nam
804 3048 1107 3166 corporeas
1133 3028 1369 3105 quidem
1397 3029 1556 3108 quod
1582 3028 1808 3105 attinet,
1835 3036 2046 3107 praeter
2073 3028 2260 3089 omnis
2288 3029 2517 3106 generis
2557 3028 2821 3089 miserias
2847 3035 2910 3087 et

493 3124 781 3167 erumnas
807 3108 909 3185 qui
948 3128 1019 3167 us
1044 3108 1410 3169 conflictatus
1438 3116 1543 3185 est,
1573 3109 1638 3167 in
1671 3128 1900 3169 crucem
1926 3108 2161 3168 tandem
2208 3108 2822 3185 ignominiosissimum
2850 3116 2910 3167 et

492 3185 915 3245 atrocissimum
936 3187 1281 3265 supplicium
1310 3196 1474 3249 actus
1501 3196 1629 3264 est;
1669 3187 1734 3247 in
1760 3188 1952 3249 animo
1993 3208 2133 3248 vero
2165 3208 2314 3266 quos
2339 3207 2458 3247 non
2483 3189 2732 3262 dolores,
2763 3206 2910 3264 quos

491 3262 780 3323 cruciatus
796 3282 915 3321 non
932 3266 1115 3325 sensit
1123 3274 1358 3344 propter
1372 3268 1718 3327 immensum
1727 3267 1826 3325 irae
1839 3268 1951 3327 Dei
1961 3268 2188 3347 pondus
2204 3269 2318 3347 ipsi
2333 3267 2710 3329 incumbens?
2725 3268 2910 3342 &adp

490 3352 633 3411 βασις
659 3349 719 3400 et
742 3340 982 3405 atauus
1006 3344 1110 3401 illa
1176 3364 1267 3403 use
1310 3346 1694 3423 sanguineum
1738 3346 1824 3405 illi
1851 3346 2122 3407 sudorem
2165 3348 2470 3427 expressit,
2498 3367 2630 3426 quse
2657 3348 2908 3407 animam

492 3420 569 3481 ad
588 3430 833 3481 mortem
859 3440 1045 3499 usque
1072 3364 1279 3483 atillixit
1304 3432 1364 3484 et
1390 3433 1510 3485 tam
1537 3425 1654 3484 alte
1679 3425 1846 3485 illum
1867 3427 2174 3504 occupavit
2201 3436 2267 3489 ut
2295 3448 2356 3487 se
2375 3427 2736 3489 lamentabili
2761 3446 2910 3487 voce

490 3520 528 3564 a
556 3500 683 3561 Deo
712 3500 1051 3563 derelictum
1077 3510 1428 3581 quereretur,
1458 3504 1601 3564 satis
1629 3523 1932 3583 superque,
1965 3506 2016 3565 si
2057 3506 2205 3565 nihil
2231 3507 2394 3569 aliud
2436 3514 2777 3582 occurreret,
2805 3506 2908 3565 de-

490 3589 776 3642 monstrat
804 3581 975 3660 plane
1002 3582 1077 3643 ab
1102 3582 1231 3659 ipso
1260 3582 1409 3661 Legi
1429 3584 1539 3643 hac
1564 3584 1627 3643 in
1651 3592 1815 3662 parte
1841 3584 2022 3645 fuisse
2053 3586 2428 3650 satisfactum.

574 3660 824 3721 XXIX.
869 3660 1073 3739 Atque
1099 3661 1240 3720 hinc
1265 3661 1447 3721 etiam
1466 3662 1658 3739 liquet
1719 3664 1826 3723 uid
1847 3664 1923 3721 ad
1948 3662 2294 3725 Secundum
2311 3664 2793 3742 respondendum
2813 3664 2909 3736 sit,

490 3740 647 3799 falsa
670 3740 798 3799 scil.
824 3740 1057 3817 peccari
1102 3740 1437 3816 hypothesi,
1464 3742 1636 3819 quasi
1733 3742 1951 3801 hristus
1993 3760 2118 3800 non
2161 3745 2416 3803 eandem
2443 3763 2580 3821 quae
2607 3742 2779 3801 nobis
2805 3744 2912 3801 de-

492 3818 618 3877 bita
642 3818 763 3879 fuit
788 3818 1200 3877 execrationem
1220 3819 1401 3895 Legis
1427 3820 1673 3879 moralis
1699 3820 2066 3891 sustinuerit,
2087 3823 2193 3879 sed
2213 3822 2398 3883 aliam
2419 3823 2724 3899 quandam
2741 3822 2910 3897 judi-

492 3896 709 3969 cialem,
736 3914 809 3955 eo
837 3898 1003 3973 quod
1039 3903 1293 3955 mortem
1332 3898 1522 3957 crucis
1562 3917 1698 3974 quae
1725 3918 1766 3957 a
1791 3899 1924 3957 Deo
1945 3900 2267 3958 maledicta
2290 3900 2490 3959 fuerat
2515 3900 2738 3976 tulerit,
2767 3899 2910 3957 licet

488 3980 762 4051 respectu
790 3974 1011 4035 Christi
1036 3976 1167 4035 hoec
1191 3976 1487 4035 rationem
1514 3977 1906 4037 execrationis
1933 3995 2058 4035 non
2085 3979 2378 4037 habuerit.
2441 3978 2609 4037 Nam
2635 3984 2708 4034 ut
2733 3984 2912 4037 antea

482 4052 616 4127 jam
641 4053 1081 4113 insinuavimus
1106 4072 1243 4113 cum
1271 4055 1347 4113 de
1375 4055 1746 4113 execratione
1775 4055 1956 4131 Legis
1995 4058 2240 4115 moralis
2267 4064 2482 4133 agatur
2509 4056 2624 4128 hic,
2653 4074 2775 4115 non
2802 4073 2912 4131 po-

489 4130 705 4191 tuisset
731 4150 805 4190 ea
830 4150 869 4191 a
913 4132 1087 4191 nobis
1132 4132 1269 4192 tolli
1314 4133 1433 4191 nisi
1480 4133 1544 4192 in
1594 4133 1902 4193 Christum
1945 4136 2239 4193 translata
2275 4135 2506 4207 fuisset,
2533 4152 2729 4209 neque
2759 4133 2910 4208 Legi

488 4206 715 4268 Mor-ali
742 4228 847 4287 per
858 4206 1211 4285 judicialem
1230 4210 1501 4271 satisfieri
1519 4212 1757 4288 potuit;
1801 4212 1948 4287 quid
1974 4214 2142 4287 quod
2170 4212 2402 4273 Paulus
2428 4214 2627 4272 dicere
2653 4230 2778 4271 non
2803 4228 2912 4287 po-

487 4288 701 4346 tuisset
730 4286 1035 4349 Christum
1082 4290 1158 4348 ab
1202 4291 1579 4349 execratione
1627 4288 1809 4365 Legis
1851 4308 1965 4351 nos
2011 4290 2315 4365 liberasse,
2339 4292 2570 4351 factum
2597 4308 2707 4368 pro
2735 4289 2910 4349 nobis

486 4365 945 4456 execrationem,
974 4368 1285 4460 nisi-illam
1312 4370 1505 4445 ipsam
1525 4368 1979 4461 execrationem,
2002 4388 2139 4445 quae
2167 4371 2341 4429 nobis
2367 4370 2737 4443 imminebat,
2751 4368 2818 4425 in
2845 4384 2910 4426 se

487 4450 863 4593 &31:522
884 4448 2913 4602 2‘311113132Qffinssdsssnffm‘fflzssfflsx”asma

486 4594 766 4653 tinuisset
793 4598 1245 4658 execrationem.
1290 4600 1428 4659 Hoc
1448 4600 1730 4659 viderunt
1752 4602 1978 4677 Patres,
2001 4606 2136 4661 ideo
2158 4605 2378 4679 passim
2401 4622 2539 4663 eum
2563 4622 2700 4662 vere
2723 4601 2910 4661 male·
