3234 5192
185 375 419 422 msrur.
451 363 628 438 xvl1.]
809 379 889 418 DE
919 377 1410 420 sarxsracnoms
1439 375 1685 419 culusn
1714 377 2034 420 vssmrArn.
2494 365 2607 424 547

185 543 370 600 agnus
399 522 497 581 ille
527 541 652 581 esse
683 519 892 586 ἄκακος
915 527 974 580 et
1013 523 1288 592 ἀμίαντος,
1341 519 1494 582 Heb.
1525 519 1627 578 vii.
1678 523 1774 596 26,
1806 529 1865 579 et
1892 519 2069 580 talem
2097 519 2339 580 decebat
2367 541 2472 581 nos
2500 523 2601 582 ha-

187 603 320 661 bere
371 603 712 661 Pontificem
761 601 864 679 qui
911 599 1186 660 innocens
1236 607 1390 659 esset
1437 607 1496 659 et
1545 609 1844 678 separatus
1872 619 1907 659 a
1932 601 2332 678 peccatoribus
2358 623 2371 660 t
2414 603 2605 678 potuit

185 683 308 740 scil.
339 682 492 741 filius
524 682 635 740 Dei
663 701 794 740 cum
840 680 1075 739 miseria
1103 679 1380 758 conjungi
1401 699 1530 757 quac
1553 689 1643 740 est
1670 680 1887 739 malum
1907 681 2212 758 physicum
2242 681 2398 759 quod
2426 682 2599 741 mise·

183 763 402 821 ratione
451 781 569 820 non
617 761 902 838 vituperio
953 759 1211 838 dignum,
1242 779 1360 818 non
1407 758 1596 836 potuit
1644 779 1775 819 cum
1862 769 2059 820 eccato
2103 761 2240 838 quia
2268 770 2357 820 est
2382 763 2601 822 malum

184 842 457 902 Ethicum
485 841 644 920 quod
688 842 880 900 labem
929 848 988 900 et
1033 839 1320 898 maculam
1367 839 1703 899 vitiositatis
1746 839 1807 898 in
1832 849 1935 918 ert,
1966 841 2236 918 quodque
2265 841 2410 900 adeo
2438 841 2499 900 in
2528 863 2597 901 eo

183 923 282 999 qui
314 923 474 981 Deus
503 931 592 981 cst
617 941 692 980 ne
735 920 810 979 ad
856 927 1210 979 momentum
1253 918 1488 997 quidem
1533 939 1662 979 esse
1708 920 1916 997 potuit.
1947 923 2004 979 4.
2049 921 2181 979 Non
2209 921 2402 999 quoad
2429 923 2597 981 auxi-

181 1004 316 1062 lium
346 1010 404 1063 et
431 1003 705 1062 virtutem
734 1009 794 1060 et
839 999 1204 1078 praesentiam
1252 999 1649 1076 providentias,
1680 1019 1813 1058 nam
1866 1001 2027 1059 Deus
2054 1000 2143 1059 illi
2172 1021 2397 1079 semper
2423 1002 2533 1062 fuit
2560 1023 2597 1062 a

182 1082 421 1156 dextris,
455 1083 610 1142 Psal.
641 1081 784 1157 xvi„
819 1082 854 1114 “
879 1081 1164 1138 Dominus
1185 1099 1221 1138 a
1241 1079 1464 1138 dextris
1484 1079 1647 1156 meis,
1672 1099 1789 1139 non
1808 1081 2146 1157 movebor,”
2168 1090 2227 1141 et
2250 1082 2517 1141 Psal..cx.
2540 1085 2593 1159 5,

182 1161 336 1221 unde
367 1163 631 1222 Christus
673 1161 749 1220 ad
796 1159 1111 1236 discipulos
1143 1161 1180 1193 “
1200 1179 1292 1218 me
1339 1159 1657 1237 reliquistis
1706 1159 1911 1234 solum,
1943 1159 2045 1220 s‘ed
2088 1180 2207 1219 non
2256 1181 2384 1221 sum
2414 1162 2592 1238 solus,

183 1263 317 1300 nam
368 1242 543 1301 Pater
589 1250 678 1301 est
723 1243 1004 1316 mecum,”
1052 1239 1192 1299 Joh.
1221 1238 1344 1297 xvi.
1374 1242 1470 1315 32,
1500 1248 1567 1300 ut
1595 1240 1883 1299 Dominus
1912 1249 2081 1300 antea
2106 1261 2211 1319 per
2238 1241 2353 1301 Isa.
2384 1242 2508 1301 xlii.
2544 1247 2595 1319 1,

180 1329 426 1382 testatus
455 1329 578 1380 erat
603 1345 616 1380 :
661 1321 744 1380 sic
772 1319 1047 1379 divinitas
1074 1318 1136 1376 in
1163 1319 1290 1396 ipsa
1319 1319 1535 1379 Christi
1574 1328 1758 1378 morte
1779 1320 2019 1379 mirifice
2048 1329 2281 1398 operata
2308 1330 2414 1398 est,
2446 1322 2591 1380 vim-

180 1423 292 1480 que
323 1410 380 1460 et
408 1400 718 1460 efficaciam
749 1419 1030 1459 summam
1058 1399 1304 1458 contulit
1330 1419 1462 1458 cum
1501 1399 1861 1459 humanitate
1889 1400 1965 1459 ad
1991 1401 2101 1458 hoc
2131 1421 2275 1479 opus
2303 1421 2593 1479 exequen-

183 1481 339 1557 dum,
369 1481 524 1540 unde
555 1481 850 1541 brachium
901 1481 1028 1558 ejus
1072 1479 1184 1556 ipsi
1228 1477 1440 1538 dicitur
1476 1488 1774 1558 operatum
1816 1481 2078 1557 salutem,
2126 1481 2241 1539 Isa.
2269 1481 2419 1541 lxiii.
2450 1485 2505 1558 5,
2538 1491 2597 1543 et

186 1563 222 1594 “
245 1581 307 1620 se
337 1561 616 1620 obtulisse
644 1581 748 1639 per
779 1559 1055 1637 Spiritum
1086 1559 1422 1633 aeternum,’'
1467 1560 1623 1619 Heb.
1652 1561 1733 1619 ix.
1767 1564 1861 1619 14.
1946 1561 2104 1620 Hinc
2133 1581 2307 1640 opera
2332 1561 2595 1640 redemp-
2670 1613 2675 1618 .

179 1641 454 1701 tionionis
482 1643 778 1720 Θεανὸςικὰ
799 1639 1070 1699 dicuntur
1086 1639 1160 1698 ad
1172 1659 1416 1717 quorum
1427 1640 1660 1699 omnino
1678 1641 2104 1719 praestationem
2126 1641 2598 1704 divinitassimul

181 1740 311 1780 cum
339 1722 696 1781 humanitate
745 1740 1082 1780 concurrere
1131 1719 1348 1795 debuit,
1383 1720 1461 1779 Et
1508 1741 1712 1780 revera
1749 1722 1862 1781 hoc
1890 1721 2171 1799 imprimis
2198 1741 2436 1782 necesse
2465 1723 2591 1800 fuit,

181 1821 316 1860 nam
344 1802 458 1860 nisi
485 1802 760 1861 divinitas
788 1800 1014 1860 influxu
1043 1801 1316 1860 continuo
1336 1801 1560 1860 roboris
1581 1810 1641 1860 et
1662 1801 1895 1861 virtutis
1921 1802 2339 1862 humanitatem
2370 1811 2595 1862 susten·

181 1889 377 1958 tassct,
409 1889 788 1960 praeterquam
817 1880 975 1959 quod
1004 1879 1187 1959 λύτρον
1213 1879 1516 1958 sufficiens,
1537 1881 1616 1940 id.
1647 1882 1819 1958 pretii
1838 1882 2065 1958 infiniti,
2086 1882 2223 1941 dare
2244 1903 2359 1942 non
2378 1884 2596 1960 potuis-

185 1970 291 2037 set,
323 1963 452 2039 ipsa
499 1963 674 2022 etiam
719 1959 1118 2020 succubuisset
1165 1960 1360 2018 statim
1410 1961 1586 2037 oneri,
1617 1979 1806 2038 neque
1856 1981 2080 2021 summa
2122 1961 2225 2020 illa
2252 1971 2310 2022 ct
2338 1972 2599 2024 extrema

183 2050 468 2101 tormenta
495 2043 664 2101 nobis
692 2041 888 2100 debita
913 2040 1198 2117 potuisset
1225 2039 1465 2115 perpeti.
1936 2057 1941 2066 ³

262 2121 382 2180 IX.
431 2123 706 2199 Superest
755 2120 824 2178 E.
874 2127 940 2178 ut
987 2118 1280 2176 derelictus
1324 2117 1550 2176 dicatur
1595 2125 1822 2178 tantum
1870 2120 2063 2196 quoad
2095 2120 2597 2196 participationem

101 2200 104 2204 ’
167 2202 458 2279 felicitatis
484 2209 542 2260 et
591 2199 808 2276 qaudii,
840 2196 1033 2275 quoad
1081 2197 1542 2256 communionem
1590 2198 1792 2290 gloriae
1822 2206 1882 2257 et
1920 2199 2164 2258 visionis
2212 2199 2493 2258 beatificae
2534 2202 2595 2259 in

179 2301 297 2358 qua
323 2280 492 2339 laetus
521 2288 691 2338 antea.
719 2277 1020 2336 exultabat
1047 2285 1106 2335 et
1134 2277 1340 2336 solatio
1380 2277 1717 2355 plenisslmo
1758 2277 2224 2357 perfundebatur.
2309 2279 2597 2340 Nimirum

179 2369 248 2420 ut
277 2361 628 2419 Humanitas
656 2357 885 2418 dolores
913 2376 1113 2415 omnes
1135 2365 1194 2416 et
1221 2356 1509 2417 cruciatus
1529 2365 1655 2416 tum
1683 2356 1954 2418 externos
1982 2367 2105 2420 tum
2134 2360 2391 2419 internos
2420 2361 2597 2420 animi

181 2449 242 2500 et
270 2440 526 2520 corporis
553 2439 722 2499 nobis
744 2437 972 2498 debitos
994 2437 1204 2497 sentire
1225 2445 1440 2516 posset,
1464 2457 1531 2497 ac
1559 2439 1922 2517 potissimum
1950 2439 2407 2518 indignationem
2435 2441 2597 2500 illam

179 2529 240 2580 et
267 2521 410 2580 iram
440 2521 806 2581 accerrimam
827 2518 940 2578 Dei
960 2538 1074 2596 qua
1096 2526 1394 2596 peccatum
1415 2520 1884 2597 persequebatur,
1908 2520 2203 2580 Divinitas
2230 2521 2423 2580 radios
2450 2521 2599 2582 lucis

181 2609 242 2660 et
284 2601 577 2661 felicitatis
624 2600 917 2678 paulisper
964 2599 1266 2675 continuit,
1312 2607 1372 2658 et
1420 2619 1653 2659 sensum
1698 2600 1915 2660 favoris
1958 2601 2051 2660 sui
2094 2610 2267 2679 atque
2312 2601 2597 2662 influxum

180 2682 383 2758 gaudii
410 2689 469 2741 et
497 2682 688 2741 solatii
717 2680 792 2739 ad
831 2687 1186 2740 momentum
1231 2679 1548 2756 suspendit,
1577 2680 1717 2739 licet
1754 2680 1825 2738 de
1855 2689 2062 2740 caetero
2092 2681 2293 2740 eadem
2323 2681 2599 2742 divinitas

177 2761 452 2822 virtutem
480 2762 769 2838 roburque
797 2759 1043 2819 subinde
1087 2759 1478 2837 suppeditaret
1517 2767 1582 2818 ut
1610 2778 1711 2818 eos
1738 2767 1935 2837 posset
1962 2760 2211 2837 perferre
2240 2768 2298 2819 et
2340 2761 2593 2822 vincere.

183 2842 281 2901 Sic
310 2843 606 2901 derelictio
633 2842 758 2898 haec
785 2858 903 2898 non
950 2839 1122 2897 infert
1170 2839 1436 2896 humanas
1483 2845 1704 2897 naturae
1734 2859 1769 2896 a
1796 2838 1996 2896 divina
2024 2841 2459 2916 separationem,
2490 2861 2598 2900 nec

180 2921 564 2981 sublationem
594 2920 830 2978 totalem
859 2926 960 2977 aut
984 2937 1272 2976 recessum
1304 2917 1515 2975 interni
1542 2916 1811 2995 principii
1838 2925 1896 2976 et
1924 2918 2134 2994 objecti
2163 2919 2351 2976 omnis
2379 2919 2597 2997 gaudii,

177 3009 407 3059 aeternae
438 2999 658 3058 scilicet
689 2997 938 3056 Deitatis
967 3016 1098 3055 cum
1126 3015 1242 3072 qua
1273 2996 1602 3054 humanitas
1633 2997 1998 3061 ὑποστατικῶς
2026 3015 2252 3074 semper
2278 2997 2387 3056 fuit
2412 2998 2593 3076 unita,

177 3078 282 3138 sed
309 3087 534 3138 tantum
563 3077 902 3136 desitionem
932 3083 1031 3135 aut
1057 3075 1250 3154 potius
1273 3075 1707 3152 suspensionem
1727 3074 1985 3135 influxus
2006 3077 2222 3154 gaudii,
2246 3077 2402 3136 haud
2432 3078 2601 3138 aliter

176 3180 246 3219 ac
273 3160 336 3217 in
363 3158 564 3236 eclipsi
597 3157 767 3232 Solis,
797 3156 994 3214 lumen
1043 3157 1169 3235 ejus
1215 3173 1334 3212 non
1378 3162 1568 3214 cessat
1614 3175 1723 3214 nec
1762 3155 1824 3213 in
1866 3175 1926 3214 se
1955 3156 2264 3234 inhibetur,
2298 3157 2402 3216 sed
2428 3159 2597 3219 nobis

175 3247 412 3317 propter
457 3236 952 3316 interpositionem
996 3234 1170 3294 alieni
1216 3234 1471 3312 corporis
1517 3234 1889 3294 subtrahitur.
1988 3236 2128 3296 Fuit
2172 3257 2312 3315 ergo
2357 3239 2597 3300 desertio

179 3319 373 3397 quoad
415 3328 601 3378 actum
641 3319 960 3392 secundum,
989 3336 1107 3374 non
1156 3314 1346 3391 quoad
1386 3315 1657 3392 primum,
1689 3315 1881 3392 quoad
1924 3337 2143 3376 sensum
2186 3318 2379 3395 potius
2423 3340 2597 3398 quam

183 3419 302 3458 rem
333 3401 534 3477 ipsam,
567 3399 639 3458 ad
667 3397 1122 3457 substractionem
1148 3396 1371 3454 visionis
1398 3415 1514 3454 non
1562 3396 1638 3454 ad
1666 3397 2076 3456 dissolutionem
2103 3399 2337 3475 unionis,
2364 3400 2439 3458 ad
2468 3420 2594 3460 sus-

177 3480 518 3558 pensionem
547 3479 786 3539 effectus
809 3477 1015 3554 gaudii
1038 3497 1104 3535 ac
1131 3476 1335 3552 solatii,
1366 3496 1483 3534 non
1512 3475 1586 3534 ad
1603 3476 1883 3554 principii
1899 3487 1953 3536 et
1976 3479 2189 3537 radicis
2211 3480 2592 3558 eversionem,

178 3560 254 3618 ad
272 3561 586 3620 carentiam
608 3577 812 3618 sensus
834 3557 1137 3616 suavitatis
1148 3555 1379 3633 divinae,
1403 3576 1520 3615 non
1532 3557 1604 3615 ad
1628 3557 1976 3617 ablationem
1990 3559 2375 3621 omnimodam
2394 3561 2597 3636 gratiae

177 3660 254 3698 ex
282 3641 494 3698 unione
523 3637 809 3718 personali
837 3635 1247 3716 promanantis.
1292 3635 1495 3714 Neque
1533 3637 1703 3696 aliter
1722 3637 2136 3698 intellexerunt
2166 3639 2405 3716 Patres;
2452 3640 2594 3698 Ber·

177 3719 395 3778 nardus
423 3719 495 3778 de
545 3719 741 3777 verbis
792 3718 966 3777 Isai'ae
1015 3718 1196 3791 Serm,
1229 3718 1283 3792 5,
1333 3719 1369 3750 ‘⁴
1393 3717 1677 3776 Dicerene
1722 3716 2063 3778 audebimus
2097 3719 2252 3796 quod
2282 3718 2593 3795 aliquando

173 3798 348 3859 fuerit
375 3799 547 3860 etiam
579 3799 700 3858 sine
725 3799 898 3857 Patre
913 3801 941 3857 ?
961 3817 1130 3856 nemo
1152 3795 1212 3854 id
1229 3803 1600 3874 praesumeret
1622 3797 1670 3855 si
1692 3817 1807 3855 non
1828 3798 1986 3876 prior
2005 3799 2128 3877 ipse
2150 3798 2411 3874 dixisset,
2437 3799 2598 3858 Deus

171 3899 354 3956 meus,
389 3880 550 3939 Deus
593 3899 774 3954 meuS,
817 3877 893 3936 ad
937 3877 1078 3956 quid
1119 3896 1211 3935 me
1241 3875 1595 3936 deseruisti?
1634 3876 1936 3937 Habemus
1976 3879 2171 3955 itaque
2202 3879 2491 3937 Christum
2522 3899 2597 3938 ex

174 3968 338 4038 patre
367 3968 718 4034 nascentem,
747 3959 810 4018 in
851 3967 1012 4037 patre
1062 3958 1387 4034 cubantem,
1419 3975 1547 4016 cum
1593 3965 1757 4035 patre
1800 3956 2112 4034 sedentem,
2144 3977 2179 4016 a
2207 3965 2368 4036 patre
2396 3959 2595 4019 ambu—

172 4041 410 4115 lantem,
444 4040 551 4099 sub
579 4047 742 4118 patre
809 4039 1133 4114 endentem,
1166 4037 1288 4096 sine
1317 4046 1478 4114 patre
1507 4036 1759 4114 quodam
1794 4036 1968 4096 modo
1998 4037 2353 4097 morientem.
2426 4039 2594 4113 Quae-

171 4119 307 4179 dam
336 4121 417 4178 ibi
446 4119 743 4180 derelictio
769 4059 897 4196 Fuit,
927 4119 1030 4177 ubi
1055 4117 1218 4176 nulla
1245 4117 1355 4177 fuit
1371 4117 1432 4176 in
1459 4124 1625 4176 tanta
1651 4117 1995 4177 necessitate
2024 4118 2258 4177 virtutis
2288 4118 2591 4196 exhibitio,

171 4201 334 4260 nulla
361 4200 683 4279 majestatis
711 4198 1025 4259 ostensi0.'’
1110 4199 1188 4258 Et
1215 4197 1354 4256 alibi
1385 4199 1422 4230 ‘⁴
1445 4197 1743 4257 Continuit
1786 4196 1979 4257 radios
2022 4197 2273 4257 Deitatis
2300 4207 2366 4258 ut
2391 4198 2593 4258 huma-

170 4283 326 4340 nitas
373 4279 724 4357 pateretur.’'
819 4279 916 4339 Sic
965 4279 1120 4338 Iren.
1162 4277 1226 4337 li.
1275 4277 1356 4336 iii.
1407 4281 1502 4353 21,
1552 4279 1588 4310 “
1611 4276 2109 4352 Quemadmodum
2154 4277 2327 4337 homo
2361 4287 2485 4339 erat
2529 4287 2597 4340 ut

172 4369 509 4438 tentaretur,
541 4361 623 4420 ita
651 4368 710 4420 et
742 4360 942 4420 Sermo
971 4359 1079 4418 fuit
1105 4365 1171 4418 ut
1213 4357 1646 4436 glorificaretur,
1700 4357 2065 4437 ἡσυχάζοντός
2084 4377 2180 4428 μεν
2228 4361 2318 4415 τοῦ
2366 4363 2529 4436 λόγου
2551 4363 2597 4416 ἐν

173 4453 251 4518 τῷ
281 4443 622 4520 πειράζεσθαι
652 4444 752 4498 καὶ
774 4441 1113 4510 σταυροῢσθαι
1157 4441 1254 4494 κα)
1283 4437 1630 4510 ἀποθνήσκειν,
1674 4438 2038 4515 συγγενομένου
2084 4439 2137 4493 δε
2162 4448 2237 4516 τῷ
2269 4441 2521 4516 ἀνθρώπῳ
2549 4441 2595 4496 ἐν

171 4526 255 4601 τῷ
267 4527 410 4580 νικᾶν
422 4527 521 4579 κα)
538 4522 795 4592 ὑπομένειν
812 4523 910 4578 καὶ
929 4521 1250 4595 ἀνίστασθαι,
1267 4520 1304 4552 “
1315 4517 1659 4592 Quiescente
1672 4517 1905 4595 quidem
1920 4517 2193 4578 Sermone
2208 4539 2336 4578 cum
2348 4529 2596 4580 tentare·-

168 4613 280 4678 tur,
313 4603 761 4682 crucifigeretur,
793 4608 851 4661 et
871 4607 1204 4673 moreretur,
1229 4599 1533 4658 assistente
1561 4617 1701 4657 vero
1728 4597 1961 4657 homine
1990 4619 2120 4658 cum
2148 4600 2422 4678 vinceret,
2452 4601 2596 4660 tole·
2684 4655 2697 4662 -

169 4693 324 4743 raret
350 4693 410 4743 et
437 4683 822 4762 resurgeret.”
871 4679 1217 4740 Ambrosius
1258 4680 1318 4737 in
1350 4679 1490 4739 Luc.
1511 4679 1613 4738 lib.
1646 4701 1724 4754 x.,
1759 4677 2191 4758 “sequestrata
2218 4680 2597 4742 delectatione
