3234 5192
339 356 580 400 msrur.
611 339 762 414 xm]
947 355 1028 396 ns
1058 353 1548 398 sirlsracrioms
1575 353 1821 399 canisi-1
1849 357 2169 399 vnmnrs.
2632 341 2747 404 607

337 498 454 558 fide
481 515 698 557 vacuas
725 497 784 554 in
813 496 887 556 iis
915 495 1222 556 offerendis
1267 496 1649 556 conscientias
1686 497 1973 558 afferrent.
2022 499 2155 558 Hoc
2174 517 2349 558 sensu
2374 498 2753 580 intelligenda

339 586 476 639 sunt
501 579 648 654 loca,
681 578 797 636 Isa.
827 578 864 636 i.
900 580 993 651 11,
1028 580 1119 652 12,
1153 573 1280 652 &c.,
1315 579 1350 610 ‘⁴
1373 577 1661 652 Quorsum
1682 577 1825 636 mihi
1846 579 2159 638 multitudo
2181 579 2589 640 sacrificiorum
2620 603 2749 643 ves-

339 667 576 733 trorum,
609 665 769 717 satur
797 677 922 717 sum
952 658 1304 716 holocaustis
1333 659 1593 733 arietum,
1622 667 1681 716 et
1706 658 1875 736 adipe
1897 659 2217 736 pinguium,
2243 660 2525 737 sanguine
2541 663 2751 737 juven-

341 759 538 798 corum
567 758 684 796 non
705 737 994 813 delector;
1025 737 1182 814 quod
1209 736 1498 796 advenitis
1515 747 1580 797 ut
1607 739 1989 815 compareatis
2014 739 2075 796 in
2104 759 2232 798 meo
2262 751 2589 817 conspectu,
2623 743 2754 819 quis

343 818 614 895 quaesivit
634 818 745 876 hoc
774 838 809 875 a
837 837 1012 876 manu
1065 825 1262 876 vestra
1276 815 1344 875 ?”
1373 815 1501 894 &c.,
1536 819 1653 876 Isa.
1682 817 1827 877 lxvi.
1860 822 1915 894 3,
1971 821 2007 852 “
2031 819 2144 894 Qui
2164 819 2402 897 jugulat
2446 820 2656 880 bovem
2684 841 2753 882 ac

341 899 394 957 si
418 905 744 977 percuteret
764 899 971 972 virum,
997 897 1099 974 qui
1125 905 1340 956 mactat
1365 917 1605 974 parvam
1632 897 1915 976 pecudem
1935 918 2004 958 ac
2032 898 2081 958 si
2130 899 2442 959 decollaret
2490 905 2752 977 canem,''

345 975 473 1056 &c.,
509 979 606 1038 Sic
631 979 786 1037 Psal.
814 979 854 1037 l.
887 981 941 1052 8,
974 980 1028 1052 9,
1063 980 1100 1010 “
1123 977 1255 1036 Non
1283 985 1518 1054 propter
1545 977 1827 1037 sacrificia
1846 987 1947 1038 tua
1975 999 2215 1056 arguam
2244 987 2301 1040 te
2322 988 2389 1039 ut
2414 980 2753 1042 holocausta

343 1067 446 1118 tua
473 1060 589 1118 sint
617 1078 810 1118 coram
839 1077 930 1116 me
971 1056 1210 1135 jugiter,
1241 1077 1358 1116 non
1403 1059 1683 1136 accipiam
1712 1079 1745 1117 e
1792 1058 1965 1118 domo
1992 1067 2095 1119 tua
2129 1061 2463 1137 juvencum,
2495 1081 2527 1119 e
2572 1062 2755 1121 caulis

344 1139 461 1198 tuis
480 1138 730 1214 hircos,''
763 1137 870 1196 &a
919 1138 1016 1196 Sic
1045 1137 1260 1214 passim
1293 1138 1594 1214 Prophetae
1624 1137 1835 1198 docent
1852 1139 2131 1198 sacrificia
2157 1141 2282 1200 hsec
2310 1140 2615 1218 impiorum
2638 1161 2755 1200 non

343 1219 570 1296 placere
601 1218 728 1276 Deo
757 1238 862 1276 nec
891 1218 966 1276 ab
993 1237 1062 1276 eo
1089 1218 1320 1294 requiri,
1349 1218 1468 1276 imo
1496 1219 1584 1276 illi
1611 1217 2027 1278 abominationi
2053 1239 2201 1279 esse.

427 1297 642 1356 XXV.
673 1301 728 1356 2.
755 1297 1086 1374 Aliquando
1115 1297 1452 1374 rejiciuntur
1484 1307 1810 1374 comparate
1830 1302 1914 1358 ad
1929 1303 2133 1358 cultum
2156 1301 2431 1360 internum
2450 1310 2503 1359 et
2526 1304 2754 1378 spin‘tu·
2848 1355 2861 1364 .

345 1381 491 1436 alem
519 1377 616 1454 qui
647 1397 682 1435 a
713 1378 837 1436 Deo
855 1387 990 1436 ante
1018 1379 1210 1435 omnia
1231 1386 1290 1437 et
1316 1377 1708 1456 principaliter
1734 1386 1800 1438 ut
1826 1380 2001 1457 longe
2029 1380 2403 1440 excellentior
2428 1383 2755 1459 requiritur,

345 1478 479 1516 nam
508 1456 666 1535 quod
692 1476 795 1534 per
823 1477 884 1516 se
916 1457 1042 1515 Deo
1070 1477 1186 1516 non
1224 1457 1432 1535 placet,
1484 1457 1588 1517 sed
1614 1477 1719 1536 per
1762 1459 1939 1534 aliud,
1988 1460 2201 1519 dicitur
2241 1480 2357 1519 non
2401 1462 2627 1538 placere
2653 1483 2758 1540 per

345 1538 831 1616 comparationem
861 1537 935 1596 ad
955 1537 1018 1596 id
1045 1536 1203 1615 quod
1229 1557 1332 1616 per
1360 1557 1420 1596 se
1448 1539 1679 1615 placet3
1720 1547 1923 1598 notum
1967 1547 2159 1599 autem
2190 1540 2469 1600 sacrificia
2495 1561 2612 1600 non
2640 1543 2755 1620 pri·

345 1619 528 1677 mario
558 1626 616 1677 et
641 1639 746 1696 per
773 1638 836 1676 se
863 1617 1042 1677 fuisse
1083 1617 1365 1694 instituta,
1399 1617 1502 1677 sed
1529 1625 1755 1678 tantum
1784 1618 2124 1679 secundario
2152 1628 2219 1679 ut
2246 1620 2642 1682 subservirent
2668 1623 2754 1680 in-

345 1707 510 1758 terno
539 1699 737 1774 cultui,
775 1706 835 1757 et
879 1705 1072 1757 essent
1116 1699 1336 1757 stimuli
1383 1707 1442 1758 et
1485 1699 1860 1759 incitamenta
1904 1700 1979 1758 ad
2023 1700 2295 1777 pietatem
2350 1709 2411 1760 et
2438 1702 2758 1761 sanctitatis

348 1779 620 1854 studium,
651 1780 764 1838 hoe
809 1798 982 1838 sensu
1026 1798 1178 1856 saepe
1224 1777 1505 1838 sacrificia
1553 1789 1795 1839 externa
1830 1788 2218 1840 extenuantur
2261 1789 2328 1840 ut
2374 1782 2535 1859 quod
2559 1783 2757 1859 praeci·

345 1879 525 1937 puum
553 1867 642 1920 est
667 1859 1035 1938 praeferatur3
1067 1859 1150 1919 sic
1179 1858 1558 1936 explicandus
1585 1868 1676 1920 cst
1700 1861 1882 1934 locus,
1916 1861 2071 1920 Psal.
2098 1861 2162 1919 li.
2197 1863 2289 1935 16,
2314 1870 2447 1921 ante
2467 1863 2756 1938 laudatus,

347 1940 430 1998 sic
457 1942 486 1997 1
523 1940 677 1998 Sam.
709 1959 808 1998 xv.
839 1943 934 2014 22,
971 1939 1206 1998 Samuel
1231 1939 1420 2015 inquit
1457 1939 1637 2014 Sauli,
1672 1940 1827 1998 “An
1849 1941 2169 2000 delectatur
2195 1940 2431 2000 Jehova
2454 1943 2758 2002 holocaus-

347 2020 422 2078 tis
444 2026 502 2077 et
530 2019 826 2078 sacrificiis
853 2026 920 2077 ut
947 2038 1124 2096 quum
1153 2019 1510 2079 auscultatur
1546 2017 1679 2076 voci
1708 2020 1751 2078 J
1756 2019 1974 2095 ehovoe,
2007 2039 2139 2079 ecce
2188 2021 2511 2080 auscultare
2553 2024 2761 2082 melius

347 2106 438 2157 est
467 2099 765 2171 sacrificio,
798 2097 1111 2171 attendere,
1145 2097 1312 2172 adipe
1341 2097 1643 2155 arietum.’'
1692 2097 1855 2156 Idem
1886 2099 2035 2157 Hos.
2074 2099 2154 2156 vi.
2185 2100 2462 2174 repetitur
2490 2109 2549 2160 et
2576 2102 2758 2160 Mich.

349 2178 428 2236 vi.
461 2179 516 2250 6,
547 2177 604 2251 7,
630 2180 683 2250 8,
709 2176 752 2235 J
757 2196 834 2236 er.
858 2176 960 2234 vii.
983 2180 1079 2251 21,
1101 2179 1198 2250 22,
1223 2179 1319 2250 23,
1341 2172 1449 2234 &c.
1493 2177 1548 2234 3.
1573 2176 1841 2253 Denique
1862 2177 2341 2252 rejiciuntur'non
2361 2179 2541 2240 relate
2562 2181 2639 2238 ad
2655 2183 2759 2238 im-

349 2256 574 2333 piorum
603 2255 1046 2334 profanationes,
1079 2256 1174 2314 vel
1203 2254 1278 2313 ad
1323 2255 1542 2314 cultum
1585 2256 1876 2315 internum
1905 2265 1964 2316 et
2005 2256 2299 2326 moralem,
2348 2257 2451 2316 sed
2476 2263 2655 2319 relate
2680 2265 2766 2320 ad

349 2337 692 2413 sacr-{ficium
707 2336 1171 2412 perfectissimum
1205 2335 1430 2410 Christi,
1455 2344 1521 2395 ut
1547 2336 1685 2394 hinc
1713 2335 2137 2396 demonstretur
2161 2342 2219 2396 τὸ
2246 2334 2479 2397 &Beraq-ov
2518 2340 2670 2418 legis
2704 2351 2764 2402 et

351 2416 686 2494 plenissima
715 2416 932 2476 Christi
959 2415 1034 2474 ad
1063 2415 1533 2476 satisfaciendum
1555 2417 1649 2475 vis
1676 2424 1735 2476 et
1762 2417 2052 2494 efficacia3
2084 2437 2199 2494 quo
2228 2437 2399 2478 sensu
2431 2420 2759 2499 intelligen-

351 2497 459 2556 dus
487 2496 668 2573 locus,
701 2497 857 2556 Psal.
879 2497 981 2573 xl.,
1013 2497 1115 2575 qui
1139 2497 1404 2556 redditur
1429 2496 1503 2556 ab
1533 2496 1743 2576 Apost.
1776 2498 1929 2558 Heb.
1960 2519 2019 2556 x.
2052 2501 2105 2574 5,
2132 2501 2188 2574 6,
2218 2499 2320 2558 ubi
2350 2502 2635 2578 oppositio
2674 2503 2761 2561 in·

351 2577 610 2638 stituitur
651 2578 803 2637 inter
847 2577 1128 2638 sacrificia
1155 2577 1290 2637 Vet.
1341 2578 1497 2637 Test.
1549 2587 1608 2638 et
1656 2578 2013 2638 Sacrificium
2063 2579 2295 2654 Christi,
2326 2579 2443 2640 illis
2486 2590 2761 2659 tanquam

349 2658 654 2718 inutilibus
673 2665 732 2718 et
749 2657 1100 2736 imperfectis
1117 2658 1438 2736 denegatur
1453 2666 1817 2736 peccatorum
1832 2659 2103 2737 expiati0,
2116 2659 2253 2718 huic
2268 2679 2409 2718 vero
2430 2662 2540 2720 soli
2562 2670 2626 2721 ut
2634 2682 2763 2740 per·

311 2777 318 2790 ι
349 2737 664 2798 fectissimo
675 2748 734 2798 et
745 2738 1140 2798 efficacissimo
1151 2739 1449 2797 tribuit-urz
1471 2737 1920 2813 “sacrificium,”
1941 2739 2145 2814 inquit,
2171 2741 2275 2797 “et
2287 2739 2637 2800 oblationem
2658 2762 2761 2802 no-

349 2819 527 2894 luisti,
553 2837 760 2894 corpus
781 2826 972 2877 autem
991 2819 1202 2895 aptasti
1221 2818 1424 2875 mihi.''
1446 2818 1673 2876 Psaltes
1698 2819 1873 2894 paulo
1894 2817 2063 2875 aliter
2089 2817 2317 2876 dixerat
2342 2817 2394 2870 πῖ»
2426 2835 2571 2875 mse:
2600 2835 2762 2878 meu·

352 2916 522 2955 aures
538 2897 846 2972 perfodisti
890 2897 1040 2956 mihi.
1113 2896 1199 2956 At
1229 2896 1444 2955 Paulus
1488 2905 1719 2955 secutus
1748 2913 1886 2972 Lxx,
1918 2905 1983 2955 ut
2030 2916 2183 2974 saepe
2211 2896 2375 2970 solet,
2416 2895 2607 2952 reddit
2660 2915 2763 2972 per

351 2976 464 3034 ista
493 2978 644 3050 σιμοί
696 2972 747 3034 h
782 2977 1059 3056 ung-elea
1082 3001 1184 3051 μοι,
1235 2974 1426 3034 verbis
1455 2975 1689 3052 quidem
1732 2967 1995 3049 diversis',
2056 2995 2229 3034 sensu
2281 2985 2477 3035 tamen
2522 2973 2759 3050 eodem3

353 3055 660 3131 utrobique
688 3055 841 3114 enim
870 3056 1215 3114 describitur
1239 3063 1418 3114 status
1445 3063 1504 3113 et
1532 3054 1786 3114 conditio
1812 3056 2029 3114 sev-vila
2048 3055 2281 3126 Christi,
2310 3057 2549 3132 ejusque
2568 3053 2761 3132 dispo-

353 3135 486 3194 sitio
516 3134 590 3194 ad
619 3135 1006 3194 obedientiam
1035 3135 1128 3193 cui
1156 3155 1218 3194 se
1246 3134 1568 3210 addixerat,
1599 3142 1665 3193 ut
1702 3134 1991 3194 oblatione
2036 3135 2291 3214 corporis
2335 3134 2425 3194 sui
2480 3133 2761 3212 expiatio-

353 3235 486 3274 nem
514 3223 878 3293 peccatorum
908 3223 966 3274 et
993 3214 1446 3293 redemptionem
1494 3214 1665 3274 nobis
1706 3223 2039 3293 procuraret
2087 3237 2217 3294 quae
2250 3215 2429 3274 nullis
2467 3214 2763 3274 sacrificiis

352 3295 642 3373 legalibus
670 3295 918 3355 obtineri
960 3303 1202 3372 poterat.
1268 3295 1484 3356 Notum
1541 3295 1754 3374 quippe
1798 3297 2025 3354 aurt'tcm
2067 3297 2515 3372 persorattbnem
2570 3314 2639 3354 eo
2676 3316 2763 3355 re-

353 3376 616 3454 spexisse
643 3376 798 3454 apud
827 3376 870 3435 J
874 3374 1070 3434 udaeos
1099 3395 1176 3437 ex
1205 3377 1382 3454 Lege,
1415 3375 1602 3435 Exod.
1656 3374 1780 3434 xxi.
1814 3379 1867 3452 6,
1900 3397 2029 3454 quae
2056 3396 2224 3436 novae
2274 3375 2617 3435 obedientiae
2646 3397 2758 3435 ser·

352 3477 492 3516 vum
523 3456 883 3534 subjiciebat,
915 3464 974 3515 et
995 3455 1094 3532 jus
1120 3476 1339 3516 novum
1364 3457 1507 3516 herc
1536 3457 1596 3514 in
1644 3476 1875 3516 servum
1908 3457 2261 3534 acquirebat,
2314 3457 2390 3515 ad
2416 3475 2589 3533 quam
2619 3457 2762 3514 allu-

354 3537 498 3596 sisse
525 3536 812 3596 Davidem
842 3536 1076 3594 omnino
1095 3545 1184 3596 est
1211 3536 1543 3596 verisimile.
1575 3537 1721 3595 Cum
1743 3555 1882 3596 vero
1903 3537 2027 3596 haec
2049 3537 2092 3596 J
2093 3537 2389 3596 udaeorum
2409 3536 2764 3596 consuetudo

353 3617 576 3676 Graecis
629 3625 784 3675 esset
837 3616 1054 3694 ignota,
1085 3633 1206 3674 Lxx
1249 3617 1600 3696 Interpretes
1630 3617 1729 3695 qui
1777 3618 1837 3674 in
1875 3637 2071 3676 eorum
2114 3618 2359 3695 gratiam
2400 3616 2763 3693 potissimum

353 3696 699 3773 scribebant,
729 3695 1044 3775 prudenter
1069 3696 1324 3774 phrasim
1354 3716 1480 3756 eam
1508 3705 1805 3756 mutarunt
1831 3697 1891 3755 in
1918 3697 2091 3756 aliam
2124 3696 2541 3775 generaliorem
2571 3703 2629 3754 et
2656 3697 2763 3754 mi-

351 3795 462 3835 nus
491 3776 794 3835 obscuram
822 3777 1078 3854 corporis
1125 3777 1248 3836 scil.
1279 3777 1639 3854 afflationem,
1664 3777 1821 3854 quod
1864 3796 1935 3836 eo
1960 3777 2255 3837 lubentius
2302 3777 2561 3836 fecerunt
2608 3775 2766 3852 quod

355 3857 578 3916 Groeeis
607 3865 665 3916 et
694 3857 975 3916 Romanis
1000 3858 1064 3915 in
1090 3875 1249 3916 more
1277 3858 1528 3934 positum
1578 3865 1733 3916 esset
1788 3875 2081 3917 servorum
2129 3877 2367 3934 corpora
2404 3864 2543 3914 nota
2570 3856 2766 3932 aliqua

353 3936 428 3995 ad
455 3937 734 4013 majorem
781 3937 1264 4015 mancipationem
1314 3937 1731 3997 ostendendam
1778 3937 2023 4015 signare,
2056 3945 2115 3998 et
2158 3945 2385 4014 tergum
2415 3944 2515 3994 aut
2558 3934 2761 3994 faciem

353 4017 610 4076 cauterio
638 4017 882 4092 inurere,
912 4018 1016 4095 qui
1041 4016 1174 4076 ideo
1203 4017 1421 4076 literati
1464 4017 1821 4092 dicebantur,
1852 4017 1989 4094 quia
2024 4025 2177 4076 notae
2226 4015 2350 4075 sive
2380 4016 2653 4093 stigmata
2678 4015 2767 4073 in-

353 4104 486 4156 usta
510 4097 808 4156 literarum
837 4096 1276 4156 similitudinem
1301 4097 1645 4172 referebant,
1677 4117 1793 4174 qua
1821 4097 2129 4157 occasione
2158 4096 2231 4155 de
2260 4095 2541 4155 divitibus
2568 4094 2765 4154 indoc-

352 4177 430 4236 tis
456 4176 700 4254 loquens
733 4179 970 4252 Seneca,
1001 4176 1104 4254 qui
1129 4176 1514 4237 ostentatione
1538 4177 1820 4236 librorum
1848 4177 2004 4235 docti
2026 4177 2212 4236 videri
2232 4176 2525 4249 volebant,
2556 4176 2640 4234 ait
2666 4195 2768 4234 eos

352 4277 424 4316 ne
448 4277 739 4316 servorum
767 4259 990 4335 quidem
1018 4258 1212 4316 literas
1237 4277 1414 4316 nosse.
1475 4257 1693 4316 Paulus
1721 4277 1861 4316 vero
1886 4257 2038 4316 hanc
2064 4255 2315 4334 phrasim
2348 4256 2600 4330 retinuit,
2632 4255 2769 4332 quia

351 4355 473 4395 non
499 4337 813 4397 abludebat
841 4357 876 4395 a
904 4357 1078 4396 sensu
1108 4337 1262 4396 Psal.
1293 4345 1352 4396 et
1380 4337 1815 4397 convenientior
1856 4336 2165 4396 videbatur
2208 4336 2282 4394 ad
2310 4336 2651 4414 mysterium
2678 4336 2765 4394 in-

352 4417 701 4478 carnationis
729 4425 786 4476 et
815 4417 1080 4478 sacrificii
1109 4417 1324 4476 Christi
1349 4437 1455 4494 per
1497 4417 1846 4477 oblationem
1875 4419 2130 4494 corporis
2158 4416 2295 4476 facti
2323 4415 2765 4494 designandum,

353 4497 426 4557 de
455 4519 570 4576 quo
597 4497 960 4576 loquebatur.
1021 4498 1228 4575 Itaque
1257 4515 1462 4557 sensus
1489 4497 1692 4556 eodem
1710 4498 1875 4573 redit,
1908 4497 2033 4556 sive
2061 4495 2321 4557 dicamus
2339 4517 2509 4556 aures
2539 4497 2769 4556 Christo

351 4579 642 4658 perfossas
670 4579 866 4654 fuisse,
899 4579 1022 4637 sive
1051 4597 1260 4656 corpus
1287 4585 1565 4655 aptatum.
1638 4577 1801 4636 Nihil
1828 4578 2041 4656 quippe
2087 4577 2247 4636 aliud
2296 4578 2485 4638 voluit
2518 4578 2769 4655 Spiritus

356 4660 418 4719 S.
448 4679 622 4738 quam
645 4659 936 4722 Christum
965 4659 1025 4718 in
1074 4665 1283 4719 natura
1335 4659 1586 4719 humana
1631 4679 1805 4736 quam
1854 4659 2167 4737 assumpsit
2220 4658 2557 4718 devinctum
2592 4656 2770 4717 fuisse
