3234 5192
321 375 558 415 DISPUT.
588 358 742 430 xm]
949 370 1027 409 ns
1057 371 1548 413 sumno-rmum
1578 373 1823 414 cniusrr
1854 373 2178 415 veum-Ars.
2610 359 2730 415 621

2425 435 2501 450 m

414 513 736 588 EnarratiO,
770 513 830 570 in
861 511 1014 570 Psal.
1048 533 1183 570 xcv.

411 599 446 627 “
466 593 834 652 Tenebantur
862 593 1124 650 homines
1147 593 1360 670 captivi
1391 595 1496 651 sub
1527 592 1776 666 diabolo,
1796 603 1855 652 et
1873 594 2231 652 daemonibus
2259 594 2605 668 serviebant,
2638 594 2742 652 sed

329 674 612 751 redempti
657 681 792 732 sunt
835 692 870 730 a
918 672 1270 748 captivitate.
1357 673 1625 732 Vendere
1674 674 1825 731 enim
1874 695 1934 732 se
1973 682 2299 752 potuerunt,
2331 674 2433 733 scd
2461 673 2741 732 redimere

328 775 448 813 non
474 761 802 831 potuerunt.
847 752 1027 810 Venit
1052 752 1420 830 Redemptor,
1452 762 1509 811 et
1537 753 1699 811 dedit
1718 755 1983 830 pretium,
2005 753 2153 812 fudit
2182 755 2521 830 sanguinem
2552 773 2737 826 suum,

331 843 391 893 et
418 834 558 892 emit
587 834 783 892 orbem
812 841 1109 890 terrarum.
1195 832 1466 906 Quaeritis
1513 833 1655 909 quid
1699 836 1947 893 emerit?
1988 834 2201 892 Videte
2244 834 2386 911 quid
2414 832 2651 907 dederit,
2684 841 2744 890 et
2818 839 2827 848 “

333 913 589 972 invenite
635 912 776 990 quid
825 913 1026 970 emerit
1055 933 1068 987 ;
1121 913 1371 988 Sanguis
1421 913 1637 971 Christi
1684 915 1928 990 pretium
1977 921 2081 972 est.
2168 914 2341 972 Tanti
2368 913 2510 990 quid
2537 913 2741 972 valet?

335 994 490 1070 Quid
518 993 630 1052 nisi
657 1001 814 1052 totus
843 992 1043 1050 orbis?
1127 991 1280 1066 Quid
1307 991 1420 1050 nisi
1443 1013 1643 1052 omnes
1670 1003 1874 1070 gentes
1893 995 1959 1052 ⁸?'’
1992 992 2099 1052 &a

425 1075 500 1132 Et
533 1074 716 1132 Serm.
751 1075 862 1129 141
895 1072 967 1130 de
996 1073 1264 1149 Tempor.

420 1153 764 1211 “Dominus
793 1160 988 1210 noster
1031 1152 1074 1211 J
1079 1172 1211 1210 esus
1240 1151 1503 1211 Christus
1553 1152 2029 1212 communicando
2072 1153 2373 1211 nobiscum
2426 1153 2547 1210 sine
2576 1153 2747 1230 culpa

336 1253 584 1312 poenam,
617 1241 676 1290 et
703 1233 930 1309 culpam
960 1233 1136 1290 solvit
1165 1241 1224 1290 et
1250 1233 1538 1309 poenam,'’
1571 1231 1679 1291 ἀρ.
1736 1289 1747 1302 ,

422 1313 588 1371 Idem
618 1312 716 1372 lib.
749 1312 830 1369 iv.
861 1321 1059 1370 contra
1088 1312 1234 1371 duas
1266 1312 1711 1388 Pelagianorum
1740 1312 2051 1390 Epistolas.
2084 1332 2131 1371 c.
2164 1315 2220 1370 4.

424 1396 460 1426 “
488 1393 650 1451 Sicut
679 1392 836 1451 solus
864 1391 995 1449 ideo
1041 1391 1227 1451 factus
1277 1401 1365 1452 est
1407 1393 1657 1450 hominis
1701 1392 1872 1468 filius,
1902 1400 1969 1452 ut
2010 1413 2117 1450 nos
2159 1412 2261 1468 per
2307 1392 2471 1450 illum
2503 1392 2613 1450 Dei
2644 1391 2747 1450 filii

339 1474 642 1532 fieremus:
687 1473 778 1530 Ita
807 1471 964 1530 solus
992 1492 1096 1549 pro
1123 1473 1293 1532 nobis
1342 1473 1594 1550 suscepit
1644 1473 1766 1530 sine
1795 1471 1964 1530 malis
2007 1472 2228 1530 meritis
2269 1491 2516 1550 poenam,
2550 1480 2615 1530 ut
2642 1491 2749 1529 nos

339 1573 443 1630 per
471 1552 634 1610 illum
665 1552 788 1610 sine
816 1551 984 1610 bonis
1015 1553 1232 1611 meritis
1262 1573 1744 1630 consequeremur
1772 1553 2034 1630 gratiam.
2081 1552 2229 1627 Quia
2257 1553 2407 1611 sicut
2435 1551 2601 1612 nobis
2632 1571 2749 1609 non

342 1633 662 1692 debebatur
690 1631 909 1708 aliquid
937 1632 1092 1706 boni,
1125 1633 1206 1692 ita
1231 1653 1339 1691 nec
1368 1632 1455 1690 illi
1483 1633 1703 1710 aliquid
1730 1633 1925 1707 mali,’'
1958 1630 2066 1692 &Q

425 1714 546 1772 Leo
578 1713 830 1790 Magnus
859 1711 958 1788 qui
987 1720 1243 1790 tempore
1273 1713 1584 1772 Theodosii
1603 1713 1853 1790 junioris
1880 1712 2123 1772 florebat
2150 1733 2282 1771 ann.
2313 1714 2450 1770 440.

425 1794 516 1852 De
545 1795 720 1871 passi.
753 1793 934 1851 Serm.
971 1795 1062 1851 13.

428 1876 464 1907 “
488 1874 768 1948 Quamvis
795 1872 856 1930 iu
884 1880 1198 1949 conspectu
1227 1873 1466 1930 Domini
1494 1875 1805 1932 multorum
1826 1881 2150 1932 sanctorum
2170 1871 2424 1949 pretiosa
2451 1891 2605 1929 mors
2633 1869 2754 1928 fue-

344 1954 436 2028 rit,
467 1953 686 2012 nullius
714 1961 907 2012 tamen
934 1952 1182 2010 insontis
1211 1955 1423 2011 occisio
1451 1953 1782 2030 propitiatio
1811 1953 1921 2012 fuit
1936 1953 2155 2010 mundi.
2201 1953 2571 2028 Acceperunt
2590 1951 2755 2026 justi,

345 2054 462 2091 non
490 2033 774 2090 dederunt
801 2051 1058 2107 coronas,
1091 2041 1148 2090 et
1177 2032 1249 2090 de
1277 2033 1534 2090 fidelium
1558 2032 1893 2090 fortitudine
1916 2033 2182 2108 exempla
2208 2038 2345 2089 nata
2373 2039 2507 2088 sunt
2534 2031 2753 2106 patien-

344 2114 440 2170 tiae
467 2131 586 2170 non
613 2111 766 2169 dona
787 2111 1048 2188 justitiae.
1098 2111 1434 2186 Singulares
1476 2111 1688 2188 quippe
1738 2111 1798 2168 in
1828 2111 2074 2186 singulis
2122 2119 2336 2168 mortes
2373 2109 2618 2182 fuerunt,
2650 2129 2757 2168 nec

347 2191 582 2250 alterius
611 2191 916 2270 qpisquam
946 2189 1204 2248 debitum
1235 2209 1340 2248 suo
1367 2189 1568 2249 funere
1597 2189 1789 2264 solvit,
1823 2211 1952 2248 cum
1983 2189 2132 2248 inter
2159 2189 2309 2246 filios
2340 2188 2635 2246 hominum
2665 2208 2755 2246 so-

345 2274 438 2330 lus
471 2271 752 2328 Dominus
781 2277 978 2328 noster
1005 2270 1048 2328 J
1050 2288 1184 2328 esus
1214 2269 1478 2328 Christus
1505 2269 1779 2344 extiterit,
1801 2269 1861 2326 in
1886 2289 2000 2345 quo
2019 2289 2219 2328 omnes
2247 2267 2526 2344 crucifixi,
2558 2287 2758 2328 omnes

347 2351 576 2426 mortui,
609 2369 808 2408 omnes
837 2349 1064 2426 sepulti,
1096 2369 1295 2408 omnes
1324 2349 1496 2408 etiam
1537 2358 1671 2408 sunt
1700 2349 2017 2408 suscitati.’'

433 2431 752 2490 Anselmus
778 2430 880 2508 qui
909 2429 1338 2489 Cantuariensis
1369 2428 1858 2508 Archiepiscopus
1886 2429 2073 2490 factus
2101 2437 2191 2488 est
2218 2448 2349 2487 ann.
2384 2429 2457 2488 D.
2492 2431 2664 2488 1093.

435 2510 565 2571 Lib.
597 2511 668 2570 de
699 2511 994 2588 Concepti.
1024 2511 1214 2588 Virgi.
1245 2518 1304 2570 et
1331 2531 1524 2588 pecca.
1556 2511 1717 2588 Orig.
1748 2533 1797 2570 c.
1828 2513 1925 2569 21.

436 2595 472 2625 “
497 2591 657 2651 Dicit
684 2591 910 2668 aliquiS,
947 2591 1010 2650 Si
1037 2611 1154 2649 non
1181 2592 1398 2650 habent
1427 2590 1643 2669 singuli
1686 2599 1987 2669 peccatum
2036 2590 2203 2666 Adae,
2220 2589 2525 2667 ,quomodo
2553 2591 2764 2652 asseris

351 2674 575 2732 nullum
605 2672 818 2732 salvari
865 2672 988 2730 sine
1018 2672 1408 2731 satisfactione
1445 2672 1667 2748 peccati
1688 2671 1837 2729 Adae
1858 2675 1887 2730 ?
1934 2691 2066 2728 nam
2111 2671 2359 2748 qualiter
2376 2673 2573 2748 justus
2604 2669 2765 2728 Deus

353 2753 540 2830 exigit
567 2753 640 2810 ab
668 2753 787 2810 illis
816 2751 1266 2810 satisfactionem
1295 2752 1453 2828 quod
1480 2771 1596 2810 non
1626 2752 1841 2809 habent
1861 2754 1889 2808 P
1931 2751 2031 2808 Ad
2079 2750 2235 2826 quod
2264 2751 2411 2824 dieo,
2446 2750 2606 2807 Deus
2646 2769 2765 2806 non

354 2833 542 2910 exigit
569 2834 643 2890 ab
669 2833 792 2891 ullo
819 2841 1120 2908 peccatore
1147 2832 1280 2908 plus
1308 2851 1480 2908 quam
1511 2831 1716 2904 debet3
1764 2830 1866 2888 sed
1894 2830 2167 2906 quoniam
2196 2830 2391 2886 nullus
2418 2837 2607 2905 potest
2634 2827 2763 2886 red-

354 2913 490 2971 dere
519 2919 797 2988 quantum
827 2910 1015 2986 debet,
1048 2911 1207 2970 solus
1255 2910 1518 2968 Christus
1561 2909 1817 2967 reddidit
1842 2929 1946 2985 pro
1992 2909 2259 2966 omnibus
2303 2908 2404 2984 qui
2447 2908 2761 2982 salvantur,

354 2992 662 3069 plusquam
691 2990 986 3048 debetur.”

1075 3155 1476 3205 ΕΠΙΜΕΤΡΑ
1522 3097 2169 3206 RESPONDENTIS.

440 3309 490 3366 I.
535 3307 634 3366 An
662 3306 722 3364 in
749 3307 1048 3385 probanda
1079 3307 1137 3365 S.
1193 3306 1488 3383 Scriptura
1529 3305 1955 3364 committamus
1985 3303 2294 3382 Circulum,
2342 3327 2415 3365 an
2445 3326 2584 3365 vero
2616 3305 2766 3364 Pon-

359 3389 560 3449 tificii?
604 3389 680 3446 N.
694 3389 881 3464 prius,
913 3389 986 3445 A.
1006 3388 1305 3463 posterius,

441 3469 526 3528 ΙΙ.
573 3467 671 3526 An
703 3468 810 3526 Dei
845 3468 1155 3526 Decretum
1185 3474 1243 3526 et
1273 3468 1600 3526 Concursus
1622 3466 1786 3524 tollat
1816 3464 2267 3542 contingentiam
2296 3487 2487 3526 rerum
2514 3468 2610 3526 vel
2639 3486 2770 3525 eum

359 3549 584 3628 peccati
611 3548 910 3607 authorem
939 3535 1156 3606 faciat?
1195 3549 1275 3606 N.

442 3629 564 3687 III.
608 3627 710 3686 An
740 3627 1003 3686 Christus
1033 3628 1108 3686 sit
1129 3627 1332 3686 unicus
1361 3633 1556 3684 noster
1586 3623 1919 3684 Mediator?
1960 3626 2031 3684 A.

443 3709 556 3766 IV.
602 3707 702 3766 An
733 3708 950 3766 Paulus
979 3708 1050 3766 de
1082 3729 1142 3766 se
1171 3716 1236 3766 ut
1263 3706 1524 3784 regenito
1551 3706 1827 3782 loquutus
1857 3705 1931 3763 sit
1958 3705 2019 3763 in
2047 3715 2337 3783 postrema
2378 3713 2539 3782 parte
2568 3703 2773 3782 capitis

363 3788 596 3866 septimi
625 3788 904 3866 Epistoloe
934 3788 1010 3846 ad
1040 3789 1206 3846 Rom.
1228 3791 1256 3847 P
1297 3790 1367 3845 A.

444 3869 519 3927 V.
567 3868 666 3927 An
695 3869 873 3928 verba
906 3869 965 3927 S.
997 3869 1208 3940 Coenae,
1241 3868 1373 3926 Hoc
1401 3873 1490 3924 est
1518 3884 1726 3943 corpus
1752 3884 1961 3942 meum,
1986 3865 2203 3943 tropice
2234 3866 2349 3924 sint
2378 3861 2771 3940 intelligenda,

365 3970 438 4008 an
465 3949 812 4008 literaliter?
853 3947 934 4007 A.
958 3950 1148 4024 Prius,
1181 3950 1258 4006 N.
1282 3947 1588 4006 Posterius,

448 4029 563 4088 VI.
608 4029 706 4087 An
737 4029 1029 4087 decretum
1063 4028 1272 4106 synodi
1297 4026 1843 4103 Hierosolymitanae
1871 4025 2042 4084 fuerit
2068 4023 2332 4104 perpetui
2359 4021 2523 4084 Juris
2542 4025 2572 4079 ?
2614 4023 2693 4080 D.

363 4109 593 4248 NVII.
639 4109 738 4166 An
767 4108 898 4185 quis
925 4108 1079 4166 bona
1128 4107 1480 4168 conscientia
1509 4105 1942 4165 pontificiorum
1992 4106 2184 4165 Sacris
2227 4106 2503 4166 interesse
2552 4101 2779 4180 possit?
