3234 5192
533 334 649 390 452
1080 347 1161 391 'DE
1192 348 1673 391 sAnsrAc'rroffls
1701 349 1937 389 cnarsrr
1968 348 2280 390 ventura.
2525 326 2784 411 [msi’u'r.
2815 346 2946 389 1111.

537 490 763 569 proprie
792 501 947 550 esset
973 490 1369 568 intelligenda,
1416 489 1493 548 ad
1520 490 1880 566 captivorum
1921 490 2320 549 liberationem
2351 489 2692 549 solvendum
2743 490 2951 549 fuisset

542 571 823 630 detinenti
875 572 1123 649 pretium
1147 595 1161 647 ;
1208 571 1293 629 At
1345 589 1453 629 nec
1508 570 1760 628 solutum
1809 571 1895 629 illi
1938 579 2042 645 est,
2073 590 2179 631 nee
2210 571 2358 629 solvi
2385 571 2589 648 potuit,
2636 570 2766 647 quis
2793 571 2949 628 enim

542 652 759 710 dixerit
801 652 1097 729 quippiam
1154 652 1405 710 solutum
1454 670 1583 709 esse
1628 651 1726 708 vel
1775 651 2042 725 Diab010,
2074 651 2170 709 vel
2214 651 2630 727 iniquitatibus,
2657 650 2754 708 vel
2781 670 2949 708 vanae

546 733 989 807 conversationi,
1011 732 1107 791 vel
1126 732 1303 807 Legis
1331 731 1684 789 execrationi
1712 751 1746 789 a
1768 732 1982 809 quibus
2007 731 2404 790 detinebamur
2423 734 2452 790 Ρ
2483 728 2585 789 “4“.
2619 730 2751 788 Non
2777 748 2950 807 posse

547 812 665 870 dici
693 812 881 871 Deum
910 813 1156 889 pretium
1185 810 1331 869 illud
1357 811 1648 887 accepisse
1675 820 1742 871 ut
1767 812 1947 888 vulgo
1977 811 2244 887 creditur,
2275 830 2407 870 eum
2424 811 2668 887 ipsemet
2686 810 2951 887 redemp-

548 891 765 951 tionem
812 893 980 952 nobis
1020 891 1220 951 fecerit
1266 900 1325 950 et
1354 890 1568 949 Filium
1598 911 1766 949 suum
1809 912 1912 969 pro
1951 891 2120 950 nobis
2147 890 2509 969 impenderit.
2593 895 2672 949 5⁰.
2705 888 2951 948 Addunt

550 972 842 1031 Christum
890 992 998 1031 nos
1044 972 1287 1031 liberare
1336 970 1411 1029 ab
1438 970 1525 1029 ira
1552 991 1654 1047 per
1682 972 1879 1046 vitam,
1913 972 2080 1031 Rom.
2110 990 2168 1029 v.
2199 974 2253 1047 9,
2301 972 2460 1048 Ergo
2497 991 2614 1029 non
2653 990 2758 1047 per
2796 989 2948 1027 mor-

550 1062 684 1127 tem,
714 1072 833 1111 non
876 1052 1109 1128 aliquod
1130 1050 1378 1129 pretium
1407 1049 1688 1110 solvendo
1715 1071 1819 1127 pro
1848 1051 2032 1125 nobiS,
2073 1051 2177 1109 sed
2203 1052 2462 1128 potentia
2509 1071 2613 1109 sua
2641 1051 2700 1107 in
2742 1048 2952 1128 judicii

552 1132 647 1190 die
670 1152 776 1191 nos
820 1132 893 1191 ab
928 1142 1142 1191 aeterna
1188 1138 1371 1189 morte
1417 1130 1785 1191 vindicando,
1869 1135 1948 1190 6⁰.
1981 1132 2246 1208 Denique
2273 1132 2356 1189 ita
2381 1150 2488 1189 nos
2517 1130 2720 1189 redimi
2749 1149 2952 1206 quem-

552 1210 865 1271 admodum
912 1212 1125 1271 fuimus
1167 1209 1409 1285 venditi,
1456 1219 1518 1269 at
1562 1211 1832 1271 venditos
1859 1230 1985 1270 esse
2025 1212 2205 1288 gratis
2233 1220 2292 1270 et
2321 1211 2442 1269 sine
2471 1211 2656 1288 pretio
2683 1230 2815 1269 eum
2843 1228 2954 1267 nos

551 1292 711 1368 ipsos
738 1292 798 1349 in
826 1292 1165 1351 servitutem
1206 1289 1422 1349 diaboli
1452 1300 1511 1349 et
1537 1292 1759 1367 peccati
1787 1291 2257 1368 mancipavimus,
2292 1292 2363 1349 E.
2393 1300 2452 1349 et
2479 1291 2808 1367 redemptos
2846 1308 2950 1366 pa-

552 1370 691 1431 riter
712 1373 835 1431 sine
864 1372 1066 1449 pretio.
1151 1372 1245 1429 Ex
1275 1370 1487 1448 quibus
1514 1371 1781 1430 omnibus
1809 1371 2091 1447 colligunt
2109 1390 2228 1430 non
2255 1391 2424 1448 posse
2457 1372 2646 1448 urgeri
2664 1371 2795 1429 loca
2821 1389 2952 1446 quae

552 1451 626 1510 de
655 1452 1044 1529 redemptione
1071 1452 1387 1529 loquuntur
1412 1459 1478 1509 ut
1493 1450 1628 1509 inde
1650 1450 1926 1509 inferatur
1946 1469 2084 1508 vera
2101 1451 2431 1526 satisfactiO,
2463 1470 2594 1509 cum
2621 1450 2766 1508 nihil
2794 1448 2953 1508 aliud

552 1531 865 1609 importent
912 1551 1085 1609 quam
1124 1531 1441 1608 simplicem
1490 1530 1888 1589 liberationem
1934 1549 2063 1607 quae
2109 1530 2320 1589 dicitur
2365 1530 2518 1589 facta
2559 1551 2664 1608 per
2707 1538 2976 1603 mortem,

555 1611 771 1669 Christi
798 1611 935 1688 quia
962 1632 1087 1670 eam
1115 1621 1312 1670 nostra
1356 1631 1391 1668 a
1434 1609 1652 1687 peceati
1703 1610 1979 1669 servit-ute
2007 1618 2314 1669 consecuta
2341 1620 2431 1669 est
2457 1610 2768 1668 vindicatio
2794 1631 2809 1668 ε
2855 1609 2954 1667 Sic

559 1690 709 1749 Soci.
740 1690 841 1751 lib.
898 1691 957 1750 ii.
988 1711 1037 1750 c.
1086 1694 1136 1765 l,
1168 1696 1226 1749 2.
1268 1690 1503 1749 Volkel.
1546 1690 1619 1748 de
1649 1709 1786 1749 vera
1802 1689 1933 1748 Rel.
1953 1688 2054 1747 lib.
2078 1689 2160 1746 iii.
2183 1710 2232 1749 c.
2267 1692 2359 1749 18.
2403 1690 2596 1750 Catec‚
2625 1689 2873 1747 Rokovi.
2898 1710 2952 1747 c.

556 1772 613 1828 8.
636 1790 694 1847 q.
725 1772 820 1843 25,
853 1774 949 1843 26,
974 1770 1083 1828 Sto.

636 1850 967 1907 XXXIII.
1036 1849 1151 1908 Sed
1223 1852 1357 1921 σοφὰ
1426 1849 1549 1907 haec
1607 1856 1742 1908 sunt
1795 1850 2052 1931 φᾶςμωιίι
2098 1869 2229 1927 quae
2282 1850 2570 1910 laboranti
2623 1856 2682 1908 et
2748 1848 2949 1925 despe-

552 1936 693 1989 ratae
736 1950 924 1989 eausae
951 1930 1214 1987 levamen
1234 1930 1459 1989 nullum
1488 1928 1688 1988 afferre
1717 1939 1975 2007 possunt.
2060 1930 2209 1989 Nam
2238 1931 2394 2007 quod
2422 1930 2496 1989 ad
2529 1933 2620 2003 lm,
2652 1929 2782 2006 quis
2809 1928 2957 1987 ferat

554 2009 917 2069 adversarios
960 2018 1078 2069 tam
1132 2009 1323 2087 inepte
1367 2010 1773 2069 ratiocinantes
1815 2019 1874 2069 et
1919 2031 1954 2069 a
1981 2010 2311 2089 particulari
2353 2011 2427 2069 ad
2467 2009 2809 2088 particulare
2855 2008 2954 2067 vel

552 2090 881 2149 universale
916 2098 1419 2167 argumentantes:
1484 2091 1784 2149 Redimere
1827 2090 2137 2167 aliquando
2176 2091 2418 2150 sumitur
2467 2089 2753 2167 metapho.
2783 2096 2842 2147 et
2881 2088 2951 2146 li-

555 2170 757 2230 berare
803 2172 1013 2248 simpli.
1058 2170 1362 2247 significat,
1389 2171 1459 2229 E.
1482 2179 1541 2229 et
1568 2170 1680 2243 hic,
1727 2170 1824 2229 vel
1855 2171 1924 2228 E.
1956 2191 2181 2248 semper
2207 2172 2288 2229 ita
2325 2169 2763 2248 usurpandum?
2809 2168 2954 2243 Quis

554 2251 707 2309 enim
736 2251 1161 2328 consequentiae
1189 2251 1396 2309 vitium
1442 2270 1559 2308 non
1587 2250 1784 2309 videat
1803 2254 1832 2308 Ῥ
1914 2250 2090 2325 Quasi
2123 2270 2262 2310 vero
2295 2250 2542 2329 Spiritus
2575 2250 2634 2308 S.
2667 2248 2779 2307 sibi
2803 2249 2952 2306 hanc

552 2330 749 2389 fixerit
793 2331 985 2407 legem
1030 2340 1094 2389 ut
1132 2350 1356 2407 semper
1400 2330 1603 2387 eodem
1631 2349 1804 2388 sensu
1849 2350 2051 2388 vocem
2079 2331 2320 2389 eandem
2349 2337 2626 2407 usurpet;
2669 2330 2786 2387 imo
2809 2328 2952 2386 nihil

556 2408 909 2485 frequentius
938 2410 1185 2467 occurrit
1220 2428 1393 2485 quam
1422 2417 1488 2467 ut
1530 2408 1772 2467 vocibus
1800 2412 2102 2485 πολυαίμοις
2145 2410 2530 2469 diversimode
2573 2418 2767 2468 utatur
2811 2412 2953 2467 κατὰ

551 2492 635 2551 τὸν
690 2489 993 2565 nir-nupia·
1042 2495 1177 2551 ὓλην.
1248 2488 1380 2546 Non
1432 2508 1714 2565 negamus
1769 2508 1908 2565 ergo
1951 2490 2162 2567 saepius
2203 2489 2411 2548 laxiori
2453 2489 2704 2567 quodam
2733 2489 2950 2566 signifi-

554 2576 689 2629 catu
717 2570 865 2628 sumi
894 2570 953 2626 in
1006 2569 1301 2646 Scriptura
1327 2587 1513 2644 neque
1542 2588 1611 2627 ea
1638 2570 1880 2644 quaestio
1908 2578 2105 2627 nostra
2131 2569 2255 2643 fuit,
2289 2570 2390 2628 sed
2417 2590 2492 2628 an
2537 2571 2646 2628 hoc
2693 2570 2754 2627 in
2781 2589 2951 2646 argu-

554 2657 749 2707 mento
792 2650 1049 2708 obtinere
1098 2646 1322 2723 debeat,
1374 2646 1529 2724 quod
1556 2648 1761 2707 merito
1804 2649 2144 2725 respuimus,
2189 2668 2308 2708 non
2335 2648 2508 2708 modo
2536 2670 2611 2708 ex
2639 2650 2765 2727 ipsa
2791 2648 2952 2707 vocis

550 2730 900 2807 proprietate
946 2729 1049 2788 sed
1096 2748 1173 2787 ex
1219 2727 1350 2786 aliis
1378 2728 1824 2788 circumstantiis
1853 2729 2028 2787 variis
2065 2749 2196 2806 quae
2223 2730 2547 2789 necessario
2575 2730 2802 2807 proprie
2830 2728 2950 2787 dic-

552 2818 672 2869 tam
725 2808 1177 2888 redemptionem
1225 2808 1552 2886 important,
1609 2809 1768 2885 quod
1815 2809 1985 2867 modo
2041 2818 2130 2868 est
2171 2817 2462 2868 ostensum
2495 2832 2510 2869 ε
2581 2810 2660 2868 Et
2712 2811 2822 2867 hoe
2875 2829 2951 2869 ex

550 2891 694 2970 ipsis
742 2890 1089 2950 adversariis
1132 2888 1231 2948 vel
1277 2888 1477 2947 invitis
1526 2897 1870 2966 extorquere
1918 2908 2242 2966 possumus,
2272 2910 2407 2948 nam
2455 2898 2703 2966 quatuor
2729 2897 2951 2949 tantum

552 2971 767 3049 requiri
814 2970 1172 3031 contendunt
1214 2968 1273 3027 in
1324 2988 1461 3028 vera
1493 2968 1904 3047 redemptione,
1935 2979 2000 3028 ut
2045 2970 2122 3029 sit
2149 2970 2432 3047 captivus,
2463 2968 2756 3045 captivum
2803 2968 2948 3027 deti-

551 3071 713 3126 nens,
766 3051 1110 3129 redemptor,
1142 3059 1201 3110 et
1228 3048 1403 3131 λῦτςω
1446 3049 1569 3107 sive
1606 3048 2018 3127 redemptionis
2059 3051 2347 3127 pretium;
2393 3049 2478 3108 At
2505 3048 2728 3108 nullum
2757 3070 2830 3108 ex
2857 3048 2952 3107 his

551 3130 910 3190 desideratur
936 3133 995 3188 in
1023 3132 1133 3189 hoc
1161 3132 1432 3207 negotio:
1482 3129 1744 3187 homines
1773 3138 1906 3188 sunt
1933 3129 2148 3207 captivi
2175 3137 2407 3207 propter
2445 3138 2760 3207 peccatum,
2794 3130 2955 3188 Deus

550 3229 668 3286 qua
702 3210 890 3287 judex
916 3210 1212 3269 detinebat
1240 3229 1340 3268 eos
1368 3208 1478 3268 sub
1526 3209 1611 3266 ira
1639 3218 1698 3267 et
1739 3209 2140 3268 maledictione
2170 3210 2412 3287 aliisque
2441 3208 2626 3287 poenis
2653 3218 2952 3286 peecatum

546 3288 869 3365 justissime
918 3288 1420 3366 consequentibus,
1468 3287 1796 3366 redemptor
1841 3289 2103 3347 Christus
2138 3298 2227 3349 est
2271 3299 2328 3348 et
2355 3308 2508 3347 mors
2537 3290 2661 3366 ejus
2689 3289 2950 3365 redemp-

553 3367 727 3427 tionis
756 3369 1019 3445 pretium,
1048 3368 1195 3426 nihil
1224 3387 1363 3444 ergo
1392 3388 1580 3426 causae
1610 3366 1727 3426 dici
1765 3376 1957 3444 potest
1984 3388 2086 3427 cur
2109 3370 2352 3447 ‘propria
2377 3369 2472 3427 hie
2499 3388 2614 3427 non
2643 3370 2828 3445 possit
2853 3376 2956 3428 aut

552 3446 762 3506 debeat
806 3446 1133 3523 redemptio‘
1170 3447 1437 3523 intelligi,
1488 3465 1626 3505 nam
1673 3448 1830 3523 quod
1877 3448 2288 3527 vitilitigantur
2333 3448 2548 3525 requiri
2585 3458 2863 3525 praeterea
2889 3458 2956 3507 ut

553 3527 653 3604 qui
682 3527 977 3605 captivum
1002 3526 1223 3585 detinet
1242 3526 1490 3603 pretium
1518 3526 1779 3603 accipiat,
1811 3547 1926 3604 quo
1952 3529 2083 3587 loeo
2111 3530 2186 3589 sit
2223 3529 2550 3589 habendum
2579 3548 2716 3587 mox
2745 3529 2958 3590 dicturi

556 3628 773 3667 sumus.

636 3686 954 3746 XXXIV.
1002 3688 1096 3745 Ex
1164 3686 1376 3765 quibus
1444 3686 1610 3746 facile
1667 3686 2010 3765 intelligitur
2055 3688 2200 3767 quid
2247 3690 2306 3746 in
2361 3690 2550 3767 specie
2605 3686 2954 3767 responden-

561 3768 697 3827 dum
727 3768 804 3826 sit
830 3768 905 3826 ad
934 3787 1003 3826 ea
1029 3767 1159 3825 loca
1186 3788 1315 3843 quse
1344 3767 1417 3826 de
1457 3766 1849 3845 redemptione
1880 3768 2198 3829 Israelitica
2224 3769 2555 3845 loquuntur,
2585 3788 2772 3845 neque
2801 3768 2954 3826 euim

553 3849 600 3906 si
644 3868 760 3907 non
786 3848 1010 3927 possint
1037 3848 1262 3925 proprie
1292 3848 1439 3906 sumi
1469 3848 1742 3907 continuo
1771 3850 2030 3925 sequitur
2067 3850 2192 3908 haee
2229 3858 2426 3908 nostra
2454 3849 2760 3928 improprie
2787 3868 2953 3906 usur-

551 3929 745 4006 panda
771 3948 898 3989 esse
922 3951 937 4003 ς
983 3930 1062 3987 Et
1090 3948 1226 3987 sane
1254 3928 1491 4005 longum
1520 3928 1818 4006 latumque
1841 3930 2150 3989 discrimen
2167 3930 2472 3989 intercedit
2499 3930 2649 3989 inter
2675 3928 2956 3987 liberatio-

550 4030 673 4069 nem
694 4030 1026 4087 corpoream
1049 4018 1107 4068 et
1128 4017 1420 4067 externam
1440 4027 1569 4084 quae
1586 4006 1738 4067 facta
1759 4017 1847 4068 est
1867 4009 2202 4087 simplicit-er
2221 4030 2256 4067 a
2274 4011 2504 4087 tyranni
2531 4028 2722 4083 manu,
2753 4015 2811 4067 et
2829 4008 2956 4067 zibe-

550 4092 825 4149 rationem
870 4088 1219 4167 spiritualem
1246 4096 1305 4147 et
1340 4088 1666 4148 Juridt'cam
1693 4109 1821 4165 quse
1848 4089 1914 4149 fit
1935 4110 1968 4148 a
1995 4089 2399 4149 maledictione
2427 4090 2575 4167 legis
2603 4098 2662 4148 et
2688 4090 2774 4147 ira
2804 4088 2915 4146 Dei
2941 4108 2957 4146 z

554 4171 667 4229 Illa
694 4191 895 4229 revera
915 4170 1105 4248 potuit
1130 4169 1255 4228 fieri
1278 4169 1495 4245 absque
1525 4167 1690 4249 λίοτςᾳ
1717 4177 1775 4228 et
1792 4188 1893 4247 per
1925 4170 2036 4227 Dei
2065 4170 2396 4247 potentiam,
2419 4178 2478 4229 at
2497 4170 2622 4228 haec
2649 4188 2766 4227 non
2794 4168 2952 4241 item,

552 4251 835 4328 siquidem
864 4249 1297 4309 intercedebant
1322 4258 1381 4308 et
1402 4248 1632 4325 justitia
1663 4249 1774 4308 Dei
1800 4249 2191 4327 immutabilis,
2215 4258 2274 4309 et
2295 4249 2614 4309 infallibilis
2643 4250 2770 4321 ejus
2799 4247 2951 4305 veri-

552 4340 642 4390 tas
666 4354 679 4405 ;
724 4330 878 4389 unde
918 4330 1079 4390 nulla
1133 4350 1304 4409 poena
1355 4329 1652 4388 liberatori
1707 4328 1926 4388 inflicta
1978 4330 2192 4407 legitur
2245 4330 2304 4388 in
2361 4331 2461 4390 illa
2501 4350 2628 4407 quae
2656 4347 2759 4405 pro
2789 4325 2953 4408 λῦτςᾳ

552 4410 774 4467 veniret
816 4418 881 4469 ut
921 4410 983 4468 in
1023 4412 1152 4485 ista,
1196 4428 1385 4488 neque
1424 4429 1681 4487 unquam
1731 4410 1832 4469 illa
1884 4418 1951 4469 ut
2003 4411 2127 4469 haec
2187 4410 2501 4488 saepissime
2543 4429 2648 4487 per
2675 4406 2846 4488 λῦτςον
2893 4415 2956 4466 et

550 4487 837 4567 ae’m‘avrgon
863 4488 1074 4548 dicitur
1100 4490 1268 4549 facta.
1301 4490 1433 4547 Non
1461 4509 1613 4566 nego
1653 4498 1845 4549 tamen
1875 4490 2084 4567 saepius
2113 4498 2414 4567 utramque
2442 4491 2592 4548 inter
2619 4508 2681 4549 se
2709 4486 2958 4548 conferri

553 4574 613 4624 et
640 4566 880 4624 alteram
910 4568 1146 4651 alterius
1174 4570 1419 4646 figuram
1448 4577 1506 4627 et
1533 4578 1735 4647 typum
1765 4590 1982 4647 gerere,
2015 4570 2118 4629 sed
2145 4570 2464 4629 similitudo
2492 4580 2720 4629 estnon
2747 4568 2958 4627 identi-

548 4652 639 4705 tas
668 4646 762 4705 vel
784 4665 886 4723 per
912 4648 1104 4706 omnia
1122 4649 1440 4725 aequalium,
1470 4658 1529 4707 et
1566 4650 1615 4707 si
1653 4649 1884 4709 collatio
1905 4650 2224 4711 instituitur
2259 4653 2454 4727 quoad
2465 4670 2603 4726 rem,
2629 4670 2744 4709 non
2766 4648 2966 4709 statim
