3234 5192
236 324 461 365 msrur.
494 303 677 385 xxia]
792 322 867 361 m:
897 321 1375 363 sarisrac'rioms
1404 322 1642 363 emus‘rr
1671 323 2096 365 rsarnc'rross.
2529 312 2646 368 675

237 465 611 541 pensationes
632 471 691 521 et
708 480 875 521 veras
887 460 1329 519 satisfactiones
1363 461 1550 529 Quasi
1568 462 1842 539 denique,
1857 464 1979 523 suis
1997 483 2294 539 quemque
2315 465 2642 525 Christian-

234 563 339 601 um
360 552 421 601 et
437 542 695 601 aliorum
723 541 949 599 meritis
977 541 1231 598 salutem
1260 558 1431 599 suam
1458 548 1760 615 acceptam
1786 542 1940 601 ferre
1973 545 2184 601 debere
2212 562 2334 601 non
2363 544 2634 604 doceant.

238 621 325 680 At
353 622 401 678 si
428 621 773 680 necessariae
802 626 941 677 sunt
962 618 1389 677 satisfactiones
1418 626 1652 690 nostras,
1683 622 2008 679 necessaria
2047 622 2261 679 merita
2287 622 2504 697 quibus
2543 642 2633 681 re-

236 700 536 758 dimamur
562 718 600 757 a
624 698 813 775 poenis
840 697 1053 754 debitis
1082 704 1143 755 et
1168 696 1355 755 vitam
1398 697 1778 772 acquiramus
1801 722 1814 757 :
1860 699 2028 768 Quid
2070 700 2266 757 verius
2293 700 2410 757 dici
2437 702 2634 775 potuit

236 796 415 853 quam
445 780 592 836 alios
619 776 987 834 Mediatores
1014 776 1195 836 etiam
1236 776 1658 851 redemptionis
1704 778 1779 834 ab
1806 778 1948 853 ipsis
1973 778 2294 853 excogitari
2323 779 2385 836 in
2414 762 2636 853 quibus

232 856 511 914 fiduciam
522 856 814 913 collocent
824 861 1040 929 praeter
1054 852 1375 925 Christum,
1387 862 1447 912 et
1468 854 1591 911 alia
1608 855 1818 913 merita
1829 864 2043 931 praeter
2053 857 2106 932 ej
2113 876 2186 915 us
2197 857 2593 915 obedientiam
2607 862 2632 917 ἓ

237 934 567 993 Innumera
605 940 747 991 sunt
780 932 1137 1003 istiusmodi,
1157 951 1293 1007 quoe
1334 933 1433 991 isti
1457 932 1856 1009 Sycophantae
1899 935 2078 1010 objici
2121 943 2388 1011 possunt,
2411 937 2631 1009 quibus

232 1012 405 1071 facile
432 1013 495 1069 in
523 1012 803 1070 ruborem
820 1012 949 1069 dari
976 1016 1173 1085 potest
1198 1011 1313 1069 nisi
1339 1012 1600 1071 frontem
1628 1012 1806 1087 plane
1833 1014 2098 1088 posuerit
2121 1037 2133 1071 :
2166 1014 2282 1072 Sed
2301 1016 2375 1071 de
2402 1013 2495 1071 his
2522 1015 2630 1071 ali-

231 1092 291 1148 bi
308 1092 421 1149 erit
448 1090 685 1149 dicendi
702 1091 885 1159 locus,
904 1107 1093 1163 quum
1110 1090 1414 1147 vanissimi
1440 1091 1700 1148 hominis
1721 1095 1940 1149 malam
1961 1094 2138 1151 fidem
2158 1112 2364 1151 sumus
2385 1094 2632 1151 demon-

230 1172 470 1227 straturi
493 1192 507 1239 ;
550 1168 733 1225 Nunc
760 1168 919 1225 enim
948 1167 1068 1226 alio
1095 1186 1206 1225 nos
1232 1177 1407 1227 vocat
1424 1169 1684 1227 instituti
1713 1170 1900 1228 nostri
1927 1173 2099 1229 ratio,

308 1248 451 1305 XV.
497 1248 552 1305 3.
598 1248 1047 1321 Argumentum
1072 1246 1297 1321 petitur
1317 1266 1355 1305 a
1382 1247 1690 1305 Gravitace
1709 1269 1899 1324 poenae
1923 1268 2056 1325 quoe
2089 1250 2323 1309 Christo
2349 1249 2630 1324 imposita

231 1333 353 1397 est;
403 1325 570 1385 Nam
606 1326 655 1385 si
699 1326 801 1382 ille
828 1343 1032 1399 poenas
1060 1343 1265 1382 omnes
1307 1328 1476 1384 nobis
1506 1327 1736 1385 debitas
1766 1329 1925 1399 tulit,
1951 1328 2078 1386 fieri
2106 1348 2226 1385 non
2255 1335 2451 1403 potest
2478 1328 2626 1403 quin

229 1404 571 1479 plenissima
595 1404 777 1462 fuerit
804 1404 933 1477 ejus
961 1402 1304 1463 satisfactio,
1352 1405 1427 1464 In
1456 1423 1527 1462 eo
1556 1404 1718 1462 enim
1737 1406 2017 1481 perfectio
2045 1406 2176 1481 ejus
2201 1406 2396 1481 posita
2421 1412 2524 1479 est,
2557 1413 2627 1463 ut

232 1482 381 1539 nihil
410 1484 671 1541 omiserit
698 1501 773 1539 ex
799 1481 871 1539 iis
900 1500 1035 1557 quae
1084 1500 1121 1539 a
1152 1482 1390 1556 justitia
1417 1482 1624 1541 divina
1649 1485 2108 1559 requirebantur
2135 1488 2212 1541 ad
2241 1485 2334 1542 sui
2361 1485 2625 1543 satisfac-

228 1561 471 1633 tionem,
522 1562 645 1620 sive
688 1560 749 1616 in
796 1560 1207 1617 observatione
1254 1563 1695 1633 mandatorum,
1747 1562 1868 1621 sive
1921 1565 1984 1622 in
2039 1581 2348 1639 poenarum
2400 1564 2624 1622 latione

230 1659 362 1716 quse
417 1658 456 1697 a
507 1639 911 1697 sanctionibus
965 1636 1145 1712 Legis
1198 1636 1746 1713 denuntiabantur3
1791 1642 1880 1700 At
1921 1650 2244 1716 utrumque
2297 1660 2334 1698 a
2388 1641 2626 1701 Christo

227 1719 541 1793 impletum
568 1738 692 1777 esse
719 1736 811 1774 res
838 1715 967 1792 ipsa
994 1718 1229 1777 clamat.
1293 1716 1356 1776 N
1360 1737 1438 1775 on
1486 1720 1667 1775 modo
1697 1720 1838 1796 quia
1881 1740 2117 1777 omnem
2159 1720 2429 1794 implevit
2447 1720 2627 1795 justi-

228 1798 373 1855 tiam
396 1798 557 1855 Patri
575 1796 907 1855 obediendo
924 1814 1115 1871 usque
1134 1798 1209 1853 ad
1234 1805 1503 1867 mortem,
1529 1797 1748 1857 Matth.
1763 1798 1842 1855 iii.
1863 1798 1954 1869 15,
1978 1798 2132 1856 Phil.
2154 1798 2214 1857 ii.
2234 1800 2289 1869 6,
2308 1798 2364 1870 7,
2379 1799 2434 1874 8,
2465 1798 2623 1857 Heb.

227 1894 283 1933 x.
310 1874 503 1946 5‚6,7,
519 1876 749 1933 Verum
762 1874 941 1932 etiam
963 1876 1108 1947 quia
1126 1876 1407 1949 patiendo
1425 1875 1579 1931 illud
1600 1894 1776 1935 omne
1799 1878 1940 1935 tulit
1963 1880 2128 1952 quod
2149 1878 2279 1935 Lex
2307 1879 2628 1952 peccatori-

227 1953 339 2010 bus
366 1954 725 2029 imponebat,
754 1954 875 2010 sive
904 1954 1099 2025 quoad
1128 1954 1419 2010 damnum
1446 1972 1551 2027 per
1579 1956 1986 2026 desertionem,
2017 1956 2139 2013 sive
2160 1958 2360 2031 quoad
2387 1973 2626 2013 sensum

224 2050 330 2106 per
350 2032 845 2089 maledictionem.
878 2030 1040 2087 Hinc
1062 2048 1199 2087 vere
1219 2031 1503 2087 “dolores
1524 2040 1758 2090 nostros
1779 2032 2075 2105 bajulasse
2087 2039 2146 2090 et
2155 2033 2476 2107 languores
2489 2051 2625 2106 por-

226 2109 416 2166 tasse'’
448 2109 683 2179 dicitur,
735 2108 910 2164 “imo
933 2108 1169 2164 attritus
1198 2115 1257 2164 et
1289 2108 1644 2166 vulneratus
1679 2118 1923 2184 propter
1961 2109 2307 2183 iniquitates
2333 2111 2622 2179 nostras,'’

228 2186 344 2245 Isa.
366 2186 472 2244 liii.
496 2186 553 2256 4,
575 2186 629 2243 5.
725 2186 889 2243 Hinc
916 2185 1134 2241 dicitur
1160 2184 1356 2243 factus
1384 2187 1610 2266 narnien,
1645 2187 1778 2245 Gal.
1818 2187 1899 2243 iii.
1923 2187 2016 2257 13,
2038 2196 2098 2244 et
2129 2194 2162 2220 “
2187 2187 2552 2262 peccatum,”
2583 2189 2621 2245 2

227 2264 364 2323 Cor.
384 2284 439 2323 v.
461 2265 554 2322 21.
580 2264 759 2334 Hinc,
780 2264 955 2321 Rom.
978 2262 1098 2320 viii.
1114 2263 1208 2334 32,
1231 2263 1409 2321 Pater
1426 2266 1481 2322 ei
1502 2284 1624 2323 non
1647 2265 1970 2340 pepercisse
1991 2266 2336 2341 perhibetur
2351 2285 2457 2341 pcr
2474 2271 2621 2341 μύν-

225 2370 311 2415 σιι,
343 2344 422 2401 id.
454 2342 818 2401 severissime
844 2342 1019 2398 inum
1039 2342 1336 2414 habuisse,
1366 2344 1541 2401 nulla
1566 2344 1626 2401 in
1656 2344 1850 2401 filium
1877 2344 2248 2414 crudelitate,
2279 2346 2382 2403 sed
2411 2349 2623 2406 arden-

224 2423 453 2481 tissimo
482 2421 693 2480 salutis
732 2428 953 2479 nostrae
1004 2439 1203 2479 amore
1232 2442 1249 2491 ;
1295 2422 1433 2490 Quo
1478 2423 1780 2497 pertinent
1819 2424 2142 2497 lachrymae
2179 2424 2299 2481 illae
2329 2432 2389 2482 et
2424 2444 2624 2501 preces

220 2502 751 2559 vehementissimas
808 2517 956 2577 quas
1006 2496 1275 2557 Christus
1330 2502 1548 2559 dicitur
1600 2502 1842 2572 fudisse,
1873 2501 2030 2560 Heb.
2081 2522 2134 2559 v.
2180 2502 2236 2572 7,
2281 2510 2340 2559 et
2387 2523 2623 2563 summa

224 2579 443 2640 Christi
487 2587 617 2637 tum
664 2581 728 2637 in
776 2582 951 2637 horto
981 2585 1110 2635 tum
1157 2577 1221 2635 in
1249 2598 1420 2639 cruce
1448 2581 1686 2655 agonia.
1770 2579 1862 2638 De
1890 2580 2108 2656 quibus
2136 2582 2297 2653 alibi,
2328 2600 2517 2656 quum
2545 2586 2621 2641 de

221 2660 493 2719 Veritate
523 2656 953 2718 Satisfactionis
980 2658 1349 2731 disputatum
1377 2666 1481 2716 est.
1552 2660 1706 2717 IIaec
1734 2659 1954 2735 quippe
1983 2662 2184 2717 omnia
2209 2658 2620 2733 gravissimam

217 2738 401 2797 fuisse
426 2757 665 2813 poenam
686 2736 904 2795 Christi
932 2741 991 2793 et
1018 2734 1168 2808 Legi
1197 2736 1461 2810 apprime
1489 2737 1945 2811 respondentem
1965 2744 2229 2809 arguunt
2249 2737 2620 2807 luculenter3

222 2816 391 2885 Quid
418 2818 578 2873 enim
600 2816 731 2872 Lex
768 2814 1177 2890 peccatoribus
1203 2813 1545 2886 imponebat
1586 2813 1696 2871 nisi
1720 2814 2197 2870 maledictionem
2220 2816 2244 2873 ’ἓ
2286 2815 2416 2872 haec
2442 2816 2620 2874 unica

216 2904 311 2951 est
356 2900 417 2951 et
443 2899 573 2950 tota
612 2911 788 2967 poena
814 2910 996 2967 quam
1024 2891 1093 2947 iis
1136 2891 1650 2960 interminabatur,
1699 2891 1786 2947 At
1830 2890 2098 2948 Christus
2141 2892 2618 2951 maledictionem

218 2973 395 3029 istam
423 2970 581 3040 tulit,
610 2969 803 3027 factus
832 2970 955 3043 ipse
976 2967 1333 3037 maledictio,
1360 2968 1571 3026 Poenas
1600 2986 1742 3043 ergo
1772 2968 1943 3025 nobis
1965 2968 2194 3027 debitas
2220 2987 2426 3027 omnes
2455 2971 2617 3043 tulit,

217 3058 400 3125 atque
427 3050 577 3106 adeo
605 3066 742 3106 vere
770 3054 831 3104 et
855 3048 1031 3121 plene
1059 3064 1167 3120 pro
1196 3046 1366 3103 nobis
1394 3047 1694 3105 satisfecit.

299 3126 484 3185 XVI.
532 3126 695 3194 Quid
722 3144 864 3183 vero
910 3124 1006 3181 hic
1051 3123 1441 3183 Adversarii?
1506 3124 1813 3183 Christum
1842 3125 2086 3201 quidem
2113 3144 2222 3201 pro
2251 3127 2413 3185 omni
2441 3128 2618 3203 culpa

216 3214 278 3265 et
305 3224 479 3281 poena
505 3204 686 3263 etiam
714 3212 936 3261 aeterna
955 3200 1297 3261 satisfecisse
1340 3203 1512 3261 facile
1540 3206 1876 3261 concedunt
1898 3226 1914 3275 ;
1961 3203 2077 3262 Sed
2107 3214 2328 3279 negant
2357 3208 2616 3265 eundem

216 3303 329 3360 pro
360 3303 537 3360 poena
582 3282 896 3357 temporali
938 3282 1160 3357 pariter
1202 3281 1547 3340 satisfecisse
1572 3305 1585 3341 :
1633 3283 1848 3358 Itaque
1895 3302 2015 3341 non
2041 3302 2164 3341 esse
2191 3286 2520 3343 absurdum
2548 3294 2618 3343 ut

214 3382 348 3421 eam
376 3380 486 3421 nos
512 3362 857 3438 pendamus.
924 3360 1040 3419 Sed
1072 3366 1141 3417 ut
1175 3360 1323 3417 nihil
1358 3361 1489 3435 jam
1517 3362 1788 3420 dicamus
1816 3363 1890 3419 de
1917 3361 2292 3421 distinctione
2340 3365 2528 3439 culpae
2557 3374 2618 3422 et

212 3460 423 3517 poenae,
450 3447 509 3499 et
535 3440 876 3498 remissione
907 3439 1087 3496 unius
1116 3458 1251 3497 cum
1278 3440 1608 3498 retentione
1649 3441 1912 3511 alterius,
1941 3442 2016 3497 de
2043 3459 2166 3515 qua
2191 3460 2334 3499 mox
2362 3444 2472 3500 crit
2499 3444 2617 3501 dis-

214 3522 566 3590 serendum
598 3518 747 3577 Dico
776 3518 1161 3577 falsissimum
1182 3537 1301 3577 esse
1323 3520 1487 3597 quod
1508 3526 1860 3595 supponunt
1888 3518 2188 3577 Christum
2217 3539 2325 3593 pro
2355 3524 2614 3595 quadam

216 3618 341 3656 non
390 3616 498 3675 pro
548 3597 712 3655 omni
754 3616 931 3672 poena
977 3596 1338 3655 satisfecisse.
1424 3596 1548 3657 Ubi
1586 3598 1748 3655 enim
1794 3616 1998 3673 quaeso
2046 3596 2419 3655 dimidiatam
2459 3600 2616 3657 hanc

218 3676 441 3737 Christi
473 3674 951 3734 Satisfactionem
979 3675 1287 3751 Scriptura
1312 3683 1606 3734 memorat
1629 3678 1651 3734 ἓ
1694 3674 1820 3734 Ubi
1863 3694 1970 3750 pro
2013 3676 2190 3750 culpa
2217 3676 2458 3750 quidem
2487 3695 2610 3735 om-

214 3756 299 3827 ni,
344 3762 408 3813 at
446 3772 564 3812 non
615 3772 722 3829 pro
752 3754 917 3813 omni
941 3773 1117 3829 poena
1147 3752 1450 3812 Christum
1476 3753 1825 3812 satisfecisse
1853 3755 2072 3811 docet?
2140 3752 2362 3817 Nonne
2391 3756 2614 3829 ubique

213 3833 631 3893 universaliter
661 3832 965 3891 Christum
990 3850 1101 3908 pro
1118 3832 1370 3907 peccatis
1393 3832 1670 3889 omnibus
1697 3832 1914 3889 nostris
1941 3850 2182 3906 passum
2211 3850 2334 3889 esse
2363 3834 2614 3893 asserit?

217 3914 373 3981 Quis
399 3930 541 3971 vero
569 3930 691 3968 non
738 3912 1131 3981 exhorrescat,
1156 3928 1341 3986 quam
1371 3909 1603 3969 Christo
1645 3928 1876 3985 semper
1905 3910 2168 3969 Ecclesia
2195 3910 2405 3967 tribuit
2431 3911 2616 3971 totius

211 3990 645 4052 Satisfactionis
675 3997 734 4047 et
762 3988 1211 4064 Redemptionis
1258 3988 1479 4047 nostrae
1520 3988 1794 4063 gloriam,
1823 4006 1956 4047 eam
1983 4006 2142 4044 nunc
2169 3988 2246 4045 ab
2267 3989 2395 4045 istis
2423 3989 2616 4046 immi-

210 4070 321 4128 nui
368 4076 428 4127 et
470 4068 807 4127 decurtari?
889 4066 1053 4125 Nam
1098 4068 1145 4126 si
1177 4066 1445 4127 Christus
1485 4086 1593 4142 pro
1623 4086 1798 4142 poena
1824 4066 2132 4141 temporali
2163 4084 2283 4123 non
2312 4066 2616 4140 satisfecit,

212 4148 379 4223 Ergo
416 4167 537 4205 non
566 4154 654 4203 est
702 4154 901 4204 noster
948 4165 1023 4202 ex
1059 4164 1185 4203 asse
1234 4142 1638 4221 Redemptor;
1685 4144 1922 4220 Quippe
1951 4162 2087 4200 cum
2135 4146 2452 4202 redemisse
2493 4165 2612 4203 non

208 4229 445 4285 dicatur
472 4225 586 4283 nisi
614 4232 911 4301 quatenus
940 4225 1237 4295 satisfecit,
1260 4230 1425 4299 patet
1450 4242 1591 4281 eum
1616 4242 1811 4298 neque
1839 4241 1948 4280 nos
1975 4222 2050 4278 ab
2078 4221 2207 4279 istis
2233 4222 2421 4297 poenis
2449 4226 2618 4282 rede-

208 4307 389 4363 misse
416 4323 525 4380 pro
553 4302 772 4379 quibus
800 4302 849 4360 si
880 4302 1005 4359 istis
1030 4304 1176 4359 fides
1202 4303 1477 4360 habenda
1504 4302 1748 4359 minime
1775 4300 2068 4359 satisfecit.
2155 4300 2273 4359 Sed
2300 4302 2479 4377 longe
2506 4303 2614 4361 ali-

209 4392 307 4441 ter
330 4382 576 4441 Paulus,
631 4382 935 4449 Quorsum
964 4379 1122 4438 enim
1154 4379 1455 4438 Christum
1484 4386 1766 4437 assereret
1791 4378 2268 4452 chirographum
2297 4382 2460 4456 quod
2487 4389 2615 4442 erat

210 4463 390 4521 nobis
417 4460 785 4521 contrarium
814 4460 1119 4530 delevisse,
1143 4458 1466 4533 tulisseque
1494 4459 1569 4513 de
1596 4456 1795 4514 medio
1824 4463 1883 4513 et
1911 4456 2068 4513 cruci
2097 4457 2365 4530 affixisse,
2393 4459 2522 4519 Col.
2551 4460 2616 4519 ii.

216 4542 314 4614 14,
344 4542 393 4600 si
412 4546 603 4619 poenae
632 4540 913 4614 quaedam
940 4558 1075 4613 quae
1104 4544 1244 4595 sunt
1271 4536 1438 4595 istius
1469 4534 1864 4611 Chirographi
1907 4552 2044 4611 pars
2074 4554 2194 4593 non
2222 4537 2446 4611 exigua
2491 4558 2622 4596 non·

212 4622 506 4679 exsolutae
525 4625 668 4677 sunt
688 4616 991 4690 aChristo‚
1004 4624 1063 4675 et
1080 4636 1117 4675 a
1136 4615 1307 4675 nobis
1324 4616 1689 4691 pendendae?
1715 4614 2019 4683 Quorsum
2040 4622 2073 4648 ‘⁴
2090 4632 2206 4672 una
2222 4616 2439 4674 Christi
2451 4618 2616 4675 obla·
