3234 5192
321 373 550 414 msrur.
593 355 688 433 in]
1113 369 1342 410 Rofl'rltA
1369 371 1448 410 ΑΒ
1477 369 1758 412 scemam
1788 371 2053 415 nouam.
2646 359 2727 416 43

323 513 530 572 “Cura
569 511 824 588 denique
851 517 920 570 ut
947 509 1190 570 salutem
1211 531 1384 587 quam
1427 511 1641 570 dedisti
1682 511 1867 587 nobis,
1920 521 1979 572 et
2018 513 2201 572 vitam
2234 524 2291 572 et
2322 513 2581 590 spiritum
2612 535 2729 574 non

319 593 670 652 amittamus.
702 592 791 649 Tu
821 591 974 648 enim
1009 591 1228 665 Pastor,
1260 599 1326 650 tu
1357 591 1639 662 Medicus,
1672 599 1737 649 tu
1772 592 2157 666 Gubernator,
2190 603 2255 650 tu
2284 594 2501 668 Cultor,
2534 605 2595 652 tu
2627 595 2726 654 de-

319 671 494 749 nique
521 673 672 730 alter
703 672 864 730 Deus
893 670 952 728 in
989 671 1214 728 terris.'’
1297 671 1608 729 Possemus
1630 671 1725 728 hic
1752 671 1867 729 alia
1892 670 2059 748 plura
2076 691 2149 730 ex
2180 691 2375 729 eorum
2398 673 2562 730 libris
2591 694 2725 731 con·

321 771 536 828 gerere,
567 771 643 809 ex
674 751 886 827 quibus
915 758 1156 824 constat,
1211 750 1480 808 Pontifici
1521 751 1799 810 honorem
1834 760 1893 809 et
1937 751 2156 809 cultum
2200 750 2534 826 religiosum
2564 753 2725 810 exhi-

319 831 460 906 beri,
519 831 824 908 ipsumque
853 829 998 888 adeo
1043 829 1345 906 imperium
1383 838 1440 888 et
1471 839 1817 908 potestatem
1856 829 2121 889 affectare
2167 830 2225 887 in
2256 831 2649 907 spiritualibus
2670 841 2729 890 et

319 910 378 967 in
433 911 852 988 temporalibus
897 929 1069 986 super
1135 910 1294 986 ipsos
1347 929 1515 986 reges
1564 919 1623 968 et
1664 911 2053 987 imperatoreS,
2100 910 2547 968 reclamantibus
2591 909 2727 970 licet

319 991 512 1064 variis,
539 1001 598 1048 et
646 989 929 1067 imprimis
959 988 1166 1062 Gallis,
1210 989 1311 1064 qui
1359 996 1588 1048 strenue
1611 991 1821 1066 saepius
1866 990 2189 1048 libertatem
2239 1010 2401 1049 suam
2446 990 2728 1050 adversus

319 1069 606 1145 ejusmodi
633 1068 1002 1145 tyrannidem
1023 1077 1476 1145 propugnarunt.
1537 1070 1654 1128 Sed
1676 1070 1811 1146 quia
1838 1070 1909 1128 de
1934 1070 2024 1128 his
2046 1069 2353 1128 dicendum
2383 1071 2493 1130 erit
2520 1070 2722 1146 fusius,

317 1167 496 1224 quum
523 1148 598 1207 de
629 1147 994 1207 Antichristo
1021 1148 1262 1224 ejusque
1301 1149 1653 1208 revelatione
1692 1149 2133 1225 disputabimus,
2184 1149 2395 1210 suffieit
2422 1151 2517 1208 hic
2544 1171 2721 1210 anno-

319 1235 456 1300 tare,
479 1227 638 1304 quod
665 1228 980 1286 novissime
1007 1227 1257 1301 Jesuitoe,
1283 1228 1342 1284 in
1371 1228 1633 1286 thesibus
1650 1229 1711 1285 in
1742 1228 1961 1302 Colleg.
1995 1229 2438 1288 Claromontano
2467 1231 2719 1306 agitatis,

317 1307 547 1398 publice
575 1315 1030 1384 propugnarunt,
1079 1307 1402 1365 “Pontifici
1446 1306 1689 1366 eandem
1734 1306 2220 1398 infallibilitatem,
2257 1329 2429 1385 quam
2460 1310 2723 1368 Christus

323 1386 446 1462 ipse
473 1387 692 1460 habuit,
745 1407 860 1444 non
905 1395 1128 1444 tantum
1186 1386 1245 1444 in
1293 1386 1711 1462 quaestionibus
1756 1386 1923 1461 juris,
1973 1385 2075 1443 sed
2118 1395 2177 1444 et
2206 1353 2346 1444 l'acti
2390 1407 2721 1446 concessam

325 1467 488 1538 esse‚’
495 1466 688 1542 ’quod
717 1465 922 1524 merito
942 1464 1040 1523 alii
1067 1475 1342 1542 tanquam
1371 1465 1703 1524 haereticum
1722 1475 1781 1524 et
1798 1463 2217 1523 idololatricum
2240 1466 2554 1542 exagitant,
2586 1468 2724 1542 quia

320 1563 398 1602 ex
449 1545 606 1622 Papa
655 1546 860 1616 Deum,
909 1554 968 1604 et
1015 1565 1089 1602 ex
1121 1546 1316 1604 Verbo
1353 1545 1600 1604 hominis
1634 1541 1895 1602 Verbum
1948 1544 2059 1602 Dei
2102 1544 2338 1604 faciunt.
2386 1545 2723 1604 Idololatria

317 1624 546 1702 quippe,
579 1635 644 1683 ut
673 1625 816 1683 bene
837 1625 1014 1682 iidem
1043 1625 1368 1698 observant,
1399 1645 1515 1682 non
1543 1633 1767 1683 tantum
1790 1629 1867 1696 fit,
1899 1643 2029 1682 cum
2063 1624 2171 1682 Dei
2198 1645 2408 1682 nomen
2430 1624 2603 1683 alicui
2625 1626 2724 1683 tri·-

315 1703 528 1778 buitur‚
561 1704 668 1762 sed
693 1725 824 1762 cum
851 1703 1160 1780 qualitates
1189 1704 1316 1762 Deo
1345 1704 1588 1781 propriae
1616 1705 1712 1761 vel
1740 1704 1931 1762 cultus
1960 1703 2193 1762 divinus
2220 1705 2301 1762 rei
2332 1715 2536 1764 creatae
2566 1714 2721 1764 tran-

317 1785 664 1858 scribantur,
695 1803 824 1842 cum
853 1784 1162 1842 submissio
1191 1784 1320 1841 fidei
1349 1783 1562 1841 divinae
1606 1783 1915 1842 exhibetur
1958 1781 2135 1842 verbo
2166 1785 2430 1843 hominis.
2516 1785 2722 1861 Itaque

315 1881 393 1919 ex
411 1863 652 1922 istorum
677 1863 976 1938 sententia,
1012 1865 1047 1896 ‘⁴
1063 1863 1410 1938 quicunque,
1431 1862 1731 1938 profitetur
1752 1881 1813 1920 se
1842 1863 2073 1920 credere
2102 1863 2209 1921 fide
2240 1863 2439 1922 diviua
2459 1864 2537 1938 id,
2568 1865 2725 1940 quod

313 1941 448 2000 ideo
479 1951 702 2001 tantum
730 1943 928 2016 credit,
961 1943 1096 2017 quia
1123 1943 1296 2000 homo
1326 1941 1492 2015 dixit,
1537 1941 1827 2000 hominem
1856 1942 1985 1999 loco
2020 1942 2132 2000 Dei
2161 1944 2377 2016 statuit,
2412 1943 2469 2000 in
2497 1955 2721 2002 ereatu-

313 2041 440 2079 ram
468 2022 744 2080 honorem
774 2023 884 2080 soli
914 2021 1167 2079 Creatori
1196 2021 1456 2079 debitum
1473 2021 1758 2093 transfert,
1792 2028 1865 2092 et,
1888 2031 2166 2096 quantum
2194 2023 2255 2078 in
2274 2042 2335 2080 se
2365 2032 2470 2095 est,
2502 2023 2721 2082 idolum

315 2119 392 2158 ex
414 2100 649 2159 Vicario
677 2101 896 2159 Christi
923 2100 1119 2159 facit.''
1163 2100 1317 2159 Vide
1346 2101 1565 2160 Theses
1593 2100 1636 2159 J
1640 2101 1807 2158 esuit.
1837 2109 1895 2158 et
1927 2105 1961 2132 “
1982 2101 2207 2158 Novam
2237 2101 2560 2178 haeresim,'’
2592 2123 2721 2179 quae

315 2180 434 2236 illis
463 2179 596 2238 ideo
623 2180 979 2257 impingitur,
1011 2201 1066 2256 p.
1099 2182 1152 2252 5,
1187 2183 1241 2238 6.

399 2259 554 2318 XX.
601 2259 696 2316 Ex
735 2260 828 2318 his
870 2279 1010 2317 vero
1051 2279 1167 2316 non
1205 2257 1446 2318 obscure
1468 2258 1763 2333 colligitur
1788 2258 2002 2317 veritas
2030 2259 2266 2316 minoris
2298 2259 2721 2338 propositionis,

317 2338 393 2396 R.
427 2339 495 2396 E.
527 2339 748 2397 scilieet
783 2339 1118 2416 multiplicis
1155 2338 1496 2397 idololatriae
1525 2357 1651 2396 esse
1694 2357 1869 2396 ream.
1956 2339 2087 2395 Non
2128 2358 2235 2396 nos
2262 2339 2405 2396 latet
2434 2339 2719 2416 equidem,

315 2419 508 2476 varias
537 2418 696 2475 illam
739 2418 1165 2477 distinctionem
1209 2427 1438 2495 captare
1479 2417 1755 2492 argutias,
1794 2417 2007 2493 quibus
2047 2427 2321 2494 tanquam
2364 2418 2626 2494 sudariiS,
2658 2429 2725 2480 ut

311 2498 522 2554 mulier
540 2497 658 2568 illa,
676 2497 951 2555 Proverb.
977 2499 1121 2555 xitx.
1142 2501 1238 2570 20,
1251 2517 1316 2555 os
1335 2517 1502 2556 suum
1523 2497 1805 2571 abstergit
1824 2495 2181 2574 frontemque
2204 2499 2487 2574 perfricat,
2504 2519 2725 2575 negans

315 2595 376 2634 se
405 2577 466 2634 in
497 2577 566 2635 B.
599 2576 879 2652 Virginis,
913 2577 1270 2648 Sanctorum,
1305 2576 1683 2652 Angelorum,
1714 2585 1775 2634 et
1804 2576 2103 2634 Pontificis
2130 2579 2307 2652 cultu,
2339 2579 2723 2637 idololatriam

311 2656 490 2714 ullam
519 2657 893 2714 committere.
981 2655 1098 2715 Sed
1123 2655 1408 2733 quidquid
1435 2656 1719 2729 moliatur,
1744 2675 1859 2712 non
1890 2677 2057 2732 posse
2079 2658 2225 2716 tanti
2246 2658 2500 2716 criminis
2528 2667 2723 2722 notam

315 2735 585 2810 effugere,
629 2736 760 2794 luce
805 2735 1121 2794 meridiana
1161 2737 1371 2794 clarius
1413 2735 1793 2794 demonstrari
1836 2746 2043 2810 potest.
2130 2737 2179 2794 Ι.
2226 2737 2457 2812 Negant
2506 2757 2567 2794 se
2615 2738 2722 2796 ulli

311 2823 590 2874 creaturae
609 2815 1002 2874 adorationem
1025 2815 1263 2889 deferre,
1289 2816 1437 2874 hanc
1460 2815 1613 2874 enim
1634 2815 1742 2872 soli
1774 2814 1899 2872 Deo
1928 2815 2141 2887 deberi,
2168 2816 2271 2873 sed
2294 2816 2721 2874 venerationem

309 2903 370 2952 et
395 2895 794 2967 reverentiam,
825 2914 942 2952 non
969 2915 1096 2954 esse
1124 2895 1480 2970 religionem,
1507 2895 1608 2952 sed
1632 2893 2077 2966 observantiam,
2111 2913 2215 2950 nec
2250 2895 2441 2952 statim
2472 2895 2723 2968 imperiti

311 2973 476 3049 vulgi
506 2973 732 3049 praxim
763 2981 822 3032 et
853 2974 1092 3033 abusum
1133 2975 1454 3032 Ecclesiae*
1439 2973 1620 3047 ipsius
1650 2972 2043 3029 sanctionibus
2072 2972 2534 3029 adscribendum.
2624 2973 2719 3031 Sic

313 3054 534 3111 Richeli
559 3054 650 3112 lib.
682 3057 760 3112 3⁰·
790 3074 836 3111 c.
867 3057 964 3128 4⁰3
1007 3055 1281 3112 Valentia.
1313 3055 1382 3110 de
1409 3053 1556 3108 Idol.
1580 3050 1619 3107 l.
1652 3049 1711 3106 ii.
1732 3069 1782 3106 c.
1814 3051 1869 3106 6.
1896 3050 1967 3106 R.
2004 3048 2119 3107 Sed
2146 3050 2247 3125 qui
2276 3052 2359 3108 sic
2386 3051 2717 3126 loquuntur,

311 3133 408 3190 vel
437 3134 545 3190 sub
574 3133 704 3190 aliis
725 3141 948 3191 tanturn
977 3133 1306 3191 nominibus
1335 3149 1454 3186 rem
1484 3128 1727 3185 eandem
1766 3128 2030 3202 retinent,
2062 3139 2121 3186 et
2149 3129 2231 3188 sic
2259 3131 2450 3188 fucum
2483 3129 2716 3207 faciunt,

313 3211 408 3269 vel
435 3213 618 3288 aperti
647 3222 784 3272 sunt
811 3212 1108 3288 religionis
1137 3231 1255 3270 suae
1273 3207 1604 3284 transfugae.
1664 3207 1811 3266 Nam
1834 3227 1905 3266 ne
1923 3173 2030 3266 hic
2038 3209 2265 3286 privata
2289 3210 2719 3270 pontificiorum

317 3291 634 3350 Doctorum
665 3292 878 3368 scripta
905 3291 1165 3364 referam,
1197 3290 1296 3350 ubi
1326 3289 1540 3366 passim
1567 3287 1785 3364 legitur
1812 3295 1870 3344 et
1898 3309 1973 3346 ex
2000 3289 2259 3366 professo
2288 3291 2547 3366 traditur,
2580 3290 2717 3349 ado-

312 3371 522 3430 randos
549 3391 678 3430 esse
708 3375 964 3444 Sanctus,
988 3373 1246 3444 Crucem,
1271 3368 1587 3445 Reliquias,
1612 3367 1940 3443 Imagines3
1986 3369 2139 3427 unde
2168 3371 2409 3444 Malae„
2441 3372 2614 3428 1ιοειιο
2643 3391 2719 3430 ex

314 3448 359 3508 J
361 3450 675 3510 esuitarum
735 3417 1002 3509 sodalitio
1045 3450 1460 3522 nobilissimus,
1525 3467 1723 3506 eorum
1773 3449 2133 3522 sententiam,
2193 3451 2293 3524 qui
2341 3451 2565 3508 nullum
2606 3451 2720 3510 nisi

315 3529 440 3587 Deo
459 3530 758 3606 religionis
787 3529 1061 3588 honorem
1090 3530 1367 3600 tribuunt,
1390 3547 1640 3586 errorem
1670 3547 1795 3584 esse
1824 3526 2017 3585 dixit
2002 3527 2241 3603 impium
2276 3537 2335 3588 et
2370 3530 2715 3606 imperitum,

309 3608 372 3665 in
414 3609 628 3668 Matth.
671 3629 728 3667 v.
774 3613 868 3683 34,
917 3620 975 3668 et
1013 3611 1305 3670 Sanderus
1344 3608 1446 3666 lib.
1489 3607 1590 3664 vii.
1634 3607 1707 3664 de
1759 3606 1889 3664 visi.
1937 3607 2237 3666 Monarch.
2282 3609 2431 3666 inter
2474 3611 2720 3684 pseudo-

311 3689 624 3763 prophetas
651 3697 710 3747 et
735 3689 1053 3762 haereticOS,
1073 3697 1131 3746 et
1153 3689 1404 3746 civitatis
1435 3686 1668 3744 Diaboli
1696 3686 1970 3759 membra,
2000 3705 2099 3744 eos
2118 3694 2313 3744 censet
2341 3689 2717 3762 reponendos,

315 3768 417 3842 qui
461 3767 682 3840 dicunt,
743 3788 970 3826 crucem
1015 3777 1074 3826 et
1133 3768 1417 3842 imagines
1487 3767 1829 3824 Sanctorum
1882 3785 2001 3822 non
2041 3783 2167 3822 esse
2210 3765 2552 3824 adorandas.
2657 3768 2719 3825 Si

313 3847 526 3922 scripta
555 3847 801 3922 publica,
845 3867 975 3924 quse
1017 3847 1336 3906 doctrinam
1378 3855 1436 3905 et
1477 3844 1893 3904 confessionem
1938 3845 2232 3904 continent
2274 3844 2552 3902 Ecclesiae
2604 3845 2720 3904 Ro-

313 3945 516 3998 manae,
549 3933 608 3984 et
647 3946 888 4003 quorum
929 3927 1241 3985 auctoritas
1282 3945 1397 3984 non
1439 3933 1631 4002 potest
1683 3925 1745 3982 in
1773 3924 2011 3982 dubium
2068 3944 2103 3982 a
2146 3924 2465 3982 Pontificiis
2505 3927 2718 4002 vocari,

309 4004 680 4078 attendimus,
725 4007 874 4064 hane
933 4005 1324 4064 adorationem
1365 4004 1694 4080 frequenter
1733 4005 2023 4080 ingerunt.
2127 4004 2397 4063 Gateclu’s.
2466 4005 2719 4065 Trident.

313 4103 368 4160 p.
415 4083 495 4142 iii.
540 4105 590 4143 c.
635 4090 689 4159 2,
736 4089 790 4160 5,
835 4089 891 4160 8,
936 4094 996 4144 et
1037 4088 1090 4158 9,
1123 4083 1309 4157 docet,
1359 4084 1678 4158 “Angelos
1714 4103 1839 4142 esse
1875 4105 1911 4142 a
1952 4084 2293 4143 Christianis
2334 4082 2719 4142 adorandos.''

313 4164 550 4222 Maenala
571 4166 796 4237 Roma.‚
821 4165 1160 4224 auctoritate
1177 4164 1437 4222 Trident.
1463 4163 1681 4221 Concil.
1702 4163 1939 4238 editum,
1959 4163 2082 4221 feri.
2115 4167 2170 4237 6,
2195 4165 2253 4220 in
2278 4163 2491 4234 Peras„
2512 4162 2719 4222 identi-

313 4241 448 4300 dem
477 4245 686 4318 repetit
711 4247 1075 4304 adorandam
1118 4263 1233 4302 esse
1274 4263 1510 4300 crucem.
1559 4243 1771 4301 Concil.
1820 4244 2041 4302 Nicoen.
2071 4245 2177 4315 IL,
2222 4241 2297 4299 ad
2339 4243 2496 4318 quod
2522 4244 2582 4300 in
2610 4243 2722 4304 hac

316 4341 492 4381 causa
520 4323 842 4382 Tridentini
864 4325 1066 4384 Patres
1087 4323 1241 4381 Sess.
1273 4325 1370 4380 25.
1389 4341 1526 4380 suos
1555 4322 1845 4396 ablegant,
1870 4323 2185 4398 saepissime
2214 4321 2360 4380 illud
2380 4323 2717 4400 ingeminat,

313 4400 641 4460 adorandas
667 4423 795 4462 esse
823 4403 1122 4479 imagines·
1206 4403 1394 4460 Index
1411 4401 1899 4476 Expurqatorius,
1934 4401 2173 4460 Madriti
2200 4401 2391 4462 editus
2418 4425 2510 4462 an.
2546 4407 2723 4479 1612,

319 4479 470 4539 inter
497 4490 704 4540 caetera
729 4483 944 4558 passim
987 4480 1168 4540 deleri
1203 4482 1390 4558 jubet,
1421 4501 1550 4556 quae
1593 4481 1653 4538 in
1696 4481 1924 4556 scriptis
1967 4481 2205 4540 Patrum
2248 4484 2628 4543 observantur
2654 4485 2729 4543 dc

317 4559 656 4619 adoratione
684 4562 863 4620 solius
894 4561 1024 4634 Dei,
1063 4569 1129 4620 ut
1156 4561 1268 4621 ista
1291 4560 1608 4637 Augustini
1640 4567 1700 4618 et
1718 4558 2043 4636 Athanasii,
2080 4566 2114 4595 ‘⁶
2134 4562 2385 4622 Adorari
2416 4565 2596 4622 solius
2620 4564 2733 4622 Dei

317 4647 424 4712 est,
469 4639 632 4698 nulla
671 4649 932 4702 creatura
971 4639 1282 4714 adoranda,
1335 4639 1520 4698 sancti
1577 4639 1901 4700 honorandi
1941 4640 2278 4718 imitatione,
2350 4663 2467 4702 non
2529 4643 2735 4700 adora-
