3234 5192
473 337 590 396 588
1037 353 1114 392 Da
1157 349 1639 392 SATlsFAc'rloms
1666 348 1905 390 emus'n
1934 347 2252 389 varum-rr..
2420 325 2681 407 [DlsPU'r.
2710 347 2887 388 xvm.

469 515 597 553 rum
626 514 754 572 quse
784 513 886 572 pro
914 501 1150 570 peceato
1179 493 1394 552 fiebant
1417 491 1633 550 Christi
1660 490 1829 549 morti
1856 510 1974 549 non
2000 498 2157 549 recte
2184 486 2568 566 respondent:
2615 486 2881 550 Christus

469 575 621 633 enim
650 594 754 653 pro
783 574 1049 632 omnibus
1077 582 1166 633 est
1194 583 1469 647 mortuuS,
1500 572 1677 649 idque
1706 591 1783 629 ex
1812 571 1925 629 Dei
1951 571 2247 648 ipsiusque
2278 568 2495 627 Christi
2522 567 2647 626 sola
2672 569 2879 628 volun-

469 663 586 714 tate
616 675 683 714 ac
711 653 959 728 decret0,
991 655 1209 730 absque
1237 653 1358 712 ullo
1407 671 1606 711 eorum
1646 671 1751 729 pro
1798 651 2011 728 quibus
2048 659 2308 710 mortuus
2336 657 2427 709 est
2452 667 2693 708 assensu
2720 660 2880 710 ante·

471 735 727 809 cedente,
759 744 818 795 et
864 753 981 792 non
1025 755 1128 811 pro
1173 753 1290 792 uno
1335 733 1608 810 quopiam
1650 742 1904 808 peccato,
1936 730 2040 791 sed
2066 750 2170 808 pro
2220 728 2487 788 omnibus
2513 730 2767 805 peccatis
2794 742 2885 790 est

471 822 774 874 mortuus:
818 815 1183 872 Privatorum
1212 821 1404 872 autem
1449 812 1550 870 illa
1595 812 1877 870 sacrificia
1918 831 2035 870 non
2084 811 2271 870 solum
2316 829 2421 887 pro
2466 808 2731 868 omnibus
2764 831 2885 869 non

471 894 872 968 offerebantur,
899 894 1002 953 sed
1029 914 1216 970 neque
1245 895 1417 952 etiam
1446 913 1550 970 pro
1568 891 1839 950 omnibus
1855 891 2085 950 illorum
2108 891 2461 968 privatorum
2484 889 2753 966 peccatis,
2780 891 2887 949 sed

471 995 576 1052 pro
604 994 720 1034 uno
749 975 1018 1051 quopiam
1047 973 1406 1050 singulorum
1451 981 1706 1050 peccat0,
1753 972 1929 1048 idque
1972 991 2090 1029 non
2118 970 2242 1030 sine
2270 969 2647 1028 antecedente
2674 969 2882 1029 volun-

472 1064 591 1113 tate
619 1055 1090 1130 uniuscujusque,
1123 1052 1402 1114 sacrificia
1431 1053 1609 1130 igitur
1651 1055 1758 1129 pro
1800 1060 2036 1130 peccato
2064 1051 2125 1109 in
2154 1051 2365 1126 quibus
2394 1049 2609 1108 Christi
2636 1059 2881 1109 mortem

471 1133 870 1193 adumbratam
901 1133 1076 1193 fuisse
1107 1134 1220 1194 dici
1250 1142 1455 1210 potest,
1487 1153 1556 1191 ea
1599 1141 1763 1192 erant
1810 1151 1941 1210 quae
1985 1132 2059 1189 ab
2102 1131 2229 1208 ipsa
2255 1139 2481 1190 tantum
2510 1129 2623 1188 Dei
2652 1130 2879 1190 ordina·

471 1214 628 1273 tione
655 1215 1000 1292 pendebant,
1031 1225 1090 1274 et
1117 1235 1152 1272 a
1181 1233 1403 1272 summo
1433 1213 1730 1273 sacerdote
1759 1212 1925 1271 statis
1952 1211 2297 1289 quibusdam
2326 1209 2696 1286 temporibus,
2722 1211 2884 1269 nulla

469 1295 668 1372 populi
714 1303 1018 1372 expectata
1061 1294 1376 1369 voluntate,
1407 1314 1511 1370 pro
1555 1293 1827 1352 universo
1872 1292 2086 1370 populo
2130 1290 2533 1365 offerebantur,
2563 1291 2881 1367 praesertim

472 1394 610 1433 vero
655 1375 1112 1434 anniversarium
1159 1373 1321 1448 illud,
1374 1374 1488 1432 alia
1530 1393 1690 1449 vere,
1742 1372 2021 1431 sacrificia
2066 1379 2265 1430 nostra
2312 1370 2634 1448 spiritualia
2674 1370 2885 1430 melius

471 1454 908 1516 adumbrabant.
958 1455 1148 1514 Socin.
1179 1454 1430 1532 praelect.
1461 1475 1510 1512 c.
1541 1457 1638 1512 23.
1685 1453 1927 1512 Duabus
1956 1453 2027 1510 E.
2058 1451 2129 1510 de
2158 1451 2348 1510 causis
2376 1450 2741 1526 potissimum
2768 1459 2887 1510 sta·

467 1541 640 1593 tuunt
681 1544 926 1594 mortem
971 1535 1186 1592 Christi
1233 1535 1294 1591 in
1343 1535 1460 1592 illis
1505 1554 1623 1592 non
1671 1533 1849 1592 fuisse
1894 1532 2309 1604 adumbratam,
2344 1531 2539 1588 Primo
2587 1531 2726 1608 quia
2763 1551 2883 1590 non

469 1613 700 1673 fuerunt
727 1615 985 1692 praestita
1013 1634 1116 1691 pro
1145 1614 1412 1672 omnibus
1440 1612 1693 1691 peccatis
1714 1612 1970 1672 universi
1990 1611 2205 1689 populi,
2232 1611 2334 1670 sed
2360 1630 2465 1687 pro
2492 1631 2609 1670 uno
2638 1618 2881 1687 tantum,

475 1693 758 1769 SecundO,
790 1695 927 1769 quia
953 1694 1153 1771 populi
1200 1693 1559 1752 voluntatem
1603 1693 1973 1768 requirebant
2012 1691 2463 1769 praecedaneam,
2494 1690 2738 1768 ideoque
2764 1711 2886 1750 non

471 1780 587 1829 tam
633 1774 956 1832 Sacerdotis
1004 1793 1178 1850 quam
1211 1774 1419 1848 populi
1462 1773 1742 1851 sacrificia
1786 1780 1965 1847 erant,
1999 1782 2059 1831 et
2106 1771 2313 1830 melius
2362 1771 2643 1830 sacrificia
2682 1781 2887 1830 nostra

469 1852 794 1927 spiritualia
822 1872 993 1929 quam
1025 1854 1239 1911 Cnristi
1283 1852 1627 1911 sacrificium
1670 1852 1828 1930 quod
1873 1852 2053 1910 solius
2101 1851 2212 1910 Dei
2240 1860 2299 1911 et
2338 1851 2555 1910 Christi
2579 1851 2883 1911 voluntate

473 1942 770 2008 peractum
797 1941 902 2008 est,
934 1932 1440 2010 repraesentabant.

555 2013 756 2073 XLV.
800 2013 1020 2071 Verum
1048 2013 1194 2070 nihil
1237 2013 1332 2071 hic
1376 2019 1465 2072 est
1509 2011 1667 2090 quod
1714 2011 2010 2090 negotium
2056 2012 2339 2072 facessere
2373 2010 2544 2070 nobis
2570 2011 2755 2089 possit
2780 2019 2887 2069 aut

471 2095 697 2158 debeat.
784 2093 995 2169 Primo,
1027 2113 1146 2152 non
1173 2112 1454 2170 negamus
1501 2093 1562 2150 in
1607 2111 1771 2152 sacro
1820 2093 2213 2152 anniversario
2263 2091 2795 2169 praestantissimam
2823 2100 2887 2150 et

471 2198 591 2257 prae
619 2175 842 2234 caeteris
869 2175 1154 2233 illustrem
1197 2173 1376 2232 fuisse
1421 2173 1687 2232 sacrificii
1735 2173 1949 2232 Christi
1991 2173 2254 2250 figuram,
2285 2171 2443 2249 quod
2486 2172 2547 2230 in
2574 2191 2749 2231 causa
2776 2170 2889 2230 fuit

470 2256 672 2336 procul
701 2255 879 2314 dubio
907 2263 974 2313 ut
1000 2256 1172 2314 toties
1202 2255 1408 2332 Apost.
1441 2254 1516 2312 ad
1543 2252 1689 2312 illud
1715 2253 2043 2331 respiceret,
2076 2252 2179 2311 sed
2200 2272 2316 2310 non
2338 2253 2597 2328 sequitur
2622 2259 2886 2329 propter-

471 2358 542 2395 ea
567 2337 625 2394 in
670 2335 801 2393 aliis
845 2334 1064 2392 nullam
1109 2333 1326 2409 fuisse;
1369 2343 1571 2392 notum
1630 2333 1785 2392 enim
1826 2332 1999 2392 unius
2043 2332 2417 2410 ejusdemque
2462 2332 2546 2390 rei
2584 2331 2775 2390 varios
2824 2340 2887 2390 et

473 2415 898 2474 diversissimos
928 2433 1056 2472 esse
1083 2421 1273 2490 typos,
1302 2421 1368 2471 ut
1393 2412 1700 2490 multiplex
1728 2413 1855 2489 ejus
1888 2412 2163 2490 perfectio
2192 2412 2509 2472 secundum
2536 2411 2727 2471 varias
2756 2411 2887 2489 ejus

473 2495 661 2570 σχέο-υς
692 2500 751 2551 et
778 2501 1046 2570 aspectus
1074 2501 1531 2568 repraesentetur,
1564 2513 1693 2568 quae
1723 2493 1783 2551 in
1828 2513 1943 2552 una
1972 2493 2167 2568 aliqua
2192 2493 2419 2570 pictura
2445 2491 2610 2550 reddi
2636 2512 2755 2550 non
2782 2511 2885 2568 po-

473 2577 718 2634 tuisset:
761 2572 898 2630 hinc
926 2581 1014 2632 tot
1040 2581 1272 2648 tamque
1319 2571 1493 2630 variae
1539 2572 1741 2649 figurae
1788 2575 1961 2632 unius
2012 2573 2226 2632 Christi
2271 2583 2579 2634 occurrunt
2608 2573 2715 2631 sub
2742 2571 2883 2630 Vet.

473 2655 650 2728 Test.,
681 2652 1032 2729 multiplices
1069 2652 1288 2712 umbras
1337 2653 1507 2711 unius
1537 2653 1809 2729 corporis,
1841 2653 2223 2711 diversissimi
2249 2653 2375 2730 typi
2402 2653 2575 2712 unius
2602 2652 2883 2728 veritatis,

473 2735 610 2813 quia
636 2733 802 2811 plura
829 2733 1060 2792 fuerunt
1087 2733 1148 2791 in
1175 2733 1302 2810 ipso
1331 2741 1390 2792 et
1418 2733 1608 2810 quoad
1642 2752 1947 2810 personam
1978 2741 2037 2792 et
2062 2732 2255 2809 quoad
2283 2732 2469 2792 officia
2497 2741 2557 2792 et
2582 2732 2881 2809 beneficia,

472 2814 664 2893 quoad
691 2814 989 2890 passiones
1037 2821 1098 2872 et
1145 2814 1406 2891 gloriam,
1437 2823 1682 2872 mortem
1728 2823 1789 2872 et
1832 2813 2029 2888 vitam,
2062 2834 2235 2890 quam
2280 2822 2346 2872 ut
2372 2833 2489 2872 uno
2518 2813 2713 2892 aliquo
2740 2821 2885 2890 typo

473 2895 774 2972 adaequato
802 2895 1201 2972 repraesentari
1217 2901 1490 2972 possent;
1535 2893 1743 2953 sedita
1762 2903 1957 2953 tamen
1984 2893 2127 2951 varii
2158 2893 2244 2952 illi
2266 2894 2394 2971 typi
2422 2892 2719 2971 spectandi
2748 2902 2887 2952 sunt

473 2984 538 3035 ut
559 2995 674 3034 non
697 2975 953 3050 seorsim,
969 2975 1112 3034 alias
1135 2976 1304 3052 plena
1322 2974 1404 3032 rei
1428 2975 1642 3036 veritas
1659 2994 1775 3033 non
1796 2974 2120 3048 haberetur,
2142 2973 2246 3032 sed
2263 2973 2433 3032 simul
2452 2982 2510 3032 et
2531 2973 2885 3050 conjunctim

473 3055 924 3130 considerentur,
955 3063 1021 3114 ut
1041 3054 1196 3133 quod
1224 3056 1282 3113 in
1313 3075 1428 3114 uno
1453 3054 1616 3114 deest
1638 3075 1713 3113 ex
1730 3055 1911 3113 altero
1934 3054 2284 3131 suppleatur.
2370 3053 2560 3129 Quum
2592 3055 2660 3112 E.
2696 3053 2885 3113 Sacri-

469 3135 664 3194 ficium
695 3135 909 3193 Christi
937 3135 1415 3210 perfectissimum
1443 3135 1552 3194 sub
1595 3134 1826 3194 diversa
1854 3134 2015 3211 σχίσιι
2046 3133 2291 3211 spectari
2318 3135 2519 3210 possit,
2550 3144 2609 3192 et
2637 3154 2751 3212 qua
2778 3153 2885 3211 pro

474 3214 742 3273 omnibus
770 3215 830 3270 in
857 3217 1191 3272 universum
1220 3215 1474 3273 omnium
1497 3215 1750 3291 peccatis
1772 3213 2126 3273 offerendum
2148 3211 2274 3288 fuit,
2296 3222 2355 3273 et
2374 3235 2491 3292 qua
2510 3235 2614 3293 pro
2637 3214 2887 3292 singulis

474 3294 790 3368 cujusque;
835 3300 952 3350 tam
982 3313 1084 3368 pro
1130 3294 1202 3351 iis
1249 3313 1379 3371 quae
1425 3314 1530 3370 per
1577 3314 1827 3353 errorem
1874 3304 1932 3353 et
1972 3293 2419 3370 imprudentiam
2448 3294 2701 3354 admissa
2728 3303 2883 3370 sunt,

474 3391 646 3451 quam
677 3391 780 3447 pro
809 3371 1086 3430 ultroneis
1131 3381 1190 3431 et
1237 3373 1578 3432 voluntariis
1623 3394 1753 3450 quae
1802 3375 1948 3434 fiunt
1992 3375 2043 3432 in.
2071 3374 2419 3454 προαιρξσωςς
2462 3375 2594 3434 ideo
2622 3374 2886 3452 pluribus

475 3451 680 3530 figuris
709 3471 853 3528 opus
881 3450 1007 3524 fuit,
1032 3451 1107 3508 ad
1133 3452 1244 3510 hoc
1267 3453 1604 3530 mysterium
1626 3452 2029 3530 quadantenus
2051 3454 2576 3531 demonstrandum,
2604 3463 2663 3514 et
2683 3475 2882 3531 quem-

480 3531 792 3591 admodum
821 3531 882 3588 in
909 3531 1142 3608 publico
1171 3541 1228 3590 et
1255 3532 1650 3593 anniversario
1679 3533 1947 3594 efficaciae
1975 3535 2155 3611 ipsius
2184 3535 2503 3612 amplitudo
2530 3543 2590 3595 et
2618 3534 2885 3594 extensio

475 3612 550 3672 ad
581 3632 780 3672 omnes
808 3611 1018 3670 clarius
1046 3611 1563 3688 demonstrabatur,
1608 3615 1691 3674 ita
1737 3615 1797 3672 in
1842 3615 2101 3693 privatis,
2148 3615 2459 3693 applicatio
2508 3615 2635 3692 ejus
2662 3614 2737 3673 ad
2766 3616 2885 3674 sin-

477 3693 646 3772 gulos
675 3692 1004 3769 expressius
1033 3693 1238 3770 patuit.
1305 3694 1615 3770 Propterea
1652 3715 1769 3754 non
1797 3695 1943 3753 bene
1988 3694 2247 3770 infertur,
2297 3695 2512 3755 Christi
2540 3695 2887 3754 sacrificium

475 3795 579 3852 pro
608 3773 876 3833 omnibus
904 3771 1028 3848 fuit,
1063 3775 1132 3832 E.
1183 3773 1244 3831 in
1290 3775 1534 3852 privatis
1577 3795 1709 3852 quae
1752 3795 1856 3853 pro
1906 3774 2153 3852 singulis
2196 3775 2584 3835 offerebantur
2621 3776 2888 3835 Christus

477 3853 802 3913 adumbrari
833 3873 950 3912 non
990 3854 1215 3931 potuit;
1262 3855 1356 3913 Ita
1397 3855 1548 3913 enim
1599 3855 1863 3914 Christus
1910 3874 2015 3932 pro
2064 3855 2331 3915 omnibus
2378 3865 2655 3931 mortuus,
2687 3865 2887 3933 ut.pro

476 3933 722 4011 singulis
751 3933 887 4008 suia,
919 3943 978 3992 ct
1005 3935 1086 3994 ita
1111 3933 1314 3994 fideles
1342 3935 1402 3992 in
1431 3936 1721 3994 communi
1744 3933 1908 4016 λίπςρ
1952 3935 2109 3994 illius
2136 3936 2497 4013 participant,
2531 3945 2595 3996 ut
2622 3936 2885 4014 speciali-

476 4014 984 4153 tierbunusquisque
1013 4015 1133 4072 vim
1161 4014 1288 4091 ejus
1331 4014 1406 4072 ad
1449 4017 1805 4093 propriorum
1852 4024 2216 4093 peccatorum
2258 4017 2645 4094 expiationem
2676 4015 2887 4075 referre

518 4116 550 4154 e
593 4103 686 4154 eat
711 4103 770 4153 et
831 4094 991 4153 ossit.

559 4115 828 4234 XLVI.p
841 4174 1126 4248 SecundO,
1157 4174 1266 4232 etsi
1295 4174 1560 4251 quaedam
1589 4173 1923 4234 discrimina
1950 4185 2257 4234 occurrunt
2286 4176 2436 4234 inter
2464 4175 2743 4236 sacrificia
2768 4177 2887 4254 pri-

476 4264 742 4314 vatorum
769 4264 828 4314 et
857 4254 1088 4328 Christi,
1118 4261 1186 4314 ut
1214 4255 1373 4332 quod
1412 4255 1515 4314 illa
1556 4254 1930 4314 antecedente
1960 4275 2244 4314 consensu
2273 4257 2471 4334 populi
2500 4265 2559 4315 et
2586 4256 2887 4316 voluntate

478 4333 832 4409 offerrentur,
865 4334 1022 4392 istud
1049 4353 1162 4392 non
1193 4334 1348 4410 item,
1380 4355 1497 4393 non
1531 4335 1725 4394 obstat
1752 4345 1945 4395 tamen
1974 4336 2285 4413 quominus
2312 4336 2439 4413 typi
2466 4336 2694 4411 flierint,
2726 4336 2885 4395 simi-

475 4412 660 4472 litudo
691 4414 840 4470 enim
870 4413 1004 4472 talis
1031 4434 1148 4473 non
1177 4422 1266 4473 cst
1292 4435 1422 4492 quae
1464 4415 1850 4474 omnimodam
1887 4415 2344 4475 conformitatem
2372 4415 2597 4490 inserat,
2628 4414 2732 4474 sed
2758 4425 2889 4474 tan-

475 4503 600 4552 tum
629 4492 944 4568 partialem,
977 4513 1107 4550 cum
1137 4495 1262 4572 typi
1290 4496 1376 4552 illi
1405 4515 1604 4554 omnes
1633 4494 1845 4554 fuerint
1878 4494 2227 4572 inadaequati
2257 4495 2357 4573 qui
2385 4495 2679 4570 objectum
2706 4495 2893 4554 altera

477 4577 702 4631 tantum
747 4571 836 4629 sui
884 4580 1062 4646 parte,
1093 4592 1211 4631 non
1257 4593 1361 4652 per
1407 4576 1600 4634 omnia
1642 4576 2147 4652 repraesentabant,
2178 4575 2311 4635 ideo
2338 4577 2548 4635 mirum
2576 4596 2693 4634 non
2720 4585 2811 4635 est
2838 4576 2893 4635 si

478 4649 784 4725 multiplex
813 4668 964 4724 saepe
994 4662 1256 4711 occurrat
1285 4653 1630 4729 diversitas;
1674 4655 1829 4730 quod
1875 4663 1932 4714 et
1980 4655 2041 4714 in
2070 4675 2232 4714 sacro
2271 4656 2373 4716 illo
2399 4657 2633 4734 publico
2662 4655 2895 4716 ostendi
