3234 5192
249 377 480 423 nuru-r.
509 355 606 439 ιι]
851 418 859 424 ,
1087 377 1316 418 uos-rna
1345 377 1424 417 AB
1453 377 1733 419 secessu.
1762 378 2028 422 noxam..
2594 365 2667 422 47

263 522 388 581 dari
409 519 630 578 cultum
649 515 1001 594 religiosum,
1025 517 1126 594 qui
1145 518 1220 576 sit
1241 517 1466 576 medius
1483 518 1632 576 inter
1649 519 1907 578 divinum
1928 528 1985 578 et
1996 519 2245 578 civilem.
2270 521 2418 578 Nam
2436 521 2546 580 etsi
2562 539 2681 580 non

270 601 636 672 diffiteamur,
667 598 862 654 varios
911 617 1037 655 esse
1067 599 1281 673 gradus
1329 599 1689 656 excellentia}
1709 599 1886 656 finitae
1914 600 1973 656 in
2002 600 2294 672 creaturis,
2335 609 2527 658 tamen
2557 603 2681 659 cul-

271 691 368 740 tus
395 679 618 756 species
645 697 762 734 non
790 675 1002 734 debent
1022 679 1196 753 juxta
1223 697 1324 735 eos
1351 677 1749 754 multiplicari3
1794 678 1937 736 alias
1964 699 2081 736 non
2101 680 2225 754 jam
2254 679 2383 737 duae
2412 691 2513 738 aut
2544 689 2679 756 tres,

275 760 380 820 sed
397 760 712 818 innumerae
739 775 888 833 pene
913 757 1188 830 cultuum,
1220 759 1495 816 creaturis
1513 757 1855 832 debitorum,
1904 760 2125 835 species
2152 767 2361 816 essent.
2447 760 2682 817 Certum

277 838 510 918 quidem
541 845 648 910 est,
695 855 770 894 ex
805 836 1050 894 diversis
1100 837 1375 912 gradibus
1424 836 1771 912 dignitatum
1812 838 1871 894 in
1920 838 2197 896 creaturis
2246 837 2681 914 conspicuarum

277 939 446 998 posse
475 917 614 975 oriri
656 915 918 973 diversos
947 915 1160 992 gradus
1189 917 1380 974 cultus
1408 926 1466 974 et
1493 918 1896 991 venerationis,
1944 918 2045 976 sed
2082 918 2163 976 ita
2192 927 2255 976 ut
2284 937 2507 994 semper
2534 918 2685 976 inter

277 998 494 1057 limites
521 996 712 1054 cultus
740 994 930 1053 civilis
958 1005 1270 1070 maneatur,
1301 1015 1488 1072 neque
1527 999 1803 1054 transitus
1840 997 1943 1055 fiat
1978 998 2053 1056 ad
2081 998 2299 1056 cultum
2328 997 2679 1074 religiosum,

279 1078 382 1156 qui
410 1077 520 1136 soli
551 1077 695 1149 Dec,
725 1075 1084 1133 excellentiss
1127 1085 1266 1151 puta
1293 1074 1548 1148 infinitae,
1608 1076 1683 1135 sit
1700 1077 1947 1136 debitus.
2034 1077 2127 1136 Ita
2146 1077 2261 1135 alio
2289 1077 2449 1135 cultu
2470 1095 2684 1153 regem,

279 1158 394 1216 alio
422 1163 850 1233 praeceptorem,
881 1155 976 1212 vel
1003 1163 1222 1230 patrem
1251 1155 1414 1229 colo;
1459 1154 1563 1213 sed
1609 1165 1851 1232 utroque
1892 1165 2085 1215 tamen
2128 1157 2381 1215 humano
2424 1165 2485 1214 et
2511 1156 2690 1215 civili.

285 1238 380 1295 Ita
405 1236 622 1312 dispari
650 1233 882 1310 quidem
934 1234 1118 1309 gradu
1167 1233 1300 1291 illos
1353 1233 1540 1292 colere
1587 1253 1913 1310 possumus,
1966 1237 2064 1312 qui
2113 1237 2315 1312 gratie,
2364 1237 2458 1294 vel
2488 1236 2688 1312 gloriae

285 1315 596 1374 eminentia
625 1323 760 1372 sunt
788 1312 1100 1390 conspicui,
1132 1312 1236 1370 sed
1263 1313 1370 1371 sub
1399 1313 1598 1370 eadem
1658 1323 1847 1372 tamen
1890 1316 2081 1372 cultus
2130 1317 2336 1390 specie,
2368 1335 2537 1390 quem
2568 1316 2687 1373 cul-

287 1405 414 1454 tum
443 1394 710 1452 socialem
739 1401 798 1450 et
825 1393 1150 1450 dilectionis
1177 1401 1351 1450 vocat
1394 1392 1780 1467 Augustinus.
1865 1395 1989 1452 Alii
2027 1395 2237 1452 civilem
2264 1394 2592 1468 indigitant,
2624 1403 2689 1454 ut

289 1473 876 1548 contradistinguatur
901 1472 1192 1548 religiosO,
1224 1471 1327 1529 sed
1373 1491 1570 1530 rursus
1599 1473 1831 1530 civilem
1880 1473 2261 1549 distinguunt,
2302 1473 2398 1530 vel
2426 1483 2687 1548 respectu

288 1554 524 1612 civita&
549 1554 866 1624 mundanoe,
897 1553 997 1628 qui
1025 1552 1425 1628 complectitur
1452 1551 1639 1609 officia
1666 1553 1859 1609 omnia
1878 1553 2233 1623 reverentiae,
2262 1553 2489 1626 amoriS,
2520 1553 2689 1610 timo·

285 1635 386 1706 ris,
416 1653 546 1709 quae
571 1631 904 1690 hominibus
946 1631 1242 1704 debentur,
1275 1633 1386 1688 etsi
1441 1631 1557 1689 sint
1583 1651 1617 1688 a
1646 1631 1759 1690 fide
1788 1632 1989 1708 alieni;
2032 1632 2127 1690 vel
2168 1643 2431 1708 respectu
2459 1632 2695 1690 σίυἰέαίἰε

285 1732 560 1788 supernoe,
592 1731 709 1788 quo
737 1710 952 1768 honore
981 1711 1328 1768 domesticos
1371 1709 1506 1768 fidei
1551 1713 1935 1787 prosequitur.
2019 1711 2145 1784 Quo
2190 1711 2437 1788 pertinet
2474 1735 2697 1788 apamen

287 1792 410 1868 illa,
428 1812 544 1868 qua
563 1811 670 1849 nos
691 1790 938 1848 invicem
961 1791 1410 1866 complectimur,
1443 1790 1612 1848 Rom.
1636 1791 1737 1849 xii.
1774 1795 1863 1848 10.
1950 1791 2099 1850 Item
2122 1791 2489 1850 observantia
2510 1792 2611 1848 illa
2638 1800 2699 1851 et

289 1872 630 1944 reverentia,
661 1890 834 1946 quam
862 1869 1131 1928 fidelibus
1159 1869 1501 1928 exhibemus
1522 1870 1699 1946 juxta
1726 1871 2083 1930 conditiones
2100 1872 2293 1929 varias
2320 1880 2379 1929 et
2405 1869 2694 1930 excellen-

291 1953 390 2010 tiae
418 1950 600 2024 doteS,
631 1960 692 2008 et
719 1949 962 2025 gloriam
985 1969 1179 2008 eorum
1203 1949 1304 2025 qui
1331 1949 1625 2006 civitatem
1654 1950 1813 2008 illam
1844 1971 2147 2026 supernam
2176 1951 2548 2025 constituunt,
2580 1969 2697 2027 quo

293 2049 468 2089 sensu
495 2032 834 2087 honoramus
855 2029 1090 2087 Sam-tos
1111 2039 1164 2086 et
1183 2031 1440 2103 Anqezos,
1465 2029 1754 2102 charitate,
1786 2039 1851 2088 ut
1869 2031 2123 2106 loquitur
2144 2031 2416 2106 August„
2440 2051 2553 2088 non
2578 2051 2696 2089 ser-

289 2110 476 2182 vitute,
521 2129 718 2167 rursus
773 2111 952 2166 cultus
1003 2110 1176 2167 civilis
1203 2108 1430 2181 dicitur,
1461 2108 1558 2166 vel
1593 2110 1920 2182 formaliter
1946 2110 2167 2168 ratione
2194 2111 2417 2185 subjecti
2442 2120 2499 2168 et
2525 2110 2695 2186 modi,

293 2189 410 2266 qui,
443 2189 504 2246 in
533 2207 594 2246 se
623 2207 826 2246 revera
853 2188 1058 2262 civilis,
1090 2197 1178 2246 est
1215 2187 1521 2245 distinctus
1549 2207 1584 2244 a
1611 2188 1900 2264 religiosam,
1930 2189 2031 2264 qui
2058 2189 2365 2247 exhibetur
2392 2189 2480 2262 iis,
2510 2190 2611 2266 qui
2639 2190 2702 2246 in

293 2269 497 2327 eadem
523 2268 825 2326 nobiscum
855 2268 1128 2326 societate
1146 2268 1383 2342 degunt,
1405 2267 1500 2324 vel
1518 2271 1821 2326 causaliter
1842 2269 2061 2328 ratione
2080 2269 2369 2344 μ’ίπσῲίί,
2400 2268 2501 2344 qui
2528 2289 2699 2344 prop-

293 2359 384 2406 ter
409 2367 616 2406 causas
641 2366 798 2405 mere
825 2347 1028 2405 civiles
1070 2346 1434 2422 impenditur.
1483 2346 1649 2404 Prior
1676 2349 1857 2406 oritur
1882 2349 2051 2406 etiam
2084 2368 2119 2405 a
2146 2347 2335 2406 causis
2365 2357 2701 2423 supernatu-

296 2427 534 2500 ralibus,
564 2435 630 2484 ut
657 2447 854 2502 regem
883 2427 1194 2484 Christiani
1221 2426 1436 2499 colunt,
1469 2426 1667 2484 colunt
1694 2436 1753 2486 et
1788 2427 2085 2502 infideles-33
2131 2427 2235 2486 sed
2261 2428 2319 2485 hi
2350 2437 2573 2486 tantum
2602 2447 2703 2504 po-

295 2506 438 2565 litiae
487 2506 692 2584 gratia,
739 2525 846 2564 nec
893 2506 1200 2582 quicquam
1249 2505 1528 2563 habentes
1572 2527 1691 2582 prae
1736 2508 1935 2581 oculis,
1966 2527 2137 2584 qnam
2186 2508 2501 2584 potentiam
2546 2508 2704 2565 illam

297 2586 536 2662 regiam,
568 2585 662 2644 cui
690 2585 937 2644 civiliter
966 2585 1226 2660 subsunt,
1270 2585 1356 2642 illi
1401 2603 1540 2643 vero
1580 2595 1815 2664 propter
1842 2587 2269 2646 conscientiam.
2352 2589 2489 2646 Jam
2514 2587 2705 2646 cultus

300 2666 402 2742 qui
434 2665 664 2724 Sanctis
685 2665 1008 2740 exhibetur,
1041 2665 1250 2722 dicitur
1277 2664 1446 2722 nobis
1472 2666 1646 2723 civilis
1683 2667 1857 2743 priori
1879 2677 2121 2740 tantum,
2152 2686 2267 2724 non
2296 2666 2599 2744 posteriori
2616 2687 2703 2724 ra-

299 2746 474 2804 tione.
560 2744 1088 2822 Quomodocunque
1117 2764 1256 2802 vero
1294 2754 1534 2803 vocetur
1579 2747 1677 2804 vel
1720 2748 1955 2806 moralis
1996 2748 2333 2820 reverentias,
2364 2747 2459 2804 vel
2486 2745 2708 2804 socialis

301 2824 624 2898 dilectionis,
657 2825 752 2886 vel
780 2825 1034 2895 officiosa·
1080 2824 1386 2896 charitatis,
1435 2843 1538 2900 per
1564 2845 1672 2884 nos
1709 2827 1845 2884 licet
1890 2827 2063 2884 modo
2112 2835 2234 2884 toto
2264 2845 2473 2901 genere
2500 2825 2704 2884 distin-

303 2913 515 2982 guatur
532 2903 874 2980 areligioso,
905 2904 1005 2980 qui
1036 2904 1144 2962 soli
1175 2904 1302 2960 Deo
1330 2902 1691 2963 deferendus,
1738 2907 1859 2964 Iste
1880 2905 1955 2963 ad
1982 2905 2242 2981 primam,
2274 2904 2371 2962 ille
2400 2904 2474 2961 ad
2504 2922 2705 2961 secun-

303 2983 436 3042 dam
469 2983 646 3059 Legis
673 2983 928 3042 tabulam
958 2985 1234 3059 pertinet;
1277 2982 1434 3057 prior
1477 2983 1774 3058 religionis
1808 3005 1973 3058 pars,
2020 2984 2301 3059 posterior
2344 2992 2433 3040 est
2480 2991 2707 3040 tanturn

297 3083 328 3122 e
371 3073 536 3122 ectus.
621 3063 763 3136 Quae
807 3083 946 3139 ergo
986 3063 1134 3122 ratio
1175 3069 1264 3118 est
1307 3061 1667 3120 excellentiae
1694 3062 1967 3120 creatoris
1995 3070 2054 3119 et
2082 3071 2467 3120 ereaturarum
2510 3081 2580 3118 ea
2608 3061 2707 3118 de-

302 3143 402 3201 bet
427 3162 556 3201 esso
613 3142 760 3200 ratio
806 3141 1194 3202 venerationis
1233 3148 1292 3198 et
1347 3139 1554 3214 cultus,
1605 3141 1706 3217 qui
1742 3141 1860 3200 illis
1905 3141 2165 3200 debetur.
2248 3140 2336 3199 At
2362 3141 2707 3219 excellentia

302 3222 576 3280 creatoris
601 3221 842 3281 infinitis
870 3221 1058 3280 modis
1095 3221 1279 3297 major
1306 3227 1396 3276 est
1416 3220 1765 3280 excellentia
1803 3230 2207 3294 creaturarum,
2238 3223 2355 3280 imo
2382 3222 2543 3280 nulla
2570 3241 2707 3279 ana-

303 3301 460 3378 logia
487 3301 587 3359 vel
639 3303 932 3378 proportio
959 3302 1132 3360 unius
1177 3299 1254 3358 ad
1297 3298 1558 3358 alterum.
1646 3301 1809 3360 Idem
1852 3321 1992 3378 ergo
2039 3301 2349 3360 discrimen
2376 3301 2551 3362 debet
2578 3321 2705 3360 esse

303 3381 368 3438 in
409 3381 586 3452 cultu,
633 3401 740 3440 nec
779 3390 1167 3440 creaturarum
1205 3387 1264 3438 et
1291 3381 1565 3438 creatoris
1613 3381 1803 3440 cultus
1843 3383 1951 3440 sub
1977 3403 2153 3440 unum
2198 3401 2383 3460 genus
2430 3383 2705 3440 reducen-

303 3459 432 3535 dus,
485 3460 590 3520 sed
614 3460 808 3537 potius
836 3481 968 3520 cum
996 3459 1270 3519 creatoris
1313 3459 1504 3519 cultus
1540 3461 1847 3538 religiosus
1877 3463 1968 3537 sit,
2000 3470 2388 3521 ereaturarum
2414 3463 2549 3520 talis
2578 3481 2705 3521 esse

297 3559 372 3598 ne
415 3541 517 3599 uit.

373 3560 616 3678 &XVI
624 3619 672 3678 Ι.
717 3618 994 3678 Absurda
1021 3629 1109 3678 est
1155 3619 1450 3680 distinctio
1498 3621 1851 3678 adorationis
1893 3623 2158 3679 absolutes
2198 3631 2253 3678 et
2295 3622 2559 3694 relativae,
2592 3641 2709 3696 qua

303 3698 400 3757 hic
426 3698 515 3758 nti
543 3699 748 3770 solent,
779 3699 945 3775 quasi
963 3699 1221 3757 adoratio
1250 3700 1484 3777 quidem
1505 3699 1771 3758 absoluta
1798 3701 1907 3758 soli
1946 3701 2073 3759 Deo
2090 3699 2467 3777 relinquenda
2496 3699 2585 3773 sit,
2616 3719 2705 3758 re-

303 3778 486 3836 lativa
528 3799 664 3836 vero
713 3778 921 3836 deferri
965 3778 1150 3855 possit
1197 3780 1489 3854 creaturis,
1539 3789 1663 3838 tum
1728 3779 1971 3854 Sanctis,
2020 3789 2143 3839 tum
2187 3799 2383 3839 eorum
2426 3778 2705 3853 reliquiis.

307 3857 364 3914 N
365 3877 456 3915 am
487 3867 866 3934 praeterquam
897 3858 1070 3934 quod,
1101 3860 1328 3935 proprie
1346 3858 1655 3935 loquend0,
1690 3859 1853 3917 nulla
1894 3868 1983 3918 est
2026 3860 2301 3933 adoratio,
2321 3879 2451 3934 quse
2478 3876 2595 3914 non
2629 3857 2705 3916 sit

305 3936 571 4012 relativa,
600 3937 736 4014 quia
781 3938 1026 3997 refertur
1052 3937 1126 3995 ad
1155 3938 1448 4015 objectum
1485 3958 1670 4013 suum,
1701 3940 1960 4014 adeoque
1994 3949 2083 3997 est
2110 3941 2161 3996 iz
2202 3963 2297 3996 τον
2336 3943 2453 4017 ηὶς
2493 3941 2561 4010 τὶ,
2608 3957 2706 4013 ge·

305 4035 442 4074 nere
471 4026 701 4093 negat0,
732 4027 1020 4094 negantur
1063 4017 1302 4094 species,
1353 4017 1685 4076 adoratione
1730 4019 2001 4094 religiosa
2042 4025 2257 4094 negata
2283 4016 2574 4090 creaturis,
2604 4035 2703 4074 ne-

305 4105 522 4172 gantur
547 4097 722 4154 etiam
751 4097 970 4174 species
989 4097 1134 4172 ejus.
1219 4097 1394 4156 Adde
1423 4097 1577 4174 quod
1607 4097 1691 4156 sic
1719 4098 1985 4158 excusari
2006 4099 2331 4174 potuissent
2353 4096 2617 4156 Gentiles
2644 4096 2705 4153 in

305 4175 468 4234 cultu
497 4175 798 4246 idolorum,
828 4197 1002 4252 quem
1029 4177 1446 4252 pertendebant
1466 4177 1770 4235 relativum
1798 4187 2019 4236 tantum
2039 4197 2183 4250 esse,
2214 4195 2331 4233 non
2358 4175 2706 4234 absolutum.

307 4253 576 4331 Denique
609 4255 897 4314 Pontificii
925 4255 1038 4333 ipsi
1055 4277 1170 4314 non
1191 4257 1362 4334 pauci
1385 4257 1600 4316 cultum
1633 4257 1805 4314 istum
1826 4256 2175 4333 pertendunt
2204 4275 2329 4314 esse
2358 4255 2705 4332 absolutum,

304 4353 422 4392 non
451 4343 678 4392 tantum
705 4335 1010 4394 relativum
1040 4345 1100 4394 et
1125 4337 1526 4414 respectivum,
1556 4344 1624 4394 ut
1652 4355 1757 4393 suo
1784 4335 1913 4394 loco
1940 4335 2177 4394 inferius
2204 4336 2557 4412 probabitur.

387 4413 712 4472 XXVIII.
758 4415 1002 4474 Frustra
1043 4415 1218 4473 etiam
1262 4416 1630 4492 distinguunt
1673 4415 1823 4474 inter
1870 4425 2027 4473 actus
2069 4415 2367 4492 religionis
2400 4417 2605 4475 elicitos
2648 4424 2707 4475 et

304 4492 612 4568 imperatos
631 4519 655 4566 ;
697 4495 864 4570 quasi
891 4494 976 4552 illi
1006 4495 1116 4554 soli
1137 4496 1262 4554 Deo
1284 4495 1616 4569 debeantur,
1648 4494 1748 4552 isti
1764 4495 1937 4553 etiam
1959 4495 2235 4554 creaturis
2262 4497 2438 4556 tribui
2466 4497 2708 4574 possint.

227 4573 236 4578 ’
306 4569 458 4630 Nam
477 4582 640 4632 actus
669 4574 934 4650 imperati
961 4574 1060 4632 alii
1089 4584 1224 4634 sunt
1251 4595 1384 4651 pars
1411 4574 1727 4650 religionis,
1782 4584 1925 4651 puta
1967 4594 2167 4634 omnes
2200 4586 2363 4636 actus
2407 4578 2507 4655 qui
2535 4577 2707 4634 refer-

304 4661 483 4712 untur
509 4651 586 4712 ad
613 4653 856 4731 primam
885 4653 1160 4734 tabulam,
1191 4654 1394 4732 quales
1421 4663 1557 4714 sunt
1583 4654 1896 4730 invocatio,
1923 4661 2079 4732 vota,
2110 4657 2408 4732 sacrificia,
2439 4653 2567 4732 «ἴω,
2610 4655 2711 4714 alii
