3234 5192
446 351 566 408 342
892 341 897 346 ’
1498 357 1577 400 m:
1606 357 1836 400 ΜΑΝΝΑ.
2449 338 2714 418 [οιεΡυτ.
2748 359 2882 401 vm.

449 508 611 584 gulae
636 503 946 575 illecebris,
976 509 1037 560 et
1064 501 1363 559 idolorum
1402 502 1612 575 epuliS,
1663 503 1742 558 ad
1789 519 1924 574 quae
1973 501 2049 558 ab
2098 498 2369 558 Ethnicis
2416 499 2874 572 alliciebantur3

452 591 809 661 argumento
835 583 1017 639 ducto
1044 601 1083 638 a
1114 581 1405 638 Veterum
1456 581 1870 638 Israelitarum
1911 579 2208 654 exemp10,
2257 579 2364 652 qui
2389 578 2641 636 istorum
2670 597 2876 654 pecca-

452 674 659 722 torum
685 663 790 734 rei,
818 661 861 720 J
866 659 1131 717 udicium
1160 659 1451 717 Divinum
1480 659 1742 733 effugere
1770 675 1892 714 non
1910 664 2250 734 potuerant.
2336 656 2498 725 Quia
2516 658 2744 715 veroin
2773 675 2876 714 ex-

455 743 669 818 emplis
694 740 1010 799 discrimen
1038 738 1087 796 si
1130 738 1295 814 quod
1341 737 1614 806 occurrit,
1659 736 1784 792 vim
1829 736 2292 810 comparationis
2317 735 2548 806 evertit,
2579 735 2874 794 Corinthii

459 829 663 880 autem
689 823 967 895 poterant
1012 818 1299 894 excipere,
1346 816 1527 890 longe
1564 815 1860 890 potiorem
1908 833 2034 874 esse
2081 832 2255 872 suam
2297 813 2702 872 conditionem
2747 834 2874 890 prae

458 907 623 959 statu
654 897 1080 964 Israfflitarum,
1111 915 1173 953 se
1199 894 1529 970 baptizatos
1546 911 1687 964 esse,
1706 899 1768 950 et
1784 911 1964 952 sacrae
1981 911 2160 951 coenae
2177 892 2367 951 factos
2391 911 2520 950 esse
2538 893 2872 968 participes,

459 979 726 1052 aliasque
752 976 954 1051 plures
979 973 1407 1048 praerogativas
1428 972 1488 1029 in
1520 971 1702 1029 Novo
1745 971 2126 1031 Testamento
2173 978 2520 1029 consecutos
2567 989 2710 1043 esse,
2739 989 2876 1046 quae

467 1055 789 1116 Veteribus
808 1053 1283 1128 haudquaquam
1303 1069 1587 1110 concessas
1608 1050 1872 1122 fuerint3
1916 1052 2076 1108 unde
2103 1067 2224 1107 non
2248 1049 2450 1108 statim
2471 1051 2548 1108 ab
2569 1049 2688 1107 illis
2714 1051 2793 1108 ad
2815 1067 2877 1107 se

460 1139 887 1210 argumentum
913 1149 1084 1206 posse
1110 1131 1377 1205 legitime
1402 1129 1569 1188 duci:
1651 1128 1880 1188 Paulus
1932 1137 2004 1186 ut
2049 1129 2290 1186 inanem
2342 1129 2516 1186 illam
2569 1128 2879 1204 gloriatio-

462 1231 603 1271 nem
628 1212 775 1287 ipsis
802 1209 1077 1280 auferret,
1108 1228 1229 1285 qua
1255 1209 1549 1283 putabant
1574 1226 1636 1266 se
1683 1207 1918 1266 meliori
1942 1209 2077 1266 loco
2105 1225 2230 1265 esse
2257 1208 2421 1282 apud
2449 1207 2665 1279 Deum,
2696 1225 2878 1283 quam

465 1292 736 1361 Veteres,
767 1287 1027 1347 ostendit
1051 1288 1369 1365 paritatem
1396 1293 1588 1344 status
1618 1287 2031 1345 Isra‘e'litanim
2077 1304 2215 1344 cum
2265 1285 2646 1345 Christianis:
2691 1286 2880 1361 Apud

462 1371 603 1428 illos
630 1369 813 1426 fuisse
842 1367 957 1424 Dei
983 1367 1177 1424 foedus
1221 1372 1282 1423 et
1330 1365 1674 1436 Ecclesiam,
1722 1383 1844 1423 non
1891 1365 2092 1423 minus
2135 1383 2205 1422 ac
2247 1366 2410 1440 apud
2457 1365 2619 1437 istos,
2667 1364 2878 1422 iisdem

461 1447 759 1506 beneficiis
786 1445 1027 1504 affectos
1054 1445 1253 1516 fuisse,
1284 1451 1344 1501 et
1369 1446 1577 1502 eadem
1610 1443 1996 1502 Sacramenta
2018 1443 2314 1514 habuisse,
2361 1462 2494 1518 quae
2539 1443 2882 1502 testimonia

464 1527 586 1584 illis
611 1527 810 1584 forent
836 1523 1044 1598 gratiae
1074 1523 1204 1582 Dei.
1260 1522 1441 1581 Unde
1468 1523 1518 1581 si
1543 1540 1750 1598 poenas
1777 1523 2039 1597 effugere
2065 1540 2190 1580 non
2217 1529 2538 1597 potuerant
2564 1522 2738 1579 bonis
2759 1521 2884 1579 suis

469 1605 794 1674 abutendO,
823 1620 933 1660 nec
982 1601 1349 1661 Christianos
1397 1602 1533 1659 illas
1579 1601 2002 1672 declinaturos,
2051 1601 2100 1658 si
2145 1603 2476 1658 eorundem
2501 1606 2880 1676 peccatorum

386 1711 413 1720 -·
467 1702 605 1741 cum
628 1683 750 1739 illis
778 1680 864 1737 rei
891 1680 1081 1738 fuerin
1090 1687 1130 1738 t.
1216 1680 1408 1737 Istam
1434 1699 1576 1737 vero
1603 1681 1917 1755 paritatem
1939 1679 2154 1754 probat
2169 1678 2440 1754 inprimis
2467 1698 2542 1736 ex
2567 1679 2880 1736 identitate

470 1761 1011 1829 sacramentorum,
1042 1777 1176 1834 quoe
1206 1758 1522 1832 utrobique
1566 1759 1978 1828 obtinuerunt,
2027 1757 2078 1814 si
2123 1775 2246 1814 non
2293 1757 2523 1815 ratione
2549 1759 2880 1832 signorum,

468 1841 681 1898 saltem
707 1837 937 1895 ratione
966 1836 1447 1911 significationis:
1528 1836 1571 1894 J
1575 1855 1674 1895 am
1699 1843 1968 1912 respectu
1999 1835 2194 1895 Coenae
2242 1837 2626 1907 demonstrat,
2655 1843 2716 1894 et
2751 1835 2884 1910 qui-

468 1920 607 1976 dem
630 1917 832 1992 quoad
860 1921 1183 1990 utrumque
1212 1915 1573 1989 symbolum,
1594 1922 1721 1972 tam
1749 1916 1950 1990 quoad
1978 1914 2197 1986 cibum,
2218 1932 2402 1989 quam
2423 1917 2625 1990 quoad
2650 1921 2880 1991 potum.

553 1992 671 2055 IV.
718 1994 799 2052 Et
823 1995 898 2051 de
926 1993 1045 2050 cibo
1073 1994 1336 2069 quidem,
1364 1995 1439 2051 de
1486 2013 1608 2069 quo
1655 2011 1915 2069 praesens
1957 1993 2292 2051 instituitur
2339 1992 2699 2068 DisputatiO,
2737 1992 2883 2050 dicit

476 2075 703 2148 Omnes,
732 2073 953 2132 scilicet
982 2072 1298 2142 Israelitas,
1340 2073 1725 2130 manducasse
1771 2072 2016 2130 cundem
2061 2072 2245 2128 eibum
2288 2071 2670 2149 spiritualem,
2706 2071 2888 2146 respi—

468 2155 679 2212 ciendo
708 2154 787 2211 ad
813 2150 1068 2224 Marma,
1098 2170 1219 2225 quo
1250 2151 1415 2208 Deus
1442 2169 1543 2208 eos
1571 2151 1768 2208 cibare
1794 2151 1989 2208 voluit
2032 2151 2178 2207 olim
2220 2150 2284 2207 in
2328 2152 2560 2208 deserto
2584 2172 2599 2220 ;
2649 2152 2726 2207 de
2760 2168 2882 2226 quo

469 2235 593 2290 duo
633 2233 765 2306 Jam
810 2231 1203 2304 expendenda
1242 2229 1509 2300 veniunt,
1542 2231 1593 2287 1.
1623 2228 1914 2300 Historia,
1944 2230 1998 2286 2.
2027 2229 2382 2307 Mysterium
2407 2249 2432 2294 ,·
2483 2230 2597 2286 sub
2643 2231 2886 2304 gemina

470 2311 633 2367 enim
660 2311 778 2367 ista
802 2309 965 2384 σχίσυ
994 2307 1245 2382 spectari
1270 2313 1468 2382 potest
1494 2314 1556 2365 et
1581 2308 1775 2379 debet,
1803 2297 2201 2366 ratione‘mus
2227 2308 2556 2380 communis,
2587 2314 2888 2383 quatenus

470 2389 591 2445 fuit
616 2388 783 2444 cibus
808 2386 1133 2444 materialis
1159 2392 1221 2443 et
1245 2402 1581 2460 corporeus,
1612 2387 1718 2460 qui
1765 2386 2022 2445 faciebat
2047 2388 2124 2445 ad
2151 2385 2544 2444 nutritionem
2569 2385 2796 2462 populi,
2825 2394 2887 2444 et

472 2465 701 2523 ratione
728 2485 871 2522 usus
895 2464 1069 2534 sacri,
1098 2481 1221 2538 qua
1244 2463 1365 2520 fuit
1388 2463 1718 2539 spiritualis
1738 2472 1800 2522 et
1824 2465 2125 2540 mysticus,
2174 2465 2281 2541 qui
2327 2463 2636 2524 Christum
2662 2465 2885 2540 signifi-

472 2545 645 2602 cabat
670 2552 731 2600 et
758 2542 1125 2618 obsignabat.

552 2618 631 2680 V.
678 2619 949 2681 Historia
968 2621 1239 2691 refertur,
1262 2639 1389 2696 cap.
1409 2621 1527 2678 xvi.
1554 2621 1768 2698 Exodi,
1791 2623 1945 2683 Cum
1965 2623 2096 2697 jam
2121 2622 2318 2681 farina
2333 2624 2596 2697 subacta,
2615 2641 2797 2700 quam
2815 2641 2890 2680 ex

470 2701 742 2776 AEgypto
766 2702 1048 2771 tulerant,
1078 2701 1369 2769 deficeret,
1398 2707 1459 2757 et
1486 2701 1563 2757 ob
1588 2719 1845 2760 annonae
1873 2701 2184 2776 penuriam
2209 2709 2614 2760 murmuraret
2632 2704 2893 2778 populus

468 2782 757 2838 adversus
783 2779 1037 2851 Mosem,
1068 2797 1139 2836 eo
1165 2796 1355 2854 usque
1402 2785 1471 2836 ut
1512 2787 1768 2836 mortem
1811 2781 1990 2837 etiam
2033 2787 2376 2856 expeterent
2393 2781 2678 2839 inflictam
2703 2799 2892 2838 manu

468 2860 513 2918 J
516 2861 743 2930 ehovae,
784 2858 1039 2929 Utinam,
1064 2858 1363 2933 inquiunt,
1392 2858 1607 2914 mortui
1635 2877 1878 2916 essemus
1899 2879 2012 2935 per
2057 2879 2293 2916 manum
2339 2859 2577 2918 Jehovae
2617 2860 2682 2917 in
2727 2871 2892 2916 ter-ra

472 2938 773 3016 AEyyptil
817 2937 983 2994 Deus
1008 2938 1146 2994 licet
1171 2936 1477 3011 ingratum
1504 2938 1793 3013 populum
1809 2945 2008 3014 posset
2022 2938 2296 3014 plectere,
2325 2939 2477 2996 mira
2493 2947 2694 2997 tamen
2723 2939 2893 2995 boni-

474 3026 597 3075 tate
625 3016 907 3092 prospicit
952 3016 1084 3090 ejus
1112 3014 1463 3089 necessitati,
1495 3017 1595 3072 sed
1645 3018 1827 3074 modo
1873 3018 2054 3091 plane
2081 3017 2568 3090 extraordinario,
2597 3017 2891 3075 mittendo

470 3096 703 3152 coelitus
730 3096 999 3169 quotidie
1018 3094 1187 3165 Man,
1218 3096 1383 3170 quod
1410 3094 1702 3154 sufficeret
1729 3103 1910 3154 tantae
1939 3095 2205 3153 cibandae
2255 3096 2631 3154 multitudini
2653 3118 2668 3168 ;
2712 3103 2894 3169 atque

471 3175 558 3230 ita
584 3191 688 3246 per
714 3180 872 3229 totos
899 3173 1301 3247 quadraginta
1326 3191 1531 3243 annosa,
1561 3174 1708 3231 dum
1725 3175 1985 3249 populus
2003 3174 2064 3232 in
2083 3176 2314 3231 deserto
2335 3182 2604 3232 versatus
2631 3183 2737 3245 est,
2755 3193 2895 3231 eum

472 3250 837 3319 sustentarit,
867 3251 1059 3307 donec
1090 3251 1427 3324 perveniret
1466 3251 1529 3306 in
1580 3252 1844 3322 Canaan,
1895 3271 2016 3328 quo
2062 3259 2326 3326 tempore
2375 3269 2630 3312 cessasse
2675 3252 2896 3310 dicitur

472 3327 625 3384 Man
646 3344 823 3383 versu
852 3329 945 3385 35.
1030 3327 1217 3385 Hunc
1242 3346 1383 3384 vero
1410 3329 1630 3400 cibum,
1665 3331 1716 3387 1.
1747 3331 2008 3406 colliycre
2033 3331 2371 3389 debuerunt
2401 3331 2688 3390 Israelitae
2715 3349 2892 3388 mane

472 3413 615 3463 ante
641 3411 917 3461 exortum
942 3405 1102 3475 solis,
1134 3404 1282 3462 Exo.
1313 3405 1431 3462 xvi.
1462 3406 1557 3478 21,
1586 3408 1768 3484 idque
1813 3427 1924 3484 pro
1971 3410 2202 3468 ratione
2245 3409 2360 3468 cibi
2387 3410 2482 3467 sui
2507 3427 2629 3469 ver.
2665 3410 2755 3479 16,
2798 3409 2891 3480 18,

475 3484 537 3540 in
560 3483 827 3557 singulos
856 3483 981 3541 dies
1007 3489 1247 3541 tantum
1272 3501 1392 3540 ver.
1421 3484 1479 3555 4,
1506 3486 1654 3560 quia
1698 3487 1850 3544 nihil
1893 3506 1967 3545 ex
1993 3505 2064 3546 eo
2112 3488 2411 3564 reliquum
2455 3491 2520 3545 in
2569 3488 2894 3546 crastinum

472 3562 813 3620 faciendum
840 3569 968 3619 erat
993 3579 1112 3618 ver.
1147 3562 1238 3632 19,
1268 3563 1362 3631 20,
1394 3572 1640 3638 excepto
1688 3566 1785 3624 die
1833 3573 2018 3638 sexto,
2068 3585 2188 3642 quo
2231 3567 2636 3642 colligendum
2685 3567 2804 3624 fuit
2829 3567 2893 3622 in

474 3643 746 3712 biduum,
776 3641 920 3715 quia
946 3641 1043 3698 die
1072 3640 1340 3715 septimo,
1368 3640 1431 3697 id
1480 3650 1569 3700 est
1616 3643 1923 3703 Sabbatho
1948 3663 2074 3702 non
2101 3645 2368 3716 cadebat,
2398 3665 2520 3704 ver.
2551 3647 2647 3716 23,
2677 3645 2752 3702 26
2776 3667 2792 3716 ;
2837 3645 2891 3701 2.

472 3721 790 3779 collectum
819 3719 1183 3790 distribuere,
1213 3725 1283 3776 ut
1308 3719 1636 3797 unicuique
1663 3743 1854 3782 unum
1884 3723 2133 3794 Homer,
2163 3725 2324 3798 quod
2350 3734 2479 3783 erat
2504 3725 2734 3783 decima
2759 3743 2898 3800 pars

476 3799 685 3875 Ephae,
714 3807 775 3855 et
816 3798 998 3872 juxta
1026 3797 1339 3856 Waserum
1366 3799 1443 3855 ad
1470 3818 1688 3859 novem
1729 3803 1914 3860 libras
1959 3801 2264 3860 Romanas
2311 3804 2682 3873 ascendebat,
2731 3803 2896 3878 quod

473 3876 565 3934 illi
592 3878 961 3951 assignatum
1008 3884 1153 3948 erat,
1204 3883 1558 3952 suppeteret,
1606 3899 1718 3938 nec
1763 3883 1902 3957 plus
1949 3900 2056 3939 nec
2102 3882 2304 3939 minus
2349 3883 2632 3957 cuiquam
2677 3883 2897 3939 habere

473 3956 725 4025 licuerit,
755 3975 875 4012 ver.
908 3955 999 4028 16,
1034 3955 1126 4026 17,
1158 3955 1267 4027 183
1314 3957 1369 4014 3.
1387 3977 1740 4034 proepararc
1765 3961 1828 4016 in
1877 3959 2108 4029 cibum;
2151 3962 2314 4035 quod
2342 3962 2538 4032 fiebat,
2567 3967 2700 4018 tum
2729 3961 2899 4017 moli-

472 4043 626 4106 tura,
656 4043 789 4092 tum
816 4035 1103 4104 coctione,
1136 4043 1266 4092 tum
1294 4037 1645 4097 elixatione:
1687 4057 1830 4096 nam
1856 4057 1998 4096 man
2025 4039 2334 4096 molebant
2379 4042 2477 4097 vel
2521 4040 2808 4109 terebant,
2837 4046 2900 4096 et

471 4122 682 4189 postea
702 4114 1039 4188 coquebant
1064 4115 1161 4171 vel
1188 4113 1511 4188 elixabant‚
1542 4123 1603 4174 et
1629 4117 2018 4174 conficiebant
2043 4135 2118 4174 ex
2146 4133 2220 4174 eo
2245 4119 2548 4192 placentas
2577 4117 2899 4176 subcineri-

476 4193 619 4262 cias,
650 4211 771 4249 ver.
804 4191 897 4248 23.
942 4192 1131 4250 Num.
1188 4192 1267 4250 xi.
1298 4193 1353 4251 8.
1400 4195 1773 4252 Describitur
1815 4203 2017 4253 autem
2062 4197 2212 4254 Man
2251 4199 2451 4272 quoad
2493 4197 2897 4272 substantiam,

470 4273 635 4344 quod
660 4270 848 4326 fuerit
872 4271 1161 4346 exiguum
1189 4278 1249 4329 et
1276 4273 1712 4345 tenuissimum,
1741 4275 1894 4332 sicut
1929 4275 2146 4350 pruina
2187 4293 2361 4351 super
2401 4283 2621 4334 terram
2649 4293 2768 4333 ver.
2801 4275 2896 4347 21,

470 4350 677 4480 21¹3:ssss
688 4349 1336 4487 szzsssmaffsfziffi
1368 4353 1547 4489 {¹1¹¹}
1570 4371 1769 4489 ¹¹¹¹¹¹
2297 4355 2390 4490 ἓν
2411 4357 2610 4491 ‘¹¹⁰5’
2635 4353 2895 4497 ¹¹¹0¹2¹¹÷’

471 4467 987 4576 queas-caperent,
1018 4449 1520 4566 dulcissimgmuet
1553 4450 2042 4580 Zalfflgsffiqlmes
2057 4451 2482 4586 vffiltpegapgp
2521 4451 2899 4569 sirliitiiaaxduni

469 4577 665 4649 melle,
696 4578 793 4634 vel
822 4587 891 4636 ut
916 4599 1092 4655 sapor
1112 4584 1365 4657 liquoris
1392 4589 1872 4659 praestantissimi
1903 4608 1978 4646 ex
2016 4590 2169 4660 elec,
2201 4590 2391 4647 Num.
2421 4591 2500 4648 xi.
2531 4591 2588 4658 8,
2627 4593 2900 4664 adeoque

467 4655 635 4714 cibus
662 4660 1183 4731 praestantissimus
1208 4669 1269 4717 et
1294 4664 1738 4723 saluberrimus.
1823 4667 1968 4724 Non
1997 4675 2194 4724 tamen
2229 4675 2544 4742 propterca
2591 4669 2764 4726 facile
2793 4668 2898 4726 ad-
