3234 5192
474 347 587 405 138
1232 364 1311 403 m:
1340 363 1708 405 Neci-:sautu
1739 362 2086 405 sscsssxoxn
2509 340 2770 423 [msrur.
2801 364 2884 405 w.

469 524 584 563 cem
613 504 847 581 quidem
870 504 1099 565 coelitus
1126 506 1383 566 auditam
1426 512 1623 564 narrat
1670 504 1715 565 J
1718 504 2013 579 ohannes;
2077 521 2196 561 non
2241 501 2399 579 quod
2426 509 2564 563 tunc
2611 504 2890 581 temporis

471 583 661 642 efferri
688 585 967 661 debuerit,
1000 586 1096 645 vel
1122 586 1366 665 impleri,
1398 586 1499 645 sed
1527 586 1624 644 hie
1652 585 1878 643 caudinas
1915 583 2278 661 prophetiam
2306 581 2658 659 designatur,
2691 593 2756 642 ut
2783 604 2890 643 suo

470 672 729 743 tempore
756 665 1051 743 implenda
1075 667 1583 744 praenunciaretur.
1669 663 1948 739 Quamvis
1976 683 2115 723 vero
2143 683 2262 721 non
2287 662 2371 721 ita
2397 663 2654 739 proclive
2683 663 2760 722 sit
2787 663 2888 721 de-

474 746 705 821 signare
751 746 1027 823 temporis
1070 756 1444 823 momentum,
1474 766 1590 824 quo
1618 765 1739 803 vox
1787 745 1900 803 ista
1948 743 2200 803 coelestis
2249 742 2512 801 debuerit
2560 743 2763 819 audiri,
2793 744 2891 802 vel

472 825 675 885 audita
700 826 889 902 fuerit,
934 846 1052 885 non
1081 826 1313 887 obscuri
1349 835 1545 886 tamen
1566 833 1702 885 sunt
1719 825 2096 898 charactereS,
2127 823 2340 901 quibus
2367 824 2478 881 hoc
2495 823 2886 901 dignoscatur,

474 906 761 983 siquidem
804 907 900 965 hic
928 906 1143 966 mentio
1172 907 1239 965 fit
1267 906 1607 983 Babylonis,
1639 924 1755 965 non
1783 904 1957 963 modo
1987 903 2210 979 stantis,
2263 903 2367 963 sed
2415 912 2474 963 et
2521 904 2596 961 ad
2624 923 2893 963 occasum

474 986 773 1063 vergentis
784 998 841 1045 et
844 987 1087 1063 jamjam
1106 1006 1342 1046 casurae.
1376 985 1548 1047 Unde
1566 992 1742 1064 patet,
1761 1006 1880 1043 non
1897 984 2090 1044 statim
2114 993 2251 1043 nata
2290 984 2571 1059 Ecclesia,
2596 984 2894 1042 oraculum

478 1066 590 1124 hoc
617 1066 810 1124 locum
838 1066 1050 1125 habere
1079 1066 1365 1143 debuisse,
1398 1067 1502 1127 sed
1528 1074 1756 1126 tantum
1804 1074 1938 1143 post
1981 1064 2294 1124 revelatam
2344 1063 2748 1142 Babylonem;
2793 1084 2892 1122 ne·

476 1165 589 1223 que
611 1165 750 1205 vero
774 1146 968 1205 statim
998 1147 1161 1205 initio
1192 1147 1515 1224 tyrannidis
1545 1146 1939 1223 Babylonicae,
1972 1144 2074 1203 sed
2113 1152 2418 1221 postquam
2461 1144 2587 1203 haec
2631 1145 2895 1220 tyrannis

480 1225 581 1284 diu
610 1225 858 1301 duravit,
890 1234 949 1285 et
978 1228 1137 1286 casui
1164 1229 1430 1305 proxima
1473 1236 1613 1303 erat,
1659 1226 1816 1305 quod
1864 1225 1940 1283 ad
1989 1224 2438 1284 Reformationis
2467 1233 2694 1302 tempus
2721 1224 2894 1301 perti-

479 1326 616 1365 nere
643 1326 761 1365 non
790 1306 1200 1383 diffitebantur,
1253 1309 1353 1386 qui
1382 1329 1502 1367 rem
1532 1308 1682 1369 serio
1711 1316 1769 1367 et
1817 1307 2036 1383 absque
2079 1304 2416 1383 praejudicio
2439 1304 2764 1381 expendere
2792 1324 2894 1361 vo-

478 1386 709 1463 luerint,
753 1407 930 1465 quum
962 1389 1225 1447 Christus
1255 1389 1558 1467 Angelicae
1592 1389 1750 1448 tubae
1789 1387 1998 1461 sonitu,
2030 1386 2299 1444 nimirum
2322 1404 2426 1461 per
2451 1384 2654 1443 fideles
2695 1404 2895 1442 servos

480 1486 633 1543 suOS,
666 1468 767 1545 qui
794 1488 910 1527 non
938 1488 1066 1527 raro
1093 1470 1435 1546 Anyelorum
1454 1469 1686 1528 nomine
1704 1468 1962 1541 veniunt,
1983 1485 2198 1524 annum
2215 1464 2578 1541 beneplaciti,
2611 1473 2670 1522 et
2686 1463 2892 1522 libera-

480 1548 697 1606 tionem
726 1568 762 1606 a
789 1549 1127 1626 captivitate
1154 1550 1485 1609 tristissima
1512 1547 1921 1627 promulgavit,
1966 1544 2258 1621 quomodo
2297 1544 2436 1601 olim
2480 1544 2714 1619 publica
2747 1562 2891 1601 voce

478 1628 523 1685 J
528 1626 735 1685 udai'co
764 1628 978 1705 populo
1007 1629 1360 1706 captivitatis
1391 1628 1756 1701 solutionem,
1789 1635 1848 1685 et
1875 1625 2124 1684 reditum
2165 1624 2227 1681 in
2269 1623 2512 1700 patriam
2542 1642 2646 1699 per
2675 1624 2892 1699 Cyrum

478 1705 811 1767 denunciari
830 1707 1025 1783 jussit.
1108 1708 1393 1768 Nimirum
1423 1708 1523 1785 qui
1550 1706 1937 1766 luxuriantem
1968 1704 2252 1780 castigare
2279 1703 2544 1761 voluerat
2571 1702 2896 1761 Ecclesiam

480 1786 745 1861 Deus,·in
771 1786 935 1846 triste
964 1786 1201 1845 exilium
1230 1808 1357 1845 eam
1386 1786 1673 1865 pellend0,
1723 1785 1826 1845 ubi
1872 1786 2023 1843 inter
2069 1784 2266 1842 hostes
2309 1782 2645 1841 delitescere
2675 1781 2892 1859 debuit,

478 1866 666 1925 noluit
692 1874 887 1925 tamen
914 1886 1041 1925 eam
1053 1866 1335 1943 deserere,
1360 1867 1461 1927 sed
1492 1867 1578 1925 illi
1595 1865 1819 1924 afflictae
1837 1864 2121 1942 propitius
2143 1863 2344 1938 adfuit,
2371 1870 2430 1921 et
2473 1871 2728 1940 tempore
2750 1883 2893 1940 prae-

480 1946 700 2021 stitut0,
732 1947 1099 2024 septuaginta
1127 1947 1293 2005 annis
1322 1948 1553 2025 elapsis,
1585 1947 1802 2023 Cyrum
1831 1944 2128 2019 excitavit,
2179 1943 2280 2021 qui
2301 1944 2625 2002 libertatem
2668 1944 2710 2004 J
2714 1943 2898 2003 udaeis

482 2027 693 2102 attulit,
717 2035 775 2086 et
792 2026 983 2087 edicto
1002 2027 1385 2105 promulgatO,
1414 2033 1449 2060 ‘⁶
1472 2026 1898 2104 Hierosolymis
1920 2024 2087 2101 dixit,
2109 2023 2545 2100 reaedificantor,
2575 2034 2634 2083 et
2661 2025 2895 2102 temp10,

482 2105 811 2183 fundator,''
829 2107 945 2167 Isa.
976 2108 1119 2166 xliv.
1152 2111 1247 2182 26,
1282 2108 1423 2167 Esd.
1454 2108 1493 2167 i.
1536 2108 1634 2167 Ita
1661 2108 1719 2165 in
1747 2104 2067 2165 novissima
2092 2105 2202 2163 hac
2231 2104 2585 2182 captivitate,
2619 2104 2896 2163 Israelem

481 2187 799 2247 secundum
850 2188 1128 2265 Spiritum
1178 2188 1482 2266 Babylone
1530 2189 1808 2247 latentem
1835 2194 1896 2245 et
1933 2194 2260 2263 gementem
2287 2206 2406 2244 non
2433 2184 2704 2245 deseruit.
2770 2184 2896 2244 Au-

480 2267 630 2326 divit
651 2268 749 2327 ille
778 2268 1138 2345 captivorum
1168 2270 1436 2345 gemitus,
1462 2268 1611 2327 vidit
1645 2266 2124 2327 conscientiarum
2144 2265 2528 2343 tyrannidem,
2549 2274 2608 2325 et
2636 2265 2896 2325 tristissi-

480 2366 639 2406 mum
670 2349 965 2425 Ecclesiae,
996 2348 1058 2406 in
1086 2349 1322 2426 spiritus
1364 2348 1648 2407 immundi
1687 2346 2040 2406 domicilium
2071 2354 2455 2421 commutatae,
2487 2347 2896 2423 spectaculum,

478 2428 738 2505 nihilque
759 2430 883 2506 jam
913 2448 1229 2506 superesse,
1260 2429 1375 2487 nisi
1399 2436 1466 2488 ut
1494 2428 1708 2487 Christi
1736 2446 1947 2486 nomen
1975 2426 2279 2501 deleretur.
2385 2426 2502 2484 Suo
2530 2426 2724 2503 itaque
2752 2436 2897 2485 tem-

478 2527 620 2585 pore
650 2510 945 2587 suppetias
973 2509 1060 2567 illi
1087 2510 1237 2583 tulit,
1263 2510 1447 2586 Cyros
1474 2508 1728 2567 vocavit.
1817 2508 1947 2565 Imo
1975 2506 2099 2585 ipse
2129 2506 2262 2563 Rex
2313 2505 2559 2583 Regum,
2614 2506 2900 2563 Dominus

481 2588 937 2664 Dominantium,
970 2590 1157 2666 Cyrus
1183 2599 1397 2665 noster,
1440 2588 1648 2669 (solem
1679 2588 1832 2647 enim
1863 2587 2056 2645 Persae
2086 2586 2302 2662 Cyrum
2330 2594 2558 2660 vocant,
2591 2586 2640 2643 si
2667 2586 2900 2643 Plutar-

470 2670 581 2727 'cho
611 2669 897 2729 credimus
924 2670 987 2729 in
1014 2671 1363 2743 Artaxerxe,
1394 2682 1551 2751 Kvgov
1566 2695 1670 2750 ‘yae
1698 2684 1937 2727 καλουσιν
1963 2669 2006 2725 οἱ
2025 2678 2211 2746 Ilugo-m
2237 2691 2318 2723 τον
2343 2664 2500 2744 ἣλιον)
2535 2665 2637 2724 Sol
2654 2665 2752 2723 ille
2773 2666 2901 2743 jus·

480 2750 641 2825 titiae,
671 2750 800 2810 luce
856 2770 1011 2810 nova
1059 2750 1325 2810 tenebras
1354 2750 1646 2828 discussit,
1677 2757 1736 2809 et
1764 2747 2080 2827 spiritualis
2117 2746 2402 2805 libertatis
2433 2745 2706 2822 solemne,
2738 2745 2903 2805 velut

483 2830 757 2905 edictum,
790 2832 1017 2891 coelitus
1038 2830 1448 2909 promulgavit.

562 2911 778 2971 XXV.
824 2912 974 2989 Quia
1001 2931 1139 2971 vero
1180 2912 1493 2989 plurimum
1546 2910 1822 2971 intererat
1863 2909 1976 2967 hoc
2023 2906 2098 2967 ab
2147 2904 2415 2966 omnibus
2457 2904 2726 2983 intelligi,
2773 2904 2904 2965 ideo

480 3012 600 3051 non
648 2993 952 3069 submissa,
999 2992 1103 3052 sed
1150 2993 1307 3051 clara
1325 3001 1385 3052 et
1431 2992 1551 3052 alta
1596 3010 1759 3065 voce,
1811 2988 2203 3067 angelicarum
2253 2985 2522 3045 tubarum
2567 2987 2776 3061 sonitu,
2807 2986 2908 3063 qui

480 3072 744 3132 homines
772 3082 1013 3133 veterno
1042 3072 1282 3151 peccati,
1307 3080 1367 3132 et
1387 3072 1527 3132 vino
1545 3070 1912 3132 scortationis
1935 3066 2312 3146 Babylonicae
2331 3067 2586 3145 sepultos
2609 3067 2905 3144 excitaret,

484 3152 821 3210 denunciari
846 3154 957 3211 hoc
985 3153 1190 3213 voluit.
1277 3152 1449 3213 Unde
1478 3161 1596 3213 tres
1627 3152 1738 3211 sibi
1765 3150 2016 3209 invicem
2045 3147 2422 3209 succedentes
2443 3147 2621 3207 mittit
2647 3148 2905 3225 angelos,

483 3232 584 3307 qui
612 3233 963 3307 praeconium
979 3232 1092 3289 hoc
1120 3232 1331 3291 certius
1360 3232 1782 3291 confirmarent.
1850 3229 2021 3304 Quod
2041 3230 2166 3307 jam
2190 3248 2314 3305 cap.
2345 3227 2466 3285 xiV.
2497 3227 2907 3304 insinuaverat,

483 3316 791 3385 postquam
818 3309 891 3368 de
922 3311 1038 3367 144
1080 3310 1337 3369 millibus
1385 3312 1803 3387 obsignator-um
1829 3318 2046 3387 egerat,
2077 3308 2139 3366 id
2177 3316 2283 3382 est,
2315 3307 2388 3365 de
2417 3308 2572 3366 veris
2619 3306 2908 3384 fidelibus,

526 3388 586 3446 ui
616 3406 677 3446 se
706 3407 882 3463 puros
910 3388 983 3446 ab
1012 3388 1340 3448 idololatria
1368 3397 1759 3462 servaverant,
1789 3409 1905 3447 non
1945 3408 2004 3446 se
2043 3390 2350 3463 polluendo
2398 3408 2524 3445 cum
2569 3388 2905 3462 mulieribus,

546 3488 615 3541 c.,
646 3486 767 3525 ver.
796 3471 853 3525 4.
940 3466 1168 3526 Primus
1195 3468 1535 3545 proponitur
1574 3488 1696 3527 ver.
1729 3471 1783 3543 6,
1834 3492 1876 3526 ιν
1916 3491 2315 3547 μισουςονηματι
2366 3467 2588 3540 volans,
2633 3475 2693 3526 et
2746 3486 2912 3525 evan-

477 3548 687 3625 9elium
713 3557 997 3622 oeternum,
1028 3556 1199 3607 antea
1226 3548 1532 3625 sepultum,
1562 3548 1769 3607 incolis
1795 3556 1964 3607 terroe
1993 3546 2256 3606 afferens.
2363 3546 2530 3620 Quod
2559 3548 2618 3604 in
2644 3546 2916 3606 fidelibus

488 3627 601 3689 Dei
650 3628 836 3688 servis
864 3628 1181 3706 impletum,
1225 3647 1372 3706 quos
1414 3628 1577 3687 Deus
1625 3636 1758 3706 post
1808 3627 2158 3687 Antichristi
2205 3627 2620 3685 revelationem
2672 3627 2916 3687 subinde

486 3709 768 3770 excitavit
794 3709 868 3768 ad
897 3708 1159 3768 veritatis
1187 3709 1683 3768 conservationem
1713 3717 1773 3768 et
1820 3705 2230 3781 defensionem,
2282 3714 2348 3765 ut
2375 3727 2450 3765 ex
2483 3709 2759 3784 Cataloyo
2785 3710 2915 3766 Tes-

486 3792 623 3851 tium
670 3790 921 3850 veritatis
956 3796 1154 3867 patet;
1198 3790 1485 3867 praecipue
1514 3809 1654 3847 vero
1681 3788 2014 3847 novissimis
2037 3787 2266 3860 seculis,
2315 3796 2620 3862 appetente
2641 3790 2768 3863 jam
2799 3788 2915 3847 Re-

486 3871 847 3932 formationis
872 3878 1147 3948 tempore,
1177 3878 1245 3929 ut
1271 3868 1369 3927 via
1395 3869 1483 3927 illi
1510 3869 1790 3947 paulatim
1819 3876 2134 3945 pararetur.
2222 3867 2306 3925 Ut
2333 3867 2548 3925 factum
2577 3888 2614 3925 a
2651 3870 2912 3927 Walden-

484 3954 633 4013 sibus
654 3961 713 4012 et
737 3951 1120 4029 Albiqensibus
1137 3950 1291 4009 circa
1305 3949 1710 4009 duodecimum
1729 3949 2007 4025 seculum,
2021 3967 2172 4006 anno
2189 3950 2216 4005 1
2230 3948 2362 4022 170,
2382 3955 2584 4024 postea
2605 3968 2639 4006 a
2665 3948 2912 4024 Wae'clefo,

490 4034 815 4093 declinante
864 4032 1314 4108 decimoquarto,
1346 4030 1500 4089 circa
1543 4049 1758 4089 annum
1809 4030 1982 4105 1360,
2013 4036 2074 4087 et
2117 4048 2152 4087 a
2197 4028 2333 4087 Joh.
2385 4028 2578 4085 Husso
2621 4036 2680 4086 ct
2708 4030 2912 4088 Hiero.

488 4112 779 4192 Prayensi
802 4114 955 4173 circa
982 4112 1211 4171 initium
1240 4110 1656 4187 decimiquinti,
1689 4108 2088 4169 confirmatum
2111 4116 2216 4167 est.
2305 4108 2608 4167 Secundus
2631 4118 2688 4167 ct
2710 4110 2916 4167 tertius

490 4196 951 4269 introducuntur,
1002 4212 1123 4251 ver.
1155 4194 1191 4251 8
1223 4200 1282 4251 et
1310 4193 1365 4267 9,
1397 4210 1595 4251 casum
1641 4188 1964 4267 Babylonis
2015 4188 2423 4263 describentes,
2477 4198 2537 4248 et
2564 4208 2766 4266 poenas
2815 4187 2914 4246 de-

490 4278 832 4335 nunciantes
870 4276 997 4352 ejus
1026 4271 1363 4332 cultoribus.
1450 4270 1619 4346 Quod
1666 4278 1790 4330 tum
1835 4270 2137 4347 impletum
2185 4278 2290 4343 est,
2343 4289 2517 4347 quum
2563 4268 2759 4344 magni
2803 4266 2918 4325 viri

493 4354 623 4431 Dei,
647 4356 869 4432 potenti
900 4374 1043 4413 voce
1072 4354 1255 4413 instar
1292 4353 1449 4413 tubae
1496 4352 1793 4430 angelicas,
1841 4351 1916 4409 ab
1965 4351 2130 4410 initio
2180 4349 2629 4409 Reformationis
2661 4348 2915 4423 Papatus

490 4433 865 4494 fundamenta
889 4435 1143 4493 mascule
1174 4434 1449 4493 subruere
1478 4442 1790 4511 coeperunt,
1823 4441 1946 4491 tum
1991 4451 2153 4507 voce,
2185 4438 2308 4490 tum
2351 4428 2596 4504 scriptis,
2627 4426 2916 4486 homines-

493 4533 605 4591 que
635 4514 709 4572 ab
738 4513 1085 4572 idolomania
1116 4514 1381 4573 Romana
1407 4514 1756 4589 abstrahere,
1802 4520 1861 4571 et
1888 4512 1963 4571 ad
1993 4511 2206 4571 Christi
2237 4506 2602 4584 evangelium
2647 4525 2920 4568 revocare

494 4593 877 4667 studuerunt3
922 4593 1080 4669 quod
1106 4594 1168 4651 in
1194 4596 1463 4671 Luthero,
1495 4595 1774 4671 Zuinqlio,
1813 4591 2270 4669 oecolampadio,
2301 4591 2545 4661 Bucero,
2581 4586 2834 4663 CalvinO,
2861 4597 2921 4648 et

492 4674 622 4733 aliis
650 4672 925 4733 heroibus
954 4672 1325 4733 observatum
1352 4674 1477 4733 fuit.
1584 4674 1754 4749 Quod
1781 4682 1990 4746 autem,
2015 4691 2140 4749 cap.
2171 4670 2312 4743 xiv„
2334 4666 2460 4739 jam
2484 4667 2756 4745 attigerat
2789 4669 2919 4747 Spi-
