3234 5192
511 327 629 383 244
1153 342 1231 381 nr.
1263 340 1600 382 SCRIPTURAE
1632 338 1833 379 sAcnAE
1864 338 2299 381 Aurnonm‘rs.
2575 320 2835 403 [msrur.
2866 341 2936 381 11.

516 482 710 541 fusius
729 484 804 539 de
831 500 904 539 eo
931 486 1020 538 est
1047 480 1385 541 dicendum.
1471 480 1605 540 Scio
1634 481 1941 539 nonnullis
1991 479 2156 538 Viris
2203 481 2393 539 doctis
2442 480 2504 537 in
2544 488 2805 539 mentem
2834 500 2935 539 ve-

516 561 686 633 nisse,
717 568 948 619 mutare
975 559 1092 618 loci
1120 561 1303 635 hujus
1345 560 1905 637 interpunctionem,
1952 566 2020 616 ut
2066 562 2323 619 Ecclesia
2344 561 2464 619 Dei
2484 561 2597 619 vivi
2620 561 2934 637 periodum

516 639 804 713 absolvat,
838 642 1115 701 Columna
1143 658 1286 697 vero
1315 650 1367 699 et
1395 642 1823 719 firmamentum
1866 640 2130 717 ver-itatis,
2181 658 2304 697 non
2346 642 2425 698 ad
2458 640 2800 711 Ecclesiam,
2830 640 2935 697 sed

515 720 594 774 ad
611 718 964 793 Mysterium
995 718 1247 795 pietatis,
1278 722 1352 778 de
1381 738 1504 795 quo
1532 718 1805 794 sequenti
1831 724 2139 793 commate,
2168 718 2477 789 referatur,
2501 726 2633 776 tum
2649 717 2932 793 quianon

517 797 706 855 soleat
735 796 964 857 Paulus
991 818 1030 857 a
1072 798 1368 873 particula
1393 825 1482 857 m
1511 796 1867 855 sententiam
1914 816 2087 855 suam
2130 797 2357 868 ordiri3
2398 804 2529 855 tum
2578 796 2721 872 quia
2750 795 2933 853 usita-

517 875 745 934 tissima
771 876 848 935 sit
873 880 1002 935 haec
1029 878 1314 951 loquendi
1363 878 1517 936 ratio
1559 877 1720 951 apud
1759 875 1803 933 J
1808 877 2029 947 udaeOS,
2079 884 2150 935 ut
2194 884 2409 934 vocent
2432 874 2766 951 praecipuos
2792 874 2933 931 fidei

519 972 644 1011 suae
703 955 1007 1026 articuIOS,
1059 966 1250 1014 rat-22:⁸⁵
1287 964 1348 1013 et
1391 978 1569 1031 :eps
1605 957 2006 1031 ficudamenta,
2061 965 2115 1015 et
2163 956 2402 1031 radices,
2456 972 2566 1013 nec
2624 971 2750 1011 non
2806 964 2931 1015 *aaa

517 1056 684 1093 viz-:sn
713 1036 904 1111 capita
927 1036 1077 1114 fidei
1092 1060 1114 1110 ,·
1157 1042 1218 1093 et
1259 1037 1492 1109 quoties
1533 1036 1608 1093 de
1650 1034 1937 1093 doctrinis
1978 1034 2101 1093 suis
2150 1034 2435 1093 disserere
2476 1032 2929 1107 aggrediuntur,

516 1134 706 1173 ε-ιπ-ηο·
736 1138 842 1175 πτυ-
850 1116 1287 1191 fundamentum
1292 1118 1817 1191 fiandamentorum,
1841 1115 1939 1171 vel
1962 1133 2139 1173 nnat-..7
2170 1135 2276 1174 '770³
2306 1116 2745 1189 fiandamentum
2763 1112 2930 1187 Sapi-

517 1194 678 1252 entia·
702 1193 765 1250 in
793 1194 1000 1251 limine
1031 1196 1430 1269 praescribant,
1460 1195 1623 1270 quod
1652 1212 1727 1251 ex
1754 1192 2131 1252 Maimonide
2158 1199 2340 1270 patet,
2371 1193 2475 1267 qui
2496 1191 2717 1249 librum
2748 1209 2925 1247 suum

514 1273 589 1330 de
609 1272 1004 1331 fundamento
1028 1274 1208 1349 Legis
1223 1274 1309 1331 ita
1325 1274 1572 1345 orditur,
1597 1292 1823 1333 ι-ιεωι-,τι
1855 1295 1992 1331 τεν-19η
2022 1295 2225 1333 navae-vn
2256 1288 2362 1331 τηεν
2394 1270 2927 1328 “Fundamentum

515 1351 1063 1423 fundamentorum,
1083 1360 1143 1410 et
1163 1352 1444 1411 columna
1475 1350 1795 1428 Sapientiae
1819 1359 1909 1410 est
1928 1370 2282 1427 cognoscere
2304 1360 2428 1409 esse
2450 1348 2711 1425 primum
2742 1347 2925 1405 Ens.”

517 1428 750 1488 Verum
778 1430 1052 1506 quamvis
1078 1431 1456 1505 ingeniosum
1483 1431 1560 1489 sit
1586 1439 2011 1502 commentum,
2040 1449 2161 1505 quo
2191 1430 2507 1488 difficultas
2526 1426 2720 1483 omnis
2746 1428 2925 1501 plane

513 1509 845 1581 tolleretur,
875 1509 1071 1567 nescio
1109 1528 1184 1567 an
1231 1509 1308 1567 sit
1349 1527 1518 1584 seque
1565 1510 1865 1580 solidum;
1907 1526 2045 1566 cum
2094 1510 2276 1567 verba
2300 1508 2432 1584 ipsa
2456 1504 2677 1581 legenti
2704 1511 2924 1579 pateat,

514 1586 789 1644 nonnihil
816 1588 1003 1645 coacti
1032 1606 1156 1645 esse
1183 1586 1246 1644 in
1275 1589 1386 1645 hac
1412 1588 1916 1661 interpretatione,
1967 1606 2104 1662 quae
2150 1587 2474 1646 dividenda
2508 1582 2837 1658 conjungit,
2866 1590 2928 1639 et

511 1664 835 1737 conjuncta
880 1666 1133 1724 dividit:
1216 1664 1398 1722 Unde
1439 1664 1741 1723 versiones
1785 1682 2007 1735 omne8‚
2059 1666 2317 1743 Syriaca,
2361 1662 2637 1733 Arabica,
2688 1660 2924 1731 Latina,

510 1748 810 1817 receptam
836 1743 1150 1800 lectionem
1181 1749 1533 1817 sequuntur,
1562 1750 1625 1800 et
1666 1745 1743 1801 ad
1790 1743 2117 1802 Ecclesiam
2159 1746 2443 1813 referunt,
2482 1741 2559 1799 ad
2586 1757 2737 1815 quas
2763 1757 2925 1797 acce-

511 1820 668 1877 dunt
693 1828 754 1878 et
782 1818 1004 1879 Patres.
1088 1820 1170 1879 Et
1205 1838 1346 1879 sane
1395 1822 1671 1896 quamvis
1716 1821 1868 1879 nihil
1918 1823 2271 1881 sollicitetur
2314 1825 2515 1890 locus;
2557 1836 2677 1875 non
2728 1817 2925 1875 minus

509 1904 712 1955 tamen
741 1917 946 1957 sensus
972 1899 1086 1956 erit
1112 1907 1309 1976 aptus,
1329 1898 1450 1956 imo
1473 1900 1851 1957 ratiocinatio
1871 1900 2050 1959 Pauli
2071 1902 2293 1978 optime
2321 1901 2477 1959 inter
2505 1915 2565 1955 se
2586 1895 2920 1954 cohaerebit.

512 1975 652 2034 Duo
680 1977 840 2033 enim
875 1986 1230 2053 argumenta
1274 1978 1556 2053 proponit
1603 1979 1956 2053 Apostolus,
2004 1987 2075 2038 ut
2122 1980 2503 2038 Timotheum
2530 1974 2609 2033 ad
2636 1974 2925 2050 majorem

507 2055 901 2113 reverentiam
929 2063 989 2114 et
1015 2057 1282 2114 studium
1307 2056 1641 2115 sanctitatis
1667 2058 1898 2115 excitet.
1944 2056 2213 2116 Primum
2240 2060 2494 2136 petitum
2522 2054 2597 2111 ab
2624 2052 2921 2125 Ecclesiae,

509 2132 606 2192 cui
635 2133 1025 2207 ministrabat,
1057 2136 1370 2210 dignitate,
1401 2155 1536 2211 quoe
1585 2136 1724 2194 talis
1750 2144 1837 2194 est
1864 2142 1935 2194 ut
1982 2144 2253 2195 sanctum
2283 2135 2585 2213 quendam
2612 2132 2921 2189 horrorem

509 2212 772 2271 incutere
801 2215 1016 2273 debeat
1033 2214 1309 2271 omnibus
1335 2215 1412 2270 ad
1441 2232 1667 2272 sacram
1694 2217 1849 2273 hanc
1876 2218 2182 2298 λειτουργῶν
2208 2234 2269 2274 se
2296 2210 2758 2287 accingentibus,
2782 2216 2816 2245 “
2832 2208 2922 2268 Ut

508 2291 656 2348 scias
684 2294 988 2365 quomodo
1032 2294 1394 2350 versandum
1437 2292 1516 2350 sit
1559 2293 1624 2350 in
1668 2293 1865 2352 Domo
1893 2296 2026 2367 Dei,
2056 2315 2191 2372 quae
2220 2302 2311 2353 est
2340 2290 2606 2352 Ecclesia
2632 2288 2749 2346 Dei
2776 2288 2918 2361 vivi,

509 2369 792 2426 columna
807 2370 1316 2429 etfirmamentum
1333 2372 1598 2429 veritatis
1611 2373 1667 2444 ;”
1691 2373 1975 2431 Alterum
1992 2394 2031 2432 a
2048 2373 2341 2448 Mysterii‚
2360 2372 2455 2445 cuj
2464 2389 2534 2426 us
2550 2366 2914 2443 praeconium

506 2446 600 2502 illi
654 2448 1083 2506 demandatum
1135 2456 1279 2519 erat,
1331 2450 1695 2509 sublimitate
1742 2458 1803 2509 et
1849 2452 2222 2523 excellentia,
2273 2451 2438 2527 quod
2488 2454 2578 2505 est
2624 2464 2917 2517 magnum

506 2523 742 2598 pietatis
782 2526 1176 2600 Mysterium3
1219 2530 1380 2585 unde
1409 2530 1594 2600 addit,
1625 2534 1715 2591 καὶ
1757 2532 2151 2609 ὅμολογουμίνυς
2196 2532 2333 2608 μέγα
2362 2531 2460 2588 ἔστι
2486 2532 2541 2585 τὶ
2570 2530 2651 2590 τ’ἧς
2680 2526 2919 2593 εὐσεβείας

501 2605 780 2683 punietur,
831 2607 930 2662 &c
1030 2605 1263 2664 Deinde
1311 2608 1491 2681 longe
1517 2610 1687 2667 aliud
1724 2619 1813 2668 est
1852 2617 2287 2691 fiandamentum
2336 2606 2643 2687 Sapienlt‘oe
2694 2606 2918 2663 Rabbi-

503 2683 612 2753 nis,
633 2684 827 2741 Aliud
837 2686 1262 2763 firmamentum
1289 2688 1540 2747 veritatis
1569 2690 1884 2764 Apostolo.
1968 2692 2131 2751 Nam
2160 2688 2518 2749 Maimonidi
2555 2689 2735 2745 massa
2764 2686 2913 2743 Hal·

501 2772 642 2836 acot,
667 2769 727 2819 et
751 2762 1214 2823 fundamentum
1247 2765 1582 2841 Sapientiae,
1613 2777 1757 2827 sunt
1781 2768 1954 2829 initia
1999 2771 2139 2829 fidei
2166 2776 2227 2828 et
2272 2766 2553 2845 primaria
2582 2764 2917 2839 Religionis

501 2842 711 2918 capita,
741 2860 875 2918 quae
907 2844 1091 2903 teneri
1120 2845 1338 2903 debent
1365 2846 1440 2903 ab
1468 2847 1765 2917 omnibus,
1796 2856 1857 2907 et
1884 2849 2139 2925 supponi
2167 2848 2413 2922 reliquae
2442 2844 2744 2913 doctrinae,
2768 2860 2917 2917 qua-

496 2921 574 2979 lis
600 2926 689 2979 est
716 2921 830 2978 Dei
857 2922 1190 2994 existentia,
1222 2926 1343 2994 &c.,
1367 2943 1489 2999 quo
1517 2944 1691 2983 sensu
1718 2928 2064 3004 Apostolus,
2102 2928 2255 2985 Heb.
2278 2927 2357 2984 vi.
2392 2925 2444 2996 1,
2472 2924 2699 2998 θτμέλιοι
2737 2928 2914 2979 vocat

499 2998 790 3075 principia
815 3008 876 3059 et
917 3002 1261 3060 rudimenta
1283 3002 1616 3077 Religionis
1640 3003 1990 3065 Christianae
2016 3029 2029 3065 ε
2115 3006 2348 3064 Verum
2373 3005 2489 3063 hoc
2524 3005 2657 3061 loco
2689 2999 2913 3059 Paulus

497 3094 618 3133 non
649 3078 775 3151 agit
795 3080 870 3136 de
899 3079 1230 3138 Elementis
1259 3080 1714 3155 Christianismi,
1743 3085 1847 3141 sed
1874 3087 1949 3142 de
1977 3084 2267 3160 Mysterio
2295 3100 2533 3157 magne,
2563 3082 2729 3157 quod
2756 3079 2914 3154 capi-

497 3160 564 3209 ta
589 3155 924 3213 difficiliora
957 3166 1018 3215 et
1065 3159 1414 3217 sublimiora
1457 3162 1889 3236 complectitur,
1937 3166 2104 3239 quod
2148 3162 2291 3222 alibi
2338 3168 2514 3219 vocat
2558 3160 2911 3237 Sapientiam

501 3232 647 3289 inter
664 3238 960 3310 perfectos,
995 3235 1026 3292 1
1061 3233 1196 3294 Cor.
1228 3237 1288 3293 ii.
1319 3238 1374 3294 6.

585 3308 796 3369 XXV.
843 3312 1135 3379 Quamvis
1179 3333 1321 3374 vero
1363 3316 1691 3377 retineatur
1734 3320 1909 3381 lectio
1939 3325 2211 3398 vulgata,
2242 3327 2313 3378 ut
2354 3338 2487 3378 eam
2529 3318 2905 3376 retinendam

499 3405 822 3459 censemus,
851 3390 1004 3447 nihil
1037 3396 1236 3450 tamen
1265 3393 1402 3451 inde
1443 3398 1680 3455 accedet
1708 3397 2154 3461 Pontificiorum
2184 3399 2507 3469 sententiae,
2534 3398 2631 3454 vel
2658 3397 2908 3453 decedet

500 3472 736 3524 nostrae.
824 3467 874 3525 1.
922 3468 1084 3536 Quia
1111 3470 1163 3528 si
1193 3470 1456 3531 Ecclesia
1494 3474 1713 3533 dicitur
1740 3480 2025 3539 columna
2050 3488 2111 3537 et
2148 3481 2591 3536 firmamentum
2618 3475 2900 3544 veritatis,

498 3546 612 3635 hoc
640 3562 760 3601 non
802 3552 998 3621 potest
1041 3548 1311 3608 absolute
1353 3558 1412 3608 et
1457 3553 1790 3629 simpliciter
1835 3558 2115 3633 intelligi,
2160 3557 2261 3615 sed
2306 3562 2543 3613 tantum
2588 3554 2903 3614 secundum

497 3623 645 3715 quad
661 3644 682 3681 .·
707 3622 773 3681 N
775 3642 872 3682 am
902 3626 1173 3685 absolute
1201 3629 1420 3687 veritas
1437 3638 1526 3689 est
1551 3634 1836 3694 columna
1854 3644 1915 3692 et
1939 3637 2405 3694 fundamentum
2436 3632 2751 3702 Ecclesiae3
2781 3651 2903 3706 qua

493 3710 582 3759 ita
601 3704 874 3760 firmatur
899 3711 962 3763 et
999 3712 1382 3778 sustentatur,
1413 3718 1482 3767 ut
1521 3718 1717 3770 stante
1743 3734 1813 3773 ea
1841 3722 1971 3785 stet,
2000 3723 2061 3773 et
2087 3722 2297 3771 ruente
2325 3712 2421 3769 vel
2449 3720 2680 3769 remota
2706 3712 2897 3781 cadat,

495 3782 667 3839 nulla
707 3782 866 3839 enim
894 3790 1050 3841 esset
1092 3782 1372 3858 Ecclesia,
1422 3788 1474 3845 si
1515 3792 1697 3848 semel
1739 3794 2011 3850 exularet
2036 3792 2253 3850 veritas
2296 3791 2373 3849 ab
2400 3808 2487 3847 ea.
2574 3790 2691 3849 Sed
2720 3790 2899 3864 longe

493 3859 668 3951 aliter
694 3878 756 3916 sc
784 3879 878 3919 res
905 3862 1088 3920 habet
1114 3873 1382 3937 respectu
1414 3866 1693 3927 Ecclesiae
1724 3892 1739 3941 ;
1784 3872 1953 3929 Licet
1992 3872 2151 3928 enim
2180 3870 2352 3927 nulla
2376 3866 2531 3925 foret
2550 3868 2815 3927 Ecclesia
2834 3869 2895 3924 in

493 3944 684 4008 tems,
714 3956 834 3995 non
863 3940 1082 4015 periret
1107 3948 1305 3999 tamen
1338 3944 1594 4016 Veritas,
1624 3957 1893 4006 maneret
1914 3967 2145 4023 semper
2174 3948 2232 4004 in
2265 3948 2413 4020 Deo,
2445 3946 2507 4004 in
2539 3946 2813 4021 AngeliS,
2831 3946 2893 4003 in

489 4014 712 4088 Beatis,
742 4023 804 4074 et
832 4017 895 4074 in
922 4018 1052 4093 ipsa
1095 4018 1420 4095 Scriptura.
1496 4022 1661 4099 Ergo
1682 4026 1861 4101 longe
1890 4027 2109 4101 dispari
2152 4044 2329 4083 sensu
2378 4024 2649 4083 Ecclesia
2676 4022 2893 4082 dicitur

487 4093 772 4153 columna
800 4094 1106 4168 Veritatis,
1137 4105 1196 4155 et
1226 4098 1467 4159 Veritas
1495 4104 1778 4161 columna
1812 4104 2123 4174 Ecclesiae3
2168 4112 2443 4161 mutuam
2472 4104 2582 4161 sibi
2610 4108 2895 4179 praestant

487 4192 746 4248 operam,
796 4177 898 4232 sed
947 4176 1360 4235 diversimode.
1464 4180 1704 4239 Veritas
1752 4190 1839 4240 est
1888 4184 2170 4240 columna
2218 4182 2497 4239 Ecclesiae
2536 4182 2781 4258 propt-ie
2834 4186 2894 4236 et

475 4251 903 4327 principaliter,
955 4252 1221 4313 Ecclesia
1267 4258 1550 4316 columna
1580 4259 1884 4331 Veritatis,
1934 4261 2391 4320 ministem'aliter
2426 4267 2487 4318 et
2530 4260 2846 4338 improprie
2868 4279 2892 4322 2·

487 4328 728 4388 Veritas
755 4332 1036 4391 columna
1059 4332 1358 4405 Ecclesiae,
1387 4353 1517 4393 eam
1549 4338 1789 4396 realiter
1827 4338 2091 4398 fundans
2122 4347 2182 4397 et
2210 4340 2523 4397 efficaciter
2570 4340 2888 4397 sustinens.

485 4406 753 4464 Ecclesia
794 4412 1074 4469 columna
1104 4412 1412 4485 Veritatis,
1457 4432 1588 4472 eam
1617 4417 1948 4491 praedicans
1976 4425 2038 4476 et
2062 4418 2291 4475 mundo
2320 4418 2625 4476 exhibens.
2712 4416 2889 4477 Veri-

479 4491 572 4540 tas
599 4484 707 4541 dat
734 4502 856 4542 esse
880 4486 1182 4560 Ecclesiae,
1211 4493 1312 4549 sed
1359 4492 1628 4550 Ecclesia
1656 4494 1963 4554 veritatem
1990 4496 2253 4555 custodit
2280 4504 2341 4554 et
2367 4503 2572 4555 tuetur
2600 4498 2888 4555 adversus

479 4561 720 4622 Satanae
744 4568 806 4619 et
831 4566 1043 4621 mundi
1071 4568 1418 4627 calumnias.
1506 4570 1746 4629 Veritas
1768 4580 1856 4631 est
1882 4574 2167 4631 columna
2196 4572 2481 4633 Ecclesiae
2508 4596 2679 4633 sensu
2698 4576 2887 4633 archi-

474 4640 764 4707 tectonica
779 4640 866 4696 uti
878 4642 1226 4715 loquuntur,
1241 4648 1341 4702 sed
1359 4646 1625 4706 Ecclesia
1634 4650 2065 4709 columnaVeri
2073 4652 2383 4711 tatissensu
2396 4652 2650 4727 politico,
2678 4655 2885 4729 Atque
