3234 5192
294 341 524 382 nxsru'r.
555 319 736 402 xva]
901 341 978 379 m:
1010 338 1490 381 sarisrAcrxoms
1518 337 1757 380 cnmsn
1782 339 2101 382 vsmrxrs.
2582 329 2699 388 559

294 481 516 541 Verum
545 481 654 540 etsi
682 479 827 538 nihil
872 500 974 557 pro
1019 501 1081 540 se
1129 479 1396 540 debuerit
1439 478 1721 556 Christus,
1769 501 1887 539 non
1932 481 2127 542 obstat
2168 490 2361 542 tamen
2389 485 2699 561 quominus

290 563 423 701 jfure
452 561 681 640 abipso
707 580 908 640 poenas
957 561 1250 638 repetierit
1300 561 1489 636 Pater,
1519 567 1828 638 postquam
1872 570 2133 622 nostrum
2182 583 2519 640 sponsorem
2568 587 2700 626 eum

325 651 454 702 ec1t.

380 719 667 780 XXXV.
712 721 918 797 Itaque
947 741 1077 780 cum
1121 721 1187 780 fit
1231 721 1447 781 mentio
1495 721 1829 780 addictione&
1866 721 2075 782 Chr-ista
2116 722 2173 781 in
2200 733 2432 784 mortem
2460 723 2576 783 duo
2604 724 2706 784 isti

301 811 464 862 actus
493 801 775 878 imprimis
805 810 939 860 sunt
968 800 1362 878 distinguendi
1395 823 1410 860 z
1457 803 1510 858 1.
1554 801 1875 860 Destinatio
1906 802 2120 860 Christi
2157 803 2215 861 in
2241 807 2442 862 vadem
2470 805 2567 881 qui
2597 825 2702 883 pro

299 882 470 940 nobis
499 880 872 940 satisfaceret.
915 887 972 940 2.
1002 883 1240 958 Inflictio
1257 901 1561 958 pomarum
1581 882 1751 940 nobis
1774 881 2097 941 debitarum
2118 883 2179 940 in
2209 883 2500 942 Christum
2530 904 2699 962 spon-

303 982 488 1021 sorem
519 961 913 1020 constitutum.
998 961 1164 1020 Prior
1190 981 1306 1019 non
1335 969 1424 1020 est
1451 970 1608 1019 actm
1618 961 1872 1036 justitias,
1904 961 2009 1020 sed
2049 970 2170 1021 tum
2197 965 2449 1040 supremi
2472 966 2708 1024 dominii

303 1061 444 1120 erga
472 1042 764 1100 Christum
792 1040 1100 1116 hominem,
1132 1050 1252 1100 tum
1282 1042 1680 1100 misericor-dim
1708 1061 1847 1118 erga
1866 1061 2012 1118 nos;
2058 1043 2219 1101 nulla
2246 1044 2529 1121 siquidem
2558 1045 2704 1104 ratio

303 1122 414 1181 fuit
443 1122 501 1179 in
533 1122 760 1180 Christo
802 1129 1036 1199 propter
1077 1141 1252 1199 quam
1300 1129 1592 1180 teneretur
1634 1122 1745 1180 hoc
1794 1121 2043 1180 officium
2086 1123 2394 1202 suscipere,
2426 1133 2485 1184 et
2512 1145 2573 1184 se
2602 1145 2705 1202 pro

307 1201 474 1260 nobis
504 1202 704 1260 sistere
728 1222 743 1277 3
787 1209 847 1260 at
875 1200 1020 1259 alter
1045 1200 1192 1260 bene
1221 1201 1434 1260 dicitur
1480 1210 1638 1259 actus
1666 1202 1916 1277 justitiae,
1940 1202 2164 1281 justum
2194 1204 2347 1262 enim
2374 1204 2483 1263 fuit
2514 1205 2707 1264 Chris-

308 1289 434 1340 tum
461 1299 794 1357 sponsorem
817 1281 1194 1340 constitutum
1213 1301 1318 1358 pro
1339 1281 1508 1340 nobis
1530 1280 1877 1356 satisfacere,
1902 1282 2017 1340 imo
2040 1281 2207 1341 aliter
2225 1283 2349 1342 fieri
2378 1303 2493 1341 non
2520 1285 2713 1362 potuit

311 1380 386 1419 ex
415 1359 614 1418 ordine
647 1359 776 1418 Dei.
862 1360 955 1418 Ita
981 1361 1120 1420 licet
1134 1363 1516 1438 personaliter
1537 1369 1594 1420 et
1616 1363 1909 1420 intrinsece
1932 1381 2033 1421 seu
2062 1363 2396 1422 inhaerenter
2422 1363 2594 1425 fuerit
2622 1365 2711 1422 in-

312 1439 772 1513 nocentissimus,
804 1448 862 1498 et
888 1440 999 1499 hoc
1026 1450 1196 1518 pacto
1223 1442 1414 1518 puniri
1453 1443 1586 1520 jure
1631 1461 1749 1501 non
1775 1441 2042 1518 potuerit,
2074 1450 2267 1501 tamen
2294 1443 2431 1521 quia
2456 1445 2711 1503 substitu-

314 1522 418 1578 tive
445 1528 504 1578 et
515 1519 871 1595 judicialiter
897 1519 1008 1579 fuit
1029 1541 1258 1597 nocens,
1283 1529 1518 1598 propter
1536 1529 1775 1598 peccata
1794 1530 1993 1581 nostra
2018 1523 2077 1579 in
2108 1542 2169 1581 se
2198 1533 2444 1601 recepta,
2466 1525 2712 1602 justitias

312 1601 459 1659 ratio
481 1600 1078 1677 omnino'postulabat,
1099 1610 1164 1660 ut
1181 1621 1284 1678 pro
1307 1601 1378 1660 iis
1400 1621 1502 1678 pro
1524 1603 1737 1679 quibus
1754 1601 2141 1678 spoponderat
2160 1603 2523 1682 plecteretur,
2544 1613 2604 1664 et
2630 1605 2717 1664 sic

316 1700 442 1740 vere
469 1700 572 1759 pro
600 1679 742 1758 ipsis
768 1682 1131 1756 satisfaceret.
1178 1681 1256 1740 Et
1283 1681 1356 1741 de
1384 1681 1476 1740 his
1503 1683 1737 1759 quidem
1766 1681 2063 1742 hactenus.

959 1829 1397 1900 EPIMETRA
1441 1841 2089 1902 RESPONDENTIS.

404 1999 454 2058 Ι.
503 2001 666 2060 Sicut
692 2008 892 2059 contra
914 1999 1224 2058 Fanaticos
1246 1998 1666 2077 Anabaptistas
1695 2000 1987 2059 Christum
2015 2001 2098 2058 ita
2124 2009 2385 2060 naturam
2415 2003 2725 2062 humanam

324 2081 704 2157 assumpsisse
733 2088 800 2138 ut
827 2099 1028 2144 revera
1055 2079 1224 2136 nobis
1251 2079 1424 2138 fuerit
1452 2078 1697 2154 ὅμοοὺσιος
1725 2088 1881 2136 certo
1910 2081 2254 2155 asserimus3

405 2161 490 2217 II.
538 2159 632 2218 Ita
659 2167 860 2216 eontra
888 2157 1226 2216 Pontificios
1255 2157 1472 2216 Christi
1499 2159 1723 2234 Corpus
1745 2176 1944 2215 omnes
1966 2178 2135 2216 veras
2158 2167 2217 2216 et
2237 2159 2575 2218 essentiales
2602 2161 2728 2218 veri

326 2238 580 2315 corporis
609 2237 986 2315 proprietates
1005 2255 1228 2313 semper
1247 2236 1537 2313 habuisse,
1563 2237 1708 2296 adeo
1730 2245 1795 2296 ut
1812 2255 1999 2314 neque
2018 2237 2191 2296 fuerit
2210 2238 2519 2315 invisibile,
2541 2259 2728 2317 neque

326 2318 642 2390 illocatum,
673 2337 862 2394 neque
888 2316 1104 2393 ubique
1133 2315 1423 2393 diffusum,
1445 2316 1802 2377 confidenter
1828 2336 2245 2378 asseveramus.

410 2398 532 2458 111.
578 2398 751 2458 Unde
779 2397 917 2456 licet
960 2416 1157 2456 veram
1201 2396 1540 2457 idiomatum
1585 2397 2161 2458 communicationem
2190 2399 2252 2457 in
2280 2407 2549 2461 concreto
2577 2419 2728 2478 resp.

326 2499 588 2556 personas
614 2479 784 2538 facile
813 2475 1216 2554 admittamus3
1261 2478 1502 2538 eandem
1552 2489 1745 2538 tamen
1788 2478 1851 2537 in
1878 2479 2167 2539 abstracto
2194 2499 2345 2556 resp.
2374 2487 2594 2539 naturae
2622 2481 2729 2540 hu-

326 2580 512 2619 manae
540 2559 708 2637 quasi
735 2560 863 2637 ipsa
901 2558 1283 2636 omnipotens,
1315 2559 1746 2639 omnipraesens,
1776 2567 1835 2618 et
1875 2559 2155 2618 omniscia
2196 2560 2349 2620 facta
2375 2559 2563 2637 fuerit,
2596 2580 2733 2619 con-

335 2648 556 2700 stanter
582 2659 879 2716 negamus.

412 2721 524 2780 IV.
569 2719 795 2779 Nomen
823 2721 957 2780 n'mi
987 2718 1112 2776 sive
1143 2717 1390 2796 simplex
1418 2726 1707 2778 statuatur
1731 2725 1797 2776 ut
1824 2719 2119 2777 nonnullis
2140 2718 2330 2796 placet
2351 2717 2673 2778 derivatum
2698 2738 2734 2777 a

329 2799 524 2859 radice
551 2803 674 2874 ’τὲ-ε,
706 2799 783 2857 id.
802 2799 1048 2873 mittere,
1073 2807 1293 2856 mutato
1323 2819 1358 2858 rs
1387 2798 1449 2855 in
1477 2822 1532 2873 π,
1563 2798 1663 2856 vel
1690 2818 1725 2855 a
1752 2796 1943 2855 radice
1972 2801 2101 2873 abv’,
2131 2799 2241 2856 hoc
2271 2805 2359 2856 est
2386 2798 2643 2874 quietum
2674 2806 2735 2857 et

329 2879 556 2939 felicem
585 2897 712 2938 esse
737 2899 751 2951 ;
783 2878 907 2935 sive
935 2876 1316 2953 compositum
1355 2876 1580 2935 dicatur
1622 2895 1699 2934 ex
1726 2875 1957 2934 nomine
1982 2881 2097 2950 Επεὶ,
2128 2876 2207 2934 id.
2236 2876 2407 2952 filius,
2439 2885 2497 2934 et
2524 2897 2731 2953 prono-

330 2959 486 3016 mine
513 2957 688 3016 affixo
714 2983 750 3029 π,
781 2955 859 3014 id.
891 2957 1036 3034 ejus,
1066 2963 1290 3015 mutato
1317 2977 1334 3011 π
1364 2955 1424 3012 in
1452 2979 1507 3030 π,
1538 2963 1604 3014 ut
1632 2955 1675 3015 J
1679 2955 1931 3012 onathan
1959 2962 2019 3012 et
2052 2955 2225 3013 Aben
2257 2956 2407 3012 Ezra
2434 2966 2734 3033 exponunt

331 3065 402 3101 na
432 3037 587 3094 filius
615 3036 760 3114 ejus,
790 3034 888 3094 vel
915 3032 1072 3112 quod
1097 3053 1216 3091 non
1242 3035 1434 3092 minus
1475 3033 1789 3092 verisimile
1826 3053 1900 3090 ex
1928 3035 2264 3110 pronomine
2292 3035 2537 3094 relativo
2565 3049 2603 3099 ἠ
2632 3057 2737 3114 pro

332 3143 434 3182 svn
464 3124 522 3174 et
550 3114 951 3192 praepositione
978 3119 1008 3175 Β
1039 3120 1098 3172 et
1124 3113 1298 3171 affixo
1325 3134 1361 3189 π,
1391 3113 1475 3171 ita
1501 3121 1566 3172 ut
1595 3113 1673 3172 sit
1693 3113 1847 3171 idem
1864 3112 2022 3189 quod
2047 3115 2095 3170 τ’)
2126 3123 2229 3175 ψὸκ
2258 3112 2301 3192 ᾇ
2329 3114 2609 3192 ἀπόκειται,
2642 3117 2736 3176 cui

334 3196 650 3274 repositum
669 3203 774 3270 est,
802 3193 1002 3272 supple
1032 3213 1292 3270 regnum,
1323 3203 1390 3252 ut
1408 3192 1683 3270 Onkelos‚
1717 3192 2285 3270 Hierosolymitanus
2304 3196 2735 3274 Paraphrastes,

335 3284 394 3336 et
419 3276 546 3335 lxx.
575 3282 827 3350 vertunt,
859 3293 1204 3351 quocunque
1251 3273 1484 3332 tandem
1530 3274 1703 3332 modo
1748 3273 2085 3351 explicetur,
2138 3275 2365 3335 Nomen
2411 3278 2523 3337 hoc
2570 3287 2636 3338 ut
2680 3287 2740 3337 et

335 3357 524 3435 ipsum
556 3355 868 3417 Oraculum
898 3355 1047 3414 Gen.
1077 3353 1242 3428 xlix„
1275 3354 1532 3431 apprime
1562 3353 1793 3413 Christo
1822 3363 2145 3431 competere
2174 3377 2493 3417 censemus.

417 3439 494 3496 V.
540 3437 766 3496 Nomen
791 3434 1245 3516 τπμγςιίμματον
1270 3456 1409 3510 mm,
1441 3454 1556 3494 non
1585 3455 1661 3494 ex
1684 3433 2089 3514 superstitione
2116 3437 2311 3514 aliqua
2338 3438 2383 3498 J
2385 3438 2611 3512 udai‘ca,
2637 3437 2742 3498 sed

339 3538 414 3577 ex
441 3538 601 3577 mera
629 3519 758 3594 ejus
786 3525 1128 3594 punctorum
1155 3513 1500 3592 ignorantia,
1527 3512 1701 3594 (nihil
1721 3525 1915 3574 tamen
1936 3523 2151 3576 temere
2180 3537 2216 3575 a
2242 3519 2411 3577 nobis
2440 3517 2740 3576 definitum

339 3598 608 3656 volumus
666 3595 930 3656 exercitii
958 3614 1132 3655 causa
1159 3595 1479 3667 ἀναφαίνοιτο,
1506 3615 1634 3655 esse
1663 3595 2055 3655 defendemus.

423 3677 538 3735 VI.
648 3697 716 3734 oc
744 3695 956 3735 nomen
1003 3676 1085 3733 ita
1135 3675 1262 3735 Deo
1311 3676 1420 3735 soli
1467 3676 1762 3754 proprium
1811 3695 1955 3752 esse,
1986 3684 2053 3734 ut
2079 3675 2224 3736 nulli
2254 3684 2529 3736 creaturae
2557 3675 2743 3755 possit

340 3775 474 3814 vere
504 3755 697 3832 tribui,
729 3764 930 3816 contra
961 3753 1300 3817 Socinianos
1327 3756 1476 3815 bene
1507 3757 1832 3816 statuimus.
