3234 5192
288 353 521 396 msrur.
550 331 667 416 ιι]
860 353 939 394 nr.
966 351 1443 396 sArrsrAcnoms
1470 353 1708 395 cuman
1737 351 2154 396 nzcnssrrxrn.
2585 335 2702 396 389

288 494 525 572 regulae,
548 495 661 553 hoc
678 502 768 555 est
786 493 907 572 legi
928 503 1173 570 aeternae,
1196 495 1323 554 fieri
1339 494 1501 554 nulla
1528 493 1752 554 ratione
1771 501 1964 571 potest
1989 503 2056 554 ut
2084 495 2212 554 Deo
2233 513 2350 552 non
2377 493 2698 572 displiceat,

290 576 551 652 adeoque
576 584 941 652 peccatorem
992 594 1107 634 non
1136 576 1359 652 obliget
1385 574 1461 633 ad
1490 595 1736 652 poenam,
1781 575 1881 652 qui
1922 575 2077 632 enim
2107 576 2234 633 Deo
2256 574 2539 652 displicet,
2571 573 2698 651 dig-

288 675 401 715 nus
426 664 517 714 est
544 674 613 714 eo
635 656 763 732 ipso
790 655 891 732 qui
916 675 955 714 a
984 655 1109 714 Deo
1136 655 1462 732 rejiciatur;
1507 655 1613 714 sed
1639 654 1712 712 de
1754 674 1824 713 eo
1861 655 2322 730 controvertitur,
2373 675 2448 713 an
2475 662 2542 714 ut
2569 674 2694 731 pec-

289 743 422 794 cata
448 735 731 813 punibilia
758 735 891 811 sint,
922 735 1007 794 ita
1031 735 1241 795 debeat
1270 735 1431 794 Deus
1458 735 1784 794 necessario
1811 743 1872 794 et
1913 734 2057 794 velit
2085 743 2218 794 actu
2245 734 2448 813 punire
2478 753 2703 812 semper

289 834 365 873 ex
386 816 635 894 justitia.
698 819 755 874 2.
787 815 918 876 Non
940 815 1311 893 disceptatur,
1338 814 1436 872 An
1454 824 1690 892 peccata
1717 813 1982 892 quaedam
1999 823 2134 874 actu
2153 815 2355 893 puniat
2375 813 2471 874 vel
2497 815 2704 892 punire

292 895 535 972 debeat;
580 895 930 974 Agnoscunt
955 895 1109 954 enim
1138 895 1455 954 adversarii
1514 895 1701 953 Deum
1741 913 1856 952 non
1883 913 2064 971 posse·
2083 914 2200 953 non
2227 894 2428 972 punire
2465 904 2704 971 peccata

291 975 775 1054 impoenitentium
814 983 873 1036 et
914 976 1377 1036 contumacium:
1424 974 1543 1034 Sed
1570 973 1670 1032 An
1713 973 1906 1032 omnia
1961 974 2195 1034 omnino
2238 975 2322 1034 ita
2371 975 2590 1052 puniat,
2638 983 2704 1033 ut

292 1057 517 1114 nullum
544 1055 793 1115 inultum
836 1055 992 1114 abire
1020 1056 1289 1132 patiatur.
1333 1058 1390 1115 3.
1435 1054 1487 1112 N
1492 1073 1569 1112 on
1604 1054 1854 1113 vertitur
1893 1054 2121 1132 proprie
2163 1055 2223 1114 in
2251 1055 2700 1114 controversiam

295 1135 397 1194 An
425 1136 587 1195 Deus
615 1155 689 1194 ex
716 1155 931 1195 summo
958 1137 1055 1194 illo
1066 1138 1207 1210 jure
1238 1134 1397 1212 quod
1422 1134 1483 1192 in
1529 1134 1866 1193 Creaturam
1906 1135 2144 1211 obtinet,
2175 1143 2234 1194 et
2261 1133 2516 1211 potentia
2543 1135 2700 1194 abso-

292 1219 414 1274 luta
454 1224 692 1293 peecata
716 1215 1008 1275 remittere
1033 1215 1219 1292 possit
1260 1215 1480 1292 absque
1509 1213 1930 1290 satisfactione3
1977 1214 2180 1292 Neque
2223 1214 2378 1274 enim
2425 1214 2467 1272 ii
2505 1233 2704 1273 sumus

295 1297 398 1374 qui
450 1295 666 1354 limites
708 1294 1103 1373 Omnipotenti
1144 1303 1397 1355 statuere
1443 1294 1732 1371 velimus3
1775 1313 1962 1370 neque
2016 1302 2276 1353 nostrum
2334 1301 2424 1353 est
2463 1293 2704 1353 definire

294 1393 597 1454 quousque
640 1375 867 1434 infinita
912 1375 1015 1434 illa
1066 1383 1127 1434 et
1151 1379 1462 1440 ὄινπυθνκς
1488 1393 1665 1452 quam
1691 1375 1754 1432 in
1798 1375 2132 1432 Creaturam
2174 1373 2396 1434 obtinet
2447 1381 2706 1452 potestas

295 1455 680 1530 extendatur3
728 1453 848 1514 Sed
886 1455 1131 1533 quaestio
1158 1464 1249 1515 est
1273 1454 1347 1514 de
1368 1455 1501 1532 jure
1526 1455 1820 1514 vti-tutibus
1846 1462 2153 1530 temperato
2180 1462 2236 1512 et
2255 1453 2506 1530 potentia
2547 1455 2704 1514 ordi·

292 1545 435 1596 nata
462 1535 779 1594 secundum
806 1554 981 1612 quam
1008 1555 1124 1595 non
1153 1544 1376 1595 tantum
1414 1542 1607 1612 potest
1654 1553 1844 1611 agere,
1875 1534 1981 1592 sed
2021 1553 2195 1611 agere
2237 1533 2368 1594 vult
2393 1541 2452 1594 et
2479 1534 2602 1612 agit
2645 1535 2706 1594 in

290 1617 403 1676 hoe
444 1615 763 1694 praesertim
812 1616 1066 1693 negotio.
1152 1615 1419 1694 Denique
1472 1634 1589 1674 non
1632 1613 1972 1691 disquiritur
1998 1613 2098 1672 An
2127 1613 2391 1674 Christus
2445 1613 2710 1674 debuerit

293 1696 516 1775 aliquid
542 1695 727 1756 facere
756 1704 816 1755 et
834 1697 957 1774 pati
983 1715 1099 1774 quo
1128 1695 1445 1756 secundum
1486 1694 1668 1773 partis
1693 1695 1848 1753 laesae
1895 1693 2394 1772 acceptilationem
2423 1693 2605 1772 gratis
2649 1703 2710 1754 et

294 1777 553 1855 precario
598 1784 1047 1854 consequeretur
1091 1776 1356 1851 veniam;
1401 1795 1536 1834 nam
1580 1783 1642 1834 et
1683 1774 1831 1832 illud
1873 1773 2016 1833 dant
2056 1773 2408 1834 adversarii:
2455 1772 2571 1834 Sed
2609 1775 2710 1832 An

294 1857 602 1932 meritorie,
632 1857 838 1934 reipsa,
868 1865 929 1916 et
973 1857 1199 1934 integre
1244 1855 1574 1916 satisfacere
1623 1853 1906 1928 debuerit,
1955 1873 2072 1912 non
2121 1853 2440 1914 omittendo
2487 1853 2564 1912 ali
2607 1854 2710 1913 uid

292 1936 451 2014 quod
478 1936 679 1995 stricto
700 1937 833 2016 jure
860 1937 985 1996 fieri
1012 1937 1230 2010 debuit,
1263 1934 1369 1995 sed
1392 1943 1515 1995 tam
1556 1933 1786 2012 agendo
1815 1953 1990 2011 quam
2032 1933 2306 2012 patiendo
2333 1933 2570 2012 quicqui
2633 1934 2708 1992 ad

288 2018 535 2077 salutem
564 2025 823 2076 nostram
860 2024 987 2076 erat
1012 2018 1372 2094 requisitum.

372 2097 475 2155 XI
484 2097 553 2156 V.
600 2095 771 2155 Unde
792 2097 917 2173 jam
953 2096 1139 2155 facilis
1186 2105 1247 2156 et
1284 2095 1625 2174 perspicuus
1665 2095 1912 2173 emergit
1951 2094 2289 2174 quaestionis
2338 2103 2561 2170 status;
2606 2093 2708 2152 An

291 2177 515 2236 scilicet
543 2176 671 2235 Deo
699 2177 1001 2236 nobiscum
1028 2196 1104 2235 ex
1136 2176 1271 2254 jure
1300 2175 1612 2235 virtutibus
1649 2183 1966 2253 temperato
1995 2183 2206 2252 agente
2253 2175 2478 2234 nullum
2505 2193 2705 2253 pecca-

292 2265 419 2316 tum
446 2256 791 2334 impunitum
819 2255 1032 2316 dimitti
1060 2257 1260 2334 possit,
1312 2266 1485 2334 atque
1525 2254 1672 2314 adeo
1721 2255 2038 2315 satisfactio
2089 2255 2304 2315 Christi
2339 2263 2578 2314 eatenus
2603 2274 2710 2332 pro

294 2337 465 2396 nobis
490 2336 817 2394 necessaria
842 2336 1030 2410 fuerit,
1060 2345 1127 2396 ut
1152 2336 1373 2414 absque
1400 2355 1470 2395 ea
1512 2355 1622 2395 nec
1668 2337 1931 2394 remissio
1979 2343 2364 2414 peccatorum,
2416 2354 2522 2394 nec
2552 2335 2710 2394 salus

298 2425 515 2476 aeterna
540 2417 791 2494 potuerit
806 2416 1082 2494 obtineri,
1126 2437 1231 2477 seu
1258 2437 1333 2476 an
1360 2436 1437 2475 ex
1458 2425 1622 2494 parte
1652 2416 1764 2476 Dei
1791 2436 1908 2474 non
1936 2415 2108 2475 modo
2138 2435 2461 2494 congruum
2489 2424 2548 2475 et
2576 2435 2712 2474 con-

298 2505 655 2572 sentaneum,
684 2496 789 2556 sed
817 2506 875 2558 et
910 2498 1299 2558 necessarium
1326 2496 1498 2557 fuerit
1540 2497 1833 2556 Christum
1862 2496 1906 2556 J
1909 2496 2122 2556 ustitiae
2153 2496 2386 2556 Divinae
2413 2515 2517 2573 pro
2545 2496 2714 2556 nobis

300 2578 469 2656 plene
498 2597 565 2638 ac
612 2577 865 2656 perfecte
912 2578 1241 2638 satisfacere
1283 2578 1359 2637 ad
1386 2597 1533 2655 opus
1572 2576 1987 2653 redemptionis
2029 2584 2242 2636 nostrae
2285 2575 2714 2654 peragendum;

302 2658 551 2735 Oblique
576 2668 795 2736 negant
820 2658 1117 2736 pontificii,
1163 2657 1405 2718 subdole
1431 2657 1784 2717 labefactant
1809 2665 2279 2732 remonstrantes,
2311 2655 2416 2715 sed
2462 2660 2632 2738 γυμνῇ
2656 2661 2719 2721 «ἦ

300 2742 507 2812 anona?
536 2747 596 2798 et
622 2747 817 2816 aperte
846 2745 1185 2817 oppugnant
1230 2737 1551 2796 Socinistae.

386 2805 533 2878 XV.
568 2819 817 2879 Socinus
842 2821 1061 2896 passim
1078 2817 1430 2876 contrarium
1451 2815 1660 2874 astruit
1681 2822 1806 2873 tum
1833 2813 1894 2872 in
1909 2813 2012 2874 lib.
2043 2813 2116 2872 de
2149 2814 2471 2887 Servatore,
2503 2823 2624 2874 tum
2655 2815 2716 2874 in

300 2898 556 2976 praelect.
611 2901 647 2931 “
670 2899 803 2975 Ego
830 2897 1099 2974 censeo,'’
1129 2895 1336 2972 inquit,
1364 2896 1401 2928 “
1424 2903 1483 2952 et
1508 2892 1894 2952 orthodoxam
1923 2893 2266 2951 sententiam
2295 2912 2422 2950 esse
2451 2894 2714 2968 arbitror,

298 2979 343 3039 J
344 2997 509 3038 esum
550 2977 843 3036 Christum
884 2976 1017 3035 ideo
1061 2975 1427 3034 Servatorem
1468 2981 1727 3032 nostrum
1757 2989 1885 3030 esse
1913 2970 2050 3048 quia
2077 2971 2281 3030 salutis
2303 2979 2532 3030 aeternae
2561 2972 2717 3031 viam

298 3057 471 3116 nobis
518 3055 972 3130 annunciaverit,
1017 3052 1461 3126 confirmaverit,
1504 3062 1565 3110 et
1610 3051 1674 3108 in
1721 3070 1826 3109 sua
1872 3050 2056 3127 ipsius
2099 3069 2362 3129 persona,
2407 3069 2539 3110 cum
2581 3053 2717 3112 vitae

300 3135 587 3213 exemplo,
617 3142 744 3194 tum
771 3154 847 3193 ex
874 3133 1115 3192 mortuis
1142 3131 1498 3208 resurgendo
1534 3130 1837 3190 manifeste
1865 3129 2198 3207 ostenderit,
2229 3131 2524 3208 vitamque
2553 3140 2716 3192 aeter-

300 3235 435 3275 nam
462 3215 633 3275 nobis
679 3214 736 3273 ei
773 3214 947 3273 fidem
987 3211 1337 3272 habentibus
1377 3211 1503 3288 ipse
1544 3210 1784 3270 daturus
1831 3211 1924 3287 sit,
1972 3210 2204 3270 Divinae
2259 3218 2453 3271 autem
2471 3213 2498 3289 j
2508 3212 2718 3272 ustitiss

302 3317 407 3377 per
446 3315 621 3374 quam
646 3303 981 3372 peccatores
1016 3291 1277 3352 damnari
1304 3311 1654 3350 mereremur
1672 3311 1776 3368 pro
1803 3290 2058 3368 peccatis
2096 3291 2311 3350 nostris
2337 3309 2524 3368 neque
2552 3293 2717 3353 illum

306 3377 671 3452 satisfecisse,
700 3395 891 3453 neque
916 3382 985 3433 ut
1010 3372 1315 3432 satisfieret
1342 3391 1488 3450 opus
1514 3371 1694 3430 fuisse
1723 3371 1942 3430 affirmo
1965 3371 2022 3446 ;”
2081 3371 2211 3430 Lib.
2257 3371 2295 3431 i.
2339 3371 2412 3430 de
2445 3373 2643 3433 Serva.
2668 3395 2718 3434 c.

302 3459 341 3517 i.
373 3457 539 3518 Idem
568 3456 771 3515 statuit
818 3453 1117 3514 Cateches.
1168 3451 1565 3527 Racoviensis,
1598 3450 1892 3512 Ostorodii
1921 3451 2133 3528 Instit.,
2181 3451 2467 3512 Smalzius
2521 3463 2722 3514 contra

310 3537 665 3610 Frantzium‚
700 3534 949 3594 Crellius
977 3540 1177 3592 contra
1204 3531 1491 3609 Grotium,
1535 3531 1848 3591 Volkelius
1887 3530 2136 3610 denique
2159 3539 2358 3592 contra
2385 3551 2602 3592 omnes.

387 3615 568 3674 XVI.
613 3613 1079 3674 orthodoxorum
1106 3631 1247 3672 vero
1274 3619 1546 3671 constans
1563 3619 1654 3670 est
1679 3612 1982 3685 sententia,
2015 3612 2306 3672 Christum
2333 3631 2438 3690 pro
2466 3613 2720 3689 peccatis

304 3695 521 3755 nostris
548 3694 817 3754 omnibus
836 3692 1082 3771 justitias
1110 3693 1324 3751 divinoe
1351 3710 1489 3751 vere
1516 3700 1576 3751 et
1596 3692 1846 3770 perfecte
1889 3691 2255 3766 satisfecisse,
2287 3700 2347 3750 et
2385 3699 2452 3751 ut
2493 3691 2717 3750 satisfa-

307 3783 465 3834 ceret
490 3775 725 3834 omnino
752 3793 987 3834 necesse
1014 3773 1209 3849 fuisse,
1241 3772 1323 3831 ita
1349 3781 1415 3831 ut
1442 3772 1662 3850 absque
1689 3792 1760 3831 eo
1787 3771 1952 3846 foret,
1984 3771 2145 3830 nulla
2185 3771 2356 3830 nobis
2385 3770 2479 3830 vel
2519 3771 2718 3830 remis-

306 3855 487 3915 sionis
514 3862 895 3932 peccatorum,
939 3854 1036 3914 vel
1078 3852 1282 3913 salutis
1310 3859 1369 3912 et
1394 3851 1842 3912 immortalitatis
1871 3870 2003 3928 spes
2039 3850 2316 3928 affulgere
2344 3859 2556 3928 posset.

384 3933 601 3994 XVII.
647 3934 765 3994 Hic
791 3944 983 3994 autem
1009 3932 1205 3992 mirari
1232 3932 1375 3992 satis
1400 3953 1519 3992 non
1538 3951 1862 4009 possumus,
1894 3930 2054 4010 quod
2095 3951 2171 3990 ex
2201 3928 2442 3989 Lutheri
2471 3929 2720 4007 discipu-

300 4017 377 4076 lis
402 4014 669 4075 nonnulli
696 4015 827 4091 sint,
858 4023 1031 4094 atque
1058 4015 1208 4074 inter
1244 4011 1391 4072 alios
1420 4012 1756 4072 Gherardus
1782 4011 1846 4070 in
1888 4011 2017 4070 loco
2059 4009 2132 4069 de
2160 4010 2204 4070 J
2207 4007 2381 4068 ustifi.
2413 4028 2462 4068 c.
2493 4011 2720 4089 xxxvi,

304 4098 408 4176 qui
434 4095 795 4155 occasionem
822 4095 1017 4155 datam
1060 4094 1267 4154 volunt
1313 4093 1483 4152 novis
1534 4092 1898 4152 Photinianis
1944 4090 2121 4168 hujus
2163 4088 2488 4166 blasphemi
2515 4091 2724 4150 erroris

304 4176 396 4238 sui
422 4195 527 4254 per
553 4175 872 4235 doctrinam
904 4175 1297 4235 Ecclesiarmn
1342 4181 1670 4232 nostrarum
1714 4169 1787 4230 de
1828 4169 2094 4228 absoluto
2143 4167 2442 4228 electionis
2471 4168 2720 4248 decreto,

308 4261 345 4294 “
368 4257 571 4332 Nam,”
601 4256 807 4334 inquit,
841 4258 877 4290 “
900 4256 951 4316 si
977 4255 1245 4314 absoluta
1294 4252 1407 4310 Dei
1455 4252 1755 4310 voluntate
1783 4248 2050 4309 salvandi
2079 4248 2195 4308 sint
2242 4247 2412 4307 electi
2439 4249 2513 4306 ad
2542 4249 2722 4310 vitam

304 4346 597 4412 aeternam,
626 4337 828 4414 utique
856 4336 1031 4395 etiam
1078 4333 1347 4393 absoluta
1391 4331 1505 4389 Dei
1548 4330 1848 4389 voluntate
1897 4336 2135 4405 peccata
2177 4327 2294 4386 illis
2341 4327 2722 4409 remittentur,

304 4418 398 4477 vel
430 4425 585 4478 certe
613 4416 829 4476 remitti
876 4420 1205 4494 potuerunt,
1257 4411 1517 4487 adeoque
1565 4409 1712 4466 nihil
1762 4427 1908 4485 opus
1935 4414 2025 4466 est
2074 4406 2289 4466 Christi
2334 4407 2724 4471 satisfactione

303 4506 407 4558 aut
432 4497 637 4556 merito
663 4500 712 4556 :’'
755 4496 855 4555 Illi
883 4514 1022 4554 vero
1070 4492 1271 4552 eadem
1299 4488 1744 4567 argumentandi
1768 4487 1990 4546 ratione
2024 4487 2194 4546 facile
2242 4487 2582 4566 collegerint
2608 4509 2726 4551 non

304 4597 451 4655 opus
478 4596 607 4636 esse
636 4576 733 4635 vel
757 4575 872 4636 fide
900 4573 999 4634 vel
1051 4569 1434 4650 poenitentia:
1481 4569 1601 4628 Sed
1640 4567 2006 4644 iniquissima
2048 4577 2137 4628 est
2183 4569 2492 4644 accusatio,
2543 4579 2602 4630 et
2628 4572 2728 4632 vel

304 4677 381 4716 ex
408 4677 479 4716 eo
507 4657 651 4716 satis
678 4655 960 4717 refutatur
986 4651 1143 4731 quod
1170 4651 1271 4730 qui
1299 4670 1404 4729 pro
1448 4648 1716 4709 absoluto
1765 4648 2064 4708 electionis
2108 4648 2340 4709 decreto
2377 4669 2722 4728 pugnamus,
