3234 5192
526 363 639 420 118
1306 384 1382 423 ns
1412 384 1776 426 Nscassanm
1809 386 2153 429 sacr-‚astons
2593 366 2850 451 [nrsrnr.
2879 384 2938 431 v.

524 522 705 582 sarios
746 522 859 580 huc
910 530 969 581 et
1020 523 1158 582 illuc
1230 524 1531 602 missitare,
1583 526 1685 604 qui
1725 548 1828 605 per
1886 528 2075 587 varias
2118 529 2283 607 regni
2329 530 2654 607 provincias
2701 531 2941 591 circum-

518 610 766 679 cursent,
812 604 975 663 verbi
1018 604 1311 664 ministros
1358 607 1630 684 privatim
1679 609 2045 684 conveniant,
2101 610 2428 669 humaniter
2475 612 2836 690 compellent,
2883 620 2944 670 et

520 684 702 742 multa
728 682 1109 760 polliceantur
1136 705 1266 763 quse
1302 686 1381 745 ad
1420 690 1842 749 controversias
1883 698 1982 748 aut
2025 689 2383 767 minuendas,
2414 700 2516 750 aut
2562 691 2940 768 diremendaS,

520 772 620 822 aut
648 764 829 821 amice
856 764 1172 840 leniendae,
1196 766 1467 843 prodesse
1490 778 1743 845 possent,
1767 769 1939 829 modo
1955 770 2067 847 ipsi
2087 778 2206 829 tam
2229 771 2465 831 salutari
2487 773 2727 832 consilio
2749 792 2944 831 aurem

521 844 775 923 praebere
803 852 862 903 et
890 845 1249 904 subscribere
1275 867 1391 906 non
1421 856 1704 908 recusent.
1769 849 1896 909 Imo
1939 870 2008 909 eo
2049 870 2232 929 usque
2274 851 2546 929 progredi
2573 852 2847 929 feruntur,
2878 862 2946 911 ut

524 944 747 983 summa
775 925 965 1002 capita
980 926 1169 1004 operis
1190 926 1479 1004 Henetici,
1494 927 1652 1005 quod
1672 931 2002 1005 moliuntur,
2016 932 2194 990 variis
2211 932 2470 990 articulis
2487 952 2761 1009 expressa
2778 933 2940 990 exhi·

522 1005 712 1080 beant,
744 1005 957 1082 quibus
984 1026 1237 1065 errorum
1266 1008 1557 1067 variorum
1585 1017 1644 1068 et
1687 1011 2155 1089 superstitionum
2197 1011 2525 1070 reformatio
2553 1012 2784 1070 videtur
2809 1032 2940 1088 pro-

520 1085 690 1159 mitti,
705 1085 905 1162 quales
918 1096 1053 1144 sunt
1070 1106 1128 1144 v.
1152 1108 1211 1163 g.
1236 1090 1273 1121 “
1292 1089 1622 1166 Imaginum
1640 1111 1671 1150 e
1694 1092 1925 1169 templis
1946 1092 2186 1167 ablatio;
2217 1091 2634 1150 communionis
2657 1091 2764 1149 sub
2787 1098 2939 1149 utra·

518 1184 633 1241 que
662 1164 851 1241 speeie
870 1166 1156 1225 restitutio
1180 1189 1193 1243 ;
1224 1168 1475 1247 liturgiae
1494 1169 1838 1249 reformati0‚
1871 1173 2007 1231 etin
2026 1173 2286 1249 linguam
2315 1171 2683 1229 vernaculam
2711 1170 2936 1246 versio;

522 1245 791 1303 maximae
820 1246 1210 1305 coenobiorum
1238 1250 1418 1328 partis
1447 1252 1794 1330 suppressio,
1824 1262 1882 1311 et
1926 1252 2000 1310 ad
2027 1252 2386 1330 trigesimum
2413 1271 2596 1328 usque
2625 1250 2813 1310 aetatis
2839 1270 2940 1307 an-

522 1346 664 1386 num
711 1333 976 1385 votorum
1006 1330 1452 1389 monasticorum
1497 1332 1737 1409 dilatio;
1783 1333 2272 1409 indulgentiarum
2306 1331 2641 1406 moderatio,
2673 1331 2942 1389 aliorum-

521 1426 634 1485 que
662 1406 875 1466 rituum
904 1415 963 1467 et
990 1412 1457 1469 caeremoniarum
1498 1412 1690 1472 minus
1718 1413 2166 1472 necessariarum
2195 1413 2496 1472 mutati0.''
2583 1412 2660 1471 Et
2687 1411 2800 1469 alia
2827 1430 2944 1468 non

520 1506 705 1565 pauca
748 1487 810 1546 id
837 1507 1039 1565 genus,
1070 1509 1199 1567 quae
1227 1491 1289 1547 in
1333 1499 1487 1549 coetu
1536 1492 1794 1565 generali
1834 1492 2297 1550 doctissimorum
2345 1494 2644 1568 utriusque
2686 1510 2942 1550 commu-

520 1569 712 1627 nionis
739 1568 1146 1645 theologorum
1176 1570 1428 1627 debeant
1456 1569 1778 1645 approbari,
1811 1578 1869 1627 et
1911 1570 2269 1629 confessione
2291 1572 2565 1647 generali,
2597 1591 2726 1647 quae
2756 1571 2945 1647 capita

522 1647 677 1723 fidei,
709 1647 782 1705 de
810 1649 1021 1723 quibus
1049 1668 1364 1707 consensus
1392 1655 1481 1707 est
1509 1649 1659 1707 inter
1686 1656 1893 1726 partes,
1937 1648 2168 1708 omissis
2195 1650 2269 1707 iis
2296 1650 2358 1707 in
2385 1650 2596 1727 quibus
2627 1650 2940 1726 dissensus,

521 1728 829 1801 contineat,
860 1728 1124 1804 exprimi.
1210 1728 1352 1803 Quae
1379 1728 1613 1807 quidem
1635 1748 1846 1807 magna
1867 1748 1997 1789 cum
2018 1730 2401 1789 ostentatione
2423 1738 2666 1808 possunt
2687 1729 2943 1789 obtendi.

526 1805 660 1884 Sed,
690 1815 757 1866 ut
776 1806 944 1866 facile
966 1808 1247 1885 conjicere
1268 1810 1421 1887 licet,
1446 1810 1753 1885 incassum,
1776 1815 1842 1868 ut
1867 1810 2055 1868 neutri
2077 1809 2478 1869 dissidentium
2498 1810 2648 1887 parti
2665 1809 2948 1886 placitura

525 1888 641 1947 sint
688 1886 813 1945 haec
839 1887 1153 1947 molimina.
1239 1890 1373 1948 Non
1414 1890 1777 1965 adversariis,
1809 1890 1946 1966 quia
1992 1890 2124 1966 plus
2158 1891 2320 1967 justo
2363 1910 2439 1949 ex
2481 1890 2711 1948 illorum
2751 1897 2944 1949 mente

522 1968 692 2028 nobis
734 1967 1087 2028 conceditur.
1170 1969 1302 2027 Non
1330 1970 1559 2047 nostris,
1592 1972 1730 2049 quia
1764 1989 1883 2027 non
1911 1970 2067 2030 satis.
2154 1970 2254 2028 Illi
2280 1979 2593 2047 querentur
2623 1970 2945 2029 Ecclesiam

524 2067 686 2109 suam
714 2048 1077 2107 infallibilem
1106 2050 1312 2110 erroris
1340 2052 1523 2128 argui.
1610 2050 1720 2109 Isti
1741 2070 1879 2109 vero
1901 2069 2016 2109 non
2039 2049 2224 2109 ferent
2242 2051 2562 2128 praecipuos
2584 2058 2642 2110 et
2670 2050 2944 2127 capitales

523 2149 745 2189 errores
774 2148 998 2207 semper
1024 2129 1275 2189 retineri.
1342 2130 1435 2189 Ita
1454 2151 1570 2190 non
1590 2140 1782 2209 potest
1809 2150 1926 2189 non
1955 2130 2148 2190 irritus
2177 2150 2302 2190 csse
2331 2132 2518 2190 omnis
2545 2132 2654 2190 iste
2684 2139 2942 2190 conatus.

529 2209 647 2271 Sed
676 2211 724 2269 si
752 2211 884 2289 quis
910 2210 1161 2288 penitius
1198 2210 1271 2269 ad
1315 2212 1398 2269 rei
1444 2216 1748 2271 veritatem
1792 2210 2069 2285 attendat,
2113 2230 2230 2269 non
2279 2212 2522 2271 obscure
2552 2210 2946 2289 deprehendet

522 2291 649 2350 haec
678 2291 871 2350 omnia
896 2310 1013 2349 non
1042 2290 1155 2349 alio
1182 2289 1296 2350 fine
1334 2292 1560 2366 tentari,
1590 2312 1765 2370 quam
1811 2291 1886 2350 ad
1932 2291 2172 2367 laqueos
2215 2292 2582 2351 conscientiis
2609 2290 2941 2367 nectendos,

524 2381 584 2430 et
612 2370 1134 2448 simpliciores,'sub
1164 2370 1377 2429 eximio
1403 2372 1581 2449 pacis,
1614 2371 1719 2430 sed
1746 2370 2004 2430 subdolae
2026 2379 2084 2430 et
2105 2370 2414 2441 insidiosae,
2438 2371 2669 2431 nomine
2697 2371 2815 2430 illis
2836 2373 2944 2430 im-

525 2451 809 2528 ponendO,
842 2450 903 2507 in
930 2450 1227 2510 servitutis
1254 2450 1511 2529 pristinae
1531 2453 1742 2529 jugum
1783 2451 2160 2510 reducendos.
2248 2451 2404 2509 Dum
2433 2452 2586 2510 enim
2617 2452 2804 2511 Roma
2829 2451 2944 2529 pri-

524 2540 743 2589 matum
772 2539 831 2589 et
874 2530 1236 2608 tyrannidem
1282 2552 1445 2589 suam
1488 2532 1776 2607 retinebit,
1807 2552 1938 2609 quae
1984 2531 2268 2591 dominari
2311 2532 2440 2592 vult
2485 2541 2542 2592 et
2568 2552 2686 2590 non
2715 2531 2941 2609 corrigi,

524 2612 655 2691 quis
708 2612 872 2670 locus
925 2619 1271 2688 potestesse
1314 2613 1693 2689 syncretismo
1714 2613 1743 2669 Ρ
1827 2612 1998 2671 Unde
2041 2631 2157 2671 non
2203 2612 2413 2670 mirum
2443 2612 2493 2670 si
2521 2612 2799 2671 Ecclesiae
2828 2612 2941 2671 Re-

524 2693 783 2751 formatae
812 2690 957 2750 adeo
984 2692 1059 2750 ab
1086 2711 1155 2750 eo
1186 2693 1444 2769 consilio,
1474 2693 1632 2769 quod
1659 2692 2191 2751 Samaritanismum
2219 2701 2279 2751 et
2321 2692 2674 2770 religionum
2705 2692 2944 2769 farragi-

525 2794 657 2832 nem
685 2773 877 2851 potius
906 2792 1079 2850 quam
1107 2792 1305 2831 veram
1333 2783 1393 2833 et
1430 2774 1710 2832 sinceram
1739 2769 1895 2831 ἕνωσιν
1923 2771 2160 2848 inducit,
2192 2772 2411 2831 alienas
2457 2792 2680 2850 semper
2707 2792 2769 2831 se
2795 2792 2939 2849 prae·

524 2854 771 2931 buerint,
802 2860 934 2913 utut
961 2854 1149 2912 zelum
1178 2853 1362 2929 bonae,
1394 2862 1454 2912 et
1485 2873 1615 2931 quae
1663 2854 1790 2912 Deo
1835 2860 2002 2931 grata
2048 2860 2217 2927 esset,
2248 2852 2408 2931 pacis
2434 2872 2552 2931 prae
2583 2872 2644 2911 se
2671 2852 2936 2928 ferentes,

524 2936 852 2995 molitiones
880 2935 1012 2993 illas
1038 2934 1505 3012 repudiaverint3
1568 2942 1626 2993 et
1655 2934 1705 2993 si
1745 2934 1877 3011 quis
1918 2942 2071 2994 esset
2099 2934 2250 2993 inter
2291 2933 2580 3011 evangelii
2627 2932 2936 3007 ministros,

525 3016 627 3093 qui
654 3016 770 3075 illis
798 3015 895 3075 vel
922 3015 1114 3095 palam
1142 3015 1234 3073 vel
1266 3015 1591 3076 clanculum
1614 3014 1852 3092 faveret,
1878 3014 2408 3076 exauctorationem
2437 3012 2798 3073 severissime
2827 3013 2942 3072 sint

522 3096 919 3158 interminatae.
1805 3114 1830 3123 ·

607 3176 930 3237 XXXIV.
976 3180 1107 3237 Non
1145 3199 1283 3239 sane
1321 3180 1480 3257 quod
1502 3200 1700 3258 pacem
1725 3187 1848 3239 toto
1871 3187 2101 3257 pectore
2130 3198 2246 3237 non
2283 3176 2702 3251 exosculemur,
2739 3194 2942 3234 verum

524 3275 725 3335 pacem
755 3276 953 3315 veram
980 3266 1039 3316 et
1087 3258 1331 3317 solidam
1359 3260 1687 3337 quaerimuS,
1733 3279 1862 3336 quae
1910 3257 2297 3317 indissolubili
2341 3278 2472 3316 cum
2520 3256 2763 3315 veritate
2809 3276 2944 3314 con-

519 3336 727 3413 juncta
754 3336 830 3393 sit
856 3336 1107 3410 vincu10,
1138 3338 1370 3413 quando
1399 3348 1517 3397 tam
1540 3348 1695 3397 arcte
1719 3338 1847 3396 duae
1869 3338 1994 3396 istae
2017 3337 2208 3395 Patris
2226 3338 2526 3412 luminum,
2551 3335 2652 3413 qui
2679 3344 2737 3393 et
2763 3336 2948 3410 prima

526 3415 745 3474 veritas
785 3423 890 3490 est,
943 3424 1001 3474 et
1045 3432 1270 3475 summa
1312 3418 1578 3493 charitas,
1610 3417 1762 3493 filiae,
1815 3424 1950 3475 sunt
1994 3436 2288 3492 connexae,
2319 3426 2388 3477 ut
2431 3426 2689 3476 neutram
2733 3414 2946 3473 habere

527 3494 729 3573 possit,
760 3495 861 3571 qui
889 3495 1222 3554 alterutram
1256 3498 1521 3575 negligit,
1553 3505 1611 3556 et
1651 3505 1954 3574 utramque
1995 3496 2217 3575 perdat,
2248 3498 2347 3575 qui
2375 3496 2655 3557 utramvis
2683 3514 2798 3553 non
2828 3514 2946 3554 ser-

528 3584 647 3635 vat.
754 3574 877 3635 Nee
922 3575 1037 3634 alia
1062 3574 1135 3634 de
1166 3596 1339 3637 eausa
1386 3576 1623 3637 divinus
1669 3586 1835 3637 vates
1879 3578 2126 3655 gratiam
2171 3586 2229 3637 et
2257 3578 2562 3637 veritatem
2607 3576 2717 3635 sibi
2744 3583 2947 3635 mutuo

529 3665 913 3732 occurrentes,
935 3656 1225 3734 justitiam
1271 3665 1330 3717 et
1368 3677 1569 3736 pacem
1614 3678 1742 3718 sese
1783 3658 2036 3718 invicem
2078 3658 2407 3717 osculantes
2448 3657 2735 3735 proponit,
2789 3656 2947 3716 Psal.

528 3738 738 3797 lxxxv.
766 3740 858 3813 10,
884 3746 941 3797 et
953 3736 1263 3797 Zacharias
1273 3738 1575 3797 veritatem
1596 3747 1658 3798 et
1671 3758 1872 3816 pacem
1891 3759 2081 3798 amare
2095 3738 2282 3816 jubet,
2303 3759 2352 3799 c.
2375 3738 2498 3797 viii.
2517 3739 2607 3814 16,
2633 3746 2691 3797 et
2711 3737 2945 3810 Paulus,

530 3818 682 3897 Eph.
712 3818 791 3877 iv.
828 3820 919 3896 15,
938 3844 996 3877 το
1010 3826 1250 3883 nannum
1277 3842 1517 3900 :rayno-71
1538 3826 1656 3877 tam
1675 3818 1918 3879 sollicite
1947 3819 2326 3893 commendat,
2357 3838 2530 3896 quam
2557 3826 2624 3877 ut
2651 3818 2948 3894 utriusque

530 3906 793 3959 sanctum
822 3907 880 3959 et
908 3908 1181 3959 constans
1222 3900 1572 3959 connubium
1613 3898 1875 3975 doceant,
1907 3908 1971 3959 ut
2007 3920 2114 3959 nee
2141 3899 2444 3958 veritatem
2489 3897 2611 3956 sine
2652 3916 2811 3975 pace,
2841 3914 2950 3953 nee

526 4000 731 4058 pacem
780 3980 903 4039 sine
943 3980 1188 4039 veritate
1231 3987 1535 4039 sectemur.
1619 3980 1922 4039 Hactenus
1950 4000 2087 4039 sane
2128 3999 2244 4057 pax
2281 3978 2470 4036 modis
2498 3978 2764 4036 omnibus
2792 3995 2946 4053 quse-

528 4070 689 4121 ratur
714 4080 750 4120 a
776 4060 945 4121 nobis
972 4068 1032 4120 et
1058 4068 1303 4139 optetur,
1335 4069 1395 4120 et
1422 4060 1473 4119 si
1499 4059 1632 4137 quis
1660 4059 1910 4119 alien'um
1940 4080 2002 4120 se
2030 4060 2104 4119 ab
2133 4079 2203 4119 ea
2229 4057 2498 4133 ostendit,
2527 4076 2824 4135 nunquam
2853 4054 2950 4113 vel

532 4142 645 4201 Dei
673 4142 833 4220 pacis
858 4142 1031 4219 filius,
1062 4142 1159 4200 vel
1188 4141 1402 4201 Christi
1432 4140 1718 4219 Principis
1766 4140 1926 4218 pacis
1953 4140 2128 4201 frater
2171 4149 2229 4199 et
2256 4138 2576 4198 membrum
2617 4136 2818 4196 haberi
2845 4154 2948 4213 po-

528 4222 681 4283 terit.
768 4222 988 4283 Verum
1018 4222 1069 4283 si
1094 4242 1296 4302 pacem
1338 4221 1598 4282 obtinere
1647 4240 1764 4280 non
1807 4240 2114 4299 possumus
2156 4222 2278 4280 sine
2321 4220 2585 4279 veritatis
2627 4214 2946 4295 dispendio,

530 4302 674 4383 (qua
698 4304 844 4363 nihil
890 4305 1068 4383 prius,
1114 4304 1261 4363 nihil
1304 4302 1598 4381 antiquius
1635 4300 1804 4361 nobis
1853 4320 1979 4361 esse
2026 4301 2215 4377 debet,
2247 4300 2322 4361 ad
2351 4302 2515 4380 cujus
2559 4296 2952 4357 defensionem

529 4383 777 4460 majores
824 4386 1006 4444 nostri
1048 4391 1138 4444 tot
1182 4394 1317 4444 sunt
1357 4385 1586 4443 labores
1635 4382 1808 4461 passi,
1853 4389 1940 4441 tot
1988 4401 2270 4442 aerumnas
2307 4382 2719 4454 sustinuerunt,
2749 4384 2953 4453 totque

530 4462 810 4538 martyria
830 4464 1021 4524 subire
1048 4466 1473 4544 promptissime
1501 4484 1619 4523 non
1647 4462 2011 4545 recusarunt)
2043 4463 2174 4540 quis
2213 4463 2608 4540 injustissimae
2629 4457 2792 4538 pacis
2811 4454 2953 4536 asp..

532 4538 709 4621 αδυρω
736 4560 851 4599 non
880 4553 1192 4621 aversetur,
1224 4554 1283 4604 et
1322 4565 1524 4624 pacem
1564 4546 1850 4605 internam
1883 4554 1944 4604 ct
1970 4551 2242 4603 aeternam
2269 4562 2400 4602 cum
2431 4542 2577 4613 Dee,
2609 4548 2866 4601 externae
2895 4546 2956 4598 et

532 4620 837 4703 temporali
864 4642 996 4683 cum
1022 4623 1369 4700 hominibus,
1414 4625 1831 4704 qualiscunque
1873 4623 2106 4683 demum
2147 4623 2223 4683 sit
2261 4622 2530 4681 utilitatis
2557 4629 2617 4682 et
2644 4618 2950 4694 commodi,

532 4726 648 4765 non
676 4702 943 4783 praeferat
966 4704 1220 4764 lubens?
1302 4706 1430 4763 Imo
1460 4706 1511 4765 si
1537 4713 1696 4764 totus
1733 4704 1982 4765 mundus
2021 4702 2333 4763 lucrandas
2361 4710 2531 4777 esset,
2561 4702 2816 4763 exitialis
2841 4701 2956 4759 ista
