3234 5192
287 407 522 452 Disrur.
553 395 704 466 xm]
934 407 1012 448 ns
1041 405 1534 448 sxrrsmcrioms
1565 407 1807 448 cumsn
1841 407 2157 448 vsm'rxrs.
2592 395 2704 452 611

295 553 530 612 modum
563 551 864 611 solutionis
894 559 951 610 et
978 570 1164 628 poenae
1194 549 1443 624 vicariae,
1476 548 1578 608 sed
1609 556 1832 610 tantum
1863 551 2077 610 virtute
2106 551 2241 610 fidei
2270 561 2327 614 et
2356 555 2709 630 poenitentiae

293 652 426 691 cum
466 633 677 711 quibus
719 631 1119 704 offe-rebantur,
1165 629 1332 689 facile
1375 629 1671 688 refellitur.
1738 631 1882 690 Cum
1926 630 2079 688 enim
2113 633 2273 690 Deus
2310 643 2553 694 testetur
2589 657 2707 693 non

297 713 493 789 semel,
539 733 600 771 se
641 713 968 790 sanquinem
1004 711 1234 770 dedisse
1263 711 1336 768 ad
1366 711 1754 787 expiationem
1784 710 2121 786 faciendam,
2167 721 2225 770 et
2252 712 2464 772 diserte
2496 715 2705 792 Apost.

292 793 498 852 doceat
519 793 689 852 “sine
712 790 1010 870 sanguinis
1031 791 1256 850 fusione
1277 811 1394 849 non
1416 790 1540 848 fieri
1563 791 2015 866 remissionem,''
2040 792 2193 850 Heb.
2214 793 2313 867 ix„
2334 814 2463 852 cum
2487 796 2705 873 passim

297 874 358 932 in
381 873 539 949 Lev.,
567 873 818 951 expiatio
842 872 1120 932 oblationi
1143 871 1551 930 sacrificiorum
1579 871 1883 947 tribuatur,
1908 873 2037 948 quis
2066 893 2182 930 non
2202 873 2365 932 videt
2392 875 2502 932 hoe
2530 875 2705 934 bene·

298 955 490 1012 ficium
521 953 596 1012 ad
626 953 906 1012 sacrificia
934 953 1058 1030 ipsa
1085 951 1446 1010 referendum
1477 971 1620 1025 esse,
1653 971 1769 1009 non
1790 952 2127 1030 simpliciter
2146 952 2222 1010 ad
2250 954 2423 1012 fidem
2445 963 2503 1014 et
2523 957 2705 1032 poeni-

297 1035 536 1094 tentiam
566 1035 702 1093 licet
729 1035 822 1092 hic
853 1033 1022 1092 etiam
1055 1033 1479 1109 requirerentur
1499 1035 1527 1090 Ρ
1568 1031 1713 1090 alias
1740 1041 1857 1090 tam
1888 1033 2225 1092 absentibus
2254 1053 2425 1110 quam
2456 1055 2704 1112 praesen-

295 1115 451 1173 tibus
474 1114 768 1173 sacrificiis
789 1115 1070 1191 potuisset
1098 1113 1352 1190 expiatio
1381 1113 1493 1170 ista
1521 1112 1831 1190 procurari,
1864 1113 2021 1190 quod
2058 1113 2449 1174 falsissimum.
2496 1117 2707 1175 Fateor

298 1195 542 1253 virtutes
585 1194 725 1253 istas
767 1215 802 1251 a
842 1202 1004 1269 parte
1044 1193 1294 1251 hominis
1335 1193 1689 1250 necessarias
1730 1191 1907 1252 fuisse
1944 1202 2009 1252 ut
2048 1194 2264 1252 oblatio
2298 1205 2533 1273 accepta
2562 1195 2709 1256 foret

305 1275 444 1350 l)e0,
487 1294 687 1332 verum
729 1283 794 1332 ut
835 1274 1216 1350 dispositiones
1249 1274 1500 1348 proem'as
1539 1273 1600 1330 in
1645 1273 1905 1349 subjecto
1933 1274 2050 1332 sine
2078 1275 2273 1350 quibus
2300 1275 2561 1334 remissio
2590 1297 2705 1335 non

297 1354 738 1429 concedebatur,
784 1353 1066 1430 siquidem
1095 1352 1241 1411 nulli
1269 1353 1381 1410 nisi
1409 1353 1711 1430 poenitenti
1741 1362 1799 1411 et
1826 1353 2081 1412 credenti
2111 1354 2451 1414 beneficium
2480 1357 2591 1415 hoc
2622 1357 2704 1414 in-

297 1434 587 1512 dulgetur,
630 1453 746 1492 non
777 1442 840 1493 ut
867 1453 1096 1493 causam
1125 1434 1472 1492 meritoriam
1501 1452 1631 1509 quae
1653 1433 1753 1510 jus
1780 1433 1937 1492 illius
1966 1434 2179 1492 virtute
2209 1455 2313 1493 sua
2340 1436 2481 1512 ipsis
2509 1438 2703 1514 aequi-

297 1523 465 1590 reret,
511 1524 568 1573 et
596 1524 838 1590 propter
876 1535 1048 1590 quam
1075 1512 1446 1572 conferretur.
1531 1513 1653 1571 Nec
1682 1513 1795 1570 alio
1824 1533 1998 1572 sensu
2030 1515 2224 1572 David
2254 1525 2423 1576 vocat
2452 1538 2551 1574 cor
2578 1539 2709 1576 con-

295 1595 490 1653 tritum
522 1595 809 1673 sacrificia
839 1594 967 1668 Dei,
1014 1613 1116 1671 per
1143 1593 1464 1670 enallagem
1497 1593 1717 1651 numeri
1746 1612 1849 1670 pro
1879 1594 2158 1653 sacrificio
2188 1596 2665 1672 praestantissimo
2691 1621 2705 1656 ι

300 1675 432 1732 Non
473 1675 625 1734 enim
667 1675 860 1753 agitur
897 1675 969 1733 de
1008 1674 1336 1751 expiatione
1364 1673 1586 1752 peceati
1613 1673 1892 1748 facienda,
1935 1674 2219 1752 siquidem
2248 1697 2378 1734 cum
2412 1677 2706 1736 Psalmum

298 1755 452 1814 hunc
481 1765 710 1814 caneret
732 1757 854 1833 jam
884 1754 1146 1814 audierat
1171 1775 1206 1812 a
1236 1753 1519 1829 Nathane,
1572 1757 1608 1812 2
1659 1754 1811 1812 Sam.
1856 1754 1957 1813 xii.
1994 1759 2085 1830 13,
2120 1765 2417 1834 peccatum
2450 1757 2705 1816 ablatum

293 1845 355 1894 et
383 1835 768 1894 condonatum
798 1855 940 1912 esse,
987 1834 1092 1894 sed
1118 1834 1190 1892 de
1220 1853 1390 1892 sensu
1421 1835 1550 1912 ejus
1579 1835 2002 1912 consequendO,
2040 1835 2110 1893 ad
2143 1857 2312 1913 quem
2345 1838 2578 1896 omnino
2606 1859 2707 1897 ne-

295 1916 545 1974 cessaria
567 1925 689 1975 erat
705 1917 849 1975 fides
878 1925 935 1974 et
963 1915 1232 1974 contritio
1260 1914 1450 1972 cordis
1474 1937 1487 1991 ;
1519 1935 1633 1973 non
1665 1935 1803 1992 ergo
1834 1916 1927 1974 hic
1956 1916 2187 1975 disserit
2214 1917 2355 1994 quid
2383 1918 2552 1995 pretii
2579 1939 2707 1996 per-

295 1997 524 2056 solvere
557 1995 680 2054 Deo
703 1995 950 2054 debeant
979 1995 1256 2068 homiues,
1289 1995 1384 2052 vel
1413 2015 1528 2070 quo
1551 1994 1755 2053 merito
1785 1996 2181 2054 remissionem
2210 2006 2573 2072 peccatorum
2604 1999 2705 2057 ob-

296 2075 534 2150 tineant,
580 2075 696 2133 imo
725 2076 860 2134 data
882 2095 1061 2151 opera
1089 2073 1348 2151 spiritum
1381 2073 1655 2132 afflictum
1686 2073 1905 2132 fictitiis
1934 2076 2499 2151 compensationibus
2528 2097 2705 2155 oppo-

295 2175 456 2230 nens,
501 2155 820 2213 nuditatem
863 2153 1160 2212 hominum
1203 2153 1472 2229 detegere
1511 2152 1713 2227 voluit,
1759 2173 1865 2211 nec
1907 2152 2059 2210 enim
2104 2153 2215 2212 alio
2260 2155 2446 2214 tendit
2475 2157 2709 2233 spiritus

295 2235 543 2311 dejectio
573 2254 744 2310 quam
773 2243 838 2293 ut
865 2233 1154 2290 hominem
1185 2231 1497 2306 exinaniat,
1529 2241 1588 2290 et
1615 2232 1675 2288 in
1704 2231 1947 2291 nihilum
1977 2231 2219 2310 redigat,
2253 2234 2354 2292 sed
2385 2234 2553 2294 docet
2580 2245 2705 2294 tan-

297 2322 418 2372 tum
449 2335 564 2392 quo
593 2314 783 2372 medio
811 2313 1152 2372 beneficium
1181 2312 1292 2370 hoc
1320 2332 1356 2370 a
1386 2312 1511 2370 Deo
1540 2319 1803 2390 paratum
1832 2312 2079 2371 obtineri
2108 2322 2166 2373 et
2201 2315 2398 2374 sentiri
2437 2315 2497 2374 in
2534 2316 2707 2376 eorde

296 2394 496 2472 possit.
581 2394 772 2452 Locus
804 2395 976 2452 Prov.
1000 2393 1121 2451 xvi.
1152 2412 1268 2451 non
1297 2393 1484 2470 magis
1511 2401 1699 2470 urget,
1731 2413 1863 2450 nam
1892 2402 1958 2453 ut
1984 2413 2101 2451 non
2130 2393 2389 2454 dicamus
2416 2417 2585 2474 posse
2614 2397 2710 2457 hic

299 2475 740 2534 misericordiam
769 2485 826 2534 et
855 2474 1142 2534 veritatem
1171 2473 1288 2532 Dei
1312 2473 1560 2551 intelligi
1589 2493 1705 2532 non
1732 2483 2001 2548 nostram,
2034 2475 2190 2552 quod
2220 2476 2562 2554 quibusdam
2587 2478 2707 2554 pla-

295 2564 405 2630 cet,
438 2555 956 2634 quomodocunque
987 2562 1246 2614 sumatur
1283 2565 1502 2614 certum
1545 2563 1636 2614 est
1676 2574 1782 2612 nec
1818 2555 2046 2633 proprie
2076 2554 2287 2614 dictam
2320 2558 2708 2635 expiationem

298 2637 610 2696 virtutibus
637 2637 764 2695 istis
793 2635 986 2711 tribui,
1011 2656 1118 2694 nec
1148 2635 1596 2695 satisfactionem
1622 2635 1832 2694 Christi
1864 2635 2093 2694 excludi
2120 2658 2133 2712 ;
2160 2636 2369 2695 dicitur
2391 2658 2530 2714 ergo
2553 2641 2712 2698 mise-

296 2718 552 2776 ricordia
573 2725 632 2777 et
651 2719 899 2792 verita-te,
926 2717 984 2774 id
1007 2725 1096 2774 est
1119 2716 1394 2774 charitate
1417 2725 1474 2774 et
1497 2713 1627 2790 fide,
1643 2716 1847 2774 redimi
1871 2716 2151 2792 iniquitas,
2184 2717 2321 2792 quia
2348 2728 2483 2776 sunt
2512 2720 2708 2777 condi-

297 2798 484 2858 tiones
513 2798 849 2857 necessariae
881 2799 937 2853 in
967 2797 1228 2873 subjecto
1257 2795 1334 2852 ad
1360 2795 1809 2871 redemptionem
1842 2796 2322 2872 consequendam,
2355 2806 2419 2854 ut
2448 2798 2711 2857 Christus

299 2879 380 2935 ait
421 2879 806 2936 misericordes
847 2876 1290 2933 misericordiam
1333 2882 1761 2947 consecuturos,
1792 2873 2005 2931 Matth.
2040 2893 2093 2930 v.
2130 2879 2183 2948 7,
2222 2876 2309 2932 vel
2341 2877 2478 2951 quia
2506 2878 2709 2952 teqitur

296 2965 358 3014 et
375 2965 654 3032 purgatur
675 2957 732 3013 in
752 2957 938 3027 nobis,
953 2955 1035 3012 sic
1054 2955 1206 3012 enim
1225 2953 1466 3010 verbum
1489 2971 1573 3008 ns:
1597 2972 1749 3028 saepe
1774 2953 2034 3025 sumitur,
2060 2973 2174 3028 quo
2194 2974 2383 3029 sensu,
2405 2959 2431 3012 1
2456 2955 2580 3015 Pet.
2604 2957 2705 3033 im,

298 3038 354 3110 8,
388 3035 600 3093 dicitur
642 3037 677 3068 “
701 3036 948 3093 charitas
977 3034 1198 3110 operire
1227 3031 1651 3091 multitudinem
1685 3032 2107 3108 peccatorum,’'
2154 3042 2227 3108 et,
2276 3034 2425 3093 Dan.
2483 3035 2561 3094 iv.
2610 3041 2705 3113 27,

301 3119 338 3147 “
361 3115 618 3185 redimi‚”
648 3114 725 3173 id.
756 3114 1036 3188 abrumpi,
1074 3115 1108 3146 “
1135 3113 1405 3188 iniquitas
1437 3111 1885 3170 misericordia.''
1920 3111 2203 3170 Caeterum
2232 3133 2347 3172 non
2377 3115 2710 3176 excluditur

301 3195 406 3253 sed
443 3195 784 3272 supponitur
812 3213 1038 3270 semper
1065 3193 1238 3273 λῖη-ςον
1267 3191 1480 3250 Christi
1510 3191 1634 3250 sine
1664 3211 1778 3268 quo
1806 3211 1913 3251 nec
1941 3191 2076 3250 fidei
2118 3213 2225 3252 nec
2255 3195 2519 3256 charitati
2548 3197 2711 3257 locus

302 3296 428 3333 esse
459 3284 666 3352 potest.

385 3355 644 3414 XXXI.
693 3355 889 3430 Atque
917 3353 1042 3412 haec
1071 3353 1349 3411 hactenus
1381 3352 1538 3411 dicta
1565 3362 1737 3411 sunto
1766 3352 1837 3411 de
1868 3352 2162 3414 sacrificiis
2190 3355 2367 3414 relate
2397 3356 2471 3414 ad
2496 3356 2710 3417 Christi

301 3444 540 3496 mortem
587 3445 644 3495 et
688 3434 1152 3506 satisfactionem,
1198 3433 1370 3493 Unde
1403 3433 1641 3492 Semtam
1678 3443 2145 3510 argumentorum
2181 3437 2427 3495 Classem
2468 3437 2714 3496 deduxi-

300 3535 446 3575 mus.
536 3518 808 3592 Sequitur
826 3515 948 3592 jam
973 3515 1240 3591 Septima,
1273 3534 1444 3591 quam
1475 3514 1927 3592 suppeditabunt
1964 3517 2243 3574 crassiora
2279 3518 2555 3576 nonnulla
2586 3519 2709 3576 Ab·

304 3596 478 3656 surda
505 3618 634 3674 quae
665 3594 1008 3655 sententiam
1033 3595 1514 3654 Adversariorum
1547 3603 1813 3672 gravant.
1902 3599 1954 3653 1.
1986 3595 2203 3655 Absur.
2252 3597 2313 3655 Si
2344 3597 2609 3657 Christus
2636 3598 2712 3656 ad

303 3678 634 3753 exemplum
683 3684 908 3735 tantum
953 3683 1012 3734 et
1055 3675 1332 3734 doctrinae
1377 3675 1867 3734 confirmationem
1916 3685 2175 3736 mortuus
2220 3686 2323 3752 est,
2376 3677 2711 3754 neutiquam

305 3777 443 3815 vero
485 3757 560 3814 ad
603 3757 1050 3815 satisfactionem
1091 3765 1150 3814 et
1191 3756 1476 3828 meritum,
1523 3755 1785 3832 sequitur
1813 3756 2104 3834 Martyres
2146 3757 2359 3816 multos
2396 3756 2549 3814 idem
2580 3777 2710 3816 cum

307 3837 538 3896 Christo
580 3835 932 3914 praestitisse,
978 3837 1238 3914 nihilque
1275 3836 1370 3893 hie
1400 3835 1632 3895 Christo
1660 3835 1835 3912 ἓξᾶχυς
1863 3836 2039 3896 tribui
2080 3856 2251 3914 posse
2291 3837 2446 3914 quod
2490 3838 2713 3897 caeteris

305 3917 520 3994 pariter
555 3927 876 3994 competere
905 3937 1020 3975 non
1049 3917 1248 3994 possit,
1293 3936 1426 3974 nam
1468 3923 1526 3974 et
1567 3916 1681 3994 ipsi
1720 3918 1931 3975 mortui
1970 3925 2105 3976 sunt
2140 3916 2217 3975 ad
2252 3917 2714 3992 obsignationem

307 4006 365 4056 et
393 3997 882 4056 confirmationem
925 3997 1202 4056 doctrinae
1239 4016 1410 4073 quam
1451 3997 1632 4055 verbo
1675 4005 1733 4055 et
1774 3997 2001 4074 scriptis
2044 3997 2513 4074 praedicaverant,
2560 3998 2713 4058 unde

306 4097 462 4136 mors
503 4097 698 4136 eorum
742 4086 1044 4155 propterea
1081 4076 1345 4158 μιςτῦςιον
1386 4076 1558 4151 dicta,
1603 4085 1663 4136 et
1702 4077 1813 4154 ipsi
1842 4078 1991 4137 Jesu
2021 4077 2235 4136 Christi
2264 4079 2572 4152 Martyres,
2614 4081 2715 4154 qui

305 4157 762 4217 luculentissima
804 4159 1112 4235 patientiae,
1153 4159 1293 4236 spei,
1333 4157 1646 4231 charitatiS,
1685 4157 2045 4232 obedientiae,
2082 4157 2237 4232 fidei,
2284 4165 2343 4215 et
2380 4165 2713 4216 caeterarum

301 4239 586 4296 virtutum
617 4238 1070 4297 Christianarum
1099 4238 1382 4296 dederunt
1409 4237 1693 4314 exempla.
1762 4237 1847 4296 At
1872 4257 2155 4315 nusquam
2184 4247 2379 4296 tamen
2405 4238 2599 4315 legere
2630 4248 2721 4299 est

309 4339 408 4377 eos
431 4337 533 4394 pro
556 4318 724 4376 nobis
751 4325 1010 4378 mortuos
1037 4327 1096 4378 et
1123 4317 1430 4377 crucifixos
1456 4337 1601 4391 esse,
1628 4337 1727 4376 eos
1747 4327 1985 4395 peccata
2004 4325 2203 4376 nostra
2223 4318 2507 4395 expiasse,
2532 4327 2591 4378 et
2611 4339 2717 4378 nos

313 4400 439 4458 Deo
482 4399 900 4474 reconciliasse,
949 4417 1051 4458 cos
1089 4398 1368 4474 sanguine
1405 4418 1508 4456 suo
1545 4398 1941 4457 remissionem
1982 4407 2346 4476 peccatorum
2390 4407 2715 4460 nostrorum

311 4487 652 4539 consecutos
681 4499 824 4554 esse,
865 4487 923 4555 et
951 4479 1402 4556 redemptionem
1433 4489 1705 4537 {eternam
1736 4499 2087 4556 procurasse,
2129 4479 2285 4556 quod
2314 4479 2484 4538 toties
2512 4489 2571 4540 et
2598 4490 2716 4540 tam

310 4580 585 4639 expresse
615 4559 687 4617 de
718 4560 948 4618 Christo
975 4559 1324 4636 perhibetur,
1360 4559 1486 4616 Imo
1515 4559 1729 4617 diserte
1756 4559 1867 4618 hoc
1896 4559 2257 4619 interdicitur
2284 4571 2344 4620 et
2371 4561 2513 4638 ipsis
2541 4561 2715 4622 dene-

311 4651 499 4718 gatur,
537 4661 669 4699 cum
699 4641 758 4698 in
787 4641 830 4700 J
833 4661 936 4699 esu
965 4640 1180 4699 Christi
1209 4640 1438 4698 nominc
1469 4639 1592 4697 solo
1624 4639 1779 4698 salus
1808 4659 1935 4700 esse
1964 4640 2190 4717 dicitur,
2223 4640 2359 4701 Act.
2409 4642 2487 4699 iv.
2524 4644 2614 4719 12,
2662 4653 2719 4703 et

311 4723 408 4781 ille
439 4741 606 4796 unus,
639 4741 754 4780 non
783 4721 933 4781 alius
961 4720 1264 4798 quispiam,
1297 4741 1400 4799 pro
1429 4719 1596 4778 nobis
1626 4721 1953 4798 crucifixuri,
2003 4724 2031 4778 1
2069 4721 2197 4781 Cor.
2227 4723 2267 4781 i.
2290 4723 2385 4784 13.
2434 4722 2551 4781 Cur
2578 4744 2718 4784 vero
