3234 5192
574 373 650 429 70
1298 384 1375 422 ns·
1418 384 1780 425 ist-,cessam
1825 384 2167 427 ποι-,83101111
2584 364 2847 448 [nrsrur.
2893 390 2982 431 111.

558 532 735 607 ject0‚
766 547 890 606 cap.
921 528 977 586 8.
1022 525 1155 584 Non
1182 523 1415 601 quidem
1443 524 1752 585 diffitemur
1789 526 2019 604 signum
2063 525 2266 602 crucis,
2311 525 2416 584 sed
2462 526 2788 609 ἁνίκα-ηκτοι,
2821 540 2880 590 et
2925 532 2986 589 in

567 616 698 668 aere
726 616 882 667 certo
910 606 1223 683 digitorum
1252 614 1411 664 motu
1440 604 1762 682 formatum,
1798 608 1922 684 jam
1961 614 2130 665 antea
2157 606 2218 663 in
2246 626 2355 664 usu
2383 605 2576 682 fuisse,
2609 620 2674 667 ut
2701 610 2883 687 liquet
2910 632 2988 669 ex

572 691 800 747 Tertull.
833 687 904 745 de
954 706 1105 745 coro.
1136 685 1277 743 mili.
1308 706 1432 763 cap.
1464 688 1518 761 3,
1568 686 1727 744 “Ad
1775 706 2001 745 omnem
2043 705 2411 763 progressum
2439 696 2612 765 atque
2641 700 2982 766 promotum,

564 769 639 827 ad
668 788 895 827 omnem
923 766 1141 825 aditum
1164 774 1222 823 et
1250 765 1488 839 exitum,
1521 764 1630 824 810.
1660 786 2016 843 quaecunque
2034 786 2139 825 nos
2161 768 2522 826 conversatio
2551 778 2797 844 exercet,
2829 770 2982 828 fron-

563 858 681 908 tem
711 848 895 907 crucis
925 844 1223 922 signaculo
1241 845 1537 903 terimus.'’
1585 845 1700 904 Sed
1730 846 1792 903 id
1817 846 2035 923 absque
2061 846 2192 922 lege
2219 846 2527 924 Scripturae
2555 856 2614 907 et
2643 849 2986 925 Apostolica

563 928 871 987 traditione
898 926 1089 1000 fiebat,
1120 944 1197 983 ex
1225 924 1350 983 sola
1376 923 1790 985 consuetudine
1839 934 1897 984 et
1923 925 2230 984 traditione
2272 945 2390 984 non
2420 928 2649 1005 scripta,
2679 936 2744 987 ut
2772 928 2985 988 fatetur

562 1008 778 1067 ibidem
807 1004 1214 1064 Tertullianus.
1298 1004 1520 1063 Verum
1546 1005 1658 1063 hoc
1687 1005 1853 1081 signo
1880 1005 1972 1064 usi
1998 1014 2240 1079 veteres„
2271 1026 2386 1063 non
2429 1016 2493 1065 ut
2521 1008 2830 1083 adorandO,
2875 1030 2982 1067 nec

562 1097 630 1147 ut
656 1086 954 1163 operativo
982 1104 1059 1143 ex
1086 1102 1257 1161 opere
1286 1092 1537 1160 operato,
1560 1084 1718 1161 quod
1747 1086 1874 1143 vult
1902 1087 2198 1159 Bellarm„
2219 1085 2319 1143 lib.
2349 1088 2399 1144 1.
2425 1086 2497 1145 de
2522 1086 2830 1164 Imaginib.
2855 1107 2979 1165 cap.

562 1167 783 1239 ultim0‚
822 1164 925 1224 sed
952 1172 1177 1223 tantum
1204 1172 1269 1222 ut
1294 1166 1453 1240 siquo
1480 1165 1771 1223 deseretivo
1791 1163 2254 1238 ChristianitatiS,
2286 1173 2343 1223 et
2373 1174 2603 1242 tessera,
2625 1187 2801 1243 quase
2831 1168 2979 1225 invi-

562 1268 687 1306 cem
717 1245 1027 1305 Christiani
1053 1245 1520 1319 internoscerent,
1552 1253 1612 1303 et
1638 1253 1703 1304 ut
1729 1244 1884 1322 quod
1912 1244 2120 1322 probro
2142 1246 2489 1322 vertebatur,
2513 1247 2671 1323 quod
2689 1247 2979 1305 Christum

563 1326 901 1386 crucifixum
931 1333 1320 1403 sequerentur,
1371 1324 1457 1381 illi
1485 1324 1687 1401 gloriae
1735 1324 2159 1400 adscriberent;
2203 1325 2360 1401 quod
2387 1325 2533 1384 bene
2563 1327 2832 1385 observat
2858 1329 2975 1384 An—

560 1410 731 1467 dreas
774 1407 997 1465 Masius
1023 1406 1083 1463 in
1111 1405 1156 1465 J
1158 1424 1241 1464 os.
1271 1404 1435 1479 xxii„
1466 1404 1568 1463 ubi
1596 1405 1849 1463 ostendit
1875 1424 1950 1463 ex
1991 1404 2310 1481 Lactanti0,
2335 1405 2708 1481 Tertulliano,
2731 1406 2976 1463 Nazian-

560 1508 720 1563 zeno,
754 1486 989 1561 Basilio,
1022 1486 1098 1543 ob
1142 1504 1269 1543 eam
1308 1502 1537 1542 eausam
1582 1485 1694 1543 hoc
1741 1492 2173 1542 monumentum
2218 1492 2380 1543 tanta
2407 1487 2776 1544 veneratione
2812 1487 2976 1545 habi-

552 1578 677 1629 tum
726 1565 880 1644 apud
907 1564 1328 1624 vetustissimos
1356 1563 1729 1639 ChristianoS,
1759 1583 1876 1621 non
1903 1572 1968 1622 ut
1994 1562 2342 1641 adoraretur,
2367 1564 2469 1622 sed
2495 1573 2560 1623 ut
2586 1566 2980 1624 testimonium

561 1655 714 1707 esset
737 1645 951 1704 Christi
978 1644 1257 1702 crucifixi.

637 1724 931 1783 XXXII.
977 1723 1099 1781 Nec
1126 1722 1337 1781 desunt
1370 1723 1499 1782 loca
1526 1722 1742 1782 diserta
1760 1732 2036 1799 veterum,
2077 1724 2286 1801 quibus
2314 1732 2554 1799 constat,
2596 1742 2769 1800 quam
2803 1724 2980 1782 alieni

558 1805 770 1865 fuerint
798 1823 833 1861 a
859 1802 1044 1862 crucis
1072 1802 1403 1861 adoratione
1428 1825 1442 1879 ;
1474 1824 1603 1881 quae
1632 1803 1824 1862 omnia
1844 1824 2140 1863 recensere
2167 1824 2284 1863 non
2311 1806 2526 1882 patitur
2564 1803 2814 1862 instituti
2840 1824 2975 1861 nos-

556 1886 631 1945 tri
658 1886 843 1943 ratio:
884 1902 1035 1941 unus
1062 1882 1158 1941 vel
1186 1883 1333 1941 alter
1384 1883 1545 1941 locus
1574 1884 1742 1941 nobis
1789 1884 1898 1942 erit
1939 1884 2122 1943 instar
2149 1885 2420 1944 omnium.
2504 1884 2781 1943 Octavius
2821 1884 2978 1961 apud

560 1964 872 2023 Minutium
923 1962 1176 2020 Felicem
1224 1962 1578 2039 respondens
1629 1963 1876 2038 Caecilio,
1921 1964 2022 2040 qui
2060 1964 2208 2023 inter
2234 1964 2424 2041 turpia
2465 1972 2524 2022 et
2551 1963 2814 2038 nefanda,
2845 1984 2977 2040 quae

557 2045 712 2123 apud
767 2063 902 2102 suos
950 2041 1023 2101 de
1074 2043 1527 2101 Christianorum
1576 2043 1735 2102 cultu
1783 2051 1842 2101 et
1887 2043 2166 2119 religione
2215 2045 2410 2121 spargi
2455 2053 2514 2103 et
2544 2043 2751 2121 jactati
2778 2044 2972 2119 tradit,

557 2125 742 2185 crucis
789 2142 1019 2201 quoque
1068 2123 1285 2181 cultum
1345 2132 1640 2197 memorat,
1686 2123 1762 2182 ad
1807 2123 1956 2180 hanc
2006 2123 2350 2181 calumniam
2411 2124 2654 2201 reponit,
2705 2126 2740 2156 “
2761 2122 2974 2181 Cruces

556 2225 664 2265 nec
694 2204 951 2277 colimus,
983 2222 1089 2261 nec
1118 2212 1399 2280 optamus,
1431 2222 1537 2261 vos
1564 2204 1734 2280 plane
1777 2203 1876 2281 qui
1923 2201 2150 2279 ligneos
2194 2203 2351 2261 Deos
2381 2203 2744 2277 consecratis,
2777 2222 2976 2261 cruces

546 2286 789 2363 ligneas,
820 2292 886 2343 ut
935 2283 1191 2341 Deorum
1216 2292 1538 2341 vestrorum
1580 2291 1789 2361 partes,
1841 2281 2078 2341 forsitan
2127 2282 2436 2342 adoratis.'’
2522 2282 2867 2341 Ambrosius
2915 2283 2978 2341 in

552 2365 731 2425 Orati.
759 2363 954 2421 funeb.
998 2361 1273 2437 Theod0.,
1320 2362 1421 2420 ubi
1449 2362 1521 2421 de
1570 2363 1900 2421 inventione
1942 2362 2128 2421 crucis
2173 2362 2445 2439 loquitur,
2491 2361 2835 2435 “Helena,’'
2885 2363 2972 2421 in·

552 2444 694 2521 quit,
749 2441 1029 2501 “invenit
1056 2442 1305 2515 titulum,
1338 2462 1531 2518 regem
1576 2442 1856 2518 adoravit,
1887 2462 2005 2500 non
2045 2442 2270 2519 lignum
2296 2443 2513 2519 utique,
2545 2444 2681 2518 quia
2707 2441 2800 2500 hic
2829 2462 2972 2518 gen-

550 2524 671 2583 tilis
719 2531 807 2582 est
848 2542 1006 2581 error
1040 2529 1100 2580 et
1147 2522 1374 2580 vanitas
1423 2522 1782 2599 impiorum.”
1869 2523 2108 2581 Fmstra
2136 2540 2274 2581 vero
2302 2522 2396 2581 hic
2439 2522 2710 2580 laudatur
2747 2541 2968 2597 versus,

554 2602 857 2663 Lactantio
898 2602 1164 2676 tributuS,
1196 2601 1256 2658 in
1284 2601 1533 2659 carmine
1560 2601 1863 2679 passionis,
1910 2604 1948 2635 “
1971 2602 2169 2661 Flecte
2219 2622 2389 2679 genu,
2419 2602 2756 2679 lignumque
2784 2602 2972 2660 crucis

550 2682 882 2743 venerabile
911 2682 1145 2756 adora,’'
1189 2680 1347 2758 quod
1368 2680 1640 2739 Bellarm.
1671 2680 1836 2740 affert
1861 2681 1962 2740 lib.
1993 2686 2051 2740 2.
2079 2681 2152 2740 de
2187 2682 2245 2740 S.
2279 2683 2463 2759 Imag.
2495 2702 2618 2759 cap.
2654 2685 2746 2739 12.
2818 2680 2970 2739 Nam

550 2764 664 2823 viri
692 2762 847 2821 docti
876 2762 1098 2839 pridem
1127 2761 1506 2820 observarunt
1534 2780 1764 2819 carmen
1805 2781 1930 2820 esse
1974 2762 2417 2838 supposititium,
2447 2770 2514 2820 ut
2554 2762 2824 2819 observat
2853 2761 2967 2819 Mi-

548 2843 713 2904 chael
734 2842 1095 2917 Thomasius‚
1126 2842 1187 2900 in
1216 2841 1368 2899 notis
1396 2839 1472 2899 ad
1493 2840 1750 2916 Lactan„
1783 2850 1841 2900 et
1882 2862 1956 2900 ex
1975 2861 2043 2900 eo
2075 2842 2443 2915 Possevinus,
2483 2839 2583 2918 q'ui
2609 2848 2826 2917 negant
2853 2840 2964 2899 hoc

548 2944 781 2985 carmen
807 2924 867 2981 in
888 2922 1026 2982 ullis
1054 2921 1350 2981 codicibus
1379 2920 1633 2997 antiquis
1661 2921 1925 2980 inveniri.
2010 2922 2066 2979 N
2068 2942 2133 2979 ec
2161 2940 2268 2981 nos
2306 2941 2540 2980 movere
2589 2920 2776 2993 debet,
2809 2918 2966 2997 quod

548 3005 661 3063 hoc
690 3005 1000 3081 impactum
1022 3002 1247 3061 dicatur
1274 3000 1618 3060 Christianis
1641 3022 1676 3059 a
1698 3001 2003 3078 Gentibus,
2027 3020 2162 3059 nam
2190 3020 2226 3059 a
2265 3001 2568 3059 calumniis
2609 3008 2668 3059 et
2696 3000 2961 3058 crimina-

546 3084 801 3143 tionibus
828 3103 945 3141 non
971 3082 1231 3159 procedit
1271 3090 1692 3159 argumentum.
1744 3081 1887 3156 Quis
1931 3080 2084 3140 enim
2125 3080 2326 3154 nescit,
2357 3100 2532 3159 quam
2557 3079 2741 3139 multa
2769 3080 2964 3139 Chris-

546 3164 721 3222 tianis
740 3161 813 3219 ab
834 3162 906 3218 iis
923 3162 1151 3237 objecta
1171 3160 1475 3219 falsissime
1498 3162 1726 3234 fuerint,
1747 3170 1812 3221 ut
1841 3162 2044 3238 capitis
2063 3161 2209 3218 asini
2227 3160 2503 3235 adoratio,
2525 3160 2783 3219 adoratio
2806 3159 2962 3234 solis,

548 3240 945 3315 Ononychitis,
976 3248 1036 3297 et
1063 3239 1287 3313 similia,
1319 3259 1447 3315 quae
1473 3242 1748 3316 leguntur
1795 3242 1948 3317 apud
2001 3242 2230 3297 Ter-tull.
2259 3240 2318 3296 in
2349 3240 2560 3315 apolog
2578 3242 2607 3296 P
2689 3239 2968 3315 Ejusdem

548 3317 847 3378 commatis
874 3325 962 3375 est
1010 3318 1259 3392 objectio
1286 3317 1415 3391 ista,
1466 3337 1640 3393 quam
1689 3328 2018 3378 constanter
2063 3318 2150 3375 illi
2197 3317 2483 3375 refellunt.
2545 3315 2684 3375 Vid.
2731 3320 2965 3378 Ter-tull.

548 3397 725 3474 Apol.
756 3416 879 3473 cap.
915 3398 1006 3470 15,
1062 3398 1154 3471 16,
1207 3398 1298 3470 17,
1328 3395 1430 3453 ubi
1456 3416 1574 3454 non
1601 3398 1790 3473 magis
1833 3398 1964 3455 illas
2012 3396 2084 3453 de
2133 3397 2318 3471 capite
2364 3395 2527 3469 asini,
2579 3395 2652 3453 de
2701 3396 2840 3473 sole,
2891 3399 2965 3457 de

549 3475 928 3553 Ononychite,
980 3494 1153 3553 quam
1198 3474 1350 3532 hanc
1378 3473 1449 3533 de
1480 3495 1648 3534 cruce
1689 3476 1944 3553 appellat
1982 3473 2183 3533 falsam
2215 3474 2580 3551 opinionem3
2639 3474 2771 3535 ideo
2799 3497 2964 3554 seque

543 3556 814 3617 mentitos
844 3555 1122 3613 Ethnicos
1150 3574 1281 3613 (311111
1308 3554 1564 3614 dicerent
1592 3575 1818 3613 crucem
1861 3574 1896 3615 a
1937 3554 2276 3613 Christianis
2304 3555 2416 3613 coli
2457 3574 2630 3632 quam
2659 3576 2788 3615 cum
2817 3558 2967 3615 asini

546 3646 734 3716 caput,
766 3643 825 3694 et
852 3635 1091 3711 reliqua.
1156 3634 1321 3693 Idem
1348 3643 1593 3694 testatur
1623 3636 1906 3697 Minutius
1937 3635 2109 3695 Felix
2135 3634 2197 3692 in
2215 3633 2437 3710 octav„
2476 3636 2730 3713 Cyrillus
2755 3636 2856 3694 lib.
2901 3640 2961 3696 6.

545 3726 697 3778 cont.
727 3716 772 3776 J
776 3716 909 3774 ulia.
968 3714 1169 3773 Celsus
1216 3734 1369 3789 sane,
1426 3715 1526 3791 qui
1568 3716 1878 3774 acerrimus
1919 3716 2026 3775 fuit
2075 3714 2528 3774 Christianorum
2577 3716 2958 3791 adversarius,

544 3797 730 3859 crucis
758 3796 976 3855 cultum
1005 3794 1346 3853 Christianis
1373 3814 1658 3873 nusquam
1686 3795 1965 3873 objecisse
1993 3795 2272 3873 reperitur
2298 3796 2359 3853 in
2386 3816 2456 3855 eo
2483 3815 2654 3872 quem
2683 3795 2962 3855 adversus

542 3888 772 3938 nostros
813 3875 1135 3952 composuit
1180 3874 1397 3949 libello,
1448 3894 1619 3952 quem
1663 3876 1942 3953 Origenes
1991 3874 2173 3934 solide
2216 3875 2554 3951 confutavit,
2605 3874 2760 3953 quod
2789 3894 2957 3952 argu-

540 3966 736 4018 mento
765 3966 868 4033 est,
899 3975 1017 4015 non
1064 3954 1241 4013 fuisse
1290 3974 1395 4013 suo
1442 3964 1699 4032 tempore
1741 3956 2034 4015 adoratam
2075 3974 2319 4015 crucem.
2408 3956 2472 4015 Si
2499 3956 2650 4014 enim
2669 3956 2794 4032 jam
2833 3964 2958 4013 tum

542 4040 781 4099 adorata
807 4036 1025 4111 fuisset,
1056 4035 1157 4112 qui
1207 4035 1419 4094 Christi
1447 4035 1710 4093 crucifixi
1757 4037 1975 4096 cultum
2015 4043 2134 4094 tam
2185 4036 2393 4095 acriter
2435 4043 2494 4093 et
2533 4036 2704 4093 toties
2743 4034 2958 4091 nostris

541 4119 758 4197 objicit,
790 4136 892 4177 cur
944 4116 995 4174 is
1043 4114 1229 4174 crucis
1278 4115 1513 4191 cultum,
1558 4115 1658 4192 qui
1703 4116 1887 4175 multo
1927 4114 2231 4175 absurdior
2268 4125 2328 4175 et
2355 4114 2554 4174 tetrior
2592 4114 2839 4189 videtur,
2882 4132 2956 4172 ne

540 4198 719 4258 semel
747 4195 980 4275 quidem
1008 4195 1318 4273 obJecisset
1336 4198 1366 4253 i>
1745 4228 1752 4233 ·

626 4276 956 4336 XXXIII.
1002 4274 1326 4335 Fatendum
1356 4283 1446 4334 est
1473 4274 1846 4352 sequentibus
1867 4274 2093 4349 seculis,
2125 4274 2404 4352 gliscente
2451 4272 2730 4352 paulatim
2758 4291 2954 4349 super-

544 4356 793 4429 stitione,
823 4364 955 4432 post
1003 4355 1446 4415 Constantinum
1488 4356 1788 4431 Magnum,
1821 4354 2006 4414 crucis
2033 4354 2316 4433 imagines
2343 4355 2622 4434 paulatim
2669 4352 2731 4410 in
2761 4353 2954 4411 Chris-

541 4434 827 4493 tianorum
856 4436 1101 4493 oratoria
1144 4434 1499 4495 introductas
1538 4434 1735 4511 fuisse,
1783 4435 2036 4493 maxime
2063 4455 2138 4493 ex
2186 4455 2300 4513 quo
2321 4434 2569 4494 invaluit
2595 4432 2828 4492 traditio
2884 4431 2957 4490 de

542 4514 782 4571 inventa
822 4511 894 4569 ab
944 4512 1187 4589 Helena,
1235 4514 1597 4575 Constantini
1643 4522 1842 4591 matre,
1888 4535 2027 4575 vera
2055 4515 2292 4574 Domini
2319 4534 2506 4588 cruce,
2551 4514 2703 4572 circa
2739 4532 2954 4571 annum

544 4593 680 4652 326.
727 4590 904 4668 Cujus
931 4592 1244 4651 vanitatem
1270 4596 1453 4654 multa
1470 4603 1663 4654 tamen
1689 4596 1980 4669 evincunt,
2011 4594 2262 4653 maxime
2281 4592 2439 4671 quod
2465 4612 2635 4652 nemo
2676 4592 2960 4669 reperitur

542 4690 757 4746 eorum,
789 4670 887 4748 qui
918 4668 1205 4727 Helenam
1233 4672 1521 4749 viderunt,
1552 4674 1870 4753 iisdemque
1911 4694 2042 4733 cum
2071 4694 2141 4732 ea
2167 4672 2504 4750 temporibis
2531 4673 2822 4747 vixerunt,
2854 4672 2955 4748 qui
