3234 5192
522 355 640 412 412
1062 369 1143 412 ns
1170 367 1652 412 SATlsrAc'rlomfl
1679 367 1917 409 cuais-rt
1947 365 2363 408 suessanus.
2538 349 2801 429 [msrnr.
2833 371 2942 410 χιι.

522 519 613 570 est
632 512 895 589 justitiae,
925 511 1063 588 quia
1090 513 1224 571 vult
1244 509 1479 590 quidem
1528 529 1699 569 omne
1743 515 2042 587 peccatum
2072 509 2267 587 plecti,
2298 508 2402 568 sed
2428 527 2546 567 non
2569 509 2788 586 pariter
2815 531 2936 570 om·

522 598 1221 748 nonefffi‘ioegirgtgintum
1245 677 1482 748 peceat:
1515 668 1569 728 1.
1592 668 1770 728 Falsa
1795 668 2106 746 hypothesi
2133 667 2302 746 quasi
2330 669 2565 727 liberum
2585 673 2646 760 et
2671 669 2941 728 naturale

520 758 865 830 pugnarent,
894 770 1027 810 cum
1053 757 1251 809 tamen
1296 749 1481 809 amice
1506 748 1658 806 inter
1685 767 1748 807 se
1788 748 2152 826 conspirent3
2201 748 2474 807 voluntas
2503 747 2618 805 Dei
2643 753 2734 807 est
2759 747 2936 808 liber-

522 830 686 903 rima,
714 838 775 890 et
800 839 994 890 tamen
1029 837 1121 889 est
1168 829 1297 887 Deo
1340 826 1640 922 naturalis,
1669 845 1870 886 omncs
1915 829 2297 922 proprietates
2323 846 2454 904 quae
2484 827 2614 886 Deo
2631 825 2832 887 insunt
2859 829 2936 888 ad

521 910 757 969 modum
785 910 1065 970 virtutum
1093 908 1399 968 moralium
1438 907 1640 967 hberae
1665 915 1804 967 sunt
1837 926 1976 986 quia
2001 908 2183 968 libere
2209 915 2270 967 et
2297 913 2612 984 spontanee
2641 927 2769 966 sese
2795 927 2934 967 cxc-

521 997 675 1065 runt,
704 1009 813 1048 nec
839 996 1035 1048 tamen
1063 997 1199 1048 sunt
1225 987 1558 1062 arbitrariae,
1603 987 1709 1046 sed
1747 989 2040 1047 naturales
2066 996 2126 1048 et
2151 987 2524 1060 essentiales;
2568 990 2624 1046 2.
2647 985 2937 1065 Supponit
3055 1043 3066 1050 .

632 1067 709 1128 tis
750 1065 999 1128 liberum
1044 1065 1194 1126 nihil
1240 1065 1402 1128 aliud
1448 1086 1575 1127 esse
1625 1086 1798 1145 quam
1825 1067 2171 1146 contingens
2197 1077 2259 1127 et
2283 1063 2563 1148 ἅδιάφοςοι,
2595 1073 2656 1125 at
2688 1066 2930 1144 jampri-

524 1088 658 1208 Ξὲῐι
686 1168 723 1206 a
746 1147 891 1208 viris
938 1147 1125 1208 doctis
1172 1147 1628 1208 demonstratum
1676 1155 1766 1207 est
1805 1147 2058 1208 libertati
2087 1147 2300 1226 optime
2327 1146 2640 1206 convenire
2667 1165 2800 1206 cum
2829 1166 2932 1206 ne·

522 1227 809 1304 cessitate,
838 1235 899 1287 et
926 1247 1105 1288 unum
1132 1227 1400 1305 idemque
1422 1227 1744 1305 subjectum
1788 1247 1958 1305 posse
1987 1228 2160 1287 simul
2186 1235 2246 1287 et
2273 1226 2452 1286 semel
2471 1226 2763 1285 liberrime
2791 1245 2928 1304 age·

522 1327 585 1367 re
632 1315 693 1368 et
717 1307 1044 1368 necessario
1086 1327 1156 1367 ac
1202 1307 1654 1383 immutabiliter,
1683 1307 1840 1385 quod
1891 1308 2020 1384 Dei,
2053 1307 2285 1383 Christi,
2317 1306 2698 1384 Angelorum,
2729 1305 2928 1366 beato·

520 1407 668 1462 rum,
710 1397 771 1448 et
822 1387 1080 1466 ipsorum
1133 1387 1307 1447 etiam
1349 1386 1678 1448 daemonum
1717 1388 2002 1465 exemplis
2061 1387 2384 1446 luculenter
2423 1385 2784 1463 comprobari
2825 1405 2930 1464 po-

521 1473 654 1526 test.
698 1470 754 1529 3.
787 1467 1011 1528 Iterum
1054 1465 1469 1546 distinguenda
1492 1467 1910 1544 permiscentur
1936 1467 2012 1526 ab
2047 1466 2411 1540 adversariis,
2447 1465 2677 1543 justitia
2703 1465 2929 1525 scilicet

519 1566 651 1607 cum
688 1547 928 1623 effectis,
956 1547 1169 1608 effecta
1210 1545 1445 1624 quidem
1480 1546 1726 1624 justitiae
1753 1545 2009 1624 pendent
2047 1565 2082 1604 a
2123 1546 2238 1606 Dei
2266 1546 2564 1605 voluntate
2589 1544 2788 1620 libera,
2819 1543 2926 1604 sed

520 1625 648 1704 ipsa
680 1627 911 1704 justitia
950 1627 1011 1684 in
1050 1635 1186 1686 actu
1225 1626 1413 1703 primo
1452 1643 1571 1685 non
1610 1633 1701 1685 est
1741 1625 1938 1685 liberae
1978 1626 2298 1686 voluntatis
2339 1623 2620 1699 effectum,
2663 1643 2794 1682 cum
2843 1623 2926 1684 sit

518 1705 766 1784 ipsamet
804 1706 1077 1765 voluntas
1120 1705 1232 1764 Dei
1272 1703 1563 1764 liberrime
1603 1703 1840 1782 quidem
1879 1705 1984 1765 sed
2021 1713 2219 1765 tamen
2259 1703 2579 1765 necessario
2617 1710 2920 1781 peccatum

524 1803 819 1844 aversans.
863 1787 919 1843 4.
944 1784 1147 1844 Simile
1187 1784 1346 1862 quod
1371 1784 1589 1862 petitur
1612 1804 1650 1842 a
1675 1783 1965 1845 creatione
1991 1784 2163 1864 plane
2189 1794 2280 1844 est
2307 1783 2604 1858 dissimile,
2631 1801 2765 1841 nam
2791 1781 2922 1842 haec

520 1872 786 1924 versatur
812 1864 965 1923 cirea
988 1883 1113 1924 rem
1158 1863 1330 1942 plane
1356 1862 1780 1924 indifferentem
1828 1871 1887 1924 et
1913 1883 2043 1944 quae
2069 1865 2260 1944 potuit
2287 1883 2413 1924 esse
2441 1871 2500 1923 et
2525 1881 2646 1922 non
2685 1881 2830 1938 esse,
2861 1869 2926 1922 at

512 1943 759 2022 justitiae
786 1943 1127 2004 exercitium
1174 1943 1248 2002 de
1285 1962 1401 2021 quo
1448 1943 1728 2022 quaeritur
1763 1951 2078 2023 occupatur
2103 1945 2257 2003 cirea
2283 1963 2406 2003 rem
2431 1941 2834 2018 necessariam,
2863 1949 2926 2001 et

558 2043 649 2083 uae
676 2021 845 2083 aliter
870 2022 997 2082 fieri
1022 2043 1140 2084 non
1186 2023 1413 2102 potuit3
1462 2023 1735 2082 nimirum
1780 2023 2192 2117 distinguenda
2217 2023 2461 2083 veniunt
2485 2022 2604 2082 duo
2631 2023 2924 2082 actionum

562 2102 845 2164 'vinarum
874 2123 1104 2182 genera,
1150 2121 1286 2162 nam
1320 2101 1420 2162 vel
1464 2102 1583 2162 iuae
1620 2111 1927 2163 versantur
1968 2123 2030 2162 m
2078 2105 2283 2181 obJ'ecto
2310 2103 2505 2196 aliquo
2526 2102 2920 2175 constituendo,

518 2183 615 2242 vel
642 2183 796 2244 circa
821 2185 1083 2262 objectum
1100 2184 1225 2262 jam
1253 2183 1603 2243 constitutum
1630 2190 1690 2243 et
1717 2183 1913 2262 aliqua
1937 2183 2068 2243 vitii
2089 2190 2190 2243 aut
2217 2182 2449 2242 virtutis
2476 2181 2756 2259 qualitate
2775 2200 2922 2260 prae-

516 2262 702 2322 ditum
732 2287 747 2340 ;
792 2284 921 2340 quse
948 2264 1205 2323 actiones
1230 2270 1536 2322 versantur
1562 2263 1625 2321 in
1651 2263 1882 2341 objecto
1909 2261 2328 2338 constituendO,
2358 2261 2444 2321 ita
2469 2269 2605 2321 sunt
2629 2261 2826 2320 liberae
2857 2267 2926 2320 ut

516 2342 592 2400 ab
618 2342 692 2400 iis
720 2343 882 2402 Deus
911 2342 1201 2401 abstinere
1226 2342 1411 2420 possit
1438 2342 1690 2418 omnine,
1741 2342 1825 2401 sic
1851 2343 2142 2401 hominem
2187 2361 2380 2401 creare
2408 2340 2683 2417 decrevit,
2727 2339 2922 2400 decre-

516 2427 638 2479 tum
666 2421 778 2479 hoc
819 2421 1033 2480 creatio
1058 2420 1385 2480 necessario
1426 2428 1626 2480 secuta
1667 2427 1772 2496 est,
1819 2429 1880 2480 at
1913 2421 2160 2480 liberum
2203 2421 2260 2480 ei
2301 2420 2413 2480 fuit
2437 2438 2556 2479 non
2595 2419 2919 2496 decernere,

515 2499 648 2558 ideo
674 2499 921 2560 liberum
948 2500 1122 2559 etiam
1151 2499 1204 2558 ei
1226 2498 1336 2558 fuit
1364 2499 1654 2559 abstinere
1682 2501 1756 2559 ab
1785 2521 1854 2559 ea
1897 2501 2122 2560 actione
2171 2520 2301 2580 quae
2331 2499 2543 2559 dicitur
2569 2500 2818 2559 creatio:
2859 2505 2922 2558 at

514 2598 645 2657 quae
671 2585 979 2638 versantur
1017 2579 1170 2639 eirca
1198 2579 1487 2656 objectum
1521 2579 1647 2657 jam
1694 2581 2087 2655 constitutum,
2136 2580 2218 2640 ita
2257 2588 2393 2640 sunt
2417 2579 2616 2639 liberae
2665 2584 2731 2640 ut
2758 2579 2920 2640 Deus

514 2677 633 2717 non
660 2659 844 2736 possit
869 2667 1062 2718 tamen
1084 2677 1120 2716 a
1146 2677 1209 2718 se
1232 2657 1537 2736 impetrare
1565 2667 1633 2718 ut
1673 2659 2021 2718 contrarium
2049 2659 2334 2735 admittat,
2364 2659 2502 2737 quia
2529 2659 2822 2718 sanctitati
2860 2665 2922 2718 et

505 2738 750 2818 justitiae
777 2738 963 2817 ipsius
988 2745 1373 2818 repugnaret,
1404 2737 1455 2796 si
1483 2747 1745 2798 creatura
1791 2746 1993 2798 sancta
2019 2747 2108 2798 est
2135 2747 2196 2800 et
2237 2739 2548 2818 imaginem
2589 2739 2702 2798 Dei
2727 2737 2918 2814 refert,

512 2838 631 2878 non
660 2827 853 2898 potest
884 2819 1044 2880 Deus
1088 2819 1231 2896 quin
1258 2817 1314 2877 ei
1339 2817 1487 2877 bene
1530 2818 1675 2878 velit
1701 2837 1846 2893 esse,
1877 2817 1928 2878 si
1966 2817 2263 2897 peccatrix
2279 2827 2386 2893 est,
2415 2839 2533 2878 non
2561 2825 2752 2896 potest
2777 2817 2918 2895 quin

511 2917 639 2958 eam
668 2899 812 2960 velit
850 2899 1113 2980 punitam
1141 2897 1217 2958 ob
1263 2905 1603 2976 peecatum;
1649 2897 1856 2976 Itaque
1895 2896 2135 2958 libertas
2181 2899 2422 2958 istarum
2469 2898 2760 2958 actionum
2805 2897 2920 2956 sita

510 2987 602 3038 est
626 2999 744 3038 non
769 2979 833 3038 in
858 2999 929 3039 eo
957 2977 1116 3057 quod
1140 2976 1367 3056 possint
1392 2996 1519 3036 esse
1547 2977 1646 3036 vel
1671 2997 1790 3036 non
1816 2996 1962 3052 esse,
2010 2977 2116 3038 sed
2141 2976 2206 3036 in
2232 2997 2301 3038 co
2338 2985 2564 3038 tantum
2604 2976 2762 3053 quod
2787 2995 2918 3056 quae

514 3057 675 3118 Deus
702 3059 841 3118 facit
866 3059 925 3118 in
946 3059 1060 3117 hoc
1086 3057 1323 3136 negotio
1348 3056 1750 3117 lubentissime
1778 3063 1838 3118 et
1863 3056 2082 3135 absque
2109 3057 2233 3116 ulla
2259 3057 2555 3117 coactione
2581 3055 2738 3116 facit.

596 3137 718 3197 IX.
760 3138 816 3197 2.
866 3141 1070 3214 Object.
1105 3137 1169 3197 Si
1198 3137 1360 3196 Deus
1442 3145 1595 3196 otest
1620 3135 1696 3196 de
1716 3135 1850 3214 jure
1879 3155 1986 3197 suo
2025 3137 2333 3214 remittere,
2363 3145 2556 3216 potest
2581 3136 2755 3196 etiam
2782 3155 2914 3214 pec-

512 3223 643 3275 cata
662 3215 989 3276 condonare
1010 3217 1229 3294 absque
1248 3215 1389 3275 satis
1448 3215 1656 3288 ctione,
1679 3213 1767 3276 At
1786 3235 1990 3276 verum
2005 3216 2186 3293 prius,
2205 3217 2276 3276 E.
2297 3226 2360 3277 et
2383 3224 2596 3294 poster.
2627 3215 2914 3293 Assump-

510 3301 633 3354 tum
663 3293 948 3372 probant:
1000 3297 1053 3354 1.
1100 3295 1238 3370 quia
1278 3293 1589 3372 unicuique
1633 3294 1772 3354 licet
1815 3294 2020 3356 cedere
2065 3295 2138 3355 de
2175 3298 2310 3374 jure
2337 3315 2461 3371 suo,
2491 3295 2562 3353 E.
2590 3303 2651 3354 et
2681 3295 2828 3366 Deo,
2857 3303 2918 3356 et

510 3370 747 3450 quidem
772 3372 980 3450 magis,
1008 3372 1146 3450 quia
1178 3380 1268 3433 est
1296 3391 1595 3450 supremus
1620 3373 1926 3454 ‘Dominus
1962 3393 2152 3434 rerum
2192 3376 2446 3435 omnium
2473 3373 2574 3452 qui
2595 3373 2697 3451 jus
2740 3374 2919 3435 habet

512 3449 842 3511 absolutum
866 3459 925 3510 ct
943 3449 1255 3511 ὼωηῦσωον
1280 3451 1342 3510 in
1370 3459 1707 3530 creaturam,
1738 3453 1890 3531 juris
1918 3461 2112 3513 autem
2137 3455 2357 3534 proprii
2383 3463 2442 3515 et
2471 3453 2764 3514 Dominici
2789 3455 2916 3513 haec

509 3538 601 3591 est
626 3537 834 3592 natura
859 3539 925 3590 ut
952 3531 1099 3591 illud
1134 3531 1351 3609 pariter
1376 3539 1435 3592 et
1482 3532 1750 3609 persequi
1787 3531 1994 3612 cuique
2030 3534 2205 3596 liceat
2229 3544 2290 3597 et
2315 3555 2432 3594 non
2479 3533 2748 3613 persequi
2775 3533 2826 3592 si
2845 3534 2914 3592 li-

506 3611 714 3685 buerit,
744 3618 806 3670 et
850 3611 903 3672 si
930 3611 991 3670 id
1018 3630 1135 3670 non
1170 3611 1388 3686 liceret,
1427 3609 1491 3670 id
1516 3609 1682 3672 fieret
1718 3613 1920 3691 procul
1945 3612 2122 3674 dubio
2147 3616 2288 3692 quia
2317 3615 2376 3674 in
2421 3635 2492 3675 ea
2511 3614 2664 3693 juris
2689 3613 2916 3674 relaxa·

507 3691 665 3752 tione
704 3690 903 3769 aliqua
928 3690 1101 3751 alicui
1146 3691 1309 3750 fieret
1350 3689 1595 3768 injuria;
1637 3698 1700 3751 at
1725 3693 1942 3752 nemini
1985 3693 2112 3754 sive
2157 3695 2361 3772 puniat
2407 3695 2532 3754 sive
2568 3714 2686 3754 non
2711 3693 2916 3771 puniat

506 3770 645 3831 facit
672 3771 957 3848 injuriam,
984 3769 1265 3848 siquidem
1291 3769 1363 3828 de
1384 3770 1515 3847 jure
1546 3789 1652 3830 suo
1672 3779 1898 3832 tantum
1925 3773 2145 3852 agitur3
2175 3779 2232 3836 2.
2261 3775 2399 3853 quia
2425 3773 2756 3834 hominibus
2777 3773 2916 3833 licet

503 3850 749 3912 aliorum
788 3849 1039 3912 offensas
1078 3850 1259 3910 libere
1300 3859 1359 3910 et
1400 3849 1523 3910 sine
1564 3851 1956 3912 satisfactione
1996 3853 2342 3931 condonare,
2391 3855 2508 3914 imo
2543 3873 2660 3914 non
2687 3861 2910 3913 tantum

502 3939 747 4009 possunt
772 3951 850 3991 ex
876 3929 1251 4006 humanitate,
1282 3929 1385 3990 sed
1432 3929 1605 3990 etiam
1643 3931 1860 3994 debent
1903 3951 1982 3993 ex
2009 3933 2231 4005 officim
2275 3938 2331 3994 3.
2377 3934 2675 4011 Principes
2702 3932 2914 3992 summi

502 4030 619 4070 non
646 4020 875 4072 tantum
896 4029 1031 4072 suas
1058 4009 1163 4071 sed
1188 4018 1249 4070 et
1275 4009 1539 4088 publicas
1566 4011 1628 4070 in
1655 4012 1862 4090 Remp.
1900 4012 2141 4090 injurias
2173 4033 2306 4074 cum
2336 4013 2618 4090 singulari
2660 4013 2910 4073 clemen-

503 4091 791 4152 tinelande
820 4089 1145 4152 condonare
1166 4097 1435 4168 possunt3
1480 4089 1553 4150 E.
1578 4099 1643 4150 et
1669 4091 1832 4152 Deus
1849 4091 1984 4152 Rex
2003 4091 2236 4170 Regum
2264 4102 2324 4154 et
2354 4093 2640 4153 Dominus
2669 4091 2910 4152 Domin-

501 4171 741 4246 antium,
771 4180 944 4250 atque
972 4191 1042 4234 eo
1068 4170 1257 4249 magis
1280 4168 1443 4248 quod
1468 4169 1557 4230 ini
1595 4171 1818 4249 reipub.
1847 4179 2069 4232 tutores
2109 4182 2247 4234 sunt
2271 4181 2332 4232 et
2377 4173 2517 4234 boni
2543 4171 2762 4250 publici
2805 4169 2910 4230 ad-

502 4251 751 4312 ministri
776 4251 973 4330 potius
998 4271 1173 4329 quam
1202 4250 1437 4326 domini,
1471 4250 1634 4312 Deus
1661 4260 1852 4312 autem
1895 4271 2198 4330 supremus
2225 4273 2416 4312 rerum
2459 4252 2714 4312 omnium
2760 4250 2918 4310 arbi-

500 4337 589 4392 ter
616 4339 676 4392 et
704 4331 990 4393 Dominus
1032 4338 1267 4410 propter
1312 4349 1485 4394 unam
1530 4331 1624 4392 sui
1670 4331 1914 4409 gloriam
1963 4333 2156 4391 omnia
2182 4341 2470 4411 operatur.
2511 4335 2570 4391 4.
2599 4331 2911 4408 unicuique

502 4409 699 4470 debita
724 4411 861 4472 licet
886 4411 1012 4472 sine
1040 4412 1326 4473 solutione
1352 4411 1662 4487 remittere,
1691 4419 1752 4471 at
1779 4419 2016 4490 peccata
2055 4421 2194 4472 sunt
2219 4413 2418 4473 dehita
2443 4417 2503 4472 ct
2533 4412 2694 4470 Deus
2723 4411 2908 4470 credi-

500 4495 609 4563 tor,
642 4488 853 4547 Matth.
874 4491 954 4548 vi.
1004 4494 1095 4565 12,
1124 4501 1185 4550 et
1212 4491 1377 4552 xviii.
1464 4491 1563 4550 Sic
1608 4499 1915 4568 argutam
1961 4491 2158 4553 Smin.
2187 4493 2262 4554 de
2291 4494 2492 4554 Serva.
2533 4499 2680 4569 part.
2716 4493 2768 4549 1.
2791 4509 2842 4549 c.
2865 4489 2908 4548 i.

504 4567 601 4627 Sic
630 4566 823 4626 Crelli.
852 4567 927 4628 de
952 4589 1095 4628 vera
1122 4570 1313 4647 Relig.
1342 4569 1444 4628 lib.
1472 4569 1511 4626 i.
1542 4589 1592 4629 c.
1623 4575 1718 4646 23,
1747 4579 1810 4630 et
1833 4571 1954 4630 alii.

580 4646 665 4705 X.
712 4645 831 4704 Sed
854 4665 1044 4722 neque
1070 4648 1195 4708 lunc
1222 4649 1583 4709 ratiocinatio
1610 4658 1741 4710 utut
1763 4671 1974 4728 magno
2001 4671 2134 4711 cum
2161 4659 2446 4728 apparatu
2469 4649 2786 4732 identidem
2827 4647 2906 4708 ab
