3234 5192
897 1071 1439 1153 DISPUTATIO
1541 1074 2133 1173 THEOLOGIGA‚

482 1376 621 1469 DE
722 1376 1333 1472 BAPTISMO
1434 1379 1797 1473 NUBIS
1922 1381 2058 1472 ET
2160 1381 2561 1476 MARIS.

1218 1699 1314 1760 Ex
1348 1704 1377 1760 1
1414 1701 1556 1762 Coa.
1587 1722 1649 1761 x.
1683 1704 1737 1778 1,
1768 1706 1824 1761 2.

472 2122 496 2165 ι
833 2114 1225 2189 Respondente
1252 2111 1296 2172 J
1299 2131 1501 2172 onnus
1534 2114 1840 2173 Saaroaro
1873 2112 2193 2175 Genevemi.

388 2270 440 2330 1.
487 2271 649 2331 Inter
675 2272 838 2330 varia
857 2272 1151 2350 miracula,
1183 2292 1314 2350 quae
1345 2273 1504 2333 Deus
1523 2274 1662 2333 olim
1684 2274 1743 2332 in
1772 2272 2019 2351 gratiam
2047 2275 2246 2352 populi
2271 2275 2576 2338 Israelitici
2595 2278 2715 2339 edi·

306 2350 408 2425 dit,
439 2352 666 2411 nullum
707 2352 940 2412 videtur
964 2353 1268 2430 illustrius,
1317 2354 1541 2413 nullum
1581 2363 1735 2413 certe
1778 2354 2133 2437 ιιυστιιόπςυ
2182 2354 2307 2433 fuit,
2351 2356 2567 2438 insigni
2616 2360 2719 2419 illa

301 2434 565 2492 columna
592 2434 764 2509 nubis,
789 2454 904 2511 qua
923 2434 1088 2493 illum
1110 2435 1274 2509 texit,
1302 2443 1360 2495 et
1390 2430 1639 2494 mirabili
1658 2455 1772 2511 per
1792 2456 1950 2494 mare
1968 2438 2200 2494 rubrum
2229 2439 2487 2499 transitu.
2572 2439 2716 2501 Ideo

307 2513 558 2590 Spiritus
591 2514 836 2575 Sanctus
863 2534 980 2573 non
1009 2515 1186 2574 semel
1215 2514 1291 2573 ad
1319 2524 1626 2592 utrumque
1654 2515 1905 2593 respicit,
1955 2534 2073 2573 non
2100 2515 2273 2575 modo
2321 2526 2386 2576 ut
2414 2518 2475 2576 in
2502 2520 2585 2579 rei
2614 2520 2714 2579 ad-

301 2594 672 2655 mirabilitate
700 2595 1120 2675 providentiam
1154 2594 1266 2655 Dei
1293 2604 1591 2673 paternam
1620 2615 1761 2672 erga
1803 2596 2078 2673 populum
2124 2596 2560 2676 suspiceremus,
2612 2601 2716 2660 sed

299 2674 476 2732 etiam
506 2684 570 2735 ut
596 2676 874 2753 mysteria
900 2675 1114 2734 ibidem
1143 2675 1384 2733 latentia
1411 2683 1629 2735 attente
1654 2684 2053 2734 scrutaremur.
2139 2675 2310 2749 Quod
2336 2697 2468 2736 cum
2498 2679 2715 2740 Paulus

302 2754 514 2813 eximie
544 2764 602 2815 et
630 2756 826 2815 divine
855 2775 1012 2813 more
1043 2774 1147 2814 suo
1177 2765 1496 2831 exequatur
1533 2755 1594 2811 in
1623 2754 1853 2829 celebri,
1885 2772 2057 2829 quem
2093 2754 2493 2815 ventilandum
2532 2760 2712 2817 susci-

301 2834 509 2911 pimus,
560 2836 707 2909 loc0,
760 2835 948 2894 fructu
1003 2854 1118 2893 non
1175 2834 1480 2892 carituram
1537 2852 1769 2909 operam
1814 2841 2069 2891 nostram
2108 2852 2306 2891 sumus
2354 2836 2632 2911 arbitrati,
2664 2838 2715 2897 si

302 2914 476 2991 paulo
496 2913 748 2991 penitius
775 2914 835 2971 in
864 2915 990 2990 ejus
1013 2914 1327 2990 genuinum
1357 2931 1590 2972 sensum
1617 2911 1993 2987 inquiramus.

386 2991 472 3049 11.
557 2992 740 3051 Extat
794 2992 892 3051 ille
945 2992 1144 3069 primas
1200 2991 1276 3050 ad
1325 2992 1455 3050 Cor.
1511 3011 1571 3049 x.
1606 2993 1659 3065 1,
1690 2996 1747 3061 2,
1796 2990 1895 3049 ubi
1928 2988 2144 3049 Paulus
2188 3010 2368 3067 agens
2413 2991 2485 3050 de
2536 2995 2715 3054 variis

301 3068 598 3130 beneflciis
643 3071 855 3149 populo
904 3070 1014 3130 Dei
1070 3071 1208 3129 olim
1264 3070 1507 3145 collatis,
1555 3090 1687 3148 quse
1737 3069 2108 3129 sacramentis
2151 3070 2365 3129 nostris
2412 3073 2711 3151 analogice

301 3149 670 3228 respondent,
693 3151 776 3211 sic
793 3150 890 3227 ait,
919 3154 956 3184 “
977 3153 1033 3208 οὖ
1055 3150 1200 3210 θίλυ
1230 3156 1360 3227 ὕμές
1389 3154 1589 3222 ἀγνοῶ,
1619 3147 1845 3225 eilmod,
1878 3148 1949 3209 ’ὅτι
1977 3150 2154 3216 minu
2182 3150 2226 3207 οἱ
2240 3151 2441 3233 rav-ign
2463 3154 2591 3217 ἐμῶν
2616 3160 2711 3215 ὕει-ὃ

301 3234 384 3294 τὶν
413 3231 599 3303 nciam
626 3228 764 3308 ἦσαν,
794 3235 884 3290 καὶ
917 3230 1093 3296 πείνης
1135 3227 1220 3289 διὰ
1259 3257 1342 3297 της
1385 3234 1655 3297 ,θηλεων-ης
1701 3227 1901 3307 lazicen,
1950 3235 2043 3290 na)
2086 3232 2261 3297 πείνης
2303 3238 2365 3299 αἱς
2408 3260 2487 3292 τον
2530 3242 2711 3301 Μυσῗίν

301 3313 650 3391 isan-vluna,
679 3322 770 3372 nal
800 3313 840 3371 ir
863 3316 932 3393 τῇ
957 3312 1137 3387 noim,
1180 3316 1273 3371 u)
1312 3313 1352 3370 iv
1391 3316 1458 3393 πῖ
1493 3314 1781 3394 Saum:
1819 3312 1970 3371 Nolo
2012 3332 2119 3371 vos
2164 3312 2443 3389 ignorare,
2486 3314 2708 3393 fratrea,

299 3392 458 3471 quod
514 3395 716 3453 Patres
771 3413 971 3451 omnes
1025 3392 1207 3451 nostri
1260 3392 1492 3451 suerunt
1547 3392 1655 3452 sub
1719 3392 1889 3467 nube,
1947 3401 2006 3451 et
2059 3411 2163 3470 per
2214 3412 2371 3453 mare
2427 3398 2705 3457 transive—

299 3482 450 3549 runt,
484 3474 562 3534 Et
589 3494 788 3533 omnes
816 3474 878 3531 in
908 3472 1134 3531 Mosem
1161 3471 1436 3551 baptizati
1471 3480 1623 3547 sunt,
1655 3473 1715 3531 in
1760 3473 1929 3547 nube,
1962 3480 2020 3532 et
2068 3472 2127 3530 in
2154 3474 2357 3533 mari.’'
2446 3476 2566 3535 Ubi
2593 3477 2707 3538 duo

299 3552 682 3629 expendenda
711 3554 976 3613 veniunt:
1010 3556 1062 3612 1.
1105 3552 1444 3613 miraculum
1493 3553 1682 3631 ipsum
1732 3552 2001 3612 historice
2029 3560 2087 3611 et
2134 3553 2195 3611 in
2220 3554 2405 3629 litera,
2452 3560 2508 3615 2.
2552 3578 2707 3635 mys-

300 3634 508 3691 terium
538 3633 646 3693 sub
673 3632 914 3692 historia
942 3641 1001 3691 et
1047 3633 1214 3692 litera
1259 3632 1466 3693 latens,
1553 3632 1724 3693 Prius
1773 3634 2031 3692 innuitur
2077 3632 2151 3691 ab
2200 3632 2491 3712 Apostolo
2534 3656 2707 3697 versu

299 3714 502 3790 primo,
534 3712 766 3789 quando
806 3714 902 3789 ait,
934 3714 1140 3772 Patres
1169 3714 1357 3789 fuisse
1381 3714 1480 3772 sub
1517 3714 1674 3789 nube,
1726 3723 1779 3772 et
1803 3713 2120 3772 transivisse
2136 3734 2251 3790 per
2297 3734 2473 3790 marc,
2508 3716 2706 3776 Poste-

298 3792 420 3850 rius
449 3793 793 3852 describitur
820 3794 1088 3870 secundO,
1120 3813 1296 3871 quum
1327 3792 1506 3870 addit,
1549 3794 1881 3869 Baph‘zatos
1911 3794 2094 3868 ficis-se
2114 3794 2172 3851 in
2208 3794 2443 3871 lumem,
2475 3796 2532 3854 in
2570 3797 2709 3855 nube

298 3874 436 3931 etin
463 3874 630 3932 mari.

380 3953 501 4011 III.
550 3952 772 4031 Scopus
800 3952 1073 4031 Apostoli
1101 3962 1189 4014 est
1211 3953 1502 4013 dehortari
1525 3952 1855 4012 Corinthios
1877 3953 1950 4012 ab
1970 3952 2313 4029 idololatria,
2340 3955 2705 4033 scortatione,

299 4042 358 4093 et
387 4032 671 4092 similibus
698 4034 966 4111 peccatis,
998 4055 1127 4112 quae
1149 4034 1312 4111 justa
1342 4034 1453 4093 Dei
1476 4034 1701 4110 judicia
1728 4034 1788 4090 in
1816 4032 1974 4111 ipsos
2017 4032 2332 4091 certissime
2362 4033 2709 4094 accersitura

297 4121 476 4187 erant,
509 4113 776 4191 exemplo
802 4114 984 4191 petito
1040 4114 1114 4173 ab
1155 4114 1436 4172 Israelitis
1463 4114 1524 4171 iu
1563 4113 1809 4188 deserto,
1841 4112 1941 4188 qui
1979 4110 2194 4170 talibus
2238 4112 2490 4189 peccatis
2518 4112 2705 4191 impli-

295 4194 412 4267 citi,
444 4194 820 4271 gravissimas
863 4214 1064 4271 poenas
1093 4192 1346 4272 effugere
1374 4214 1490 4253 non
1540 4200 1868 4271 potuerunt,
1899 4190 2055 4269 quod
2083 4191 2461 4269 persequitur,
2496 4213 2617 4253 ver.
2650 4198 2703 4272 7,

295 4274 350 4349 8,
384 4276 438 4349 9,
474 4274 566 4333 10.
651 4274 741 4333 Ne
769 4294 910 4333 vero
938 4276 1272 4352 exciperent
1300 4273 1598 4348 Corinthii,
1631 4272 1803 4330 aliam
1852 4290 1979 4329 esse
2023 4270 2303 4329 rationem
2355 4270 2705 4334 Christiano-

295 4373 439 4428 rum,
471 4354 570 4433 qui
600 4354 916 4432 majoribus
972 4353 1266 4413 beneficiis
1306 4351 1509 4411 donati
1559 4359 1708 4425 sunt,
1762 4350 1947 4427 etqui
1976 4348 2233 4427 gaudent
2276 4350 2538 4427 inprimis
2564 4354 2705 4433 bap-

295 4433 450 4491 tismi
479 4443 537 4494 et
565 4454 610 4492 s.
635 4454 816 4492 coenae
845 4433 1235 4507 sacramentiS,
1268 4451 1442 4508 quam
1483 4430 1894 4504 Israelitarum,
1927 4428 2025 4505 qui
2066 4427 2183 4487 illis
2211 4428 2705 4497 destituebantur:

298 4512 513 4573 Paulus
543 4514 798 4573 ostendit
824 4533 941 4571 non
969 4512 1258 4591 disparem
1287 4531 1412 4570 esse
1440 4511 1550 4569 hac
1591 4512 1653 4567 in
1679 4518 1842 4587 parte
1880 4518 2253 4587 utrorumque
2299 4511 2703 4591 conditionem,

294 4593 431 4669 quia
485 4594 744 4671 ejusdem
796 4592 1030 4651 foederis
1079 4592 1378 4650 nobiscum
1428 4590 1755 4669 participes,
1814 4608 1979 4648 suum
2026 4590 2197 4648 etiam
2246 4591 2607 4670 Baptismum
2648 4598 2707 4655 in
