3234 5192
307 354 541 396 niseus-r.
570 333 699 413 xm]
888 352 967 391 na
996 350 1479 393 summor-roms
1506 350 1748 391 cunum-1
1777 352 2093 393 vamnrs.
2602 338 2714 397 511

312 495 545 565 nuisse;
588 493 673 550 ita
718 500 789 549 ut
828 494 1001 550 nulla
1040 493 1119 551 sit
1157 492 1415 566 amplius
1462 491 1879 549 condemnatio
1907 490 1982 549 iis
2027 491 2134 566 qui
2181 499 2324 550 sunt
2368 492 2428 548 in
2463 492 2719 567 Christe,

312 574 490 632 Rom.
519 572 639 629 viii.
687 570 740 641 1,
781 578 842 628 et
880 571 1199 645 impleatur
1246 572 1401 627 illud
1425 569 1619 639 Pauli,
1665 569 2008 627 “traditum
2050 588 2174 627 esse
2215 576 2456 644 propter
2482 580 2723 645 peccata

312 658 519 709 nostra
543 658 603 707 et
630 650 979 708 suscitatum
1000 655 1243 724 propter
1260 648 1451 706 nostri
1468 648 2008 721 justificationem,”
2041 648 2215 705 Rom.
2247 648 2324 703 iv.
2350 646 2444 704 25.

395 728 644 787 XXIV.
691 728 987 787 Caeterum
1016 728 1066 784 si
1110 727 1397 801 quaeritur
1450 724 1948 783 nomenclationis
1994 726 2145 782 ratio
2173 733 2235 785 et
2259 744 2367 783 cur
2395 726 2593 785 hircus
2618 728 2724 787 ille

314 814 631 866 vocaretur
655 806 835 865 bam-es
867 807 1113 877 Azazel,
1141 823 1263 862 non
1291 822 1417 862 una
1443 809 1533 860 est
1560 802 1832 860 omnium
1860 804 2169 861 sententia.
2217 804 2482 872 Quidam
2509 824 2584 862 ex
2611 807 2653 863 J
2657 827 2727 865 u-

314 887 461 945 dseis
486 884 930 954 recentioribus,
960 902 1111 959 quos
1133 889 1468 958 sequuntur
1498 880 1798 939 Vatablus
1825 887 1886 938 et
1909 881 2200 953 Oleaster,
2229 881 2572 940 existimant
2596 902 2726 943 esse

315 982 535 1022 nomen
564 962 783 1019 montis
810 962 870 1020 in
900 963 1131 1019 deserto
1161 978 1280 1017 non
1304 961 1511 1035 procul
1540 978 1578 1016 a
1618 966 1821 1017 monte
1851 958 2018 1017 Sinai
2045 960 2150 1035 qui
2177 962 2293 1018 hoc
2319 976 2538 1018 nomen
2568 982 2605 1022 a
2631 980 2725 1022 cas

316 1060 429 1117 pro
457 1042 566 1098 illo
593 1040 699 1117 qui
726 1058 797 1098 eo
825 1040 1193 1111 mittebatur,
1222 1038 1501 1095 obtinuit.
1588 1036 1706 1096 Sed
1755 1042 2152 1112 praeterquam
2199 1039 2364 1114 quod
2411 1039 2526 1097 hoc
2552 1042 2724 1099 nullo

319 1127 479 1177 certo
506 1117 745 1193 probari
772 1126 967 1195 potest
992 1122 1367 1191 argumente,
1396 1116 1674 1191 quamvis
1701 1115 1832 1173 dari
1858 1123 2060 1189 posset
2087 1135 2306 1173 nomen
2337 1120 2558 1176 montis
2585 1120 2726 1177 inde

316 1198 574 1273 petitum
602 1215 743 1271 esse,
774 1215 849 1254 ex
870 1196 1175 1255 occasione
1196 1194 1345 1251 hirci
1372 1212 1443 1252 eo
1472 1193 1652 1264 missi,
1681 1193 2040 1269 primigenia
2061 1201 2262 1251 tamen
2282 1197 2412 1252 haec
2431 1212 2554 1255 non
2577 1204 2730 1255 esset

318 1275 483 1333 vocis
510 1274 714 1348 origo;
745 1273 1132 1332 Commodior
1158 1280 1249 1331 est
1274 1272 1531 1330 aliorum
1558 1270 1855 1328 sententia
1881 1272 1983 1345 qui
2013 1274 2230 1331 volunt
2257 1288 2463 1331 vocem
2490 1277 2728 1351 proprie

319 1353 486 1410 hirco
514 1352 611 1409 isti
638 1358 988 1426 competere,
1018 1368 1265 1425 esseque
1292 1349 1686 1423 compositam
1712 1367 1788 1406 ex
1813 1350 2066 1421 duabus,
2096 1368 2170 1407 ex
2197 1370 2342 1411 voce
2369 1378 2420 1416 v,
2451 1372 2588 1430 quoe
2635 1375 2731 1411 ca-

314 1450 495 1505 prum
514 1428 805 1501 significat
820 1436 881 1486 et
906 1430 1103 1487 radice
1128 1430 1217 1487 ¹:²1⁴
1238 1427 1319 1486 id.
1349 1428 1508 1497 abiit,
1537 1447 1593 1502 q.
1617 1427 1841 1485 diceres
1862 1446 2104 1502 caprum
2120 1430 2420 1489 abeuntem
2440 1452 2546 1491 seu
2568 1432 2732 1491 emis-

320 1508 563 1578 sarium,
594 1524 665 1564 eo
694 1508 858 1582 quod
884 1508 947 1565 in
976 1508 1273 1565 desertum
1302 1505 1718 1576 dimitteretur,
1749 1505 1831 1563 sic
1856 1504 1930 1561 R.
1961 1504 2037 1563 D.
2067 1506 2149 1563 K.
2177 1507 2242 1565 in
2267 1510 2463 1567 radice
2483 1512 2730 1583 Azazel,

322 1586 405 1643 sic
436 1586 827 1659 Symmachus
868 1594 930 1644 et
954 1586 1185 1662 Aquila
1226 1590 1469 1642 vertunt
1518 1603 1760 1660 caprum
1787 1582 1888 1658 qui
1915 1584 2197 1641 emittitur
2237 1586 2301 1645 in
2343 1588 2730 1661 solitudinem,

322 1671 469 1723 teste
500 1664 813 1737 Theodor.‚
843 1666 967 1723 lxx.
994 1670 1215 1722 vocant
1238 1669 1617 1739 ἁποπομπαῒου,
1649 1679 1770 1736 quo
1798 1660 2039 1721 nomine
2059 1662 2254 1723 Graeci
2296 1675 2513 1725 vocant
2553 1668 2733 1725 malo-

322 1764 455 1799 rum
483 1742 847 1818 depulssorem
874 1748 1223 1825 ἇποτςοπσιῒον,
1268 1748 1575 1817 hasbina,
1620 1740 1804 1812 λῦσιοπ,
1859 1740 2040 1815 Ostur,
2119 1745 2422 1817 quomodo
2441 1746 2736 1804 vocabant

330 1820 491 1879 Deos
518 1840 667 1896 quos
696 1822 971 1884 colebant
997 1825 1077 1881 ad
1102 1822 1376 1895 fuganda
1402 1830 1463 1879 et
1489 1821 1942 1880 averruncanda
1968 1820 2132 1877 mala
2173 1821 2392 1895 quibus
2437 1826 2734 1883 vexaban-

325 1906 441 1969 tur,
474 1900 759 1973 Apollod.
803 1900 867 1957 li.
897 1903 975 1958 vi.
1018 1902 1093 1957 de
1132 1900 1295 1971 Diis3
1339 1902 1479 1959 hinc
1519 1908 1579 1958 et
1620 1898 1961 1973 depulsoria
1997 1918 2174 1955 sacra
2213 1899 2373 1958 dicta
2409 1909 2551 1960 sunt
2597 1922 2732 1978 quae

323 1978 437 2035 diis
465 1977 899 2052 depellentibus
926 1979 1089 2036 mala
1114 1983 1175 2033 et
1200 1979 1541 2036 aven-uncis
1566 1976 1698 2035 fieri
1725 1974 2014 2045 solebant,
2033 1976 2170 2032 vide
2203 1976 2449 2050 Gyrald.
2483 1980 2731 2054 Syntag.

326 2056 675 2131 Respexisse
694 2073 837 2129 ergo
858 2056 1139 2127 videntur
1158 2072 1231 2111 eo
1252 2056 1463 2124 Graeci,
1483 2073 1603 2111 non
1625 2059 1860 2111 tantum
1882 2054 2044 2125 quod
2065 2052 2127 2108 in
2150 2054 2450 2112 desertum
2477 2058 2737 2113 mittere·

320 2140 443 2202 tur,
482 2136 584 2190 sed
626 2132 808 2189 etiam
848 2136 1012 2206 quod
1054 2139 1205 2189 esset
1244 2150 1381 2189 vere
1422 2133 1725 2188 malorum
1766 2128 2061 2199 depulsor,
2108 2128 2214 2203 qui
2257 2140 2500 2203 peccata
2525 2135 2736 2208 populi

326 2212 628 2267 malorum
656 2210 926 2267 omnium
954 2227 1197 2268 causam
1222 2209 1284 2265 in
1314 2211 1615 2267 desertum
1643 2204 1988 2274 auferebat3
2031 2211 2212 2279 atque
2235 2206 2320 2263 ita
2337 2210 2736 2283 propriissime

330 2286 635 2345 Christum
672 2288 1117 2360 repraesentavit
1144 2286 1249 2362 qui
1276 2288 1425 2345 iram
1445 2286 1557 2344 Dei
1580 2304 1650 2341 ac
1669 2300 1874 2358 poenas
1895 2291 2145 2340 aeternas
2174 2282 2249 2340 ab
2281 2284 2548 2345 Ecclesia
2573 2307 2740 2347 amo·-

327 2372 429 2423 vet
454 2372 517 2423 et
542 2372 719 2433 arcet,
750 2372 820 2423 ut
846 2384 985 2425 vere
1012 2368 1089 2425 sit
1106 2372 1466 2449 ἄποτςωι-ιῒος,
1488 2364 1800 2436 eia-iham,
1830 2367 1890 2417 et
1914 2360 2279 2437 ἐπιπομπαῒος
2299 2372 2514 2423 noster.
2547 2366 2736 2425 Porro

326 2451 542 2501 notatu
563 2445 815 2517 dignum
843 2452 931 2503 est
958 2446 1140 2505 ritum
1172 2449 1335 2505 hunc
1376 2444 1744 2521 imprecandi
1789 2448 2030 2517 peccata
2073 2443 2277 2501 omnia
2299 2444 2513 2519 populi
2555 2446 2737 2521 capiti

325 2522 475 2581 hirci
502 2524 577 2581 ad
610 2522 897 2581 Ethnicos
922 2525 1101 2583 etiam
1128 2526 1463 2601 pervenisse
1487 2546 1501 2595 ;
1529 2523 1670 2581 hinc
1697 2523 1770 2580 de
1799 2519 2104 2595 AEgyptiis
2121 2520 2470 2581 Herodotus
2489 2530 2741 2583 testatur

264 2648 273 2655 .
326 2602 389 2657 in
411 2601 692 2677 Euterpe,
720 2604 881 2676 quod
928 2604 1195 2663 victimas
1224 2605 1539 2663 offerentes
1564 2602 1885 2683 καταρῶνται
1913 2598 2032 2659 τάδε
2079 2601 2295 2673 livor-ru
2325 2606 2436 2681 τῇσι
2465 2610 2736 2685 κεφαλῇσι,

324 2678 363 2739 ’ὁ
380 2706 429 2740 τι
456 2683 635 2756 μὶλλοι
664 2678 695 2749 ὅ
722 2690 863 2751 roae)
889 2690 1013 2743 τοῖσι
1058 2684 1233 2743 θύουσι
1270 2683 1302 2751 ὅ
1336 2682 1581 2759 Αἱγῦπᾳ
1620 2690 1688 2763 τῇ
1734 2680 1997 2760 συναπάσῃ
2039 2686 2191 2739 καὶ,
2217 2684 2428 2752 quidm
2449 2684 2491 2747 ἔς
2518 2691 2741 2756 κιφιλῖν

326 2760 507 2825 «αὕτη,
533 2760 821 2840 «gaviorem,
866 2770 901 2797 “
924 2762 1338 2839 Imprccantur
1390 2763 1513 2819 illis
1564 2762 1630 2817 in
1684 2761 1812 2818 hoec
1850 2759 2050 2829 verba,
2078 2766 2148 2816 ut
2195 2760 2242 2815 si
2269 2761 2414 2832 quid
2441 2763 2586 2818 mali
2631 2770 2741 2820 aut

327 2839 471 2914 ipsis
490 2840 939 2898 immolantibus
980 2847 1089 2897 aut
1125 2841 1419 2897 universae
1460 2838 1730 2912 AEgypto
1771 2838 2046 2893 futurum
2089 2836 2183 2905 sit,
2225 2836 2286 2891 id
2314 2836 2376 2891 in
2419 2846 2600 2912 caput
2627 2842 2740 2897 hoc

330 2917 765 2975 convertatur.”
848 2916 991 2973 Huc
1018 2918 1273 2989 pertinet
1298 2916 1477 2973 etiam
1524 2934 1648 2970 non
1697 2915 1890 2971 solum
1937 2912 2102 2985 quod
2154 2912 2422 2971 Gentiles
2465 2914 2648 2973 iidem
2676 2916 2738 2973 in

330 2992 563 3065 maguis
589 2991 865 3065 periculis
892 3000 953 3050 et
979 2994 1235 3068 publicis
1266 2991 1704 3050 calamitatibus
1726 2988 2022 3064 praecipue
2049 2988 2355 3063 placandae
2383 2990 2488 3045 irae
2517 2992 2737 3049 divinae

330 3088 510 3129 causa
535 3068 805 3125 homines
828 3070 958 3128 Diis
980 3072 1272 3127 devovere
1292 3068 1456 3127 soliti
1474 3075 1617 3125 sunt
1643 3074 1714 3125 ut
1731 3084 1844 3125 sua
1859 3072 2050 3123 morte
2067 3066 2218 3123 iram
2239 3066 2504 3125 numinis
2531 3071 2741 3128 offensi

328 3149 653 3223 placarent,
675 3148 841 3220 quod
860 3147 922 3203 in
949 3146 1175 3216 Curtio,
1199 3147 1415 3217 Deciis,
1442 3144 1658 3216 Codro,
1689 3148 1790 3203 διο.
1821 3149 2000 3221 patet,
2030 3145 2133 3201 sed
2153 3150 2214 3202 et
2238 3145 2403 3219 quod
2429 3147 2506 3203 de
2527 3147 2743 3207 Massi-

330 3224 617 3285 liensibus
644 3223 898 3283 refertur
912 3224 1396 3295 anniversariam,
1416 3224 1578 3281 urbis
1598 3243 1724 3282 sues
1745 3220 2146 3298 expiationem
2171 3223 2365 3281 facere
2383 3225 2588 3286 solitos
2615 3246 2740 3286 esse

332 3304 575 3363 homine
602 3322 785 3374 sacre,
816 3322 997 3379 quem
1018 3301 1289 3361 verbenis
1306 3302 1695 3378 vestibusque
1722 3303 1902 3361 sacris
1940 3309 2238 3373 ornatum,
2277 3308 2338 3359 et
2374 3321 2540 3363 more
2571 3307 2739 3365 victi-

332 3400 567 3441 marum
588 3382 949 3453 redimitum,
976 3400 1083 3457 per
1108 3382 1319 3439 urbem
1339 3381 1876 3452 circumducebant,
1907 3386 1966 3438 et
1993 3380 2172 3456 capiti
2199 3380 2332 3455 ejus
2373 3385 2577 3443 omnia
2603 3405 2738 3461 quse

332 3463 469 3520 urbi
485 3461 894 3537 impenderent
912 3460 1075 3517 mala
1090 3460 1495 3536 imprecantes,
1514 3460 1577 3517 in
1588 3480 1751 3519 mare
1789 3460 1852 3517 N
1855 3460 2466 3534 eptunoimmolantes
2476 3463 2743 3538 praecipi-

332 3542 559 3609 tabant,
572 3538 891 3617 additishis
900 3538 1247 3597 solennibus
1261 3539 1453 3597 verbis
1465 3540 1729 3621 πιςιψημα
1747 3542 1875 3617 »33⁶3-
1895 3538 2118 3610 „naveis
2118 3559 2235 3613 pro
2247 3539 2408 3595 nobis
2421 3541 2739 3614 piaculum.

416 3617 625 3675 XXV.
670 3616 788 3675 Sed
816 3620 931 3674 hoc
952 3617 1143 3674 obiter
1163 3618 1389 3677 dictum
1412 3627 1556 3690 esto,
1584 3638 1708 3677 non
1729 3627 1932 3678 tamen
1952 3624 2171 3693 praeter
2191 3634 2318 3674 rem
2339 3617 2584 3674 omnino
2607 3640 2622 3688 ;
2652 3638 2742 3675 re-

334 3698 583 3754 deamus
611 3696 689 3752 ad
718 3695 1125 3769 argutationes
1164 3696 1671 3756 adversariorum:
1724 3698 1956 3766 Quarta
1989 3696 2122 3771 jam
2147 3694 2416 3769 sequitur
2439 3694 2740 3769 Exceptio,

334 3793 469 3849 quse
496 3790 619 3829 non
649 3771 949 3831 difficilius
974 3774 1445 3849 praecedentibus
1492 3776 1763 3846 solvitur,
1796 3774 1886 3833 Eo
1913 3774 2073 3832 enim
2115 3773 2360 3829 tandem
2388 3774 2645 3829 redeunt
2671 3781 2742 3831 ut

332 3851 553 3921 dicant,
584 3850 694 3907 etsi
712 3858 956 3925 peccata
982 3852 1278 3910 diceretur
1304 3858 1585 3926 portasse,
1614 3871 1810 3927 neque
1835 3853 1976 3910 hinc
2001 3868 2172 3927 posse
2200 3848 2406 3923 colligi
2436 3848 2740 3908 Christum

333 3946 473 3985 vere
500 3928 867 4000 satisfecisse,
889 3930 1031 4004 quia
1046 3936 1202 3987 recte
1230 3930 1347 3986 dici
1373 3936 1572 4003 potest
1588 3932 1692 3987 ille
1711 3931 1865 3988 ferre
1891 3936 2202 4006 peccatum
2229 3926 2334 4001 qui
2361 3934 2740 4001 peccatorum

334 4005 641 4063 occasione
693 4009 921 4079 grande
973 4007 1273 4067 malorum
1319 4008 1694 4065 cruciatuum
1737 4026 1806 4065 ac
1849 4008 2058 4065 mortis
2091 4006 2350 4079 denique
2395 4004 2516 4062 fert
2567 4024 2740 4079 onus,

333 4082 567 4141 etiamsi
591 4083 763 4141 nulla
797 4104 943 4143 vera
982 4086 1043 4143 in
1068 4104 1141 4143 ea
1166 4103 1228 4143 re
1265 4086 1343 4144 sit
1367 4104 1543 4160 poena
1570 4086 1694 4143 sive
1736 4086 2038 4157 vindicta3
2081 4092 2264 4157 atque
2289 4083 2354 4141 id
2390 4083 2648 4157 probant
2667 4102 2742 4141 ex

334 4160 525 4218 Num.
554 4161 675 4219 xiv.
708 4162 803 4234 33,
832 4163 937 4221 ubi
965 4163 1263 4221 Dominus
1288 4163 1391 4234 ait,
1423 4170 1457 4198 “
1478 4163 1587 4221 filii
1616 4163 2068 4240 vestrispascent
2117 4162 2181 4217 in
2226 4162 2460 4217 deserto
2487 4162 2746 4234 quadra-

334 4238 505 4313 ginta
530 4257 721 4299 annos
748 4246 811 4299 et
834 4242 1164 4316 portabunt
1187 4240 1650 4300 fornicationem
1676 4250 1935 4299 vestram
1955 4242 2148 4298 donec
2173 4244 2602 4297 consumantur
2620 4258 2748 4297 cor-

333 4335 481 4393 pora
500 4320 760 4393 vestra,’'
790 4327 870 4390 at,
911 4319 1211 4395 inquiunt,
1256 4320 1423 4379 Deus
1458 4322 1575 4377 hoc
1614 4338 1737 4378 non
1757 4320 1893 4377 vult
1931 4319 2096 4393 quod
2136 4314 2291 4374 filios
2337 4315 2746 4376 Israelitarum

333 4414 473 4453 vere
500 4398 827 4471 puniturus
854 4406 1022 4469 esset,
1052 4414 1189 4454 cum
1215 4398 1368 4455 nihil
1394 4399 1515 4456 tale
1543 4416 1617 4457 ex
1646 4398 1780 4455 loco
1816 4396 2020 4471 colligi
2047 4392 2248 4471 possit,
2277 4412 2386 4451 nec
2411 4394 2542 4451 ullo
2569 4403 2746 4471 pacto

332 4474 413 4533 sit
440 4476 782 4547 verisimile,
810 4477 913 4534 sed
941 4477 1106 4552 quod
1134 4474 1225 4533 ini
1254 4477 1559 4535 occasione
1580 4476 1786 4535 delicti
1821 4481 2138 4551 parentum
2163 4490 2410 4530 suorum
2459 4474 2747 4532 damnum

334 4571 455 4611 non
485 4555 619 4611 leve
646 4560 847 4613 essent
874 4554 1119 4611 sensuri.
1206 4556 1305 4615 Sic
1332 4554 1549 4614 Thren.
1579 4573 1637 4613 v,
1667 4554 1724 4627 7,
1756 4561 1791 4589 “
1816 4553 2025 4613 Patres
2053 4550 2244 4611 nostri
2268 4560 2661 4627 peccaverunt
2688 4561 2749 4612 et

334 4650 457 4690 non
486 4639 829 4709 supersunt,
857 4652 965 4691 nos
994 4651 1136 4690 vero
1174 4652 1411 4710 poenam
1454 4652 1665 4693 eorum
1700 4632 1948 4693 ferimus
1965 4634 2022 4709 ;”
2065 4634 2183 4691 hoc
2228 4649 2372 4690 vero
2414 4632 2600 4690 verba
2625 4650 2746 4690 non
