3234 5192
323 383 554 424 msr’ur.
586 363 744 443 xm]
967 381 1045 420 ns
1074 379 1556 422 sAr1srAc⁶rroms
1583 381 1823 422 cunrsrr
1852 383 2171 424 vuum-Ars.
2620 368 2735 424 617

321 526 468 584 falso
511 545 650 600 ergo
694 523 908 584 dixerit
951 523 1273 600 Apostolus
1303 543 1408 582 nos
1446 523 1635 582 aliena
1668 524 1899 602 justitia
1971 525 2165 603 justos
2220 522 2511 600 constitui,
2565 525 2734 583 Rom.

324 626 402 681 v.,
432 625 540 664 nos
570 625 696 664 esse
746 603 1034 681 justitiam
1077 603 1138 661 in
1169 605 1396 662 Christo
1441 605 1647 662 nonin
1711 605 1896 679 nobis,
1954 613 2011 663 et
2064 603 2417 681 deprehendi
2460 605 2738 663 habentes

323 705 441 744 non
501 684 791 762 justitiam
845 693 1100 742 nostram
1157 704 1285 760 quae
1335 693 1423 742 est
1493 703 1568 741 ex
1623 686 1771 759 lege,
1830 684 1935 743 sed
1989 704 2113 742 eam
2171 705 2300 761 quse
2354 693 2445 742 est
2498 704 2574 742 ex
2622 684 2736 742 fide

321 766 364 825 J
368 785 471 824 esu
501 765 732 840 Christi,
765 784 896 822 nam
943 764 1074 840 quis
1119 763 1310 823 dicere
1355 764 1637 824 sustineat
1684 764 1858 822 fidem
1902 764 1999 823 vel
2044 763 2431 823 obedientiam
2460 784 2575 821 non
2604 783 2731 822 esse

326 854 582 904 nostram
602 847 630 903 Ρ
659 845 804 920 Im0‚
830 845 987 920 quod
1015 845 1251 920 gravius
1273 843 1462 902 adhuc
1491 854 1580 902 est
1601 854 1660 903 et
1686 845 1873 922 magis
1902 844 2341 917 intolerandum,
2368 843 2737 902 confunditur

329 925 456 984 Lex
485 945 616 984 cum
647 925 990 1001 Evangelio,
1021 933 1193 982 vetus
1224 922 1440 982 Foedus
1469 944 1707 1001 operum
1736 945 1867 982 cum
1895 944 2048 982 novo
2078 925 2278 1000 gratiae
2310 923 2572 1000 Foedere,
2602 943 2733 981 cum

327 1026 402 1064 ex
429 1005 672 1065 istorum
719 1015 912 1064 mente
939 1004 1247 1081 utrobique
1267 1023 1369 1080 per
1389 1005 1679 1080 propriam
1698 1004 2085 1062 obedientiam
2122 1003 2523 1080 justificemur.
2610 1003 2663 1061 N
2666 1023 2732 1061 ec

328 1083 547 1144 Paulus
575 1085 763 1161 potuit
791 1085 1122 1144 antithesim
1141 1084 1312 1142 toties
1332 1084 1633 1143 instituere
1662 1085 1811 1143 inter
1836 1084 2012 1142 fidem
2038 1093 2099 1143 et
2125 1103 2315 1161 opera,
2346 1104 2477 1142 cum
2504 1103 2581 1142 ex
2606 1083 2737 1142 istis‘

327 1165 472 1224 fides
499 1185 616 1241 qua
637 1185 784 1242 opus
815 1166 942 1223 Deo
971 1173 1199 1241 gratum
1221 1164 1522 1240 justificet.

407 1245 546 1302 XL.
579 1249 634 1304 5.
667 1245 883 1303 Absur.
909 1244 1306 1318 Metaphorice
1325 1253 1382 1303 et
1402 1243 1647 1320 figurate
1666 1244 1789 1302 sine
1818 1244 2158 1303 necessitate
2180 1252 2550 1319 exponuntur
2576 1261 2733 1318 quse-

329 1343 554 1400 cunque
589 1325 884 1401 Scriptura
911 1324 984 1382 de
1013 1323 1406 1400 redemptione
1436 1344 1538 1400 per
1580 1324 1872 1383 Christum
1900 1333 2079 1400 parta,
2112 1323 2185 1382 de
2203 1323 2385 1400 pretio
2415 1323 2731 1398 sanguinis,

329 1412 387 1462 et
417 1403 712 1482 ἀντιλύτςῳ
739 1404 896 1481 quod
939 1423 1044 1481 pro
1091 1404 1260 1462 nobis
1309 1403 1484 1475 dedit,
1517 1404 1590 1462 de
1640 1404 1947 1482 sponsione
1992 1412 2049 1462 et
2096 1403 2427 1460 vadimonio
2476 1401 2735 1478 ejusdem

326 1484 457 1543 loco
485 1494 684 1544 nostro
707 1494 991 1562 suscepte,
1017 1501 1288 1562 expresse
1309 1483 1450 1542 dicit
1472 1484 1788 1542 innumeris
1810 1484 1869 1541 in
1890 1484 2033 1542 locis
2058 1505 2071 1558 ;
2102 1486 2445 1562 cum-tamen
2472 1482 2738 1558 nuspiam

330 1565 454 1622 haec
481 1565 818 1641 metaphora
846 1585 882 1622 a
913 1565 1132 1640 Spiritu
1163 1565 1376 1622 Sancto
1421 1572 1620 1622 notata
1668 1565 1759 1638 sit,
1792 1573 1850 1622 et
1898 1564 2093 1622 verbis
2134 1562 2379 1640 propriis
2427 1563 2733 1639 explicata,

330 1644 488 1720 quod
535 1645 924 1703 necessarium
955 1653 1078 1702 erat
1121 1645 1404 1720 imprimis
1447 1663 1520 1701 ne
1548 1645 1610 1702 in
1638 1664 1887 1702 errorem
1918 1643 2303 1720 periculosum
2334 1642 2737 1714 incideremus,

329 1725 556 1801 proprie
588 1724 1015 1802 interpretando
1044 1724 1202 1801 quod
1222 1725 1466 1800 figurate
1495 1733 1721 1783 tantum
1750 1733 1809 1784 et
1836 1724 2142 1801 improprie
2171 1723 2390 1782 dictum
2420 1731 2544 1781 est:
2586 1721 2739 1780 unde

331 1805 427 1862 vel
469 1803 748 1864 defecisse
781 1805 1056 1882 Spiritum
1112 1804 1384 1865 Sanctum
1421 1804 1480 1862 in
1525 1805 1866 1864 necessariis
1894 1805 2203 1862 dicendum
2232 1811 2337 1876 est,
2368 1811 2429 1861 et
2456 1821 2572 1860 non
2602 1801 2741 1882 satis

331 1905 564 1944 suorum
595 1885 768 1944 saluti
797 1894 854 1944 et
881 1885 1015 1942 fidei
1044 1885 1429 1961 prospexisse,
1461 1885 1618 1961 quod
1646 1885 1883 1962 impium
1902 1893 1991 1943 est
2013 1885 2109 1941 vel
2130 1884 2403 1960 cogitare,
2436 1882 2739 1941 vel-statu·

330 1965 542 2024 endum
563 1965 704 2024 istas
726 1985 928 2024 omnes
946 1964 1268 2022 locutiones
1287 1965 1513 2042 proprie
1525 1974 1584 2023 et
1607 1985 1743 2023 vere
1754 1973 1925 2041 prout
1936 1972 2145 2022 sonant
2165 1962 2575 2038 intelligendas
2593 1981 2736 2036 esse,

331 2064 448 2103 non
471 2043 716 2120 figurate
739 2053 962 2103 tantum
985 2053 1042 2100 et
1065 2044 1470 2118 metaphorice.
1502 2047 1557 2102 6.
1589 2044 1808 2102 Absur.
1844 2045 1905 2100 Si
1923 2063 2077 2101 mors
2102 2043 2313 2100 Christi
2334 2042 2521 2116 infligi
2538 2041 2741 2098 debuit

332 2123 408 2180 ad
437 2123 827 2183 testimonium
856 2121 1277 2199 perhibendum
1299 2122 1575 2180 doctrinae
1593 2141 1715 2180 suae
1744 2121 1816 2179 de
1838 2130 2203 2198 peccatorum
2226 2121 2559 2178 remissione
2585 2143 2599 2177 ς
2631 2121 2737 2176 Er-

333 2223 410 2278 go
439 2202 701 2261 remissio
729 2203 887 2279 prius
917 2201 1090 2259 fuerit
1117 2219 1352 2260 necesse
1381 2209 1501 2275 est3
1549 2202 1699 2258 Nam
1747 2221 1841 2258 res
1888 2209 2021 2258 ante
2052 2201 2128 2258 sit
2173 2208 2398 2276 oportet
2425 2219 2599 2276 quam
2626 2207 2741 2258 tes-

331 2291 454 2340 tata
481 2281 598 2356 fiat,
623 2282 706 2339 rei
727 2282 880 2340 enim
910 2281 1222 2340 existentia
1248 2299 1422 2338 eausa
1470 2289 1560 2340 est
1588 2279 1920 2354 testimonii,
1950 2299 2067 2338 non
2096 2291 2311 2352 contra,
2344 2279 2427 2336 sic
2454 2299 2609 2336 mors
2636 2299 2737 2355 po·

333 2363 448 2420 tius
471 2360 710 2420 effectus
738 2361 848 2420 erit
890 2360 1246 2420 remissionis
1289 2380 1462 2437 quam
1511 2361 1774 2420 remissio
1802 2361 2021 2418 mortis.
2105 2359 2192 2418 At
2224 2359 2521 2436 Scriptura
2546 2369 2739 2418 tamen

332 2442 474 2500 dicit
501 2462 608 2500 nos
652 2442 1048 2500 remissionem
1077 2441 1354 2518 consequi
1401 2461 1505 2518 per
1547 2441 1905 2518 sanguinem,
1957 2441 2107 2518 Eph.
2156 2440 2194 2498 i.
2246 2444 2301 2515 7,
2335 2439 2456 2498 Col.
2488 2439 2525 2497 i.
2558 2439 2653 2514 14,
2684 2449 2742 2498 et

334 2522 674 2600 sanguinem
725 2523 916 2581 delere
964 2530 1202 2599 peccata
1249 2530 1463 2597 nostra,
1502 2525 1530 2580 1
1563 2522 1607 2582 J
1611 2521 1705 2581 oh.
1729 2522 1767 2582 i.
1809 2525 1865 2597 7,
1898 2521 2047 2580 Item
2077 2520 2376 2597 sanguinis
2404 2518 2742 2578 effusionem

333 2623 460 2662 esse
489 2603 712 2682 aliquid
739 2602 1086 2662 antecedens
1115 2602 1238 2661 sine
1261 2623 1375 2678 quo
1405 2622 1520 2660 non
1546 2602 1651 2662 fiat
1679 2602 1958 2677 remissiO,
1986 2602 2139 2660 Heb.
2170 2601 2249 2658 ix.
2280 2605 2380 2658 22.

418 2683 592 2742 XLI.
625 2688 679 2742 7.
713 2683 928 2742 Absur.
961 2682 1226 2742 Officium
1279 2683 1649 2742 Sacerdotale
1678 2682 1893 2741 Christi
1927 2682 2166 2755 tollitur,
2197 2681 2293 2739 vel
2323 2700 2453 2738 cum
2485 2679 2740 2756 Prophe-

335 2764 451 2821 tico
479 2772 538 2822 et
579 2764 766 2841 Regio
813 2762 1220 2835 confunditur;
1265 2762 1389 2819 sive
1439 2762 1788 2821 oblationem
1834 2762 2053 2833 mortiS,
2106 2761 2230 2818 sive
2275 2760 2743 2818 intercessionem

333 2844 470 2901 vitae
517 2853 758 2918 specteS,
789 2843 889 2918 qui
938 2842 1054 2900 duo
1103 2849 1238 2900 sunt
1285 2850 1448 2898 actus
1495 2841 1753 2898 muneris
1783 2839 2171 2898 sacerdotalis.
2218 2840 2367 2896 Nam
2394 2836 2471 2894 ad
2497 2839 2743 2912 priorem

334 2921 492 2996 quod
520 2923 742 2994 attinet,
773 2941 906 2978 cum
951 2928 1212 2980 mortuus
1256 2929 1612 2996 supponatur
1635 2920 1898 2977 Christus
1946 2927 2171 2977 tantum
2200 2918 2275 2974 ad
2302 2916 2578 2974 doctrinae
2608 2937 2737 2974 con-

337 3000 736 3074 firmationem,
767 3001 878 3058 hoc
906 3000 1033 3075 ipso
1061 3009 1324 3058 mortuus
1368 2999 1476 3058 erit
1504 3007 1570 3056 ut
1599 2998 1905 3074 Propheta,
1936 3005 1995 3056 et
2026 2997 2259 3070 Doctor,
2290 3015 2408 3053 non
2447 3004 2511 3053 ut
2543 2995 2741 3054 Sacer-

337 3078 461 3138 dos.
509 3079 892 3138 Posteriorem
923 3098 1061 3137 vero
1090 3097 1206 3136 non
1229 3078 1420 3136 minus
1448 3087 1731 3151 evertunt,
1767 3077 2247 3136 Intercessionem
2276 3075 2423 3148 dice,
2455 3083 2575 3134 tum
2607 3078 2744 3152 quia
2811 3091 2819 3098 ·

336 3179 452 3216 non
481 3167 671 3235 potest
700 3158 876 3217 statui
903 3165 1068 3216 aetus
1097 3158 1320 3235 proprie
1351 3157 1725 3216 sacerdotalis
1772 3156 1885 3216 nisi
1929 3164 2214 3234 quatenus
2244 3154 2509 3214 sacrificii
2527 3156 2745 3232 peracti

337 3240 552 3297 virtute
579 3239 799 3312 nititur,
832 3248 954 3297 tum
1004 3238 1142 3313 quia
1187 3235 1402 3312 ’ἔντευξιν
1427 3237 1588 3296 illam
1632 3238 1839 3296 nolunt
1887 3238 1995 3314 ipsi
2026 3237 2226 3314 peragi
2254 3235 2538 3314 precibus,
2572 3245 2629 3295 et
2657 3256 2744 3294 re-

340 3319 780 3396 praesentatione
809 3317 1015 3393 meriti,
1048 3317 1152 3376 sed
1199 3317 1432 3376 assidua
1473 3326 1533 3376 et
1575 3318 1798 3394 potenti
1828 3318 2031 3376 salutis
2060 3326 2270 3376 nostrae
2300 3337 2453 3391 cura,
2485 3316 2641 3393 quod
2669 3315 2745 3374 ad

341 3401 590 3477 Regium
619 3419 846 3471 munuS,
879 3417 996 3456 non
1023 3417 1163 3457 vero
1190 3398 1264 3457 ad
1307 3398 1662 3457 sacerdotale
1700 3398 1965 3475 pertinet.
2052 3398 2185 3456 Scio
2214 3396 2427 3474 passim
2456 3396 2517 3454 id
2546 3396 2744 3454 discri-

339 3481 510 3538 minis
539 3480 612 3540 ab
641 3480 713 3538 iis
743 3479 919 3537 statui
964 3478 1114 3536 inter
1141 3478 1266 3536 haec
1310 3477 1425 3538 duo
1454 3498 1709 3553 munera,
1750 3487 1815 3536 ut
1862 3478 2068 3554 Regno
2117 3478 2350 3554 quidem
2382 3485 2741 3554 potestatem,

343 3559 676 3620 Sacerdotio
725 3577 864 3617 vero
895 3558 1252 3617 voluntatem
1279 3578 1384 3617 nos
1417 3558 1666 3632 juvandi
1698 3567 1758 3618 et
1784 3558 2055 3617 servandi
2082 3558 2448 3616 abscribant:
2484 3555 2600 3614 Sed
2617 3557 2747 3632 quis

341 3659 496 3697 sanae
523 3639 734 3698 mentis
762 3645 1106 3715 potestatem
1155 3659 1190 3696 a
1217 3639 1516 3698 voluntate
1564 3649 1838 3715 tanquam
1870 3639 2014 3696 duos
2054 3637 2315 3696 diversos
2344 3635 2591 3712 duplicis
2619 3655 2745 3695 mu-

339 3719 492 3777 neris
515 3727 678 3778 actus
706 3719 1072 3794 distinguat?
1155 3718 1372 3777 Annon
1416 3719 1554 3777 boni
1599 3718 1885 3796 Principis
1924 3729 2029 3792 est,
2061 3739 2177 3777 uon
2206 3725 2429 3777 tautum
2458 3735 2627 3792 posse
2646 3717 2744 3792 ju-

340 3819 474 3856 vare
505 3808 563 3858 et
591 3818 820 3858 servare
850 3817 986 3858 suos
1015 3797 1294 3872 subditos,
1317 3799 1420 3857 sed
1437 3799 1608 3857 etiam
1633 3798 1775 3875 ipsis
1792 3799 1939 3858 bene
1956 3799 2109 3856 velle
2129 3801 2159 3858 Ρ
2198 3799 2342 3856 Cum
2373 3815 2513 3872 ergo
2542 3795 2742 3854 discri-

339 3899 471 3936 men
499 3878 645 3937 illud
666 3881 890 3937 nullum
920 3879 1012 3952 sit,
1044 3886 1204 3955 patet
1231 3877 1345 3936 duo
1375 3879 1497 3937 haec
1525 3879 1725 3936 munia
1751 3898 2048 3956 perperam
2078 3877 2351 3936 confundi
2374 3884 2431 3934 et
2458 3876 2745 3953 posterius

339 3959 508 4035 plane
539 3958 823 4035 abrogari.
889 3958 1092 4034 Neque
1121 3959 1216 4016 hic
1247 3957 1474 4017 obstare
1513 3967 1705 4035 potest
1731 3959 1889 4034 quod
1916 3958 2090 4016 iidem
2119 3965 2419 4034 reponunt,
2454 3955 2743 4032 Quicquid

339 4059 374 4096 a
406 4037 714 4098 Sacerdote
743 4047 1134 4115 expectamus,
1165 4037 1223 4095 id
1248 4057 1416 4097 omne
1434 4039 1512 4096 ab
1541 4039 1668 4115 ipso
1691 4047 1756 4097 ut
1786 4039 1949 4114 Rege
1978 4037 2261 4114 proficisci
2283 4057 2468 4113 posse,
2494 4044 2560 4094 ut
2588 4039 2744 4114 quod

339 4127 576 4194 peccata
603 4119 800 4195 expiet
827 4129 886 4177 ct
917 4125 1139 4194 purget,
1171 4117 1233 4175 id
1261 4117 1414 4176 enim
1435 4117 1560 4177 fieri
1601 4137 1705 4196 per
1732 4118 2177 4176 destructionem
2196 4117 2447 4176 hostium
2478 4116 2743 4192 spiritua-

339 4199 498 4270 lium,
544 4199 784 4275 peccati,
817 4199 1018 4256 mortis
1047 4206 1106 4256 et
1138 4197 1384 4272 Satanae,
1416 4217 1545 4274 quae
1577 4196 1806 4258 Christo
1848 4206 1913 4256 ut
1940 4198 2061 4275 regi
2092 4197 2379 4265 tribuitur,
2417 4200 2443 4254 1
2480 4197 2609 4254 Cor.
2640 4217 2742 4257 xv.

340 4283 436 4353 24,
469 4281 585 4354 253
631 4278 788 4354 quod
837 4277 1061 4336 afflictis
1113 4287 1372 4354 prompte
1423 4285 1735 4352 succurrat,
1770 4278 1923 4335 Heb.
1969 4278 2029 4335 ii.
2079 4277 2169 4352 17,
2205 4280 2296 4350 18,
2328 4275 2389 4334 id
2418 4277 2569 4334 enim
2600 4280 2745 4357 regii

340 4359 511 4417 etiam
542 4378 668 4416 esse
698 4358 952 4416 muneris
1001 4357 1076 4415 ad
1119 4358 1390 4416 thronum
1440 4377 1607 4416 suum
1652 4357 2058 4415 accedentibus
2102 4377 2267 4433 opem
2297 4355 2463 4415 ferre.
2505 4357 2657 4417 Nam
2692 4364 2743 4419 1.

341 4439 502 4496 Nihil
529 4438 722 4496 obstat
749 4447 815 4496 ut
843 4438 972 4496 duae
1000 4457 1189 4496 causae
1211 4438 1382 4496 sociae
1411 4447 1755 4496 concurrant
1782 4437 1855 4495 ad
1884 4456 2063 4495 unum
2092 4437 2451 4512 eundemque
2480 4437 2747 4499 effectum

339 4517 791 4596 producendum,
813 4538 942 4595 quae
971 4526 1161 4576 tamen
1193 4517 1408 4576 eaedem
1437 4537 1554 4575 non
1583 4517 1717 4590 sint,
1749 4525 1849 4576 aut
1871 4517 1929 4574 in
1950 4537 2011 4575 se
2039 4525 2239 4576 mutuo
2268 4517 2523 4578 inclusae.
2554 4523 2609 4578 2.
2644 4522 2746 4580 Et-

339 4601 389 4657 si
419 4597 580 4656 varia
607 4619 846 4658 munera
874 4598 1088 4656 Christi
1117 4597 1354 4656 seorsim
1383 4599 1444 4654 in
1474 4596 1649 4656 variis
1676 4596 1903 4656 actibus
1930 4598 2381 4672 considerentur,
2399 4607 2465 4658 ut
2496 4601 2753 4678 Prophe-

339 4681 517 4738 ticum
548 4680 607 4736 in
637 4679 926 4755 evangelii
957 4677 1260 4754 praeconiO,
1297 4676 1665 4737 Sacerdotale
1713 4677 1775 4736 in
1824 4678 2025 4736 mortis
2074 4678 2374 4752 sacrifieiO,
2410 4680 2659 4757 Regium
2690 4683 2749 4740 in
