3234 5192
310 383 547 423 oisrcr.
579 369 733 442 xiia]
942 385 1020 424 nu
1050 383 1541 425 sarlsrscrroms
1571 383 1819 425 cumsrl
1849 385 2168 426 vanu-Ars.
2610 371 2729 428 615

314 526 508 584 verius
556 533 616 585 et
663 527 872 586 melius
919 527 1282 604 competebat
1335 546 1506 604 quam
1552 527 1726 586 morti
1752 547 1828 586 cx
1884 527 2369 586 Adversariorum
2397 525 2726 604 hypothesi.

315 605 561 681 Deinde,
597 606 896 684 Scriptura
917 607 1148 666 modum
1171 607 1548 666 connexionis
1563 607 1715 666 inter
1741 615 1986 666 mortem
2008 607 2223 666 Christi
2250 616 2309 667 et
2329 607 2725 666 remissionem

313 695 680 764 peccatorum
709 686 964 765 explicat
985 707 1126 746 voce
1145 688 1504 763 placamiuis‚
1550 688 1723 746 Rom.
1762 687 1843 746 iii.
1873 689 1969 763 25,
1999 690 2029 745 1
2063 688 2106 747 J
2110 688 2204 746 oh.
2236 688 2295 746 ii.
2327 691 2381 762 2,
2417 687 2566 763 Eph.
2598 687 2635 744 i.
2668 691 2723 762 7,

314 765 472 842 quod
499 767 670 826 morti
698 769 930 844 quidem
969 768 1201 844 optime,
1232 767 1637 826 resurrectioni
1680 776 1873 826 autem
1923 787 2285 844 nequaquam
2312 767 2496 846 possit
2522 767 2725 843 aptari.

314 846 528 923 Tertio,
564 848 782 907 Paulus
809 848 979 907 morti
1009 848 1246 906 seorsim
1277 868 1312 907 a
1337 847 1755 906 resurrectione
1784 856 1841 907 et
1869 849 1993 906 vita
2018 846 2287 906 effectum
2316 846 2727 924 redemptionis

314 936 373 984 et
400 928 884 987 reconciliationis
913 927 1131 1003 tribuit,
1165 927 1334 986 Rom.
1364 948 1422 986 v.
1457 931 1549 1002 10,
1583 930 1619 961 ‘⁴
1648 928 1711 986 Si
1756 948 1885 987 cum
1932 928 2149 986 inimici
2176 946 2435 986 essemus
2471 926 2727 986 reconci-

312 1007 438 1064 liati
467 1007 680 1066 fuimus
713 1008 838 1067 Deo
866 1028 969 1086 per
997 1017 1238 1067 mortem
1267 1008 1372 1066 filii
1399 1007 1544 1085 ejus,
1574 1009 1759 1067 multo
1782 1008 1969 1085 magis
1989 1007 2342 1067 reconciliati
2371 1007 2729 1066 servabimur

315 1107 420 1163 per
447 1089 628 1146 vitam
657 1088 893 1165 ipsiu8,”
923 1088 1022 1146 ubi
1051 1107 1206 1147 mors
1243 1089 1553 1166 opponitur
1578 1087 1715 1146 vitae
1744 1087 2031 1165 gloriosae,
2062 1097 2123 1147 et
2149 1088 2237 1146 illi
2263 1086 2499 1165 quidem
2525 1107 2730 1146 recon··

317 1167 534 1226 ciliatio
563 1169 925 1228 inimicorum
953 1168 1241 1243 tribuitur,
1273 1187 1376 1245 per
1404 1169 1705 1244 sanguinis
1733 1168 1955 1227 scilicet
1980 1168 2263 1228 fiasionem
2292 1177 2350 1227 et
2378 1167 2725 1226 oblationem

317 1247 592 1324 corporis,
635 1267 764 1324 quae
794 1257 956 1307 aetus
985 1248 1094 1307 fuit
1123 1247 1514 1323 sacerdotalis,
1547 1247 1863 1307 sacerdotis
1910 1247 2064 1307 enim
2086 1255 2175 1307 est
2198 1255 2435 1324 peccata
2474 1247 2725 1324 expiare,

322 1327 512 1384 Deum
539 1327 784 1404 placare,
816 1338 988 1405 atque
1017 1328 1098 1386 ita
1124 1347 1326 1405 pacem
1355 1328 1558 1402 facere,
1588 1328 1689 1386 isti
1722 1347 1859 1386 vero
1908 1327 2270 1386 conservatio
2300 1336 2357 1386 et
2383 1328 2557 1405 plena
2582 1327 2728 1386 libe-

317 1406 466 1465 ratio
494 1407 825 1485 amicorum,
857 1428 987 1485 quae
1019 1409 1250 1466 virtutis
1279 1417 1366 1466 est
1394 1408 1570 1484 regiae
1599 1427 1770 1485 quam
1804 1409 2067 1466 Christus
2088 1408 2147 1466 in
2172 1407 2427 1484 gloriosa
2446 1427 2549 1465 sua
2566 1407 2727 1465 exal-

319 1487 536 1546 tatione
593 1488 793 1546 exerit.
897 1489 1041 1547 Cum
1096 1507 1236 1564 ergo
1290 1488 1586 1566 Scriptura
1635 1495 1965 1547 constanter
2010 1488 2123 1547 hoc
2165 1487 2509 1547 beneficium
2557 1487 2731 1546 morti

321 1567 536 1626 Christi
565 1567 797 1644 tribuat,
829 1569 1102 1646 nullaque
1140 1568 1286 1626 ratio
1315 1567 1440 1626 dari
1487 1569 1688 1646 possit,
1720 1588 1823 1628 cur
1850 1568 1961 1645 ipsi
2002 1568 2197 1645 potius
2244 1587 2417 1644 quam
2443 1586 2731 1626 resurrec-

317 1648 464 1705 tioni
492 1646 934 1706 adscribendum
977 1649 1054 1708 sit
1081 1669 1156 1708 ex
1185 1647 1672 1707 Adversariorum
1720 1647 2022 1723 sententia,
2074 1649 2192 1706 imo
2220 1648 2407 1724 magis
2435 1647 2729 1726 proprium

317 1737 380 1786 et
407 1727 800 1787 immediatum
831 1729 908 1788 sit
935 1728 1368 1788 resurrectionis
1409 1727 1695 1802 effectum,
1726 1729 1862 1787 inde
1890 1728 2197 1787 deducitur
2223 1727 2380 1805 quod
2408 1747 2515 1787 nos
2543 1729 2727 1787 inten-

317 1807 528 1884 dimuS,
561 1808 792 1868 diverso
820 1810 992 1887 plane
1019 1809 1192 1868 modo
1219 1808 1392 1868 morti
1421 1807 1789 1870 tribuendum
1809 1828 1952 1885 esse,
1982 1829 2088 1887 per
2112 1808 2269 1868 viam
2298 1807 2518 1868 scilicet
2546 1807 2733 1867 meriti

315 1897 380 1946 ct
409 1888 834 1948 satisfactionis.

403 1969 760 2027 XXXVII.
807 1969 1048 2044 Regerit
1073 1967 1168 2027 hic
1200 1968 1464 2042 Crellius,
1494 1970 1747 2027 rationes
1796 1969 1987 2028 varias
2017 1967 2143 2027 dari
2191 1989 2295 2028 cur
2340 1967 2511 2027 morti
2540 1967 2733 2044 potius

320 2067 494 2124 quam
513 2049 916 2106 resurrectioni
933 2047 1028 2106 hic
1050 2047 1289 2106 effectus
1310 2049 1623 2123 tribuatur;
1650 2053 1727 2105 1⁰.
1749 2049 1897 2122 Quia
1918 2050 1978 2105 in
1996 2068 2064 2106 ea
2077 2067 2299 2106 summa
2312 2048 2421 2106 Dei
2440 2055 2499 2105 et
2517 2047 2732 2106 Christi

321 2147 462 2203 erga
489 2147 674 2203 genus
719 2128 1031 2185 humanum
1061 2127 1250 2184 adhuc
1297 2127 1537 2203 impium
1565 2135 1625 2185 et
1670 2128 1783 2203 ipsi
1830 2127 2123 2184 inimicum
2172 2127 2421 2184 charitas
2450 2127 2731 2203 apparuit,

321 2207 452 2264 ideo
499 2207 638 2264 nihil
685 2227 754 2265 ea
807 2206 998 2284 aptius
1045 2205 1222 2264 fuisse
1271 2205 1348 2263 ad
1391 2205 1785 2264 remissionem
1830 2215 2195 2282 pcccatorum
2245 2206 2305 2263 in
2323 2225 2477 2264 novo
2519 2205 2733 2264 foedere

321 2287 678 2362 promissam,
703 2285 1207 2344 demonstrandam
1231 2294 1288 2345 et
1310 2285 1697 2362 sanciendam,
1729 2294 1787 2344 et
1800 2287 1900 2363 jus
1918 2285 2209 2363 quoddam
2226 2286 2396 2344 nobis
2414 2285 2733 2344 conceden-

323 2365 478 2441 dum,
510 2386 625 2442 quo
649 2386 774 2425 eam
805 2373 1061 2443 repetere
1089 2385 1124 2424 a
1148 2366 1274 2425 Deo
1304 2374 1362 2425 et
1385 2366 1615 2424 Christo
1647 2387 1925 2444 queamus
1948 2366 1997 2424 si
2025 2365 2101 2424 ad
2122 2385 2252 2424 eum
2275 2367 2541 2426 conversi
2562 2365 2733 2424 fueri-

319 2467 468 2505 mus.
513 2453 594 2506 2⁰.
616 2447 766 2522 Quia
791 2447 853 2505 in
874 2447 1162 2505 morte-sit
1191 2447 1710 2506 sancitumnovum
1739 2447 1885 2505 illud
1912 2446 2101 2505 foedus
2131 2445 2191 2504 in
2219 2467 2333 2524 quo
2354 2466 2413 2505 se
2444 2445 2519 2504 ad
2536 2447 2738 2505 remis-

321 2527 542 2586 sionem
571 2535 936 2605 peccatorum
965 2527 1134 2587 nobis
1155 2527 1582 2586 concedendam
1605 2527 1983 2586 obstrinxerit
2014 2527 2190 2604 Deus,
2221 2527 2396 2603 idque
2433 2527 2527 2585 vel
2558 2552 2737 2604 σχετι-

321 2611 416 2672 κῦς
441 2607 516 2666 ad.
543 2617 742 2668 vetera
769 2607 1002 2684 foedera,
1033 2608 1519 2686 quemadmodum
1549 2609 1802 2668 humana
1830 2608 2047 2666 foedera
2074 2627 2224 2666 caeso
2253 2607 2489 2666 animali
2516 2616 2575 2667 et
2604 2627 2734 2666 san-

324 2689 500 2766 guine
529 2689 657 2748 fuso
687 2689 896 2748 sanciri
925 2699 984 2748 et
1011 2689 1337 2748 confirmari
1367 2689 1646 2762 solebant,
1678 2699 1737 2747 et
1764 2688 1953 2746 foedus
1980 2687 2281 2764 antiquum
2319 2687 2428 2746 fuit
2456 2689 2739 2764 sanguine

325 2768 644 2827 stabilitum
667 2778 726 2828 et
755 2769 1060 2844 initiatum,
1092 2769 1190 2827 vel
1218 2769 1392 2827 etiam
1421 2767 1578 2844 quod
1605 2787 1710 2844 per
1736 2775 1979 2825 mortem
2011 2767 2224 2825 Christi
2274 2767 2479 2824 salutis
2508 2775 2737 2824 aeternae

321 2848 422 2905 via
448 2848 506 2905 in
539 2849 690 2907 Nov.
734 2849 892 2906 Test.
921 2847 1167 2924 primum
1199 2847 1548 2924 praescripta,
1581 2847 1849 2922 exemplo
1879 2847 2006 2923 ejus
2034 2845 2207 2903 fuerit
2250 2844 2555 2921 insigniter
2582 2866 2734 2904 com-

321 2926 564 3004 probata
592 2937 666 3000 et,
691 2936 756 2986 ut
783 2927 1040 3003 loquitur
1061 2927 1310 3002 Spiritus
1333 2927 1596 3000 Sanctus,
1623 2925 1849 2984 initiata
1869 2935 1927 2984 et
1948 2924 2229 2999 dedicata,
2256 2924 2411 2982 Heb.
2434 2945 2493 2983 x.
2522 2927 2613 3000 19,
2640 2929 2736 2984 20.

325 3005 522 3082 Atque
551 3006 686 3064 hinc
713 3015 910 3082 patere
939 3005 1080 3064 dicit
1107 3025 1211 3064 cur
1239 3005 1503 3062 Christus
1531 3004 1957 3062 sanctissimum
1987 3003 2369 3062 Eucharistiae
2418 3004 2591 3062 ritum
2620 3024 2737 3063 non

323 3087 550 3162 proprie
579 3086 654 3144 ad
681 3087 820 3144 vitae
847 3093 906 3144 et
933 3084 1385 3160 resurrectionis,
1417 3083 1520 3143 sed
1565 3083 1641 3142 ad
1668 3083 1871 3142 mortis
1919 3082 2147 3160 fusique
2194 3083 2493 3161 sanguinis
2520 3105 2736 3144 memo·

322 3166 466 3223 riam
495 3175 555 3224 et
581 3164 1076 3225 annuntiationem
1103 3165 1433 3239 instituerit,
1465 3165 1602 3240 quia
1629 3183 1699 3222 ea
1726 3163 1915 3223 foedus
1962 3183 2179 3222 novum
2208 3173 2297 3223 est
2345 3162 2645 3241 sancitum,
2678 3165 2739 3223 in

323 3265 440 3324 quo
489 3246 749 3305 remissio
797 3253 1162 3322 peccatorum
1211 3244 1380 3302 nobis
1433 3245 1803 3322 promittitur.
1849 3247 1927 3303 3⁰.
1977 3243 2125 3318 Quia
2146 3244 2403 3304 alludere
2430 3245 2740 3306 voluerunt

328 3326 649 3404 Scriptores
682 3327 742 3386 S.
773 3326 848 3384 ad
874 3325 1036 3383 varia
1064 3345 1194 3402 quae
1239 3325 1446 3383 melius
1491 3325 1663 3384 morti
1708 3343 1879 3401 quam
1910 3323 2047 3384 vitae
2080 3332 2141 3383 et
2186 3325 2591 3385 resurrectioni
2618 3346 2737 3385 res-

321 3407 596 3484 pondent,
627 3415 692 3466 ut
720 3405 796 3464 ad
851 3405 1190 3482 sanguinem
1236 3404 1472 3464 foederis
1520 3403 1745 3482 antiqui
1794 3413 1853 3464 et
1894 3406 2023 3483 ejus
2066 3407 2471 3483 aspersionem,
2503 3427 2619 3484 qua
2649 3407 2737 3466 Is-

322 3487 542 3547 raelitae
592 3484 1014 3564 quodammodo
1065 3485 1268 3544 foederi
1303 3485 1580 3562 adscripti
1628 3485 1898 3561 fuerunt;
1956 3485 2030 3543 ad
2080 3487 2419 3563 sanguinem
2474 3487 2739 3546 victima-

323 3587 448 3626 rum
506 3567 782 3644 legalium
815 3587 828 3640 ;
889 3565 964 3623 ad
1021 3585 1196 3624 voces
1235 3566 1647 3642 redemptionis,
1711 3566 2103 3642 acquisitionis,
2138 3567 2320 3642 pretii
2346 3587 2372 3632 ,·
2428 3565 2505 3624 ad
2573 3566 2736 3626 ablu-

323 3648 528 3720 tiones,
562 3655 620 3706 et
647 3645 1020 3724 purgationes
1050 3646 1258 3720 variae,
1292 3646 1416 3704 sive
1445 3645 1504 3703 in
1532 3646 1665 3722 lege
1709 3646 1845 3704 olim
1898 3646 2278 3723 praescriptae,
2312 3646 2436 3705 sive
2463 3645 2739 3722 vulgares

321 3735 381 3785 ct
408 3727 677 3803 profanas
709 3750 722 3787 :
767 3734 826 3785 at
855 3726 1040 3784 omnis
1069 3725 1358 3804 elegantia
1385 3734 1444 3784 et
1471 3726 1700 3803 argutia
1741 3745 1913 3802 quam
1942 3745 2042 3784 eos
2071 3727 2279 3784 sectari
2326 3745 2738 3802 nonnunquam

322 3807 590 3865 videmus
601 3807 828 3884 periret,
855 3806 1041 3864 siloco
1071 3807 1288 3880 mortiet,
1305 3806 1546 3884 vel-vita
1571 3805 1661 3863 vel
1683 3806 2023 3864 resurrectio
2043 3805 2257 3863 Christi
2276 3805 2736 3864 substitueretur.

405 3887 796 3946 XXXVIII.
845 3885 962 3946 Sed
989 3887 1084 3945 hic
1127 3885 1328 3945 eadem
1375 3905 1601 3962 semper
1629 3885 1857 3944 oberrat
1900 3885 2131 3959 chorda,
2163 3893 2221 3944 et
2248 3885 2345 3943 vel
2385 3885 2531 3942 nihil
2576 3885 2733 3956 dicit,

320 3969 418 4027 vel
447 3967 602 4044 quod
633 3987 734 4044 pro
761 3967 931 4026 nobis
959 3987 1076 4025 non
1105 3967 1345 4024 obscure
1364 3965 1518 4024 facit.
1564 3965 1711 4022 Nam
1736 3965 1891 4042 quod
1920 3964 1993 4023 ad
2020 3965 2198 4042 priua,
2220 3965 2329 4023 etsi
2351 3964 2599 4022 charitas
2625 3966 2737 4024 Dei

321 4067 390 4106 ac
421 4048 636 4106 Christi
664 4048 988 4107 luculenter
1015 4067 1076 4104 se
1105 4046 1166 4103 in
1193 4053 1377 4112 morte
1408 4044 1622 4103 Christi
1668 4045 2013 4120 exhibuerit,
2044 4064 2159 4102 non
2198 4043 2336 4104 facit
2377 4044 2490 4103 hoc
2518 4053 2730 4120 tamen,

321 4137 388 4187 ut
417 4129 502 4184 illi
531 4127 639 4186 soli
669 4135 1031 4205 peccatorum
1049 4125 1310 4184 remissio
1338 4125 1514 4184 tribui
1537 4125 1762 4198 debeat,
1794 4145 1911 4182 non
1932 4144 2070 4183 vero
2092 4123 2283 4202 potius
2312 4125 2734 4201 resurrectioni,

321 4229 454 4285 quae
483 4228 658 4266 causa
685 4207 914 4285 propria
943 4214 1032 4265 est
1060 4206 1226 4264 istius
1263 4204 1545 4281 beneficii,
1577 4205 1627 4263 si
1657 4205 1801 4262 nihil
1830 4203 1989 4263 aliud
2017 4213 2105 4262 est
2142 4203 2403 4262 remissio
2430 4223 2603 4282 quam
2632 4225 2733 4282 po·

321 4296 452 4347 tens
481 4297 538 4346 et
567 4287 773 4346 efficax
799 4307 836 4345 a
863 4305 1034 4363 poena
1053 4285 1336 4360 liberati0,
1366 4293 1432 4344 ut
1453 4285 1536 4342 illi
1561 4293 1839 4344 statimut.
1886 4283 2059 4342 Adde
2088 4283 2243 4360 quod
2272 4285 2458 4362 major
2484 4293 2572 4344 ost
2600 4286 2735 4344 cha·

322 4368 463 4427 ritas
493 4377 728 4445 peccata
757 4367 880 4443 ipsa
907 4375 1040 4424 actu
1067 4365 1374 4440 remittere,
1405 4373 1464 4423 et
1518 4363 1592 4423 ad
1641 4363 1892 4422 coelestis
1921 4362 2120 4440 gloriae
2161 4365 2583 4441 possessionem
2628 4385 2735 4426 nos

321 4467 550 4522 vocare,
582 4447 739 4524 quod
763 4447 1025 4506 Christus
1073 4446 1281 4504 vivens
1309 4453 1368 4503 et
1415 4444 1709 4502 exaltatus
1746 4443 2030 4520 praestitit,
2062 4463 2235 4520 quam
2283 4445 2607 4503 remissioni
2638 4446 2736 4505 isti

319 4537 378 4587 et
408 4528 608 4605 gloriae
636 4527 808 4586 fidem
832 4527 1016 4586 facere
1047 4523 1359 4585 moriendo.
1433 4523 1895 4583 Illustrissimum
1927 4543 2063 4582 sane
2092 4531 2152 4582 et
2178 4525 2494 4584 maximum
2524 4525 2735 4586 dicitur

323 4609 588 4668 Christus
622 4609 682 4666 in
719 4616 902 4666 morte
933 4605 1100 4664 nobis
1129 4605 1357 4664 dedisse
1403 4605 1612 4663 amoris
1660 4604 2070 4679 testimonium,
2112 4604 2252 4663 Joh.
2283 4625 2382 4664 xv.
2418 4607 2509 4682 13,
2542 4606 2644 4665 sed
2673 4607 2735 4666 id

320 4688 497 4765 longe
526 4689 640 4748 alia
667 4689 740 4747 de
770 4707 944 4747 cansa
973 4686 1186 4746 (licitur
1211 4705 1384 4764 quam
1415 4684 1488 4744 ab
1520 4683 1893 4754 Adversariis
1920 4685 2303 4763 intelligitur;
2347 4685 2485 4764 quia
2514 4686 2733 4746 scilicet
