3234 5192
486 298 603 357 258
1126 317 1204 358 ns
1233 317 1578 359 somn-una:
1609 315 1815 358 sAcaae:
1844 316 2277 357 Auruomram.
2524 294 2784 377 [msrur.
2812 313 2903 355 111.

495 456 790 535 Scriptura
800 457 1031 517 Veteris
1042 458 1414 534 Testamenti,
1430 458 1642 518 dicitur
1657 479 1693 517 a
1716 459 1890 519 Petro
1912 478 2036 535 cap.
2050 458 2089 516 i.
2120 462 2209 533 2⁸,
2240 476 2361 515 ver.
2396 458 2488 531 19,
2509 454 2659 528 aalys
2684 456 2906 523 βιβιιό·

489 562 632 617 τιςος,
664 536 885 597 scilicet
910 544 1174 615 respectu
1204 538 1401 613 nostri,
1426 557 1544 596 non
1582 538 1771 599 solum
1792 538 2053 615 quolibet
2078 537 2377 596 hominum
2404 536 2467 594 in
2484 544 2638 596 terra
2663 536 2904 611 loquen-

491 616 636 675 tium
663 616 1010 692 testimoni0,
1042 616 1146 675 sed
1173 618 1346 675 etiam
1374 618 1556 695 ipsius
1579 618 1692 677 Dei
1714 618 1941 678 coelitus
1968 617 2258 695 loquentis
2285 636 2448 675 voce.
2533 616 2619 673 At
2645 616 2910 674 Verbum

493 704 802 773 antequam
845 697 1058 775 scripto
1097 696 1485 773 mandaretur,
1516 706 1641 757 erat
1681 697 2100 756 Autheuticum
2127 717 2231 774 per
2258 716 2320 755 se
2348 696 2421 755 iis
2448 696 2523 753 ad
2551 714 2697 773 quos
2723 695 2909 773 perfe-

493 776 742 851 rebatur,
774 796 881 835 nec
929 777 1006 834 ad
1053 776 1214 835 aliud
1259 785 1563 836 externum
1604 777 1997 836 testimonium
2046 777 2422 853 exigebatur;
2464 776 2689 835 nullum
2738 774 2913 834 emim

495 864 619 914 erat
646 855 926 915 Tribunal
955 863 1257 915 externum
1283 856 1442 934 quod
1467 857 1833 916 consulerent
1858 856 2076 931 fideles,
2106 856 2317 933 quibus
2349 855 2611 915 Verbum
2636 854 2912 932 praedica-

494 936 684 1012 batur,
714 936 876 993 nulla
901 936 1311 995 revelationem
1339 936 1500 995 illam
1529 936 1967 995 commendabat
1990 935 2268 995 Ecclesiae
2290 936 2623 1010 authoritas,
2648 933 2753 993 sed
2778 954 2909 1011 pro·

496 1015 626 1093 pria
652 1014 998 1074 authoritate
1026 1016 1424 1093 recipiebatur.
1509 1016 1682 1075 Unde
1712 1017 1865 1075 enim
1892 1035 2089 1093 quaeso
2130 1022 2357 1073 veteres
2386 1014 2733 1073 Pati-iarchoe
2761 1014 2911 1073 Ver-

499 1094 638 1153 bum
669 1095 781 1153 sibi
806 1094 1126 1153 revelatum
1154 1103 1518 1171 agnoverunt
1557 1116 1685 1155 esse
1730 1096 1842 1154 Dei
1869 1095 2131 1155 Verbum
2150 1098 2179 1153 ⁴?
2220 1094 2483 1171 nunquid
2508 1094 2603 1152 hic
2634 1093 2912 1153 Ecclesiae

501 1174 748 1251 alicujus
797 1173 1114 1233 authoritas
1155 1176 1480 1235 intercessit
1525 1175 1624 1234 vel
1664 1174 1990 1253 judicium?
2080 1173 2181 1232 An
2228 1174 2489 1233 Verbum
2531 1194 2568 1233 a
2608 1173 2915 1251 Prophetis

503 1254 779 1314 traditum
805 1274 908 1332 pro
930 1253 1129 1313 divino
1146 1253 1346 1313 haberi
1365 1274 1484 1313 non
1503 1255 1693 1333 potuit
1713 1276 1748 1313 a
1767 1255 2053 1331 fidelibus,
2077 1254 2193 1313 nisi
2218 1253 2294 1313 ad
2320 1272 2651 1331 supremum
2678 1252 2915 1330 aliquod

505 1334 783 1395 Ecclesiae
811 1334 1066 1393 tribunal
1093 1333 1495 1411 confugiend0‚
1527 1355 1660 1393 cum
1700 1334 2017 1410 videamus,
2050 1353 2201 1411 saepe
2238 1334 2439 1393 invitis
2464 1333 2607 1413 ipsis
2635 1332 2915 1393 Ecclesiae

505 1414 867 1491 Rectoribus,
899 1414 1160 1473 Verbum
1191 1414 1428 1473 Domini
1453 1414 1669 1493 populo
1698 1414 2053 1492 exposuisse,
2084 1412 2242 1491 quod
2288 1412 2333 1473 J
2336 1416 2577 1473 eremias
2604 1413 2677 1473 de
2706 1433 2768 1472 se
2796 1421 2915 1473 tes·

506 1503 678 1571 tatur,
710 1495 753 1556 J
757 1514 929 1553 erem.
948 1493 1072 1553 viii.
1103 1496 1158 1571 8,
1189 1501 1248 1553 et
1295 1494 1504 1553 xxviii.
1551 1502 1610 1553 et
1652 1494 1861 1552 xxxvi.
1966 1495 2061 1553 Ita
2088 1495 2139 1552 si
2178 1494 2251 1552 de
2280 1492 2583 1571 Apostolis
2606 1493 2914 1570 loquimur,

508 1574 680 1634 Unde
710 1573 924 1633 factum
951 1583 1017 1632 ut
1045 1574 1432 1650 Evangelium
1478 1573 1552 1632 ab
1593 1573 1737 1651 ipsis
1782 1572 2157 1650 praedicatum
2199 1592 2365 1633 suam
2404 1572 2558 1651 apud
2598 1571 2919 1632 Auditores

506 1653 819 1712 obtinuerit
847 1652 1250 1712 authoritatem
1271 1655 1300 1711 ?
1381 1652 1483 1711 An
1521 1652 1717 1730 aliquo
1760 1653 2039 1713 Ecclesiae
2078 1652 2123 1713 J
2126 1653 2350 1713 udai‘cae
2378 1652 2770 1728 Testimonio;
2814 1652 2919 1711 sed

505 1740 731 1791 tantum
759 1732 924 1791 abest
951 1739 1016 1792 ut
1043 1732 1264 1791 calculo
1291 1752 1398 1791 suo
1418 1733 1530 1791 hoc
1551 1732 1972 1810 approbaverit,
1990 1741 2057 1792 ut
2085 1740 2283 1792 contra
2303 1732 2460 1791 omni
2480 1751 2588 1809 ope
2608 1731 2757 1791 illud
2783 1750 2917 1809 sup-

505 1812 751 1891 primere
781 1819 988 1870 conata
1015 1812 1106 1888 sit,
1138 1820 1195 1871 et
1242 1812 1370 1890 ejus
1400 1812 1704 1871 Praecones
1731 1812 1865 1889 igne
1894 1821 1953 1871 et
1978 1812 2128 1871 ferro
2154 1820 2456 1890 persecuta
2482 1812 2577 1871 sit.
2659 1810 2761 1868 An
2785 1830 2919 1889 pro-

506 1892 691 1969 priam
717 1891 814 1949 hic
841 1892 1246 1951 authoritatem
1273 1891 1596 1951 obtendunt
1623 1890 1896 1969 Apostoli
1913 1894 1942 1950 9
2026 1892 2143 1951 Sed
2163 1893 2273 1951 hoc
2299 1892 2431 1968 quis
2457 1911 2577 1950 non
2603 1890 2766 1950 videt
2789 1910 2920 1967 per-

507 1971 818 2031 ridiculum
845 1970 1100 2031 futurum
1127 1971 1304 2030 fuisse
1345 1971 1501 2049 apud
1541 1992 1659 2042 eos,
1689 1971 1901 2049 quibus
1927 1973 2025 2030 vel
2050 1972 2221 2049 plane
2250 1972 2437 2049 ignoti
2464 1978 2642 2046 erant,
2673 1978 2740 2029 ut
2766 1969 2923 2048 apud

511 2052 794 2128 Gentiles,
824 2052 923 2111 vel
950 2050 1159 2129 quibus
1186 2051 1362 2109 invisi
1389 2060 1448 2111 et
1475 2052 1745 2130 suspecti,
1776 2060 1841 2110 ut
1868 2051 2023 2129 apud
2050 2052 2093 2111 J
2096 2051 2310 2126 udaeos,
2334 2051 2546 2128 quibus
2572 2058 2789 2129 quanto
2815 2069 2923 2109 no-

509 2133 686 2192 tiores
715 2141 893 2207 erant,
923 2139 1084 2191 tanto
1127 2141 1290 2190 erant
1338 2130 1766 2209 despicatiores.
1852 2131 2057 2208 Itaque
2104 2140 2382 2209 superest,
2414 2140 2480 2191 ut
2526 2151 2642 2189 non
2686 2129 2921 2189 aliunde

511 2234 684 2289 quam
713 2233 750 2270 a
777 2211 1146 2286 sublimitate,
1179 2210 1480 2289 gravitate,
1513 2218 1570 2269 et
1617 2211 1963 2270 excellentia
2008 2210 2191 2290 ipsius
2238 2211 2514 2271 doctrinae
2562 2230 2725 2269 suam
2765 2208 2925 2287 apud

512 2292 715 2351 fideles
743 2291 1150 2351 authoritatem
1171 2290 1436 2349 Verbum
1455 2290 1713 2367 ipsorum
1735 2290 2064 2351 obtinuerit.
2108 2292 2187 2351 Et
2216 2311 2355 2350 sane
2374 2290 2925 2351 Thessalonicenses

514 2371 712 2431 audito
759 2380 983 2431 tantum
1025 2370 1227 2444 Paulo,
1259 2370 1384 2429 sine
1426 2370 1756 2429 testimonio
1804 2370 2051 2448 alicujus
2100 2372 2395 2445 Ecclesiae,
2427 2370 2747 2430 doctrinam
2794 2370 2924 2446 ejus

517 2450 772 2529 amplexi
799 2460 934 2509 sunt
962 2458 1026 2509 ut
1057 2450 1170 2509 Dei
1201 2450 1552 2525 Sermonem,
1578 2454 1608 2508 1
1642 2450 1846 2510 Thess.
1876 2450 1935 2509 ii.
1970 2454 2043 2510 13
2065 2472 2080 2525 ;
2105 2451 2339 2511 Galatae
2367 2451 2555 2528 ipsum
2582 2456 2925 2527 receperunt

516 2539 581 2589 ut
629 2529 926 2607 Angelum
955 2530 1086 2605 Dei,
1117 2529 1233 2588 imo
1275 2538 1340 2589 ut
1391 2530 1685 2589 Christum
1728 2530 1771 2589 J
1774 2550 1953 2605 esum,
2001 2531 2133 2591 Gal.
2164 2532 2242 2589 iv.
2277 2534 2369 2604 14,
2399 2530 2615 2589 nullius
2644 2528 2925 2589 Ecclesioe

520 2608 1014 2669 commendatione
1038 2632 1053 2686 ;
1101 2610 1180 2669 Et
1208 2610 1546 2685 Beroenses,
1577 2608 1715 2668 Act.
1746 2610 1889 2667 xvii.
1924 2613 2015 2685 11,
2036 2612 2279 2669 verbum
2308 2612 2437 2688 ejus
2464 2630 2581 2669 non
2608 2610 2927 2687 exigebant

511 2690 586 2748 ad
616 2688 894 2748 Ecclesiae
921 2689 1166 2767 alicujus
1186 2688 1488 2767 judicium,
1521 2688 1625 2747 sed
1652 2698 1875 2749 tantum
1904 2690 1980 2749 ad
2005 2690 2178 2750 unius
2209 2690 2519 2767 Scripturas
2546 2689 2839 2749 amussim.

1115 2768 1237 2829 XI.
1282 2768 1526 2845 Rursus,
1559 2770 1625 2829 Si
1652 2769 1889 2847 aliquod
1916 2770 2194 2829 Ecclesiae
2215 2770 2509 2829 decretum
2537 2789 2641 2829 seu
2666 2768 2925 2829 testimo·

1033 2848 1194 2908 nium
1221 2848 1576 2909 intercedere
1604 2848 1807 2909 debuit
1833 2848 1909 2907 ad
1940 2850 2249 2928 Scripturas
2294 2848 2657 2908 divinitatem
2684 2848 2922 2909 demon·

520 2928 829 3005 strandam,
874 2928 972 2988 vel
1009 2930 1356 3007 particulare
1405 2928 1531 3005 fuit,
1584 2930 1683 2988 vel
1729 2928 2076 2989 universale.
2148 2930 2317 2989 Prius
2369 2928 2681 2989 absurdum
2730 2935 2819 2988 est
2865 2936 2929 2988 et

512 3007 716 3068 inutile
739 3032 754 3085 ;
797 3009 934 3086 quia
960 3009 1155 3087 agitur
1180 3009 1253 3068 de
1282 3010 1555 3086 omnium,
1587 3010 1689 3087 qui
1714 3008 1930 3087 ubique
1959 3016 2111 3085 sunt,
2131 3010 2586 3069 Christianorum
2603 3008 2752 3085 fide3
2783 3009 2927 3067 Pos-

513 3088 692 3147 terius
721 3087 928 3148 falsum
956 3097 1083 3167 est;
1124 3090 1351 3150 nullum
1395 3090 1549 3149 enim
1597 3089 1840 3167 proferri
1884 3097 2093 3167 potest,
2164 3110 2201 3147 a
2241 3110 2357 3167 quo
2410 3089 2719 3167 Scripturas
2764 3108 2929 3147 suam

514 3166 708 3241 quoad
753 3188 860 3226 nos
913 3169 1322 3229 authoritatem
1368 3168 1694 3229 habuerint.
1778 3168 1930 3227 Nam
1978 3169 2283 3229 concilium
2332 3168 2929 3245 Hierosolymitanum

515 3246 892 3319 quaestionem
917 3247 1068 3306 hanc
1093 3268 1168 3307 ne
1195 3249 1390 3326 attigit
1433 3249 1708 3325 quidem:
1794 3249 1873 3306 Et
1901 3249 2089 3309 Vetus
2117 3249 2549 3309 Testamentum
2589 3249 2715 3327 jam
2758 3267 2929 3307 suum

519 3322 810 3382 Canonem
849 3324 1056 3385 habuit
1102 3328 1513 3402 authenticum,
1563 3348 1682 3387 non
1730 3336 1956 3387 tantum
2002 3327 2158 3406 apud
2205 3328 2467 3405 Judaeos,
2517 3328 2624 3387 sed
2666 3336 2725 3387 et
2772 3326 2932 3405 apud

519 3400 892 3478 Christianos,
923 3404 1025 3481 qui
1053 3405 1222 3465 dictis
1251 3406 1614 3484 Propheticis
1641 3406 1715 3466 ab
1742 3408 1869 3485 ipso
1898 3408 2093 3468 statim
2120 3408 2286 3468 initio
2328 3408 2503 3467 fidem
2530 3427 2695 3467 suam
2722 3407 2929 3467 confir-

517 3480 770 3541 mabant.
826 3482 968 3543 Post
985 3484 1306 3545 Concilium
1335 3486 1931 3563 Hierosolymitanum
1958 3488 2183 3548 nullum
2212 3488 2321 3547 fuit
2342 3488 2620 3547 Ecclesia»,
2642 3487 2929 3564 judicium

516 3560 843 3621 universale
870 3583 1054 3641 usque
1082 3565 1158 3624 ad
1185 3566 1504 3642 Nicaenum,
1535 3565 1598 3624 id
1626 3576 1715 3627 est
1736 3570 1853 3627 325
1893 3576 2026 3646 post
2047 3568 2340 3628 Christum
2355 3568 2540 3627 annis.
2588 3567 2721 3627 Scio
2738 3566 2932 3626 afferri

518 3641 840 3703 Concilium
863 3642 1253 3704 Laodicenum
1282 3654 1341 3705 et
1384 3647 1837 3724 Carthaginense
1881 3648 2113 3708 tertium
2136 3672 2151 3725 ς
2196 3648 2301 3707 sed
2345 3656 2725 3727 praeterquam
2774 3647 2934 3724 quod

515 3721 749 3783 fuenmt
779 3724 1168 3783 Provincialia
1193 3734 1434 3803 tantum,
1466 3725 1726 3805 adeoque
1756 3727 2140 3806 particularia,
2165 3748 2281 3787 non
2307 3728 2661 3787 universalia
2685 3735 2747 3786 et
2772 3746 2927 3785 oecu-

517 3803 742 3863 menica
765 3826 780 3881 ;
826 3804 1060 3863 Certum
1079 3813 1169 3865 est
1184 3824 1301 3864 non
1323 3807 1674 3866 constituere
1698 3808 2006 3885 Cannnem,
2038 3807 2141 3866 sed
2176 3807 2392 3868 factum
2431 3809 2557 3886 jam
2576 3826 2921 3885 supponere.

520 3884 598 3942 οὗ
621 3880 706 3953 δεῖ,
738 3884 926 3962 inquit
944 3884 1334 3945 Laodicenum
1359 3886 1578 3947 Canon.
1599 3890 1694 3963 59,
1716 3885 1985 3952 ἰδιωτικοὺς
2016 3886 2265 3964 ψαλμοὺς
2294 3888 2523 3959 simeon>
2551 3888 2591 3946 ἓν
2616 3891 2683 3968 τῇ
2707 3889 2930 3950 Ἐκκλη-

517 3964 606 4041 n'qs
632 3962 734 4025 οὐδὲ
754 3964 1048 4024 mutuo-ra
1093 3967 1300 4045 ssg'ssaeae,
1348 3970 1498 4025 ἅλλσὶ
1533 3968 1663 4044 μοήι
1694 3971 1762 4026 τὰ
1804 3971 2034 4027 ureret).
2072 3975 2157 4034 τῖς
2208 3974 2375 4033 »acriis
2422 3972 2513 4027 καὶ
2560 3974 2643 4033 τῆς
2692 3966 2953 4041 ςινιλιιιίιςΔ

515 4041 776 4121 ausuum
827 4046 1008 4104 “Non
1037 4056 1263 4124 oportet
1291 4048 1556 4107 Psalmos
1583 4048 1841 4126 privatos
1860 4050 1919 4105 in
1942 4048 2218 4107 Ecclesiis
2236 4048 2368 4124 dici,
2394 4068 2581 4125 neque
2608 4047 2787 4106 libros
2828 4048 2930 4123 qui

517 4133 654 4183 sunt
690 4133 856 4184 extra
884 4125 1173 4185 Canonem
1203 4127 1414 4205 legere,
1465 4128 1581 4185 nisi
1607 4128 1764 4187 solos
1787 4127 2106 4187 Canonicos
2135 4128 2367 4187 Veteris
2416 4137 2475 4187 et
2523 4128 2680 4187 Novi
2726 4127 2927 4185 Testa-

517 4203 756 4265 menti.”
821 4205 920 4265 Sic
948 4206 1400 4284 Carthaginense
1427 4207 1697 4283 tertium;
1746 4208 1899 4273 Quia
1926 4228 1967 4267 a
1992 4208 2259 4267 Patribus
2286 4208 2395 4266 ista
2421 4208 2731 4285 accepimus
2748 4209 2928 4281 leyen-

519 4286 617 4343 da.
701 4286 860 4363 Ergo
879 4286 1005 4361 jam
1034 4295 1158 4346 tum
1187 4288 1534 4347 constitutus
1578 4296 1701 4346 erat
1750 4287 1965 4363 Canon,
2014 4297 2072 4348 et
2116 4288 2313 4347 nullus
2340 4295 2531 4365 potest
2558 4308 2635 4347 ex
2662 4285 2935 4344 Patribus

517 4362 776 4440 proferri,
805 4366 907 4443 qui
934 4386 1050 4426 non
1077 4374 1323 4427 testetur
1340 4369 1466 4445 jam
1493 4374 1628 4426 ante
1658 4386 1763 4426 sua
1788 4374 2049 4445 tempora
2076 4368 2453 4428 constitutum
2480 4367 2676 4427 fuisse.
2761 4364 2931 4423 Certe

522 4442 674 4501 clare
701 4444 811 4503 hoc
839 4446 1133 4524 colligitur
1159 4468 1234 4507 ex
1262 4448 1389 4525 ipso
1421 4447 1680 4507 Concilio
1710 4446 1966 4524 Nicaeno,
2016 4448 2118 4507 ubi
2160 4447 2341 4507 Arius
2368 4468 2445 4507 ex
2478 4446 2787 4525 Scripturis
2813 4464 2933 4503 non

521 4521 806 4598 potuisset
851 4524 1128 4601 damnari,
1180 4538 1350 4603 prout
1427 4526 1789 4586 Athanasius
1836 4528 1993 4605 apud
2041 4528 2359 4588 Eusebium
2405 4534 2653 4587 testatur
2700 4526 2934 4599 factum,

526 4602 573 4673 ἓξ
619 4600 870 4682 borealem
895 4605 982 4680 μὶν
1023 4607 1262 4675 εὐσεβείαις
1291 4607 1580 4685 ἔννοουμυαυ
1607 4608 1775 4679 >sieten
1803 4627 1877 4666 ex
1903 4609 2083 4668 verbi-5
2132 4609 2445 4684 Scrt'pmroe
2489 4608 2588 4685 pie
2638 4606 2937 4681 intellectis,

541 2834 549 2839 ·
602 2819 646 2865 4.
677 2818 884 2877 Argum.
