3234 5192
813 1235 1445 1316 DISPUTATIO
1514 1234 2204 1329 THEOLOGIGA‚

368 1484 497 1575 DE
610 1480 1464 1577 SATISFACTIONIS
1576 1478 2008 1573 CHRISTI
2117 1480 2667 1597 VERITATE,

1146 1740 1364 1809 PARS
1437 1739 1796 1809 OCTAVA.

1310 1970 1682 1977 ——————-—.——--

714 2144 1103 2221 Roepondente
1130 2142 1174 2202 J
1177 2160 1422 2200 omnus
1452 2142 1734 2217 Memno,
1769 2142 2056 2219 Smacensi
2071 2142 2376 2219 Aquitano.

389 2297 437 2357 1.
484 2301 763 2376 Quamvis
784 2302 1049 2361 absoluta
1075 2301 1249 2379 priori
1278 2309 1337 2360 et
1364 2299 1664 2378 potissima
1694 2300 2143 2379 Disceptationis
2185 2324 2356 2380 quam
2387 2302 2714 2365 instituera-

306 2398 434 2437 mus
482 2390 661 2459 parte,
692 2403 821 2459 quae
876 2382 1029 2441 circa
1074 2381 1427 2442 Orthodoxae
1472 2382 1774 2440 sententiae
1816 2386 2123 2446 unvammai»
2164 2392 2444 2459 versatur,
2489 2384 2716 2445 animus

306 2480 421 2517 non
452 2471 605 2521 esset
654 2462 893 2521 ulterius
941 2462 1211 2541 progredi
1254 2462 1329 2520 ad
1356 2464 1620 2525 ἄνοια-κενὸν
1659 2475 2129 2539 argumentorum
2175 2463 2385 2540 quibus
2434 2465 2478 2523 οἱ
2513 2466 2559 2538 ἐξ
2587 2467 2711 2527 imv-

299 2546 413 2607 τὶας
456 2542 764 2601 salutarem
782 2542 931 2601 hanc
956 2543 1258 2601 veritatem
1278 2552 1416 2603 eunt
1434 2552 1848 2620 oppugnatum,
1881 2564 1954 2603 ne
1976 2544 2252 2603 terminos
2273 2544 2522 2603 thesium
2555 2547 2716 2605 vide-

302 2642 494 2682 remus
524 2624 913 2701 praetergredi‚
948 2623 1189 2698 Quando
1218 2630 1411 2682 tamen
1452 2624 1563 2681 hoc
1606 2623 1779 2681 etiam
1820 2644 1936 2681 non
1980 2625 2269 2699 ingratum
2299 2624 2418 2683 fore
2437 2626 2712 2701 coguovi-

306 2722 449 2777 muS,
482 2705 577 2781 pio
597 2704 985 2763 studiosorum
1008 2702 1292 2762 desiderio
1322 2702 1651 2761 satisfacere
1681 2723 1795 2761 non
1819 2723 2146 2779 gravamur,
2179 2712 2237 2761 et
2256 2704 2714 2780 praecedentibus

301 2783 790 2859 disputationibus
846 2785 994 2841 hanc
1049 2783 1223 2841 etiam
1279 2792 1553 2855 attexere,
1613 2800 1742 2858 quae
1798 2782 2215 2859 praecipuorum
2272 2783 2706 2861 sophismatum,

301 2862 513 2937 quibus
535 2864 643 2921 hac
673 2865 731 2920 in
762 2874 923 2940 parte
952 2862 1035 2920 uti
1066 2862 1253 2919 solent
1280 2860 1553 2935 haeretici,
1581 2860 1925 2919 solutionem
1948 2862 2186 2937 aperiat.

382 2940 465 2999 ΙΙ.
512 2942 657 2999 Cum
686 2963 823 3000 vero
854 2940 1157 3017 multiplici
1184 2950 1651 3017 argumentorum
1682 2959 1892 3017 genere
1921 2949 2196 3017 pugnent,
2228 2960 2344 3015 quo
2381 2938 2608 3001 facilius
2650 2953 2709 3003 et

298 3020 510 3077 clarius
540 3021 813 3097 procedat
842 3030 963 3079 tota
990 3020 1113 3078 haec
1141 3020 1420 3092 velitati0,
1452 3019 1526 3077 ad
1554 3038 1662 3077 sex
1690 3018 1880 3096 capita
1901 3040 1970 3077 ca
1996 3039 2350 3077 revocamus.
2400 3024 2476 3079 1⁰.
2510 3022 2705 3083 Primo

294 3102 448 3159 enim
478 3100 831 3159 contendunt
857 3099 1267 3171 Satisfactioms
1295 3099 1611 3157 doctrinam
1665 3096 1894 3177 ἔγραφον
1937 3119 2080 3175 esse,
2114 3119 2243 3175 quae
2287 3120 2394 3159 nec
2432 3122 2705 3179 expresse

291 3202 399 3239 nec
428 3180 865 3258 aequipollenter
889 3180 949 3238 in
982 3180 1277 3255 Scriptura
1305 3178 1596 3253 tradatur3
1631 3184 1711 3238 2⁰.
1743 3180 1890 3239 Esse
1919 3180 2303 3255 impossibilem
2331 3181 2551 3241 ratione
2590 3185 2711 3243 Dei

291 3262 335 3321 J
341 3260 525 3320 udicis
554 3260 648 3319 cui
676 3258 1143 3319 satisfaciendum
1182 3258 1290 3319 fuit
1313 3282 1326 3334 ;
1374 3262 1453 3318 3⁰.
1500 3258 1748 3318 Ratione
1771 3260 1984 3321 Christi
2007 3260 2446 3337 satisfacientis3
2479 3266 2558 3322 4⁰.
2585 3264 2701 3323 Ra-

294 3343 451 3401 tione
476 3362 656 3417 poenoe
683 3362 811 3417 quae
860 3341 934 3398 ad
984 3339 1430 3398 satisfactionem
1461 3340 1800 3417 requiritur;
1847 3341 1929 3399 6⁰.
1975 3340 2222 3399 Ratione
2266 3342 2547 3401 hominum
2575 3364 2700 3403 reo-

285 3442 439 3495 rum,
474 3444 575 3499 pro
626 3422 836 3498 quibus
882 3420 1195 3479 satisfactio
1217 3418 1340 3478 fieri
1384 3420 1616 3496 debuit;
1665 3424 1742 3480 6⁰.
1790 3420 2055 3497 Denique
2085 3422 2246 3479 varia
2274 3421 2525 3481 absurda
2569 3444 2700 3501 gra-

294 3504 535 3561 vissima
582 3502 869 3561 inducere.
917 3502 1123 3577 Itaque
1173 3500 1221 3558 si
1269 3500 1449 3559 semel
1502 3500 2088 3560 demonstraverimus
2131 3522 2239 3560 nec
2277 3503 2592 3561 inauditam
2640 3506 2700 3563 in

295 3584 591 3659 Scriptura
621 3581 991 3641 multominus
1009 3581 1095 3638 illi
1124 3578 1423 3639 adversam
1446 3601 1589 3657 esse,
1612 3602 1722 3640 nec
1742 3581 2157 3659 impossibilem
2186 3581 2282 3640 vel
2310 3602 2345 3641 a
2371 3592 2533 3661 parte
2564 3584 2697 3661 Dei,

293 3662 391 3721 vel
422 3662 651 3735 Christi,
684 3662 781 3719 vel
806 3682 1009 3739 poenae,
1041 3661 1139 3719 vel
1166 3660 1780 3738 hominum·ipsorum,
1812 3662 1860 3720 si
1889 3662 2032 3719 nihil
2071 3661 2307 3721 absurdi
2335 3672 2465 3738 post
2493 3684 2554 3721 se
2583 3672 2696 3723 tra·

288 3742 426 3800 here
454 3740 757 3819 probatum
787 3742 973 3819 fuerit,
1007 3762 1194 3800 causae
1223 3740 1368 3797 nihil
1396 3740 1507 3799 erit
1526 3761 1630 3799 cur
1657 3740 1885 3799 admitti
1911 3762 2028 3799 non
2050 3741 2233 3817 possit
2261 3750 2319 3799 et
2347 3741 2572 3801 debeat.

374 3822 493 3879 III.
544 3825 620 3881 1⁰.
666 3822 861 3881 Primo
904 3842 1042 3899 ergo
1072 3842 1107 3879 a
1153 3822 1466 3897 Scripturoe
1511 3821 1726 3879 silentio
1769 3830 2278 3898 argumentantur:
2324 3820 2694 3899 Quaecunque

287 3900 567 3974 doctrina,
600 3901 883 3979 inquiunt,
915 3923 1020 3961 nec
1050 3920 1321 3978 expresse
1371 3909 1428 3960 et
1475 3901 1716 3961 totidem
1745 3901 1939 3959 verbis
1983 3902 2044 3959 in
2092 3902 2388 3978 Scriptura
2431 3902 2692 3979 traditur,

284 4002 393 4040 nec
421 3981 679 4040 terminis
710 3982 1226 4061 aequipollentibus,
1250 3982 1394 4039 falsa
1421 3988 1589 4040 estet
1617 4000 1870 4056 erronea,
1895 3982 2031 4058 quia
2057 3980 2226 4040 nobis
2255 4001 2386 4039 cum
2416 3982 2697 4059 scriptura

284 4061 639 4139 loquendum
670 4071 758 4122 est
804 4071 863 4121 et
911 4082 1040 4121 eum
1072 4082 1141 4120 ea
1187 4061 1493 4120 tacendum
1517 4083 1531 4136 3
1578 4059 1663 4119 At
1710 4081 1818 4119 nec
1867 4061 2180 4120 satisfactio
2225 4080 2330 4119 nec
2379 4062 2696 4139 quidquam

284 4142 444 4218 quod
473 4142 850 4201 satisfactioni
880 4142 1261 4220 aequipolleat,
1288 4142 1347 4201 in
1367 4142 1648 4219 scriptura
1670 4140 1942 4215 docetur;
1990 4142 2107 4200 Ubi
2139 4141 2290 4199 enim
2319 4141 2482 4217 legas
2502 4142 2696 4201 Chris-

284 4231 409 4281 tum
438 4242 542 4299 pro
571 4223 739 4279 nobis
770 4220 1154 4281 satisfecisse?
1183 4242 1409 4281 omnem
1449 4242 1678 4298 poenam
1700 4221 1945 4298 justitiae
1991 4221 2102 4279 Dei
2130 4240 2234 4297 pro
2283 4221 2450 4281 nobis
2479 4225 2697 4299 persol-

280 4303 484 4360 visse?
524 4310 760 4378 peccata
788 4312 984 4361 nostra
1012 4302 1071 4359 in
1117 4322 1177 4360 se
1206 4312 1272 4361 ut
1319 4302 1525 4360 vadem
1576 4302 1870 4361 derivasse
1914 4311 1973 4360 et
2001 4311 2208 4359 caetera
2251 4301 2536 4378 ejusmodi
2565 4324 2694 4381 quse

278 4382 659 4441 satisfactioni
679 4383 1063 4461 respondent?
1082 4382 1387 4441 Rationem
1410 4383 1558 4440 hanc
1577 4390 1747 4458 urget
1768 4381 2046 4459 imprimis
2059 4380 2385 4458 Christoph.
2405 4383 2692 4460 Ostorod.,

278 4464 477 4522 Instit.
528 4485 577 4523 α.
626 4466 721 4539 35,
774 4473 832 4522 et
878 4463 1109 4522 C-atech.
1158 4463 1397 4521 Racovi.
1430 4484 1478 4521 c.
1530 4464 1585 4537 8,
1618 4462 1690 4521 dc
1735 4471 1918 4521 morte
1948 4461 2178 4535 Christi,
2211 4482 2266 4537 q.
2319 4466 2410 4537 14,
2460 4464 2695 4525 “Istius

281 4544 606 4621 opinionis''
640 4542 920 4620 (nostram
952 4542 1251 4623 intelligit)
1286 4546 1321 4575 “
1343 4552 1656 4603 assertores
1685 4562 1976 4618 nunquam
2007 4542 2339 4619 perspicuas
2383 4545 2696 4621 scripturas

280 4624 546 4701 afferunt,
594 4624 671 4683 ad
720 4623 1073 4703 probandam
1107 4624 1273 4682 istam
1305 4624 1650 4701 opinionem,
1685 4643 1884 4682 verum
1935 4622 2214 4701 quasdam
2259 4625 2694 4687 consecutiones

280 4713 541 4782 nectunt,
574 4706 785 4782 quibus
814 4704 972 4783 quod
999 4704 1245 4763 afferunt
1274 4704 1492 4764 efficere
1524 4712 1820 4779 conantur,
1845 4724 1990 4781 quas
2019 4704 2320 4763 admittere
2352 4726 2578 4783 aequum
2609 4716 2698 4769 est

2177 4790 2212 4842 2
2255 4804 2295 4841 n
