3234 5192
21 4510 35 4551 ν-
21 4414 37 4471 ει-
21 4346 45 4393 us
20 4184 51 4315 1⁵,-v.-
20 4108 55 4158 τῇ,
20 3870 59 4079 -ᾗ-ῑῑ·-.,..’.ε;,
21 3798 49 3847 ,τι

34 4583 52 4638 ἐ

3058 178 3218 251 aa*

3032 251 3064 273 V

298 406 530 446 msi‘ur.
562 385 775 467 xx111.]
882 405 961 445 m:
990 402 1471 446 samaraei-rosis
1500 404 1735 445 cnmsrr
1767 406 2190 449 rsuram-tous.
2597 397 2713 453 093

296 545 451 607 Psal.
482 547 627 625 lxi.;
678 546 1042 605 “Passiones
1072 544 1287 605 Christi
1314 566 1431 605 non
1456 547 1519 605 in
1564 546 1690 607 solo
1721 548 1967 625 Christe,
1999 549 2114 607 imo
2162 550 2462 627 passiones
2492 552 2706 613 Christi

292 628 524 687 nonnisi
552 628 612 685 in
642 627 870 687 Christo
894 648 909 702 3
956 626 1006 685 si
1032 627 1186 685 enim
1206 627 1497 685 Christum
1526 626 1820 703 intelligas
1843 629 2030 705 Caput
2047 637 2105 687 et
2134 630 2372 706 Corpus,
2403 634 2704 707 passiones

294 706 509 766 Christi
536 708 766 765 nonnisi
794 707 855 765 in
884 707 1147 783 Christ03
1194 707 1244 765 si
1271 715 1464 765 autem
1495 706 1788 767 Christum
1809 707 2103 785 intelligas
2131 710 2318 767 solum
2347 720 2536 788 caput,
2567 731 2700 789 pas·

292 786 484 847 siones
508 787 723 846 Christi
749 806 867 845 non
892 786 955 845 in
984 786 1107 847 solo
1138 786 1366 846 Christo
1387 788 1441 863 ;'’
1470 795 1619 846 etex
1643 807 1711 846 eo
1735 788 1937 848 Ansel.
1986 792 2020 823 ‘⁸
2044 787 2272 847 Patitur
2291 789 2482 848 adhuc
2504 790 2697 849 Chris-

290 873 386 925 tus
414 868 731 944 passioneS,
761 886 881 926 non
908 867 967 925 in
996 886 1167 925 carne
1196 886 1300 927 sua
1328 867 1387 925 in
1416 887 1532 944 qua
1558 867 1822 927 ascendit
1847 869 1909 926 in
1937 869 2164 943 coelum,
2196 869 2300 927 sed
2341 870 2399 941 111
2418 890 2546 927 mea
2568 891 2697 946 quae

290 946 479 1005 adhuc
506 945 731 1005 laborat
758 946 817 1005 in
840 946 1053 1005 terra.''
1097 947 1191 1007 Ita
1214 947 1480 1024 Lyranus
1528 948 1589 1005 in
1616 948 1674 1007 h.
1704 948 1765 1019 l.‚
1818 951 1854 980 ‘⁶
1879 948 2185 1007 Passiones
2209 949 2426 1009 Christi
2451 949 2694 1028 duplici-

287 1032 377 1083 ter
404 1026 759 1104 accipiantur
782 1050 797 1087 :
826 1048 943 1085 uno
970 1026 1143 1085 modo
1171 1047 1275 1104 pro
1302 1028 1421 1085 illis
1441 1047 1586 1106 quas
1608 1028 1882 1087 sustinuit
1903 1028 1964 1086 in
1982 1028 2213 1107 proprio
2241 1048 2494 1107 corpore,
2525 1038 2585 1088 et
2612 1030 2694 1088 sic

288 1105 435 1164 nihil
462 1106 545 1165 ibi
572 1115 752 1165 restat
780 1105 855 1165 ad
901 1107 1297 1185 implendum;
1342 1107 1457 1166 alio
1505 1109 1678 1167 modo
1719 1128 1824 1187 pro
1863 1108 1981 1167 illis
2019 1129 2163 1186 quas
2211 1110 2272 1167 in
2299 1110 2472 1168 finem
2512 1130 2692 1186 usque

288 1186 471 1244 seculi
496 1186 747 1263 patietur
774 1187 833 1245 in
862 1207 1099 1265 corpore
1144 1187 1408 1264 mystice,
1453 1195 1512 1246 et
1540 1188 1624 1247 sie
1652 1197 1872 1248 restant
1905 1190 2214 1247 multarum
2242 1190 2574 1265 passionum
2603 1210 2692 1249 re·

283 1264 479 1342 liquiae
508 1265 943 1343 adimplendae.''
991 1268 1189 1343 Atque
1215 1268 1328 1325 huc
1356 1268 1605 1344 pertinet
1653 1268 1871 1345 duplex
1894 1269 2108 1328 Christi
2135 1268 2317 1345 αχίης,
2359 1269 2456 1327 vel
2482 1277 2549 1328 ut
2581 1271 2693 1329 Va-

284 1345 373 1405 dis
400 1354 460 1404 et
484 1347 767 1421 sponsoris
788 1348 889 1423 qui
914 1367 1019 1426 pro
1048 1347 1217 1406 nobis
1244 1346 1541 1422 satisfacit,
1572 1348 1669 1407 vel
1713 1357 1778 1407 ut
1811 1349 2028 1425 Capitis
2056 1350 2213 1426 quod
2234 1351 2294 1406 in
2321 1349 2491 1407 nobis
2520 1349 2694 1411 debet

284 1426 526 1503 operari,
557 1435 624 1487 ut
650 1446 757 1486 nos
802 1427 913 1485 sibi
958 1428 1177 1487 similes
1224 1426 1465 1486 reddat:
1510 1428 1698 1486 Priori
1747 1448 1918 1488 sensu
1964 1429 2262 1506 passiones
2292 1429 2506 1488 Christi
2557 1438 2692 1490 sunt

283 1506 692 1581 satisfactoria,
724 1516 784 1566 et
810 1508 897 1565 illi
925 1508 1035 1567 soli
1064 1508 1319 1566 exclusis
1346 1507 1476 1567 aliis
1520 1516 1871 1586 competunt,
1907 1508 2024 1568 Sed
2073 1508 2380 1586 posteriori
2423 1517 2560 1569 sunt
2587 1531 2688 1569 ex-

283 1588 561 1661 emplare-5
588 1595 647 1645 et
674 1586 749 1645 ad
777 1586 1153 1647 imitationem
1183 1595 1598 1665 proponuntur.

366 1666 441 1725 V.
486 1672 542 1725 2.
588 1666 1029 1728 Observandum
1065 1688 1191 1726 eam
1241 1688 1367 1727 esse
1412 1667 1623 1727 debere
1671 1667 1821 1727 inter
1849 1669 2070 1746 Corpus
2101 1668 2316 1729 Christi
2342 1668 2603 1730 naturale
2631 1681 2691 1732 et

280 1747 608 1823 mysticum,
642 1747 830 1825 Caput
856 1757 915 1807 et
942 1748 1215 1823 membra,
1246 1748 1603 1807 harmoniam
1626 1756 1686 1808 et
1713 1748 2187 1826 conformitatem,
2217 1758 2283 1808 ut
2304 1749 2462 1827 quod
2489 1751 2690 1827 imple-

32 1876 59 1901 ..
81 1878 96 1889 ,
280 1836 405 1887 tum
434 1837 523 1887 est
550 1828 610 1885 in
638 1827 740 1887 illo
769 1828 978 1888 debeat
1004 1828 1065 1886 in
1094 1828 1237 1903 istis,
1270 1836 1501 1887 servata
1527 1837 1722 1889 tamen
1768 1830 2154 1907 proportione,
2186 1830 2428 1907 impleri,
2459 1839 2692 1909 propte-

36 1928 92 1981 15,:
282 1926 381 1965 rea
409 1908 557 1965 enim
591 1908 987 1984 praedestinari
1010 1908 1256 1967 dicimur
1283 1928 1318 1967 a
1340 1908 1525 1969 Paulo
1557 1912 1677 1968 “ut
1697 1910 1878 1969 simus
1909 1910 2232 1971 conformes
2272 1912 2510 1988 imagini
2541 1913 2684 1990 ejus,

31 1996 46 2017 ⁵
68 2002 91 2019 ··
284 1984 454 2046 Rom.
485 1988 608 2045 viii.
638 1991 734 2062 29,
766 1997 825 2047 et
850 1987 1023 2063 idem,
1056 1993 1091 2047 2
1124 1990 1255 2049 Cor.
1284 1989 1365 2047 iii.
1400 1992 1491 2063 18,
1523 1998 1770 2049 testatur
1800 1992 1836 2023 “
1856 2010 1964 2049 nos
1987 1991 2442 2067 contemplantes
2470 1992 2531 2049 in
2559 2012 2686 2070 spe-

280 2066 412 2127 culo
440 2065 586 2125 facie
616 2076 831 2127 retecta
878 2067 1123 2144 gloriam
1154 2068 1406 2143 Domini,
1438 2068 1834 2126 transformari
1875 2069 1937 2126 in
1985 2068 2226 2127 eandem
2275 2071 2584 2147 imaginem
2615 2070 2688 2130 de

277 2144 467 2221 gloria
493 2146 553 2203 in
590 2147 835 2222 gloriam
884 2147 1046 2205 velut
1073 2167 1109 2205 a
1139 2148 1355 2225 Spiritu
1388 2148 1681 2207 Domini.’'
1767 2148 1925 2205 Hinc
1973 2148 2145 2206 toties
2187 2149 2262 2206 ad
2305 2150 2686 2208 imitationem

21 2282 40 2294 ,,
280 2225 493 2283 Christi
512 2226 847 2301 excitamur,
863 2226 1013 2303 Eph.
1037 2245 1093 2284 v.
1115 2230 1170 2301 2,
1205 2225 1355 2285 Phil.
1374 2226 1433 2284 ii.
1455 2228 1510 2301 5,
1527 2229 1581 2302 6,
1606 2230 1636 2285 1
1665 2224 1791 2285 Pet.
1815 2226 1874 2284 ii.
1894 2228 1990 2301 21,
2016 2230 2110 2301 22,
2136 2230 2233 2285 23.
2279 2228 2459 2285 Porro
2487 2237 2552 2287 ut
2574 2229 2687 2287 ista

22 2326 89 2384 w·
278 2303 647 2363 conformitas
674 2306 736 2377 in
766 2305 927 2365 coelis
948 2304 1141 2364 futura
1168 2314 1257 2364 est
1282 2306 1344 2363 in
1372 2306 1559 2383 gloria
1592 2314 1652 2365 et
1671 2304 1964 2380 felicitate,
1999 2308 2028 2365 1
2061 2306 2104 2365 J
2107 2306 2200 2365 oh.
2224 2306 2305 2365 iii.
2330 2312 2386 2383 2,
2418 2306 2570 2367 Phil.
2601 2308 2682 2369 iii.

21 2384 24 2389 ’
277 2386 372 2459 21,
407 2384 529 2443 Col.
558 2385 641 2443 iii.
671 2389 726 2461 4,
760 2385 855 2443 Ita
880 2385 940 2443 in
967 2386 1135 2445 terris
1163 2386 1489 2445 inchoanda
1510 2396 1599 2446 est
1625 2406 1730 2464 per
1751 2386 2014 2463 gratiam,
2037 2386 2246 2463 partim
2271 2386 2335 2445 in
2357 2388 2680 2465 sanctitate,

275 2465 485 2542 partim
512 2465 573 2523 in
596 2485 781 2540 cruce,
815 2466 983 2525 Rom.
1007 2466 1129 2525 viii.
1165 2469 1259 2526 17.
1304 2466 1804 2542 Quemadmodum
1827 2466 1980 2525 enim
2011 2466 2292 2545 Christus,
2323 2467 2462 2527 dum
2489 2468 2550 2527 in
2567 2478 2684 2529 ter·

274 2544 355 2605 ris
383 2554 649 2605 versatus
677 2554 783 2621 est,
815 2545 1062 2624 insignis
1108 2545 1220 2606 fuit
1266 2548 1632 2625 potissimum
1673 2556 1796 2607 tum
1840 2548 2133 2607 sanctitate
2174 2568 2290 2626 qua
2316 2568 2494 2626 purus
2523 2558 2582 2609 et
2609 2549 2684 2611 ab

270 2626 428 2684 omni
454 2628 677 2704 peccati
704 2627 836 2686 labe
863 2627 1135 2687 immunis
1181 2628 1291 2688 fuit
1314 2648 1449 2687 vere
1497 2638 1733 2687 sanetus
1761 2627 2016 2703 Domini,
2045 2636 2170 2687 tum
2211 2630 2532 2689 calamitate
2557 2638 2684 2689 tan·

273 2726 448 2784 quam
476 2706 567 2765 vir
588 2706 869 2782 dolorum,
903 2707 1019 2766 Isa.
1046 2708 1152 2766 liii.
1185 2711 1240 2784 3,
1272 2708 1372 2784 qui
1394 2709 1720 2785 omnigenis
1759 2707 2030 2765 aerumnis
2078 2716 2138 2766 et
2162 2708 2528 2783 passionibus
2559 2729 2685 2769 sese

274 2787 521 2864 subjecit
548 2807 732 2864 usque
780 2787 855 2845 ad
903 2787 1372 2861 exinanitionem,
1407 2786 1557 2847 Phil.
1588 2788 1648 2844 ii.
1693 2790 1750 2859 6,
1801 2790 1833 2843 7
1858 2807 1872 2861 3
1919 2786 2013 2843 Ita
2060 2786 2384 2845 Ecclesiam
2429 2807 2593 2846 suam
2621 2789 2682 2847 in

271 2865 431 2925 hisce
460 2866 687 2926 duobus
714 2866 1021 2925 assimilari
1067 2874 1126 2925 et
1174 2866 1523 2925 conformem
1570 2865 1737 2924 reddi
1772 2864 1978 2923 voluit.
2043 2864 2238 2923 Primo
2265 2867 2328 2923 in
2373 2868 2680 2943 sanctitate,

271 2945 426 3003 unde
448 2946 723 3021 jubemur
751 2945 935 3003 saneti
974 2964 1099 3003 esse
1128 2944 1279 3003 sicut
1304 2944 1403 3003 ille
1434 2952 1668 3003 sanctus
1715 2951 1820 3018 est,
1857 2946 1886 3001 1
1923 2944 2048 3001 Pet.
2097 2943 2136 3001 i.
2171 2946 2263 3019 15,
2295 2952 2354 3003 et
2379 2945 2682 3021 purificare

274 3044 380 3083 nos
409 3034 473 3083 ut
495 3024 593 3083 ille
620 3044 801 3101 purus
828 3032 933 3099 est,
970 3027 1001 3081 l
1032 3024 1075 3083 J
1079 3024 1173 3083 oh.
1216 3024 1298 3082 iii.
1330 3027 1385 3081 3.
1450 3023 1718 3083 Secundo
1766 3024 1828 3081 in
1862 3024 2220 3099 passionibus
2261 3032 2320 3082 et
2347 3043 2532 3098 cruce,
2564 3045 2682 3101 quo

274 3122 447 3163 sensu
476 3104 689 3163 dicitur
720 3103 1023 3180 reliquisse
1050 3104 1219 3162 nobis
1250 3104 1547 3181 exemplar
1572 3110 1639 3162 ut
1681 3122 1989 3181 sequamur
2031 3102 2157 3179 ejus
2185 3103 2451 3181 vestigia,
2487 3108 2518 3161 1
2553 3104 2680 3165 Pet.

272 3184 333 3243 ii.
370 3184 465 3260 21,
510 3193 569 3244 et
638 3182 1060 3243 communicare
1126 3183 1402 3243 dicuntur
1463 3182 1666 3242 fideles
1731 3182 2097 3260 passionibus
2155 3182 2386 3260 Christi,
2447 3185 2680 3261 quando

272 3262 348 3322 ad
374 3265 504 3341 ejus
531 3265 716 3323 instar
742 3272 798 3322 et
846 3264 1145 3342 exemplar
1191 3264 1505 3341 patiuntur,
1536 3283 1662 3341 cap.
1711 3262 1792 3321 iv,
1836 3265 1930 3322 13.
1977 3262 2062 3323 Ut
2105 3283 2244 3340 ergo
2275 3264 2538 3324 Christus
2573 3286 2680 3344 pro

271 3352 433 3423 parte
464 3364 569 3404 sua
596 3344 785 3403 varias
813 3344 1017 3403 habuit
1042 3343 1341 3422 passiones
1387 3342 1756 3422 perferendas
1793 3342 1868 3403 ad
1912 3363 2059 3420 opus
2089 3342 2528 3421 Redemptionis
2555 3368 2682 3424 per-

271 3424 600 3500 ficiendum,
653 3425 747 3483 Ita
795 3424 1059 3483 Christus
1102 3424 1384 3502 mysticus
1427 3445 1529 3483 seu
1560 3423 1824 3483 Ecclesia
1851 3431 1909 3483 et
1957 3423 2174 3501 singuli
2215 3424 2416 3484 fideles
2463 3426 2682 3486 habent

270 3506 515 3583 quisque
543 3525 647 3583 pro
675 3513 836 3582 parte
866 3524 972 3563 sua
998 3514 1217 3563 certum
1262 3504 1599 3564 demensum
1647 3505 1980 3582 passionum
2022 3504 2180 3581 quod
2207 3525 2243 3562 a
2271 3504 2398 3564 Deo
2442 3506 2560 3564 illis
2587 3526 2678 3565 as·

272 3586 536 3663 signatur
560 3585 637 3643 ad
663 3584 991 3663 exemplum
1021 3584 1242 3664 capitis,
1274 3585 1491 3663 singuli
1518 3584 1734 3645 debent
1754 3603 1830 3642 ex
1857 3584 1969 3643 isto
2009 3584 2185 3643 calice
2212 3584 2429 3660 bibere,
2461 3585 2680 3661 singuli

272 3685 499 3724 crucem
526 3672 657 3742 post
686 3664 977 3725 Christum
1006 3664 1220 3723 debent
1248 3685 1411 3724 suam
1438 3674 1684 3742 gestare.
1731 3665 1932 3723 Donec
1962 3683 2101 3741 ergo
2143 3662 2344 3723 fideles
2389 3684 2458 3723 ea
2486 3665 2676 3724 subie-

268 3746 385 3804 rint
412 3746 741 3817 certamim,
774 3753 831 3803 et
858 3766 1142 3805 aerumnas
1163 3745 1401 3804 tulerint
1442 3765 1571 3821 quae
1619 3744 1736 3803 illis
1766 3764 1801 3803 a
1831 3744 1956 3803 Deo
1986 3752 2122 3803 sunt
2147 3744 2447 3820 impositae,
2481 3764 2678 3821 super-

272 3833 361 3885 est
389 3844 613 3902 semper
640 3824 861 3902 aliquid
888 3824 1243 3902 implendum
1272 3825 1333 3883 in
1362 3823 1727 3902 passionibus
1757 3824 1973 3882 Christi
1996 3846 2010 3899 ς
2053 3842 2172 3882 11011
2199 3824 2434 3899 (1111(10111
2463 3824 2680 3883 Christi

270 3905 568 3980 naturalis,
600 3904 736 3983 quia
764 3906 891 3982 ejus
920 3904 1237 3965 satisfactio
1265 3904 1373 3964 fuit
1399 3904 1655 3983 perfecta
1691 3912 1751 3963 et
1795 3903 2062 3962 omnibus
2111 3902 2366 3961 numeris
2414 3902 2682 3962 absoluta

269 3984 330 4042 in
358 4005 545 4057 cruce,
576 3984 734 4061 quod
773 3985 897 4061 ipse
939 3992 1187 4044 testatus
1230 3992 1319 4043 est
1366 4004 1497 4044 cum
1548 3984 2021 4043 Consummatum
2065 4002 2192 4041 esse
2221 3982 2528 4057 clamavit;
2575 3982 2680 4043 sed

272 4064 487 4124 Christi
514 4063 762 4142 mystici,
794 4063 872 4122 id.
920 4064 1187 4143 Corporis
1230 4064 1430 4141 ipsius,
1462 4064 1630 4141 cujus
1677 4064 1976 4141 passiones
2020 4082 2152 4122 cum
2179 4082 2295 4120 11011
2335 4070 2468 4121 ante
2505 4062 2680 4121 finem

271 4144 451 4203 seculi
480 4153 939 4204 consummatum
966 4144 1036 4203 iri
1066 4152 1285 4203 certum
1314 4144 1407 4221 sit,
1438 4142 1696 4222 quotidie
1731 4142 1947 4203 debent
1988 4141 2214 4219 impleri
2231 4142 2292 4199 in
2320 4141 2678 4219 singulorum

270 4224 527 4285 fidelium
558 4224 1001 4283 calamitatibus.

353 4304 463 4364 VI.
508 4304 707 4382 Atque
724 4304 839 4363 huc
861 4304 1151 4383 pertinent
1177 4303 1357 4361 verba
1376 4302 1552 4377 Petri,
1587 4307 1675 4360 1⁰.
1696 4321 1820 4379 cap.
1850 4320 1908 4359 v.
1941 4303 1997 4375 9,
2027 4320 2158 4379 quae
2178 4300 2435 4378 apprime
2463 4298 2684 4359 faciunt

269 4382 346 4442 ad
372 4404 494 4443 rem
522 4394 794 4458 nostram,
827 4404 957 4442 cum
986 4385 1067 4443 ait
1098 4386 1133 4417 “
1152 4382 1385 4441 easdem
1426 4383 1762 4460 passiones’'
1793 4401 1924 4457 quae
1941 4380 2384 4457 imponebantur
2410 4378 2682 4438 fidelibus

271 4464 548 4543 dispersis
578 4464 653 4523 ad
680 4482 827 4540 quos
857 4463 1056 4522 scribit
1087 4462 1367 4540 “impleri
1396 4462 1456 4520 in
1484 4462 1758 4521 societate
1788 4460 2027 4519 fratrum
2057 4461 2341 4536 quierant
2368 4480 2470 4539 per
2495 4467 2683 4519 totum

272 4545 525 4621 orbem,’‘
556 4564 687 4622 quae
714 4542 1018 4603 manifeste
1047 4544 1324 4601 evincunt
1351 4542 1542 4601 Deum
1571 4550 1787 4601 aeterno
1816 4560 1920 4599 suo
1945 4540 2186 4599 consilio
2215 4539 2540 4599 decrevisse
2567 4559 2688 4599 non

272 4626 445 4685 modo
476 4646 621 4702 quas
648 4623 947 4702 passiones
978 4623 1242 4683 Christus
1270 4622 1393 4699 ipse
1434 4623 1698 4693 incarne
1739 4640 1844 4679 sua
1873 4620 2092 4680 subiret
2133 4639 2237 4698 pro
2269 4618 2689 4699 Redemptione

273 4706 571 4781 Ecclesiae,
605 4704 708 4765 sed
737 4704 909 4763 etiam
961 4724 1107 4780 quas
1135 4702 1367 4781 singula
1415 4700 1694 4762 Ecclesiae
1745 4719 1864 4759 suae
1908 4700 2168 4760 membra
2211 4710 2405 4759 essent
2433 4700 2694 4759 subitura
