3234 5192
302 366 534 407 msrc‘r.
569 342 681 427 vn]
1015 364 1092 405 m:
1123 364 1375 421 smnrrn,
1411 362 1594 422 Aous,
1628 364 1702 405 ΕΤ
1732 362 2048 407 sanemus.
2619 348 2737 406 309

307 512 339 567 1
371 509 519 567 Tim.
549 507 628 565 iii.
665 509 756 583 16,
795 509 824 565 l
861 506 986 567 Pet.
1015 506 1096 565 iii.
1131 508 1223 565 18.
1308 506 1530 566 Verum
1551 526 1739 585 neque
1766 507 1881 565 ista
1908 505 2195 583 expositio
2213 505 2474 565 absolute
2504 507 2732 567 admitti

303 598 528 666 potest;
559 608 694 646 nam
715 595 1098 664 praeterquam
1120 586 1276 663 quod
1297 587 1488 645 minus
1517 585 1817 645 commode
1839 606 1943 662 per
1964 586 2195 663 Aquam
2216 586 2523 645 denotatur
2551 608 2726 645 evan-

303 668 538 745 gelium,
570 687 930 745 quaecunque
957 667 1053 725 hic
1081 666 1406 725 referuntur
1431 667 1721 743 pertinent
1746 666 1939 743 potius
1968 666 2041 725 ad
2071 666 2461 725 testimonium
2491 667 2725 725 coeleste

303 747 486 807 Verbi
515 757 575 808 et
605 748 871 825 Spiritus,
905 747 977 807 de
1006 765 1120 823 quo
1149 746 1368 806 dictum
1407 755 1496 805 est
1545 766 1665 805 ver.
1718 745 1981 823 praeced„
2028 766 2203 823 quam
2231 746 2305 805 ad
2333 746 2723 805 testimonium

307 834 592 887 terrestre.

383 907 532 968 VII.
577 906 858 967 Nonnulli
885 925 989 983 per
1013 907 1238 983 Aquam
1259 915 1317 966 et
1343 906 1687 983 Sanguinem
1716 904 1963 982 intelligi
1993 905 2201 965 volunt
2226 905 2447 983 legales
2475 905 2722 965 ablutio-

303 1006 426 1062 nes,
471 994 531 1046 et
576 986 858 1046 sacrificia
883 986 1219 1063 expiatoria,
1251 986 1462 1064 quibus
1488 986 1649 1045 Deus
1677 988 1737 1043 in
1765 986 1967 1045 Veteri
1996 994 2342 1045 testamento
2371 994 2615 1045 testatus
2634 996 2723 1046 est

303 1066 599 1127 Christum
627 1075 936 1127 venturum
964 1086 1094 1125 cum
1123 1086 1274 1143 aqua
1301 1074 1360 1125 et
1389 1066 1689 1143 sanguine,
1720 1066 1782 1125 id
1808 1072 1897 1125 est
1924 1065 2000 1123 ad
2020 1066 2311 1143 expianda
2336 1074 2397 1125 et
2422 1066 2724 1144 purganda

301 1155 540 1223 peccata
559 1154 793 1223 nostra3
840 1146 947 1205 Cui
974 1146 1304 1205 testimonio
1327 1146 1631 1223 desumpto
1660 1166 1695 1204 a
1724 1145 1926 1205 Veteri
1974 1146 2347 1217 Testamento
2374 1147 2726 1225 adjungatur

299 1226 477 1301 aliud,
509 1226 667 1303 quod
693 1235 782 1285 est
805 1226 1036 1285 Novum
1065 1226 1516 1302 Testamentum,
1568 1226 1837 1285 nimirum
1882 1226 2267 1303 evangelium,
2300 1226 2455 1302 quod
2486 1236 2725 1285 vocetur

306 1307 573 1382 Spiritus.
657 1307 878 1364 Verum
906 1306 1172 1383 quamvis
1201 1326 1340 1366 suus
1367 1306 1531 1365 locus
1557 1306 1743 1383 possit
1770 1304 1895 1363 esse
1917 1305 2052 1363 huic
2082 1306 2398 1381 sententiaa,
2430 1314 2495 1364 ut
2522 1314 2725 1384 postea

299 1385 646 1460 videbimus,
679 1386 810 1444 Non
835 1385 1070 1445 videtur
1094 1394 1289 1446 tamen
1316 1386 1360 1446 J
1363 1404 1578 1445 oannes
1605 1386 1667 1444 id
1685 1386 1899 1444 directe
1920 1384 2254 1460 intendisse,
2280 1385 2416 1461 quia
2445 1386 2582 1462 agit,
2608 1406 2726 1444 non

300 1464 374 1523 de
402 1473 656 1543 tempore
683 1465 989 1543 praeterite,
1020 1466 1082 1523 in
1110 1487 1225 1544 quo
1272 1466 1536 1526 Christus
1573 1466 1683 1524 sub
1727 1465 1908 1523 variis
1951 1464 2153 1541 figuris
2197 1464 2571 1524 adumbratus
2592 1465 2719 1543 fuit,

301 1544 407 1603 sed
435 1544 508 1604 de
533 1546 819 1623 praesenti,
850 1546 911 1604 in
939 1566 1056 1624 quo
1083 1546 1314 1606 venisse
1345 1545 1556 1605 dicitur
1580 1565 1685 1623 per
1700 1564 1910 1622 aquam
1931 1554 1991 1603 et
2019 1544 2378 1622 sanguinem.
2465 1545 2592 1603 Alii
2618 1565 2722 1623 per

299 1625 527 1701 Aquam
555 1626 890 1703 intelligunt
910 1626 953 1685 J
957 1626 1159 1685 oannis
1180 1627 1459 1705 Baptistae
1481 1626 1892 1700 testimonium,
1917 1625 2017 1701 qui
2038 1624 2191 1701 apud
2220 1644 2426 1702 aquam
2450 1625 2722 1685 testifica-

299 1712 396 1764 tus
417 1713 504 1766 est
520 1706 565 1765 J
567 1726 726 1765 esum
757 1724 883 1765 esse
913 1705 1153 1783 Agnum
1178 1708 1306 1780 Dei,
1329 1726 1430 1784 per
1439 1706 1783 1783 Sanquinem
1804 1704 2193 1764 testimonium
2220 1705 2600 1781 centurionis,
2621 1706 2723 1783 qui

301 1802 376 1843 ex
403 1784 582 1845 latere
612 1786 827 1845 Christi
855 1785 1003 1845 vidit
1029 1787 1311 1863 profluere
1341 1786 1681 1863 sanguinem
1711 1793 1769 1843 et
1796 1804 2022 1861 aquam,
2054 1793 2114 1843 et
2140 1804 2245 1861 per
2263 1786 2538 1861 Spiritum
2558 1786 2719 1845 testi-

299 1866 554 1923 monium
586 1865 1002 1944 Apostolorum
1029 1866 1130 1943 qui
1179 1867 1240 1924 in
1284 1866 1378 1925 die
1429 1867 1803 1925 Pentecostes
1842 1864 2227 1941 loquebantur
2254 1866 2430 1923 variis
2466 1866 2717 1943 linguis;

304 1943 422 2003 Sed
441 1944 566 2004 haec
593 1946 848 2005 alienora
876 1953 1011 2004 sunt
1027 1966 1063 2004 a
1083 1954 1274 2005 mente
1303 1947 1346 2006 J
1348 1946 1568 2021 oannis,
1599 1964 1774 2023 quam
1796 1952 1861 2003 ut
1890 1944 2067 2021 recipi
2096 1944 2359 2005 debeant.

382 2024 564 2084 VIII.
612 2025 761 2085 Sunt
788 2025 888 2102 qui
915 2026 1150 2102 propius
1177 2026 1516 2085 accedentes
1545 2026 1620 2084 ad
1666 2025 1749 2083 rei
1792 2024 2113 2098 veritatem,
2136 2044 2241 2102 per
2266 2024 2541 2102 Spiritum
2570 2024 2723 2085 dona

300 2104 428 2182 ejus
457 2111 581 2163 tum
605 2103 1081 2179 extraordinaria,
1113 2114 1234 2163 tum
1266 2106 1568 2180 ordinaria,
1599 2125 1704 2182 per
1723 2105 1947 2181 Aquam
1971 2104 2107 2163 vitae
2134 2104 2441 2180 puritatem
2472 2113 2529 2163 et
2558 2105 2719 2163 inno-

299 2184 566 2259 centiam,
597 2204 700 2261 per
726 2184 1068 2259 Sanquinem
1097 2184 1514 2263 Apostolorum
1543 2194 1602 2244 et
1628 2184 1886 2243 fidelium
1934 2204 2039 2261 pro
2069 2184 2299 2242 Christo
2327 2184 2560 2259 caedem,
2591 2204 2721 2261 quse

297 2263 640 2339 martyrium
666 2271 968 2341 propterea
995 2263 1221 2340 dicitur,
1252 2264 1413 2324 innui
1430 2264 1796 2344 pertendunt.
1842 2264 2213 2323 Communior
2227 2271 2421 2323 tamen
2439 2265 2724 2324 sententia

299 2352 390 2402 est
418 2362 632 2418 eorum,
663 2343 764 2421 qui
789 2364 893 2421 per
924 2344 1200 2422 Spiritum
1245 2345 1613 2423 evangelium
1662 2344 2011 2422 intelligunt,
2063 2364 2167 2422 per
2210 2342 2461 2422 Aquam,
2494 2353 2553 2404 et
2577 2345 2720 2405 San·-

300 2422 536 2500 guinem
565 2423 680 2483 duo
717 2424 1006 2483 ordinaria
1055 2424 1210 2485 Novi
1250 2425 1592 2485 Testimenti
1640 2425 2027 2500 Sacramenta,
2079 2424 2440 2501 Baptismum
2467 2446 2504 2484 a
2532 2425 2718 2503 signO,

301 2502 540 2562 Coenam
567 2524 706 2563 vero
735 2524 771 2563 a
797 2524 859 2564 re
889 2505 1230 2583 significata,
1262 2508 1399 2585 quia
1427 2516 1491 2567 ut
1513 2504 1883 2583 evangelium
1910 2514 2157 2564 testatur
2185 2505 2228 2564 J
2232 2524 2394 2564 esum
2422 2525 2548 2564 esse
2580 2507 2721 2565 Fili-

299 2602 399 2642 um
422 2584 552 2661 Dei,
583 2585 628 2646 J
631 2585 724 2645 oh.
769 2605 872 2645 xx.
922 2589 1018 2663 31,
1063 2586 1147 2646 sic
1191 2588 1365 2647 etiam
1418 2588 1804 2659 Sacramenta,
1852 2592 2127 2661 tanquam
2171 2585 2480 2661 Evangelii
2510 2586 2719 2663 sigilla,
2820 2658 2836 2671 ι

297 2662 450 2721 idem
479 2663 540 2722 in
567 2666 736 2724 terris
763 2666 932 2725 nobis
953 2675 1229 2745 perpetuo
1255 2673 1558 2726 testantur.
1646 2663 1797 2739 Quid
1840 2683 1979 2722 vero
2030 2663 2391 2722 sentiendum
2422 2666 2497 2721 sit
2524 2664 2585 2721 in
2613 2666 2723 2725 hac

297 2743 634 2820 opinionum
663 2746 941 2805 varietate
969 2766 1084 2803 non
1113 2746 1280 2804 facile
1304 2756 1392 2805 est
1421 2745 1711 2819 colligere,
1745 2742 1793 2800 si
1813 2750 2005 2801 tamen
2029 2760 2230 2799 verum
2248 2742 2415 2800 fateri
2432 2743 2718 2820 volumus,

298 2823 460 2881 nulla
481 2844 556 2882 ex
583 2824 712 2883 istis
740 2825 1006 2883 omnibus
1035 2825 1266 2883 videtur
1301 2825 1471 2901 plene
1523 2822 1888 2880 satisfacere:
1932 2821 2027 2878 vel
2056 2819 2209 2878 enim
2257 2820 2559 2879 alieniores
2588 2830 2723 2881 sunt

299 2922 336 2959 a
363 2920 538 2978 scopo
566 2903 609 2962 J
613 2904 833 2977 oannis,
864 2904 962 2961 vel
990 2910 1254 2979 angustas
1276 2902 1465 2976 nimis,
1487 2919 1661 2978 quam
1690 2907 1756 2957 ut
1783 2918 1905 2956 rem
1949 2898 2021 2956 de
2070 2917 2186 2975 qua
2230 2898 2523 2975 quaeritur,
2553 2900 2723 2977 plene

301 2988 360 3038 et
387 2990 650 3039 accurate
677 2982 900 3058 possint
928 2981 1237 3059 explicare.

383 3058 503 3117 IX.
551 3060 636 3118 Ut
663 3080 801 3137 ergo
831 3069 1081 3120 mentem
1107 3068 1364 3120 nostram
1393 3058 1735 3137 aperiamus,
1768 3059 1930 3117 salvo
1958 3058 2277 3119 doctiorum
2300 3058 2539 3137 judici0,
2572 3060 2721 3119 arbi-

297 3146 520 3198 tramur
543 3140 670 3198 haec
699 3160 814 3198 non
841 3140 924 3200 ita
946 3139 1058 3199 sibi
1102 3140 1352 3199 invicem
1399 3140 1629 3217 opponi,
1656 3140 1819 3218 -quin
1863 3139 2032 3199 facile
2078 3139 2369 3198 conciliari
2397 3140 2638 3217 possint,
2670 3141 2722 3200 si

298 3219 587 3297 plerasque
617 3240 692 3279 ex
719 3220 847 3280 istis
895 3221 1196 3279 sententiis
1231 3239 1349 3278 non
1399 3219 1657 3297 seorsim,
1705 3218 1808 3279 sed
1852 3220 2205 3297 conjunctim
2248 3220 2683 3281 considerentur
2710 3244 2725 3281 z

299 3298 446 3358 Cum
475 3300 628 3359 enim
657 3320 726 3359 ea
753 3302 830 3360 sit
856 3301 966 3358 vis·
980 3300 1290 3378 Scripturas
1323 3300 1530 3374 Sacrae,
1561 3309 1630 3360 ut
1655 3301 1849 3379 plures
1876 3320 1969 3359 res
1991 3301 2298 3375 contineat,
2330 3320 2504 3378 quam
2522 3302 2717 3378 verba,

296 3388 358 3438 et
387 3400 538 3457 saepe
568 3381 675 3440 sub
705 3400 820 3441 uno
849 3380 1166 3457 eodemque
1187 3381 1473 3440 vocabulo
1501 3381 1664 3440 varia
1706 3381 1982 3459 mysteria
2025 3381 2136 3441 sibi
2176 3381 2425 3441 invicem
2454 3383 2719 3441 subordi-

297 3467 436 3518 nata
463 3460 762 3538 designet;
793 3461 1002 3519 mirum
1025 3460 1210 3519 videri
1237 3481 1352 3519 non
1383 3460 1571 3536 debet,
1604 3462 1655 3521 si
1682 3461 1860 3519 variae
1878 3459 2065 3538 σχίσεις
2092 3462 2155 3520 in
2182 3462 2309 3540 ejus
2332 3462 2717 3539 explicatione

299 3538 545 3599 subinde
574 3540 994 3619 conjungendae
1022 3541 1275 3614 veniant,
1301 3550 1366 3600 ut
1392 3541 1619 3619 integer
1646 3542 1927 3601 habeatur
1954 3562 2157 3601 sensus
2184 3562 2219 3601 a
2251 3542 2469 3621 Spiritu
2507 3543 2719 3602 Sancto

297 3618 599 3695 intentus;
648 3620 804 3678 Hinc
821 3621 958 3697 quia
983 3621 1376 3681 testimonium
1406 3621 1560 3680 istud
1588 3630 1781 3699 potest
1826 3622 1935 3679 sub
1972 3622 2204 3699 gemina
2241 3623 2399 3699 σχίσει
2450 3624 2715 3700 spectari,

295 3698 394 3755 vel
417 3706 588 3775 prout
631 3707 868 3759 externe
915 3702 1257 3779 proponitur
1297 3702 1357 3759 in
1407 3702 1675 3760 Ecclesia
1720 3700 1795 3760 ad
1840 3704 2229 3761 convictionem
2273 3700 2587 3776 hominum,
2619 3701 2717 3759 vel

296 3786 468 3854 prout
494 3778 719 3838 interne
748 3780 1089 3858 obsignatur
1113 3782 1175 3840 in
1195 3781 1366 3841 corde
1395 3781 1471 3839 ad
1488 3782 1915 3841 consolationem
1934 3781 2211 3857 fidelium,
2235 3782 2409 3858 juxta
2426 3781 2714 3857 duplicem

296 3856 454 3916 hunc
499 3868 821 3935 respectum
852 3861 1113 3919 bifariam
1137 3862 1308 3921 etiam
1337 3880 1508 3939 posse
1547 3861 1795 3940 spectari
1839 3880 2139 3920 censemus
2186 3870 2303 3921 tres
2346 3860 2489 3918 istos
2518 3867 2713 3935 testeS,

295 3937 394 3995 vel
423 3946 490 3996 ut
517 3947 772 4015 externe,
803 3942 898 3999 vel
926 3951 992 4001 ut
1020 3942 1242 4001 interne
1269 3949 1548 4002 testantes
1573 3963 1586 4001 ε
1673 3941 1767 4000 Ita
1793 3961 1897 4018 per
1922 3942 2197 4017 Spiritum
2244 3938 2535 4017 designari
2564 3940 2715 3997 arbi·

295 4023 516 4076 tramur
547 4018 796 4096 Spiritus
829 4021 1024 4080 Sancti
1054 4022 1172 4079 vim
1203 4030 1262 4081 et
1289 4022 1615 4095 efficaciam,
1646 4029 1771 4080 tum
1800 4020 2159 4079 extrinsecus
2188 4040 2251 4079 se
2297 4026 2626 4078 exerentem
2656 4020 2717 4076 in

294 4096 490 4173 verbe,
521 4106 646 4157 tum
673 4100 1020 4161 intrinsecus
1048 4110 1377 4179 operantem
1407 4103 1469 4159 in
1496 4101 1706 4175 corde;
1754 4100 1867 4158 Per
1881 4101 2109 4175 Aquam
2128 4107 2546 4158 sacramentum
2576 4098 2714 4175 bap-

293 4177 469 4254 tismi,
503 4178 603 4255 qui
631 4180 1064 4241 administratur
1091 4182 1150 4239 in
1183 4181 1448 4239 Ecclesia
1475 4180 1584 4239 sub
1611 4200 1778 4256 aquae
1808 4178 2089 4256 symbolo,
2122 4188 2181 4237 et
2216 4178 2475 4256 ejusdem
2504 4177 2713 4235 verita-

295 4264 430 4333 tem,
461 4278 592 4335 quae
621 4280 722 4337 per
741 4260 1194 4338 regenerationis
1222 4260 1563 4319 beneficium
1591 4260 1886 4319 obtinetur
1902 4258 1962 4315 in
1984 4256 2189 4333 corde;
2236 4256 2350 4315 Per
2374 4258 2716 4333 Sanguinem

297 4336 734 4398 Sacramentum
767 4339 1163 4413 Eucharistiae,
1195 4358 1324 4415 quae
1353 4348 1442 4398 est
1469 4338 1795 4397 communio
1828 4336 2141 4413 Sanguinis
2171 4336 2403 4409 Christi,
2450 4340 2479 4394 1
2504 4336 2633 4395 Cor.
2652 4358 2711 4397 x,

301 4418 393 4491 16,
427 4426 486 4476 et
514 4418 862 4479 beneficium
890 4417 1356 4492 Justificationis‚
1407 4438 1510 4477 seu
1557 4417 1913 4475 remissionis
1935 4425 2298 4494 peccatorum
2329 4417 2389 4474 in
2422 4416 2715 4494 Sanguine

297 4496 529 4573 Christi,
562 4517 694 4575 quae
720 4500 832 4558 hoc
865 4498 1236 4557 Sacramento
1265 4497 1623 4575 obsignatur.
1668 4496 1867 4573 Atque
1894 4498 1977 4555 ita
2006 4516 2109 4555 sex
2127 4497 2307 4555 veluti
2326 4505 2518 4574 partes
2547 4498 2714 4557 istius

294 4576 612 4636 testimonii
639 4580 826 4637 notari
871 4586 1131 4657 possunt,
1181 4596 1299 4635 non
1343 4596 1472 4654 quae
1521 4583 1644 4635 toto
1689 4595 1899 4653 genere
1948 4576 2229 4653 differant,
2276 4577 2379 4636 sed
2428 4598 2556 4655 quse
2603 4578 2715 4639 sibi

295 4653 542 4715 invicem
573 4659 960 4736 respondeant
987 4666 1045 4717 et
1074 4657 1558 4733 subordinentur;
1601 4676 1733 4714 nam
1776 4666 2029 4717 externae
2081 4665 2214 4716 sunt
2242 4658 2507 4736 symbola
2538 4658 2713 4719 inter-
