3234 5192
473 298 593 356 331
1159 313 1237 350 ns
1281 309 1570 351 ΒΑΡϊιεΜο
1615 310 1785 350 susis
1828 308 1902 349 ΒΤ
1946 309 2147 352 umis.
2493 292 2749 373 [urs-Pur.
2782 314 2884 353 vn.

477 472 602 512 non
629 470 766 510 raro
794 470 902 529 pro
929 452 1203 510 doctrina
1233 452 1450 511 Christi
1493 452 1765 527 sumitur,
1804 449 1957 525 Eph.
2009 452 2085 508 iv,
2127 452 2221 509 21.
2308 453 2405 509 Ita
2448 461 2482 488 “
2510 454 2792 529 baptizari
2822 454 2883 511 in

479 532 774 602 Mosem,'’
804 531 954 587 nihil
1001 530 1168 588 aliud
1215 529 1346 601 erit,
1373 548 1556 606 quam
1593 529 1886 605 baptizari
1913 530 1975 586 in
2004 530 2337 588 doctrinam
2363 538 2423 588 et
2448 532 2643 606 legem
2670 532 2878 606 Mosis,

479 610 705 669 initiari
733 610 798 667 in
823 609 1021 667 foedus
1066 610 1140 667 ab
1166 609 1276 666 illo
1305 610 1611 679 traditum,
1641 609 1703 665 in
1731 608 2100 684 paedagogioe
2129 610 2413 668 Mosai'cae
2441 612 2565 667 sive
2594 611 2793 668 cultus
2822 620 2883 669 et

477 688 782 763 religionis
809 707 914 763 per
940 688 1176 745 Mosem
1203 687 1437 747 traditae
1480 687 1907 763 professionem
1950 687 2221 762 tingendi
2256 688 2378 746 ritu
2404 688 2654 746 solemni
2681 706 2882 747 conse-

479 770 648 826 crari.
733 765 823 825 Ut
842 767 1002 824 enim
1044 767 1210 825 Deus
1251 766 1538 841 symbolis
1557 766 1680 823 illis
1707 766 1957 840 gratiam
1978 784 2148 823 suam
2176 773 2238 824 et
2264 767 2740 824 benevolentiam
2768 774 2884 826 tes-

481 848 723 905 tabatur
748 846 1009 921 popu103
1055 845 1156 903 Ita
1181 846 1476 921 populum
1501 844 1694 920 magis
1736 844 2041 919 magisque
2068 844 2175 901 sibi
2200 846 2569 903 devinciebat
2595 852 2655 902 et
2681 863 2882 904 conse-

479 926 698 983 crabat.
785 924 882 983 Sic
911 922 1050 983 Act.
1077 924 1198 981 xix.
1218 925 1274 995 3,
1305 928 1360 995 4,
1405 930 1440 959 “
1465 922 1755 999 baptizari
1797 923 1860 979 in
1889 922 2177 998 baptisma
2201 921 2246 982 J
2248 924 2521 995 oannis,'’
2548 928 2639 981 est
2658 924 2879 999 baptis-

481 1020 584 1061 mo
607 1003 652 1061 J
656 1003 865 1061 oannis
892 1002 1224 1061 consecrari
1249 1004 1312 1059 in
1332 1004 1513 1061 fidem
1533 1002 1841 1072 doctrinae,
1869 1014 2053 1077 quam
2078 1000 2121 1059 J
2124 1018 2345 1059 oannes
2372 1002 2731 1077 praedicabat
2752 1024 2767 1073 ;
2810 1009 2882 1060 ut

480 1082 640 1139 enim
682 1081 1064 1142 Sacramenta
1103 1086 1244 1139 sunt
1284 1081 1483 1156 sigilla
1525 1080 1732 1152 Verbi,
1774 1079 1859 1137 ita
1898 1086 2040 1138 sunt
2078 1086 2304 1139 tesserae
2344 1088 2405 1138 et
2444 1081 2716 1155 symbola
2742 1080 2877 1139 fidei

481 1166 718 1219 nostrae.

563 1240 714 1297 XX.
758 1239 964 1315 Atque
1011 1240 1152 1297 hinc
1177 1240 1430 1299 solvitur
1457 1239 1724 1315 exceptio
1765 1238 1982 1309 Socini,
2022 1256 2144 1313 qua
2183 1246 2436 1297 conatur
2474 1240 2716 1296 eludere
2754 1239 2878 1296 vim

481 1318 840 1395 argmnenti‚
869 1334 993 1395 quo
1021 1318 1248 1377 utimur
1299 1322 1376 1377 ad
1423 1319 1795 1394 probandam
1830 1316 2207 1376 divinitatem
2250 1316 2487 1390 Christi,
2516 1336 2591 1377 ex
2616 1336 2690 1374 eo
2718 1318 2879 1394 quod

481 1392 756 1457 dicamur
793 1405 828 1432 “
850 1397 1139 1473 baptizari
1165 1398 1228 1453 in
1260 1396 1478 1456 Christi
1505 1396 1807 1466 nomine,’'
1835 1395 2057 1453 Matth.
2084 1396 2290 1454 xxviii.
2317 1396 2409 1469 19,
2428 1396 2572 1473 quia
2594 1395 2881 1456 Israelitae

481 1477 766 1534 dicuntur
789 1476 1082 1553 baptizari
1099 1476 1164 1532 in
1190 1476 1446 1548 Mosem,
1468 1476 1574 1551 qui
1599 1476 1719 1533 fuit
1737 1474 1893 1548 ψιλὸς
1919 1474 2177 1556 ἄνθρωπος.
2235 1475 2300 1533 N
2302 1494 2400 1533 am
2427 1476 2560 1552 quis
2580 1493 2705 1532 non
2720 1475 2885 1534 videt

479 1554 937 1614 diversissimam
965 1572 1090 1613 esse
1107 1556 1366 1612 duarum
1392 1555 1643 1612 istarum
1658 1555 1969 1629 phrasium
1986 1556 2298 1626 rationem,
2329 1560 2365 1589 “
2389 1554 2467 1612 In
2487 1554 2724 1612 Mosem
2744 1554 2885 1631 bap-

481 1633 671 1703 tizari,
701 1640 762 1689 et
789 1632 866 1690 In
907 1634 1148 1690 nomine
1176 1631 1317 1691 Filii
1338 1634 1401 1691 2⁹²
1448 1634 1616 1691 Illud
1635 1634 1711 1690 de
1748 1640 2019 1691 creatura
2045 1633 2163 1691 dici
2189 1640 2405 1707 potest,
2432 1634 2545 1691 hoc
2571 1652 2693 1690 non
2722 1634 2886 1703 item,

481 1713 644 1769 unde
673 1708 904 1767 Paulus
955 1711 1252 1787 posterius
1297 1719 1478 1787 negat
1516 1713 1592 1769 de
1640 1730 1703 1771 se
1742 1711 1860 1769 dici
1898 1730 2088 1786 posse,
2134 1712 2163 1769 1
2218 1711 2353 1770 Cor.
2395 1713 2435 1769 i.
2482 1712 2575 1785 13,
2620 1716 2656 1746 “
2680 1712 2782 1771 An
2821 1712 2885 1768 in

483 1804 702 1847 nomen
731 1786 912 1847 Pauli
937 1788 1225 1864 baptizati
1261 1791 1400 1848 estis
1422 1792 1484 1848 2³⁹
1514 1790 1623 1866 qui
1666 1790 1831 1867 prius
1872 1790 2129 1848 affirmat
2175 1792 2251 1848 de
2290 1790 2482 1849 Mose.
2566 1792 2619 1849 2.
2665 1790 2742 1849 In
2782 1810 2888 1849 no-

483 1868 644 1925 mine
684 1866 942 1941 alicujus
981 1867 1271 1943 baptizari
1311 1870 1435 1925 duo
1476 1868 1782 1944 importat,
1825 1886 1961 1944 quae
2003 1870 2078 1925 de
2120 1874 2394 1927 creatura
2418 1868 2537 1928 dici
2562 1878 2887 1945 nequeunt,

483 1946 686 2005 Primo
715 1946 846 2020 ejus
873 1945 1232 2003 authoritate
1265 1952 1326 2004 et
1364 1947 1651 2006 mandato
1676 1947 2005 2023 baptizari;
2052 1946 2141 2006 At
2186 1948 2352 2005 solus
2392 1948 2557 2006 Deus
2583 1955 2671 2006 est
2698 1968 2888 2007 sacra-

480 2032 820 2083 mentorum
837 2026 1072 2095 author,
1095 2024 1278 2101 quiet
1295 2025 1479 2083 verbi.
1524 2026 1757 2084 Deinde
1778 2026 1841 2084 in
1859 2026 1989 2101 ejus
2016 2027 2194 2084 fidem
2216 2034 2277 2082 et
2304 2027 2533 2099 cultum
2562 2028 2850 2103 obstringi
2870 2050 2887 2101 3

483 2103 574 2163 Ut
613 2102 774 2161 enim
801 2102 967 2161 Deus
993 2120 1166 2161 suam
1199 2103 1298 2161 hic
1343 2106 1600 2178 gratiam
1642 2105 1976 2181 pollicetur,
2005 2122 2115 2163 nos
2154 2104 2491 2180 recipiendo
2518 2105 2582 2162 in
2624 2124 2888 2164 commu-

477 2183 723 2241 nionem
778 2180 1032 2254 foederis,
1105 2180 1208 2239 Ita
1257 2182 1514 2241 vicissim
1573 2186 1783 2243 eadem
1848 2184 2079 2241 ratione
2138 2185 2319 2241 fidem
2361 2190 2420 2241 et
2460 2184 2813 2259 obsequium
2853 2205 2891 2244 a

477 2261 780 2320 foederatis
819 2260 1087 2318 debitum
1127 2262 1409 2335 postulat.
1493 2262 1546 2319 3.
1591 2262 1823 2320 Eodem
1881 2262 2059 2319 modo
2114 2261 2490 2337 baptizamur
2544 2263 2608 2319 in
2650 2264 2890 2322 nomine

483 2340 642 2410 Filii,
682 2356 805 2413 quo
847 2339 909 2395 in
951 2338 1192 2396 nomine
1235 2337 1469 2410 Patris3
1513 2339 1605 2398 At
1644 2341 2017 2415 baptizamur
2056 2339 2117 2395 in
2160 2338 2401 2397 nomine
2445 2338 2641 2398 Patris
2668 2349 2739 2400 ut
2765 2344 2891 2401 veri

482 2417 615 2487 Dei,
645 2434 767 2473 non
795 2423 866 2473 ut
891 2422 1181 2475 creatura.
1226 2414 1298 2473 Ε.
1338 2418 1402 2475 id
1443 2417 1643 2493 ipsum
1681 2418 1743 2474 in
1786 2416 1943 2475 Filio
1984 2416 2183 2473 locum
2229 2416 2450 2473 habere
2490 2418 2683 2476 debet.
2770 2420 2890 2477 Eo-

481 2496 620 2553 dem
659 2510 837 2552 sensu
877 2494 1163 2552 dicuntur
1201 2493 1481 2571 Apostoli
1521 2496 1854 2571 baptizasse
1896 2500 1995 2560 “us
2026 2518 2081 2553 το
2113 2495 2276 2570 ὄνομ’
2301 2507 2512 2574 Χςιστου
2567 2494 2631 2552 in
2672 2514 2891 2555 nomen

486 2572 765 2646 Christi,”
809 2571 946 2632 Act.
975 2574 1096 2631 viii.
1131 2574 1224 2647 16,
1265 2591 1390 2631 non
1430 2575 1596 2650 quod
1637 2574 1871 2633 diversa
1910 2574 1986 2632 sit
2024 2573 2291 2632 formula
2317 2573 2432 2631 ista
2456 2572 2651 2649 reipsa
2676 2592 2715 2631 a
2739 2593 2892 2650 prae-

479 2652 735 2722 cedenti,
771 2670 914 2710 nam
946 2658 1016 2710 ut
1041 2653 1192 2710 bene
1220 2653 1496 2711 observat
1524 2650 1729 2711 Basili.
1759 2654 1835 2711 de
1873 2652 2100 2729 Spiritu
2134 2650 2373 2723 Sancte,
2404 2658 2441 2686 ‘⁶
2462 2652 2797 2728 baptismus
2826 2656 2890 2713 in

482 2746 702 2790 nomen
734 2730 956 2790 Christi
981 2731 1237 2790 includit
1262 2739 1380 2790 tres
1407 2748 1707 2807 personas,
1736 2734 1763 2795 ni
1789 2756 1877 2791 του
1902 2740 2115 2815 Χςιστοῧ
2135 2758 2438 2815 πςοσηογοςιι
2464 2758 2551 2791 του
2574 2758 2755 2800 vanos
2773 2758 2897 2795 εστιν

477 2812 746 2889 ὁμολογία,
761 2808 908 2875 δηλοῖ
917 2836 1022 2892 σγα(
1038 2838 1119 2871 τοι
1133 2814 1540 2893 χςισπνπίθιον,
1553 2836 1642 2870 και
1652 2822 1880 2893 χςιθυτα
1899 2818 2007 2889 ὕων,
2028 2840 2117 2872 m
2132 2839 2187 2872 το
2206 2838 2408 2894 meo-pa
2424 2838 2480 2870 το
2499 2815 2752 2890 vnvm?
2777 2814 2896 2873 De-

477 2892 665 2967 nique
674 2893 954 2969 bapazvari
966 2894 1025 2951 in
1041 2894 1258 2953 Mosem
1279 2891 1536 2950 refertur
1556 2892 1998 2965 addoctrinam,
2013 2910 2134 2951 non
2158 2895 2236 2951 ad
2258 2910 2600 2969 personam3
2621 2892 2895 2971 Sedbap-

482 2972 654 3030 tizari
672 2972 734 3029 in
752 2970 994 3031 nomine
1007 2972 1226 3032 Christi
1242 2988 1560 3049 personam
1577 2977 1752 3030 notat
1770 2972 2069 3049 primariO,
2092 2978 2153 3030 et
2172 2990 2295 3030 non
2313 2971 2658 3048 simpliciter
2678 2970 2893 3031 doctri-

481 3066 641 3108 nam.
667 3048 888 3109 Fateor
908 3051 1235 3128 aliquando
1255 3049 1462 3110 fideles
1483 3050 1600 3108 dici
1619 3052 1969 3127 baptizatos,
1982 3048 2247 3110 Rom.vi.
2269 3051 2324 3125 3,
2342 3050 2401 3109 in
2422 3062 2652 3111 mortem
2667 3052 2892 3124 Christi,

482 3128 548 3185 id
588 3134 677 3185 est
735 3128 800 3185 in
841 3130 1318 3204 obsignationem
1356 3130 1781 3187 beneficiorum
1842 3136 2035 3188 morte
2079 3128 2299 3189 Christi
2351 3131 2521 3189 nobis
2561 3139 2888 3207 partorum.

487 3204 606 3263 Sed
647 3206 764 3263 hoc
799 3206 956 3263 nihil
995 3210 1073 3265 ad
1133 3209 1321 3267 Mosis
1360 3208 1725 3282 baptismum
1765 3208 2037 3285 pertinet.
2122 3206 2353 3267 Eodem
2394 3228 2572 3267 sensu
2610 3211 2894 3269 dicuntur

483 3289 523 3317 ⁴⁴
545 3283 864 3341 credidisse
926 3284 1212 3343 Israeliten
1273 3286 1492 3359 Mosi,”
1550 3285 1744 3345 Exod.
1792 3288 1933 3358 xiv„
1976 3306 2099 3348 non
2154 3288 2384 3347 ratione
2424 3306 2706 3363 personae,
2750 3307 2891 3347 nam

487 3366 525 3395 ‘⁸
547 3360 901 3419 maledictus
919 3362 1014 3418 vir
1041 3364 1146 3437 qui
1171 3364 1454 3421 fiduciam
1479 3364 1665 3421 habet
1690 3365 1753 3421 in
1794 3366 2095 3439 homine,''
2125 3364 2169 3424 J
2170 3384 2251 3425 er.
2281 3366 2421 3425 xvii.
2452 3366 2508 3437 5,
2537 3366 2639 3423 sed
2659 3367 2890 3424 ratione

475 3438 790 3515 doctrinae,
818 3445 888 3498 ut
912 3441 1228 3515 exponitur
1257 3442 1414 3499 Psal.
1445 3442 1557 3499 cvi.
1591 3439 1683 3514 12,
1722 3445 2163 3501 “crediderunt
2188 3444 2385 3503 verbis
2410 3445 2599 3520 ejus.”

569 3518 760 3578 XXI.
807 3518 972 3578 Licet
997 3539 1138 3579 vero
1167 3540 1242 3580 ex
1269 3520 1440 3579 dictis
1467 3530 1761 3597 utcunque
1790 3532 2030 3601 constet,
2078 3522 2367 3601 quomodo
2396 3524 2669 3602 baptizati
2697 3524 2892 3583 dican-

485 3608 582 3659 tur
611 3598 894 3660 Israeliten
921 3599 984 3658 in
1013 3600 1258 3676 Mosem,
1288 3600 1544 3658 nondum
1581 3606 1774 3659 tamen
1803 3601 2025 3679 liquido
2069 3612 2245 3681 patet,
2299 3605 2358 3662 in
2406 3624 2521 3682 quo
2570 3605 2793 3682 positus
2822 3606 2898 3665 sit

485 3680 590 3739 ille
617 3680 970 3760 Baptismus.
1055 3682 1290 3741 Certum
1319 3680 1587 3759 equidem
1632 3680 1877 3741 Judaeos
1921 3681 1993 3741 de
2021 3684 2294 3761 baptismo
2326 3684 2507 3744 Mosis
2536 3704 2687 3765 saepe
2714 3686 2894 3763 loqui,

473 3770 546 3821 et
573 3762 724 3821 velle
753 3762 826 3821 ab
853 3762 980 3841 ipso
1001 3762 1110 3821 toti
1135 3761 1350 3841 populo
1377 3760 1839 3821 administratum
1869 3783 1994 3823 esse
2011 3763 2073 3823 in
2092 3774 2509 3825 sacramentum
2537 3765 2893 3843 initiationis,

475 3850 546 3902 uet
573 3842 1066 3903 confirmationem
1081 3840 1314 3901 foederis
1341 3842 1500 3920 prius
1519 3842 1667 3919 initi,
1698 3862 1875 3921 quum
1904 3853 2036 3903 ante
2064 3855 2351 3923 receptam
2378 3846 2569 3923 legem
2590 3847 2769 3925 jussit
2795 3868 2895 3925 po-

479 3924 688 4001 pulum
703 3923 1131 4005 sancuficari,et
1148 3924 1346 3983 lavare
1364 3922 1683 3982 vestimenta
1702 3944 1824 4001 sua,
1846 3924 2036 3984 Exod.
2059 3926 2183 3985 xix.
2200 3929 2292 3984 14.
2326 3928 2363 3959 “
2384 3926 2495 3985 Per
2521 3928 2691 3996 tria,''
2711 3926 2899 4006 inquit

489 4002 788 4065 MaimOni.
821 4006 1016 4064 Issure
1047 4004 1216 4064 Biah.
1247 4024 1296 4065 c.
1331 4004 1423 4079 13,
1471 4006 1507 4037 “
1528 4004 1599 4061 In
1641 4002 1830 4064 foedus
1859 4006 2071 4065 missus
2115 4014 2204 4065 est
2242 4007 2442 4082 Israel,
2472 4028 2576 4085 per
2601 4008 2895 4067 circumci-

477 4084 726 4164 sionem,
755 4086 1123 4166 baptismum,
1154 4092 1215 4145 et
1262 4084 1623 4145 sacrificium.
1708 4085 2079 4145 Circumcisio
2128 4086 2237 4147 fuit
2279 4086 2341 4145 in
2390 4088 2698 4167 AEgyptiO,
2751 4089 2900 4149 sicut

478 4164 717 4245 dicitur,
749 4166 962 4227 Nullus
981 4186 1100 4225 non
1127 4164 1498 4226 circumcisus
1529 4165 1791 4226 comedet
1840 4166 1911 4226 de
1960 4168 2275 4244 Paschate;
2333 4168 2656 4247 baptismus
2684 4169 2793 4229 fuit
2840 4169 2901 4227 in

479 4244 718 4307 -deserto
746 4256 880 4308 ante
907 4248 1101 4308 datam
1133 4242 1368 4325 Legem,
1401 4248 1551 4306 sicut
1579 4246 1806 4324 dicitur,
1844 4247 2241 4308 Sanctificabis
2264 4268 2363 4308 eos
2380 4249 2553 4309 hodie
2579 4258 2641 4309 et
2670 4270 2813 4327 cras,
2844 4257 2901 4309 et

482 4324 688 4386 lavent
713 4329 1060 4389 vestimenta
1087 4329 1250 4388 sua.'’
1336 4328 1464 4405 Quo
1490 4328 1741 4405 pertinet
1768 4348 1893 4388 mos
1916 4328 2187 4389 solemnis
2214 4330 2462 4391 usitatus
2498 4330 2655 4409 apud
2682 4330 2837 4409 ipsos
2866 4352 2900 4389 a

487 4404 813 4483 proselytis,
845 4416 910 4467 ut
935 4409 1326 4487 reciperentur
1351 4408 1413 4467 in
1439 4408 1779 4487 religionem
1808 4410 1851 4471 J
1856 4408 2134 4486 udaicam,
2154 4410 2266 4471 tria
2292 4409 2586 4489 exigendi,
2617 4412 2899 4471 circumci-

483 4483 711 4559 sionem,
731 4487 1060 4563 baptismum
1087 4499 1142 4547 et
1159 4489 1504 4565 oblationem,
1529 4489 1742 4566 quibus
1770 4491 1951 4550 veluti
1980 4490 2368 4568 initiabantur,
2394 4492 2467 4551 de
2496 4492 2783 4569 quo'idem
2801 4512 2902 4552 ex·

483 4560 661 4622 imius
681 4564 832 4641 juris
859 4566 903 4625 J
906 4566 1101 4627 udaiei
1119 4568 1401 4647 interpres
1428 4569 1558 4628 loco
1580 4570 1773 4646 citat0,
1809 4570 2327 4651 “Quandocunque
2360 4572 2491 4650 quis
2516 4574 2799 4633 Ethnicus
2828 4572 2902 4632 ad
