3234 5192
512 323 628 383 510
1125 334 1203 375 nn
1234 334 1724 376 suisne-rioms
1753 336 1996 377 efflusi-1
2026 336 2343 377 vannus.
2536 324 2795 395 [meror.
2826 341 2926 384 xv.

512 479 758 539 minime
784 477 1121 535 naturalem
1148 481 1256 533 aut
1276 493 1349 532 ex
1366 475 1524 533 fame
1544 480 1655 533 aut
1673 495 1749 533 ex
1775 477 2040 535 ferarum
2067 478 2409 535 laniatibus.
2476 477 2590 537 Sed
2619 498 2740 537 non
2773 500 2926 557 opus

513 566 603 615 est
630 563 699 613 ut
726 575 795 615 eo
825 555 1231 625 deveniamus,
1253 553 1489 611 facilius
1510 554 1670 611 enim
1695 556 1810 613 hoc
1835 556 2118 631 quicquid
2147 563 2237 613 est
2263 556 2628 615 difficultatis
2653 559 2924 630 tolletur,

516 636 567 694 si
593 635 860 693 dicamus
886 631 1259 691 emissionem
1286 631 1457 689 istius
1502 632 1651 689 hirci
1699 651 1820 691 non
1867 634 2048 692 fuisse
2075 640 2272 691 totum
2299 635 2648 693 sacrificium
2675 637 2926 709 hylasti-

516 733 672 784 cum,
702 714 805 771 sed
831 718 1062 787 partem
1082 710 1213 784 ejus
1242 716 1479 767 tantum
1506 717 1567 767 et
1585 710 1710 767 vim
1736 711 2092 785 expiationis
2119 730 2157 769 a
2183 712 2469 771 sacrificio
2497 714 2748 771 alterius
2773 715 2926 771 hirci

514 790 863 867 pependisse
884 811 899 860 ;
942 806 1085 845 nam
1112 788 1367 845 debebat
1406 790 1737 862 praeoedere
1778 790 2000 848 oblatio
2049 790 2196 848 hirci
2237 809 2347 865 pro
2382 791 2645 849 Domino
2674 793 2924 867 ejusque

517 870 763 943 sanguis
787 867 963 925 fundi
990 868 1067 923 ad
1094 864 1497 939 expiationem
1522 867 1746 940 peccati
1773 868 2002 943 populi,
2040 886 2161 945 yer.
2197 868 2288 940 15,
2322 869 2414 945 16,
2447 878 2517 927 ut
2542 870 2673 945 ejus
2701 872 2922 929 virtute

514 954 713 1022 posset
738 946 937 1003 hircus
952 944 1125 1000 vivus
1145 942 1207 1000 in
1226 944 1525 1001 desertum
1547 943 1740 1002 emitti
1761 966 1776 1015 ;
1810 946 2026 1021 Itaque
2041 946 2139 1003 hic
2160 949 2484 1005 tenendum
2505 948 2922 1005 caeremoniam

515 1026 671 1082 hanc
697 1042 820 1081 non
848 1040 971 1080 uno
1000 1027 1157 1091 actu,
1186 1028 1293 1078 aut
1336 1040 1461 1079 una
1504 1040 1568 1077 re
1612 1023 1952 1081 absolutam
1997 1024 2200 1095 fuisse,
2229 1026 2330 1081 sed
2370 1027 2449 1083 ad
2491 1026 2621 1099 ejus
2662 1028 2922 1100 comple-

516 1108 787 1159 mentum
803 1108 937 1158 tum
958 1096 1325 1157 oblationem
1344 1100 1496 1158 hirci
1506 1100 1764 1171 mactati,
1775 1108 1907 1159 tum
1927 1102 2302 1159 emissionem
2310 1103 2432 1159 vivi
2453 1102 2802 1178 pertinuisse
2813 1124 2830 1173 ;
2854 1103 2918 1161 in

516 1181 712 1256 prima
731 1180 1051 1237 notabatur
1071 1197 1207 1236 vera
1218 1179 1443 1253 peccati
1461 1179 1714 1254 expiatio
1724 1198 1859 1255 quae
1880 1197 1988 1255 per
2003 1179 2308 1255 sanguinis
2327 1180 2626 1239 fusionem
2647 1186 2708 1237 et
2725 1198 2916 1253 poenae

515 1258 803 1315 lationem
831 1258 1028 1327 fiebat,
1056 1256 1121 1313 in
1148 1257 1338 1316 altera
1364 1275 1505 1315 vero
1532 1260 1754 1333 effictus
1781 1260 1942 1333 hujus
1969 1260 2319 1335 expiationis,
2349 1278 2422 1315 ex
2449 1259 2672 1316 latione
2699 1257 2921 1316 scilicet

516 1338 723 1395 ablatio
734 1342 795 1393 et
803 1335 1053 1393 remotio
1064 1337 1303 1411 peccati,
1324 1343 1569 1395 eatenus
1588 1343 1658 1395 ut
1673 1338 2053 1412 nunquamin
2067 1344 2446 1412 conspectum
2463 1336 2577 1394 Dei
2586 1342 2794 1393 eontra
2807 1354 2920 1395 nos

515 1416 777 1486 veniret3
806 1433 949 1471 nam
976 1415 1123 1471 dum
1148 1414 1351 1473 hircus
1372 1416 1745 1473 mactabatur
1765 1422 1826 1472 et
1841 1416 2084 1489 sanguis
2105 1415 2525 1473 effundebatur
2549 1432 2727 1489 super
2753 1432 2918 1472 sane-

514 1494 783 1552 tuarium
795 1499 856 1549 et
866 1493 1333 1564 tabernaculum,
1346 1493 1624 1567 purgatio
1634 1492 1964 1568 iniquitatis
1975 1501 2036 1551 et
2044 1492 2366 1551 satisfactio
2376 1511 2485 1568 pro
2495 1494 2704 1551 eadem
2711 1494 2916 1563 fiebat3

516 1579 581 1629 at
606 1590 743 1629 cum
772 1570 921 1627 alter
943 1576 1194 1626 onustus
1218 1570 1471 1645 peccatis
1497 1571 1711 1646 populi
1737 1572 2173 1630 amandabatur
2193 1571 2256 1628 in
2283 1573 2586 1629 desertum
2613 1578 2674 1628 et
2699 1576 2918 1627 terram

513 1650 907 1721 longinquam
935 1648 1097 1702 unde
1124 1665 1247 1704 non
1274 1648 1532 1723 amplius
1558 1648 1794 1717 rediret,
1823 1650 2055 1705 fructus
2095 1649 2508 1709 satisfactionis
2533 1648 2918 1724 praecedentis

514 1726 853 1793 notabatur,
882 1723 1135 1796 gestatio
1163 1724 1306 1782 nim.
1338 1731 1399 1781 et
1424 1743 1559 1782 cum
1599 1726 1933 1800 gestatione
1959 1726 2184 1784 ablatio
2211 1728 2436 1801 peccati
2463 1728 2627 1803 quod
2655 1744 2691 1783 a
2714 1743 2918 1801 pecca—

514 1802 745 1860 toribus
771 1800 1114 1874 longissime
1142 1802 1571 1861 amovebatur:
1614 1809 1938 1878 utrumque
1967 1804 2210 1877 quidem
2236 1807 2628 1879 praestabatur
2653 1804 2716 1861 in
2745 1804 2920 1861 saeri-

514 1879 658 1937 ficiis
686 1878 1015 1947 ordinariis,
1044 1878 1148 1935 sed
1195 1879 1339 1953 quia
1382 1880 1676 1953 posterius
1721 1898 1844 1939 non
1883 1881 1971 1939 ita
2009 1882 2396 1956 conspicuum
2425 1891 2552 1941 erat
2577 1882 2640 1938 in
2667 1882 2916 1953 eaeteris,

512 1955 797 2033 peculiari
824 1957 937 2013 hoc
964 1956 1234 2029 symbolo
1264 1956 1428 2015 Deus
1455 1959 1814 2015 adumbrare
1853 1958 2009 2017 illud
2049 1960 2243 2019 voluit
2279 1960 2344 2019 in
2373 1961 2604 2018 solenni
2627 1962 2742 2017 hoc
2766 1961 2919 2018 festo

513 2037 591 2095 ad
618 2034 909 2109 majorem
937 2034 1148 2109 populi
1174 2036 1657 2095 consolationem.
1724 2035 1932 2095 Simile
1972 2038 2118 2115 quid
2158 2044 2520 2113 praeoeptum
2549 2056 2586 2097 a
2613 2038 2744 2095 Deo
2770 2036 2921 2111 legi-

511 2132 647 2172 mus
685 2114 750 2171 in
796 2114 1167 2187 leprosorum
1212 2115 1622 2186 mundatione,
1666 2114 1857 2173 Levit.
1900 2116 2022 2175 xiv.
2051 2117 2108 2189 6,
2137 2116 2194 2189 7,
2222 2116 2316 2188 52,
2346 2116 2441 2185 53,
2471 2116 2578 2173 ubi
2613 2117 2752 2173 duee
2779 2132 2920 2174 aves

504 2192 797 2265 jubentur
823 2191 1061 2266 assumi,
1093 2192 1281 2250 altera
1308 2193 1385 2249 ad
1413 2194 1852 2264 mactationem,
1883 2195 2072 2253 altera
2107 2198 2186 2253 ad
2219 2193 2624 2252 dimissionem
2649 2195 2755 2251 sed
2781 2212 2917 2270 quae

509 2270 675 2345 prius
702 2270 993 2343 sanguine
1022 2269 1149 2326 avis
1176 2276 1445 2327 mactatae
1476 2270 1631 2343 tingi
1651 2271 1876 2343 debuit,
1907 2280 1977 2330 ut
2003 2272 2088 2330 ita
2112 2280 2174 2331 et
2197 2273 2388 2346 ipsam
2414 2271 2832 2344 purgationem
2857 2278 2920 2329 et

510 2348 781 2419 ejusdem
822 2346 1211 2403 certissimam
1250 2348 1818 2404 demonstrationem
1863 2349 1928 2405 in
1974 2350 2157 2422 leprae
2205 2348 2534 2404 remotione
2561 2350 2915 2405 ostenderet.

509 2422 643 2480 Nec
668 2440 894 2478 novum
922 2423 1099 2478 debet
1124 2422 1239 2478 hoc
1265 2422 1454 2480 videri
1481 2429 1589 2479 aut
1614 2423 1926 2481 insolitum
1953 2432 2023 2480 ut
2049 2426 2127 2481 ad
2153 2426 2404 2482 eandem
2430 2440 2556 2479 rem
2585 2424 2916 2494 significan-

509 2502 652 2557 dam
676 2499 878 2572 plures
905 2504 1285 2555 assumantur
1326 2499 1493 2573 typi;
1535 2499 1832 2573 siquidem
1874 2507 1944 2557 ut
1981 2507 2159 2557 antea
2197 2496 2580 2557 observatum
2607 2505 2697 2555 est
2723 2516 2914 2555 unum

508 2578 791 2651 idemque
817 2575 1167 2649 mysterium
1196 2575 1388 2633 varias
1418 2576 1601 2653 σχίσας
1625 2576 1854 2634 obtinet
1868 2594 2004 2652 quae
2027 2595 2148 2634 una
2172 2577 2381 2651 aliqua
2405 2576 2639 2651 pictura
2663 2576 2834 2632 reddi
2855 2582 2918 2633 et

508 2654 915 2729 repraesentari
940 2671 1063 2711 non
1091 2660 1377 2729 possunt;
1418 2654 1674 2729 ideoque
1694 2656 1896 2729 plures
1915 2656 2244 2713 necessario
2271 2655 2640 2713 assumendas
2667 2660 2810 2712 sunt
2837 2654 2918 2711 ad

509 2735 713 2811 ipsum
738 2732 1083 2809 aliqualiter
1108 2732 1173 2789 in
1200 2738 1329 2789 tota
1356 2752 1469 2791 sua
1490 2732 1812 2791 latitudine
1841 2732 2261 2791 exhibendum.

592 2810 853 2871 XXIII.
886 2809 1021 2870 Scio
1036 2810 1389 2883 mysterium
1404 2814 1519 2869 hoc
1535 2814 1776 2871 duorum
1795 2814 2080 2871 hircorum
2099 2812 2490 2871 divershnode
2511 2810 2749 2887 exponi,
2773 2811 2922 2869 dum

512 2891 619 2950 alii
646 2894 791 2950 duas
817 2890 915 2947 hie
940 2900 1179 2949 naturas
1223 2887 1459 2962 Christi,
1488 2891 1738 2949 alteram
1776 2893 2104 2949 humanam
2145 2908 2280 2964 quae
2323 2889 2626 2963 affligitur,
2667 2890 2920 2947 alteram

512 2969 781 3027 divinam
807 2988 963 3046 quae,
990 2967 1337 3043 impatibilis
1364 2986 1502 3026 eum
1528 2970 1622 3040 sit,
1649 2969 1844 3028 libera
1857 2975 2063 3027 manet
2089 2973 2150 3025 et
2175 2967 2326 3025 vivit
2353 2968 2414 3024 in
2445 2975 2752 3039 aeternum,
2781 2984 2920 3025 con-

512 3049 712 3105 notari
732 3048 1106 3106 contendunt
1114 3069 1131 3117 ;
1150 3046 1312 3122 quod
1334 3046 1530 3105 visum
1552 3046 1952 3119 TheodoretO,
1977 3046 2238 3121 Isychi0,
2255 3053 2316 3104 et
2335 3046 2598 3120 Cyrillo;
2630 3045 2759 3102 Alii
2781 3049 2921 3105 duos

513 3135 694 3185 status
721 3126 991 3200 ejusdem
1027 3124 1279 3183 indicari
1324 3132 1465 3183 ante
1512 3133 1574 3184 et
1607 3133 1748 3201 post
1789 3123 2296 3197 resurrectionem,
2328 3124 2632 3183 Christum
2658 3124 2721 3179 in
2750 3141 2920 3182 cruce

515 3204 867 3259 morientem
893 3207 955 3257 et
980 3202 1044 3258 in
1070 3203 1497 3261 resurrectione
1539 3204 1840 3262 viventem
1862 3224 1878 3275 ;
1919 3204 2391 3261 immolationem
2431 3203 2613 3260 unius
2632 3201 2779 3259 hirci
2807 3208 2923 3259 tes-

514 3286 705 3335 tatam
731 3295 855 3334 esse
882 3278 944 3333 in
972 3285 1163 3336 morte
1207 3276 1426 3337 Christi
1456 3280 1920 3340 satisfactionem
1940 3300 2049 3355 pro
2075 3282 2328 3355 peccatis
2355 3279 2740 3356 quaerendam
2767 3298 2918 3351 esse;

516 3354 789 3413 Alterius
815 3360 1018 3411 autem
1044 3355 1168 3410 vivi
1207 3356 1527 3415 discessum
1564 3359 1896 3415 ostendisse
1939 3358 2244 3417 Christum
2284 3376 2358 3415 ex
2386 3377 2507 3433 quo
2533 3375 2642 3433 pro
2669 3358 2921 3431 peccatis

515 3431 755 3491 oblatus
780 3436 869 3489 est
895 3436 955 3487 et
994 3430 1308 3489 hominum
1348 3435 1828 3493 maledictionem
1868 3436 2168 3507 sustinuit,
2198 3436 2404 3494 vivum
2444 3443 2642 3494 tamen
2679 3454 2920 3493 manere

516 3516 577 3568 et
604 3508 1005 3585 superstitem3
1034 3510 1199 3583 quod
1228 3509 1595 3583 Augustino,
1618 3510 1929 3587 Procopio,
1959 3519 2020 3570 et
2039 3513 2173 3571 aliis
2198 3514 2461 3589 placuit3
2505 3513 2636 3572 Alii
2663 3513 2922 3588 denique

517 3588 816 3664 duplicem
846 3584 1010 3663 σχίσιν
1038 3586 1359 3659 significari
1384 3590 1751 3647 arbitrantur
1778 3608 1964 3666 quam
2004 3592 2294 3649 sustinere
2324 3592 2595 3651 Christus
2623 3592 2922 3650 Mediator

518 3668 726 3725 debuit
752 3668 829 3725 ad
858 3683 1011 3741 opus
1048 3666 1472 3740 redemptionis
1512 3668 1952 3742 exequendum,
1979 3668 2236 3743 primam
2265 3689 2408 3745 erga
2425 3674 2614 3731 Deum
2639 3671 2920 3742 Judioem,

516 3748 611 3806 cui
639 3744 1122 3804 satisfaciendum
1148 3749 1277 3800 erat
1301 3762 1409 3818 per
1446 3746 1728 3803 meritum
1772 3746 2000 3818 mortis,
2029 3748 2280 3806 alteram
2305 3751 2590 3808 adversus
2616 3750 2920 3809 Diabolum

516 3828 725 3885 hostem
752 3824 849 3881 cui
877 3822 1327 3880 colluctandum
1366 3822 1485 3881 fuit
1522 3843 1630 3899 per
1668 3824 2012 3902 potentiam
2025 3825 2182 3897 vitae,
2211 3836 2482 3902 respectu
2507 3828 2720 3903 prioris
2738 3828 2922 3902 jacie-

517 3906 695 3963 batur
715 3920 841 3960 sors
902 3918 970 3959 ro
996 3899 1258 3958 Domino
1278 3900 1343 3957 in
1363 3901 1597 3960 hircum
1624 3905 2028 3974 mactandum,
2047 3903 2276 3961 ratione
2302 3906 2642 3980 posterioris
2659 3907 2923 3980 jacieba-

516 3990 620 4041 tur
645 3999 771 4041 sors
800 3921 901 4037 adp
909 3978 1134 4037 Azazel
1181 3976 1245 4035 in
1290 3978 1524 4038 hircum
1570 3980 1959 4055 emissarium,
2001 3988 2072 4038 ut
2097 3982 2365 4057 princeps
2410 3984 2514 4041 ille
2541 3986 2921 4043 tenebrarum

516 4059 883 4135 experiretur
908 4056 1055 4132 quid
1082 4064 1279 4132 posset
1305 4076 1443 4115 cum
1464 4078 1535 4117 eo
1556 4060 1663 4134 qui
1685 4059 1956 4117 omnium
1981 4059 2236 4135 peccatis
2261 4068 2388 4119 erat
2415 4070 2685 4135 onustus,
2715 4080 2922 4138 quem-

515 4138 846 4197 admodum
891 4136 956 4193 in
1002 4135 1376 4210 plenitudine
1420 4137 1702 4213 temporis
1742 4136 1806 4193 in
1854 4138 2156 4195 desertum
2193 4140 2507 4197 traductus
2533 4147 2623 4199 est
2647 4148 2719 4197 ut
2745 4141 2823 4198 ab
2849 4158 2922 4199 eo

514 4216 738 4275 ibidem
783 4221 1131 4273 tentaretur.
1212 4212 1331 4273 Sed
1372 4216 1536 4289 quod
1576 4222 1755 4273 antea
1793 4216 1975 4275 retuli
2013 4215 2254 4274 videtur
2297 4217 2639 4294 simplicius,
2682 4226 2754 4276 ut
2799 4220 2922 4276 duo

516 4294 667 4353 hirci
692 4293 845 4351 nihil
872 4294 1040 4351 aliud
1065 4298 1277 4351 notent
1316 4310 1499 4367 quam
1545 4293 1871 4368 perfectam
1908 4294 2310 4369 expiationem
2357 4313 2394 4354 a
2422 4297 2658 4356 Christo
2682 4297 2922 4368 factam,

516 4372 621 4446 qui
648 4390 771 4427 non
796 4376 1033 4429 tantum
1059 4372 1203 4428 tulit
1242 4378 1484 4445 peccata
1520 4372 1848 4444 moriendo,
1878 4374 1982 4431 sed
2021 4378 2083 4431 et
2113 4374 2362 4432 abstulit
2387 4378 2771 4451 resurgendo,
2800 4392 2924 4432 non

517 4450 697 4504 modo
726 4448 1009 4506 satisfecit
1060 4468 1167 4523 per
1218 4448 1311 4506 sui
1354 4450 1734 4523 oblationem,
1771 4452 1876 4509 sed
1929 4457 1990 4509 et
2042 4451 2456 4511 satisfactionis
2495 4454 2923 4529 perfectionem

515 4530 578 4581 et
632 4524 940 4583 veritatem
988 4526 1416 4585 demonstravit
1474 4546 1579 4603 per
1644 4529 1737 4587 sui
1794 4528 2218 4603 dimissionem,
2267 4548 2390 4605 qua
2451 4532 2727 4591 certiores
2779 4531 2924 4589 facti

514 4618 721 4659 sumus
768 4607 1006 4673 peccata
1048 4612 1251 4663 nostra
1296 4622 1334 4661 a
1379 4604 1553 4665 nobis
1596 4605 1661 4663 in
1687 4607 1886 4681 ipsum
1924 4608 2217 4667 translata
2267 4610 2478 4685 procul
2533 4610 2744 4669 abacta
2783 4626 2924 4668 eva-

2093 4732 2110 4767 t
