3234 5192
245 387 484 430 maror.
527 369 600 452 1.]
1017 391 1248 458 moerus
1288 392 1366 432 AB
1411 393 1693 433 sconsam
1734 393 2002 436 noma.
2653 381 2689 440 9

253 531 580 590 neceam-ia
599 539 658 590 et
673 531 1134 608 Mspemabihk.
1200 532 1413 608 Primo,
1433 542 1669 612 propter
1688 533 2005 612 periculum
2025 535 2565 614 praesentissimum,
2597 539 2691 597 cui

263 608 470 668 fideles
490 619 932 688 exponerentur,
953 611 1358 689 corrumpendi
1375 612 1552 672 fidem
1579 631 1744 672 suam
1772 622 1831 673 et
1848 615 2084 689 cultum,
2109 615 2393 675 manendo
2412 618 2473 674 in
2494 617 2686 676 istius-

263 689 428 747 modi
453 689 728 749 haeretica
753 700 814 750 et
839 690 1200 751 idololatr-ica
1213 693 1536 752 societate:
1604 693 1732 750 fieri
1779 693 1933 752 enim
1976 694 2080 752 vix
2123 714 2191 754 ac
2219 713 2293 753 ne
2319 696 2421 753 vix
2451 697 2683 772 quidem

263 777 478 846 potest,
508 778 576 832 ut
601 771 703 848 qui
751 788 884 829 cum
911 770 1234 830 errantibus
1269 780 1330 831 et
1355 771 1679 832 idololatris
1705 781 1918 848 manet,
1950 793 2012 832 se
2039 793 2245 851 purum
2274 775 2347 832 ab
2384 777 2543 834 omni
2560 796 2685 836 cor·

265 849 2687 1010 ffssffiffisssssseffifflffiffssssiheiffeffi”fflfftssssoussssiussssffissssu‘ffla

266 1007 446 1085 longe
473 1009 696 1084 majori,
728 1010 1146 1087 qualiscunque
1174 1029 1312 1069 cura
1339 1029 1536 1070 eorum
1581 1011 1941 1070 educationis
1986 1020 2183 1088 posset
2230 1012 2447 1072 haberi.
2540 1015 2685 1074 Cum

269 1088 2684 1249 gazfflfflxg‘3333331230‘12225fflmffffira‘ssssssssfflizssffiffi‘

1235 1213 1252 1244 5
2198 1215 2213 1246 2
2662 1209 2684 1220 ⁸

273 1255 371 1304 tur
411 1254 470 1305 et
510 1247 715 1306 salutis
749 1249 1038 1327 jacturam
1083 1249 1314 1323 faciant,
1361 1249 1646 1308 manendo
1674 1250 1737 1308 in
1764 1250 1869 1308 tali
1897 1250 2189 1310 societate.
2271 1250 2485 1327 Terti0‚
2516 1272 2685 1312 nemo

269 1324 400 1384 sine
428 1325 664 1385 crimine
690 1336 883 1405 potest
907 1328 1120 1386 habere
1144 1346 1250 1405 pro
1279 1327 1568 1402 fratribus,
1617 1347 1765 1406 quos
1798 1329 2085 1388 credimus
2115 1330 2304 1388 Deum
2332 1350 2449 1389 non
2475 1331 2687 1392 habere

269 1423 380 1481 pro
407 1404 560 1480 filiis,
602 1408 804 1483 quales
833 1415 966 1467 sunt
1003 1407 1262 1466 haeretici
1301 1415 1360 1466 et
1405 1406 1745 1466 idololatrae.
1855 1408 2089 1484 Qus-rm,
2140 1409 2419 1486 obligatio
2460 1410 2689 1470 colendi

273 1486 736 1559 communi-onem
772 1506 904 1545 cum
960 1487 1300 1546 Christianis
1342 1507 1460 1545 non
1508 1496 1599 1546 est
1640 1487 1947 1564 illimitata,
1978 1487 2083 1546 sed
2124 1488 2295 1547 certis
2327 1488 2559 1565 legibus
2584 1490 2686 1548 ad-

273 1563 492 1640 stricta,
523 1565 792 1624 nimirum
812 1585 968 1625 verae
985 1566 1122 1625 fidei
1139 1565 1527 1643 professionis,
1547 1586 1677 1644 quse
1700 1566 1906 1626 saltem
1923 1567 2195 1626 immunis
2216 1568 2292 1626 sit
2308 1567 2381 1626 ab
2400 1568 2689 1628 erroribus

275 1642 620 1719 capitalibus
641 1667 658 1720 ς
689 1646 880 1704 cultus
905 1646 1036 1723 puri
1063 1654 1121 1704 et
1147 1646 1222 1704 ab
1250 1647 1407 1705 omni
1433 1645 1762 1705 idololatria
1786 1646 2107 1724 repurgati5
2130 1654 2191 1707 et
2216 1646 2515 1724 regiminis
2541 1649 2685 1726 legi-

273 1721 404 1780 timi
433 1730 492 1782 et
517 1724 666 1783 bene
693 1724 960 1784 ordinati.
1005 1725 1161 1784 Dum
1189 1725 1316 1784 istae
1347 1726 1512 1803 leges
1537 1733 1597 1784 et
1613 1725 1975 1786 conditiones
1992 1735 2243 1802 manent,
2272 1735 2493 1804 perstat
2512 1728 2687 1787 etiam

271 1803 620 1879 communio,
651 1803 755 1862 sed
782 1803 882 1863 ubi
910 1811 1155 1878 cessant,
1187 1816 1374 1864 cessat
1401 1806 1576 1864 etiam
1603 1805 1676 1864 de
1696 1806 1830 1883 jure
1872 1807 2215 1881 communio,
2246 1814 2306 1865 et
2330 1807 2493 1866 locus
2520 1807 2692 1868 datur

265 1880 445 1957 justae
473 1883 800 1943 secessioni.
887 1883 1194 1944 Petronius
1221 1903 1338 1942 non
1374 1893 1568 1963 potest
1594 1885 1884 1962 justitiam
1926 1885 2062 1945 talis
2110 1885 2451 1946 secessionis
2477 1907 2692 1965 negare

275 1959 340 2032 in
369 1960 557 2038 Repli.
586 1961 690 2021 lib‘.
717 1964 756 2022 i.
787 1984 837 2022 c.
867 1965 962 2038 83,
996 1965 1033 1997 “
1047 1963 1291 2039 Quando
1321 1964 1671 2040 corrupt10,”
1701 1964 1907 2041 inquit,
1942 1967 2080 2025 “est
2104 1965 2169 2022 in
2194 1965 2473 2042 doctrina,
2503 1968 2601 2026 vel
2628 1969 2688 2026 in

276 2042 668 2132 sacramentis,
699 2042 796 2101 vel
823 2041 882 2100 in
909 2042 1117 2102 ritibus
1143 2042 1568 2102 universalibus
1597 2043 1895 2136 Ecclesiae,
1936 2063 2105 2103 nemo
2130 2053 2325 2122 potest
2348 2045 2411 2103 in
2439 2064 2509 2105 ea
2534 2066 2689 2105 com-

275 2137 550 2257 ωὲἷῧῗ
577 2121 2401 2280 iffluzuiffl‘33313‘251322212'2322223ffsgsszsscznffi‘affi,
2458 2206 2691 2282 quando

277 2281 492 2336 malum
517 2297 635 2338 non
661 2280 833 2337 modo
859 2289 950 2340 est
970 2301 1150 2357 ,qv-avc
1189 2289 1248 2340 et
1273 2281 1678 2359 periculosum,
1710 2281 1813 2340 sed
1854 2282 2119 2342 absolute
2147 2283 2361 2359 lethale,
2391 2284 2549 2360 quod
2575 2305 2693 2344 non

278 2355 548 2416 debilitat
571 2367 812 2434 tantum,
837 2359 940 2418 sed
967 2367 1206 2420 mortem
1249 2369 1311 2419 et
1351 2361 1591 2420 exitium
1617 2361 1943 2420 necessario
1982 2369 2117 2439 post
2143 2381 2207 2421 se
2232 2363 2426 2438 trahit,
2474 2367 2531 2422 2.
2560 2385 2692 2423 con·

279 2437 572 2513 ἰαρίοσπιπι,
623 2438 780 2514 quod
833 2439 1016 2499 instar
1069 2459 1396 2517 gangraenae
1438 2439 1633 2516 serpit,
1690 2449 1749 2499 et
1802 2440 1969 2498 facile
2010 2449 2197 2500 totum
2238 2461 2447 2519 corpus
2499 2451 2693 2521 potest

277 2515 528 2592 inficere,
588 2519 644 2576 3.
679 2519 966 2593 publicum
1011 2526 1070 2578 et
1111 2538 1429 2595 commune,
1477 2520 1635 2596 quod
1676 2539 1793 2578 non
1832 2520 1893 2578 in
1932 2539 2050 2579 uno
2097 2520 2195 2579 vel
2238 2520 2419 2582 altero
2468 2531 2693 2582 tantum

279 2593 745 2672 deprehenditur,
793 2596 898 2656 sed
951 2597 1012 2656 in
1053 2598 1333 2675 pluribus,
1383 2608 1444 2658 et
1485 2599 1547 2656 in
1600 2599 1729 2676 ipsa
1775 2600 2202 2674 communitate,
2259 2604 2316 2660 4.
2364 2603 2689 2677 insanabile,

279 2673 440 2750 quod
465 2674 644 2734 nullis
671 2677 938 2735 remediis
965 2685 1157 2754 potest
1182 2663 1386 2753 curari}
1411 2678 1645 2755 quando
1667 2678 1853 2737 omnis
1881 2698 2035 2754 cura,
2066 2687 2125 2737 et
2152 2679 2467 2740 secundum
2498 2701 2693 2740 curam

281 2753 536 2812 remedia
562 2755 754 2813 omnia
808 2764 944 2816 sunt
983 2755 1260 2833 adhibita,
1293 2756 1397 2816 sed
1439 2757 1689 2832 frustra3
1760 2758 1877 2816 imo
1924 2777 2080 2834 aeger
2122 2777 2239 2816 non
2279 2759 2453 2819 modo
2506 2760 2694 2819 noluit

281 2833 488 2908 curari,
562 2833 666 2892 sed
731 2834 794 2892 in
848 2835 1104 2894 medicos
1171 2835 1332 2912 ipsos
1399 2835 1648 2912 insurgit
1716 2845 1775 2895 et
1842 2837 2027 2913 saevit,
2085 2845 2145 2896 et
2197 2837 2327 2914 pios
2380 2839 2694 2898 monitores

279 2911 434 2971 ferro
479 2921 539 2970 et
585 2911 832 2972 flammis
875 2915 1254 2992 persequitur.
1369 2914 1560 2988 Quum
1600 2914 1705 2990 illi,
1748 2915 1825 2973 ad
1866 2933 2013 2991 quos
2065 2914 2514 2974 Reformationis
2558 2935 2697 2974 cura

279 2999 519 3068 spectat,
563 2993 764 3069 quales
804 3001 940 3052 slmt
984 2994 1262 3052 Rectores
1305 2993 1599 3068 Ecclesiae,
1642 3011 1761 3051 non
1800 2993 1974 3051 modo
2016 2993 2089 3050 de
2136 3011 2205 3050 ea
2245 3012 2362 3050 non
2416 2993 2691 3070 cogitant,

284 3070 390 3128 sed
441 3071 530 3128 illi
575 3071 764 3131 modis
812 3073 1078 3132 omnibus
1123 3091 1186 3131 se
1213 3082 1527 3163 opponunt,
1575 3071 2026 3147 corruptelarum
2062 3078 2293 3130 autores
2341 3079 2401 3131 et
2442 3071 2693 3133 fautores

282 3149 560 3224 acerrimi,
605 3151 708 3228 qui
755 3149 901 3210 alios
927 3151 1004 3209 ad
1051 3170 1150 3210 eas
1197 3149 1555 3226 recipiendas
1603 3157 1663 3208 et
1708 3148 2059 3225 profitendae
2098 3159 2331 3228 cogunt,
2382 3151 2555 3211 etiam
2584 3154 2693 3214 sub

279 3231 660 3288 anathematis
711 3249 916 3307 poena3
960 3239 1099 3290 tunc
1121 3249 1258 3288 sane
1286 3228 1549 3306 quisquis
1571 3227 1645 3288 de
1684 3229 1868 3289 salute
1897 3248 2003 3287 sua
2030 3237 2090 3288 et
2116 3229 2239 3289 vita
2266 3240 2355 3291 est
2391 3231 2690 3310 sollicitus,

281 3316 348 3366 ut
374 3326 575 3366 omnes
602 3324 730 3367 esse
757 3309 988 3382 debent,
1019 3309 1131 3368 sibi
1157 3308 1482 3386 prospicere
1525 3308 1699 3367 debet
1738 3308 1863 3367 sine
1904 3328 2081 3383 mora,
2112 3309 2185 3368 ab
2227 3329 2297 3370 eo
2338 3320 2493 3372 coetu
2535 3331 2691 3371 6666-

264 3387 488 3461 dendo,
518 3406 592 3446 ne
619 3388 820 3447 morbo
847 3388 960 3448 isto
987 3387 1188 3448 lethali
1215 3395 1274 3446 et
1299 3387 1607 3446 insanabili
1634 3397 1930 3464 correptus
1956 3397 2169 3466 pereat.

359 3466 507 3525 XV.
551 3467 786 3526 Fortius
840 3487 980 3526 vero
1031 3466 1392 3526 necessitatis
1445 3467 1612 3526 istius
1666 3466 1964 3527 vinculum
2016 3467 2399 3545 adstringitur
2450 3489 2526 3528 ex
2584 3471 2698 3530 Dei

279 3544 568 3621 mandate,
607 3547 709 3623 qui
735 3547 911 3605 talem
940 3546 1322 3606 secessionem
1359 3565 1480 3604 non
1506 3545 1685 3605 semel
1712 3546 1972 3623 imperat,
2004 3547 2120 3606 Isa.
2162 3547 2245 3606 lii.
2280 3551 2372 3606 11.
2404 3549 2695 3626 Propheta

279 3624 323 3683 J
324 3625 525 3683 udaeos
555 3624 856 3702 Babylone
881 3626 1160 3703 degentes
1188 3627 1449 3684 hortatur
1487 3623 1562 3684 ad
1591 3626 1988 3701 secessionem,
2018 3646 2093 3685 ne
2133 3627 2261 3704 ejus
2301 3629 2693 3706 impietatibus

277 3711 338 3762 et
379 3702 648 3762 sordibus
687 3704 1031 3780 inficiantur,
1079 3707 1116 3738 “
1139 3704 1415 3764 Recedite
1456 3702 1529 3763 de
1569 3704 1762 3762 medio
1790 3705 1932 3781 ejus,
1974 3705 2260 3782 pollutum
2288 3725 2363 3764 ne
2403 3707 2690 3785 attingite,

277 3782 575 3859 purificate
604 3803 726 3858 vos,
758 3783 860 3860 qni
887 3782 1050 3843 fertis
1075 3803 1218 3843 vasa
1246 3783 1540 3842 Domini.”
1626 3781 1795 3858 Quod
1824 3783 2057 3860 Paulus,
2088 3785 2385 3863 applicans
2412 3786 2693 3844 Ecclesiae

277 3861 637 3937 Christianae,
683 3866 720 3920 2
765 3863 896 3921 Cor.
923 3863 1005 3922 vi.
1051 3866 1143 3940 16,
1189 3866 1281 3939 17,
1335 3862 1671 3937 “Quaenam
1698 3863 2083 3938 communi0,''
2126 3865 2331 3940 inquit,
2399 3864 2691 3941 “justitiae

275 3949 336 4000 et
374 3939 713 4017 iniquitatis,
742 3941 862 4000 luci
887 3959 1019 4001 cum
1047 3941 1299 4000 tenebris
1317 3944 1348 4000 Ρ
1388 3941 1530 4014 Quis
1557 3960 1875 4000 consensus
1904 3941 2119 4001 Christi
2140 3962 2271 4002 cum
2310 3942 2515 4017 Belial,
2546 3951 2689 4002 tem-

275 4019 357 4097 pli
382 4019 636 4078 Deicnm
661 4019 876 4080 idolis?
930 4021 1136 4097 Itaque
1163 4021 1318 4080 exite
1345 4040 1378 4079 6
1404 4018 1597 4079 medio
1624 4020 1896 4097 ipsorum,
1926 4029 1986 4079 et
2012 4021 2085 4079 ab
2107 4020 2248 4098 ipsis
2270 4020 2537 4096 secedite,
2566 4023 2690 4099 pol-

273 4099 462 4158 lutum
483 4117 558 4157 ne
579 4099 863 4177 attingite,
884 4109 1083 4176 et·ego
1109 4119 1217 4159 vos
1243 4100 1574 4176 recipiam,''
1619 4098 1681 4157 id
1706 4107 1813 4176 est,
1837 4100 1911 4159 ab
1928 4099 2085 4158 omni
2112 4099 2544 4176 inquinamento
2570 4109 2690 4161 tam

275 4177 484 4237 erroris
538 4196 711 4254 quam
763 4178 1122 4253 idololatriae,
1151 4187 1212 4238 et
1264 4179 1393 4238 vitii
1445 4177 1781 4254 infidelium,
1812 4198 1988 4256 puros
2035 4198 2142 4237 vos
2168 4185 2454 4255 praestate‚
2494 4187 2553 4239 et
2580 4200 2691 4259 ego

275 4276 383 4317 vos
429 4257 493 4314 in
519 4275 708 4316 meam
733 4258 1044 4317 amicitiam
1085 4265 1148 4317 et
1193 4258 1523 4318 societatem
1550 4257 1839 4336 recipiam.
1926 4258 2023 4317 Sic
2050 4257 2095 4316 J
2096 4258 2353 4316 ohannes
2393 4259 2455 4316 in
2494 4265 2559 4319 2·
2574 4306 2589 4337 ‚
2630 4266 2687 4338 9,

277 4338 368 4413 10,
418 4339 511 4412 11,
540 4336 672 4396 vult
696 4336 928 4396 fidelem
953 4337 1218 4396 recedere
1259 4357 1296 4396 a
1321 4337 1723 4397 communione
1749 4345 1809 4395 et
1834 4336 2108 4395 societate
2134 4337 2549 4416 haereticorum,
2579 4361 2695 4419 qua

275 4434 498 4475 errores
535 4425 733 4474 eorum
759 4417 1090 4494 probentur,
1137 4417 1234 4474 vel
1263 4415 1681 4475 dissimulando
1708 4415 2029 4474 foveantur.
2120 4417 2154 4448 “
2179 4416 2243 4475 Si
2270 4417 2401 4495 quis
2426 4419 2590 4480 venit
2616 4422 2691 4480 ad

275 4513 400 4570 vos,
431 4503 490 4554 et
529 4494 850 4554 doctrinam
891 4494 1062 4554 istam
1103 4515 1218 4553 non
1263 4494 1446 4570 affert,
1489 4514 1562 4553 116
1603 4493 1841 4571 recipite
1867 4513 2001 4553 eum
2028 4494 2089 4551 in
2116 4495 2271 4555 sedes
2312 4507 2552 4572 vestras,
2581 4519 2689 4558 1166

279 4573 526 4633 salutate
568 4573 775 4650 ipsum,
806 4573 944 4651 quia
970 4574 1070 4652 qui
1097 4575 1263 4633 iUum
1304 4573 1533 4648 salutat,
1565 4573 1953 4632 communicat
1992 4574 2118 4651 ejus
2159 4576 2327 4635 malis
2356 4577 2685 4654 operibus.”

277 4651 372 4712 Sic
418 4651 606 4730 Apoc.
635 4653 800 4713 xviii.
850 4657 906 4729 4,
950 4653 1198 4731 populus
1228 4653 1339 4712 Dei
1374 4652 1612 4730 jubetur
1653 4651 1813 4712 exire
1868 4652 2187 4731 Babylone,
2216 4675 2289 4714 ne
2318 4656 2605 4714 erroribus
2634 4665 2692 4714 et
