3234 5192
542 265 660 321 544
1089 281 1168 320 ns
1199 281 1683 322 suist-Acmona
1712 279 1945 320 cmusn
1975 277 2290 318 vsm‘ra‘rs.
2505 256 2763 338 [Disru'r.
2794 280 2946 322 xvir.

537 421 685 480 foret
707 423 887 480 solem
915 431 1140 482 tantum
1161 423 1351 482 scelus
1379 422 1651 499 aspicere,
1684 420 1807 478 sive
1857 428 1921 479 ιιι
1950 419 2315 498 portenderet
2344 422 2503 498 genti
2531 420 2575 479 J
2580 420 2797 479 udaicae
2840 441 2942 478 ex—

538 501 905 561 caecationem
935 511 994 561 et
1041 503 1397 563 calamitates
1439 503 1571 559 illas
1599 521 1729 577 quoe
1758 520 1875 558 non
1896 500 2077 558 multo
2106 507 2237 576 post
2278 502 2490 579 populo
2520 501 2617 559 isti
2644 507 2810 558 erant
2836 500 2942 557 im-

537 582 850 659 mittendae,
883 591 940 642 et
967 592 1152 642 terror
1179 603 1246 642 ac
1287 591 1475 642 metus
1511 581 1718 658 judicii
1768 579 1952 638 divini
1980 581 2347 658 incuteretur,
2394 583 2517 640 sive
2546 590 2611 640 ut
2640 580 2853 640 Christi
2882 581 2945 638 in

541 681 709 721 cruce
746 664 1044 722 morientis
1083 665 1444 741 majestatem
1488 682 1564 720 ex
1592 661 1770 719 tantis
1812 659 2093 737 prodigiis
2120 659 2419 733 indicaret,
2450 661 2573 719 sive
2602 661 2849 736 denique
2877 672 2945 719 ut

536 741 868 819 passionum
921 743 1135 804 Christi
1161 743 1618 820 magnitudinem
1660 741 1923 799 innueret
1950 740 2161 816 quibus
2188 740 2410 800 scilicet
2438 741 2629 817 fiebat,
2660 750 2725 800 ut
2752 741 2945 799 oriens

543 841 619 880 ex
639 822 758 881 alto
787 824 1038 883 tenebris
1069 823 1428 882 densissimis
1455 823 1555 880 irae
1587 821 1700 878 Dei
1726 821 2009 897 immergi,
2034 826 2093 878 et
2118 819 2220 878 Sol
2258 821 2503 898 justitiae
2532 821 2792 899 eclipsim
2820 821 2944 898 pati

543 909 602 960 et
630 903 985 978 occumbere,
1007 905 1243 962 deberet
1266 927 1280 978 ;
1311 903 1448 960 hinc
1474 901 1742 960 tenebras
1770 900 1911 958 istas
1930 908 2198 958 externas
2228 901 2423 960 statim
2450 902 2679 979 excepit
2707 901 2941 960 amaris-

543 982 722 1040 simus
752 982 917 1042 dolor
942 984 1202 1042 internus
1230 1002 1345 1059 quo
1389 1001 1450 1040 se
1497 1001 1534 1039 a
1563 981 1690 1039 Deo
1718 980 2056 1038 derelictum
2084 979 2358 1056 queritur,
2382 1000 2517 1038 nam
2546 979 2796 1040 tenebris
2824 980 2945 1040 illis

543 1061 800 1139 depulsis
823 1063 974 1122 circa
989 1064 1190 1121 horam
1212 1061 1442 1121 tertiam
1463 1061 1676 1119 dicitur
1696 1060 1815 1118 alta
1836 1079 1979 1118 voce
2002 1060 2377 1133 exclamasse,
2400 1063 2435 1093 “
2455 1061 2567 1138 Eli,
2595 1061 2709 1137 Eli,
2727 1063 2943 1118 lamma

541 1143 854 1216 sabactani,
884 1143 1043 1202 Deus
1071 1143 1167 1219 mi,
1200 1144 1360 1201 Deus
1389 1142 1486 1216 mi,
1517 1161 1695 1218 quare
1721 1159 1813 1198 me
1842 1139 2200 1216 dereliquisti
2218 1141 2284 1198 ?’'

626 1222 746 1280 III.
772 1223 919 1296 Quia
947 1243 1084 1282 vero
1113 1222 1292 1281 verba
1319 1223 1444 1280 haec
1471 1242 1546 1280 ex
1577 1221 1731 1279 Psal.
1780 1219 1927 1277 xxii.
1956 1219 2138 1296 petita
2164 1239 2290 1278 esse
2319 1226 2559 1292 constat,
2589 1219 2726 1278 hinc
2755 1240 2938 1298 quaes-

541 1301 623 1361 tio
652 1303 836 1378 primo
863 1304 1135 1379 nascitur,
1167 1323 1240 1360 an
1266 1303 1414 1361 bene
1459 1301 1532 1359 ad
1563 1301 1852 1359 Christum
1883 1299 2201 1358 referantur
2228 1319 2357 1377 quae
2387 1297 2584 1357 David
2610 1299 2683 1357 de
2713 1319 2775 1358 se
2803 1301 2939 1358 olim

539 1383 872 1460 protulerat,
924 1384 968 1442 J
970 1384 1124 1442 udaei
1169 1383 1323 1441 enim
1371 1382 1496 1440 haec
1524 1382 1604 1440 ita
1634 1381 1708 1438 ad
1741 1379 2026 1438 Davidem
2054 1379 2150 1438 vel
2172 1379 2347 1438 alium
2377 1379 2704 1456 quempiam
2733 1401 2807 1438 ex
2836 1400 2941 1439 sua

539 1471 713 1539 gente
761 1464 1117 1540 restringunt
1159 1471 1225 1521 ut
1270 1462 1385 1520 alio
1429 1461 1629 1520 referri
1671 1480 1778 1518 nec
1806 1479 1975 1536 posse
2004 1477 2109 1517 nec
2158 1459 2365 1518 debere
2394 1457 2757 1518 arbitrentur.
2820 1459 2937 1519 Sed

539 1543 716 1600 missa
741 1551 1010 1620 proterva
1037 1544 1146 1601 hac
1174 1541 1218 1600 J
1220 1542 1515 1600 udaeorum
1542 1539 1967 1598 incredulorum
1996 1539 2379 1613 cavillatione,
2405 1539 2505 1614 qui
2525 1539 2671 1596 nihil
2692 1540 2937 1599 intenta-

534 1631 659 1680 tum
686 1623 1019 1699 relinquunt
1039 1630 1103 1680 ut
1125 1622 1441 1679 clarissima
1468 1640 1712 1698 quaeque
1732 1621 1861 1678 loca
1886 1619 2057 1676 nobis
2083 1619 2328 1695 eripiant
2351 1641 2365 1678 ε
2390 1619 2575 1677 Nobis
2602 1619 2779 1695 pluris
2806 1639 2937 1678 esse

535 1701 710 1759 debet
737 1702 1222 1777 evangelistarum
1252 1701 1508 1758 omnium
1535 1708 1594 1758 et
1622 1700 1837 1758 Christi
1865 1699 2045 1776 ipsius
2074 1699 2465 1757 testimonium
2493 1699 2593 1775 qui
2622 1699 2731 1757 sibi
2756 1700 2939 1758 verba

538 1779 752 1838 Psaltis
780 1781 1120 1857 applicando
1139 1800 1254 1838 non
1277 1781 1518 1839 obscure
1543 1779 1833 1837 Davidem
1861 1778 1936 1836 ad
1958 1798 2019 1836 se
2040 1779 2363 1856 respexisse
2382 1778 2736 1838 demonstrat
2754 1802 2777 1854 3
2799 1800 2934 1838 con·

535 1860 796 1919 sulantur
822 1861 967 1934 loca,
1002 1861 1212 1918 Matth.
1232 1860 1418 1918 xxvii.
1449 1862 1544 1936 35,
1571 1862 1666 1934 39,
1699 1861 1796 1934 46,
1822 1859 1963 1918 Luc.
1988 1859 2132 1916 xxii.
2154 1862 2249 1933 33,
2282 1862 2376 1933 34,
2402 1858 2446 1917 J
2448 1859 2541 1916 oh.
2560 1859 2684 1917 xix.
2708 1862 2804 1936 23,
2835 1863 2933 1935 35,

534 1939 689 1998 Heb.
719 1941 779 1998 ii.
815 1944 906 1999 11.
952 1941 1032 1998 Et
1075 1959 1211 1999 sane
1260 1959 1376 1998 non
1405 1959 1549 2017 opus
1576 1940 1673 1997 hic
1702 1947 1790 1997 est
1818 1958 2058 2016 operosa
2085 1939 2279 2015 aliqua
2306 1937 2807 2016 demonstratione,
2838 1941 2937 1999 vel

533 2020 658 2079 sola
707 2020 857 2080 enim
907 2021 1087 2080 verba
1139 2021 1356 2079 Psalmi
1384 2021 1433 2078 si
1478 2020 1653 2097 paulo
1687 2019 2009 2078 accuratius
2038 2017 2440 2096 expendantur
2467 2019 2607 2078 satis
2635 2018 2842 2078 docent
2870 2021 2934 2078 in

531 2101 820 2160 neminem
849 2100 1334 2161 accommodatius
1363 2099 1645 2177 quadrare
1674 2119 1845 2177 quam
1874 2099 1935 2156 in
1960 2099 2267 2173 Christum,
2299 2105 2355 2156 et
2377 2099 2435 2155 in
2464 2119 2533 2157 eo
2563 2099 2687 2156 solo
2713 2099 2932 2177 perfec-

528 2189 655 2239 tum
683 2182 1164 2258 complementum
1193 2181 1400 2240 sortiri.
1488 2181 1694 2257 Itaque
1722 2180 1858 2238 licet
1882 2178 2075 2242 David
2102 2189 2167 2237 ut
2195 2186 2371 2256 typus
2400 2178 2615 2237 Christi
2642 2179 2714 2237 de
2744 2199 2804 2238 se
2830 2199 2934 2256 po-

531 2263 707 2320 tuerit
745 2263 906 2338 loqui
947 2263 1226 2338 proxime,
1257 2261 1396 2318 dum
1425 2261 1725 2318 occasione
1762 2279 1993 2318 suarum
2021 2259 2456 2318 tribulationum
2485 2267 2543 2316 et
2582 2261 2935 2336 persecutio-

529 2360 669 2398 num
698 2339 774 2398 ad
801 2341 906 2398 has
934 2341 1200 2417 querelas
1215 2339 1484 2398 redactus
1511 2347 1617 2413 est,
1650 2347 1869 2398 certum
1898 2347 2089 2398 tamen
2119 2347 2207 2397 est
2228 2339 2287 2395 in
2312 2339 2501 2416 seipso
2528 2358 2645 2397 non
2674 2341 2929 2418 haesisse,

527 2419 632 2476 sed
661 2420 864 2496 spiritu
893 2420 1226 2496 prophetico
1255 2419 1556 2496 abreptum
1585 2418 1763 2476 fuisse
1792 2418 1867 2476 ad
1889 2417 2429 2496 contemplationem
2460 2419 2673 2478 Christi
2710 2421 2930 2498 patien-

527 2500 604 2558 tis
632 2499 694 2556 in
722 2518 907 2574 cruce,
938 2501 1104 2576 cujus
1141 2499 1484 2576 passionem,
1519 2506 1819 2572 tormenta,
1852 2498 2281 2556 crucifixionem
2328 2507 2386 2557 et
2427 2499 2686 2558 omnium
2714 2502 2930 2560 crucia-

525 2589 689 2638 tuum
719 2597 922 2637 sensus
957 2580 1132 2657 juxta
1159 2579 1418 2656 singulas
1447 2577 1907 2637 circumstantias
1952 2586 2068 2636 tam
2097 2579 2401 2655 exquisite,
2434 2587 2492 2637 et
2532 2587 2695 2638 tanta
2722 2581 2929 2640 verbo·

526 2679 654 2717 rum
681 2659 812 2718 luce
856 2669 914 2719 et
959 2661 1183 2738 s’vegyse'qu
1204 2659 1495 2736 describit,
1525 2666 1592 2718 ιιι
1617 2678 1736 2717 non
1785 2667 1903 2717 tam
1930 2659 2289 2735 prophetiam
2317 2678 2491 2735 quam
2518 2659 2833 2735 historiam,
2865 2670 2932 2721 ut

527 2739 868 2798 Cassidorus
896 2741 994 2815 ait,
1027 2741 1274 2799 scribere
1302 2739 1602 2814 videatur3
1648 2738 1807 2817 quod
1834 2737 2001 2797 facile
2039 2758 2113 2796 ex
2153 2737 2509 2816 singularum
2553 2741 2801 2816 partium
2824 2762 2929 2799 ex-

526 2821 714 2879 amine
760 2821 988 2879 ostendi
1031 2829 1228 2898 posset
1265 2821 1314 2879 si
1362 2819 1426 2878 id
1471 2839 1627 2878 nunc
1676 2837 1995 2896 ageremus.
2043 2818 2213 2877 Unde
2243 2818 2571 2896 colligimus
2600 2820 2778 2878 verba
2804 2822 2929 2879 hacc

525 2903 712 2978 prima
761 2901 1008 2961 Davidis
1055 2903 1166 2960 etsi
1213 2902 1274 2959 in
1321 2900 1448 2978 ipso
1491 2909 1560 2959 ut
1587 2900 1801 2959 Christi
1830 2908 1970 2976 typo
1996 2897 2433 2957 fundamentum
2454 2898 2691 2976 aliquod
2717 2901 2930 2960 habere

525 2983 766 3058 possint,
798 2991 1082 3059 quatenus
1111 2982 1349 3041 summis
1377 3000 1610 3058 pressus
1638 2979 1923 3056 angustiis
1944 2987 2003 3038 et
2023 2978 2241 3038 auxilio
2262 2979 2372 3036 Dei
2401 2986 2625 3037 tantum
2653 3001 2770 3038 non
2798 2980 2927 3040 des-

527 3077 751 3139 perans,
774 3063 835 3118 in
861 3064 1132 3138 querulas
1161 3064 1334 3120 hasce
1361 3081 1537 3120 voces
1564 3061 1841 3137 prorupit,
1873 3059 2084 3136 quibus
2110 3079 2227 3116 non
2244 3057 2537 3117 absimiles
2564 3059 2703 3118 alibi
2732 3079 2928 3119 occur·

523 3149 660 3200 runt
706 3160 823 3198 non
869 3143 1062 3216 semel,
1117 3142 1270 3200 Psal.
1321 3141 1466 3199 xliii.
1499 3146 1553 3213 2,
1587 3149 1647 3198 et
1701 3141 1845 3197 xliv.
1885 3142 1980 3213 24,
2023 3141 2119 3214 25,
2150 3135 2277 3213 Sec„
2309 3147 2503 3197 tamen
2530 3139 2607 3197 ad
2635 3141 2923 3199 Christum

523 3218 794 3294 primario
823 3227 881 3277 et
907 3221 1298 3298 principaliter
1325 3239 1450 3278 esse
1468 3219 1785 3291 referenda,
1806 3227 1977 3295 prout
2003 3219 2125 3295 ipse
2156 3219 2418 3278 Christus
2446 3219 2929 3296 complementum

525 3297 694 3356 istius
723 3297 956 3356 Oraculi
984 3300 1164 3357 verba
1191 3299 1393 3358 eadem
1420 3299 1682 3357 iterando
1710 3299 1770 3355 in
1800 3319 1967 3357 cruce
1996 3299 2277 3357 exhibuit.

609 3377 717 3435 IV.
748 3377 945 3435 Verba
973 3387 1164 3436 autem
1191 3377 1515 3436 referuntur
1531 3398 1566 3435 a
1585 3378 1814 3436 Christo
1828 3377 2001 3453 juxta
2020 3379 2373 3436 Hebraicam
2400 3377 2704 3437 veritatem
2732 3388 2791 3439 et
2810 3401 2927 3440 non

516 3457 693 3535 juxta
710 3458 835 3515 lxx.
846 3459 1182 3516 ‚versionem
1201 3477 1330 3534 quae
1347 3457 1610 3516 nonnihil
1633 3455 1727 3516 hic
1748 3476 1783 3514 a
1803 3456 1959 3516 fonte
1978 3457 2195 3516 recedit
2211 3457 2424 3516 additis
2442 3457 2683 3517 vocibus
2700 3459 2925 3520 duabus

526 3559 656 3616 quae
675 3539 736 3596 in
757 3537 1008 3598 Hebraeo
1024 3558 1142 3596 non
1158 3537 1446 3615 leguntur,
1481 3539 1504 3592 ὃ
1529 3539 1702 3602 Θεόςό
1730 3539 1861 3601 Θεός
1886 3558 1989 3606 μου
2010 3542 2241 3616 πςόσχες
2256 3557 2362 3612 μοι,
2386 3559 2466 3593 ινα,
2497 3560 2547 3593 τι
2568 3539 2927 3615 ἐγκατέλιπές

523 3641 592 3690 με
616 3643 638 3694 ;
659 3639 831 3698 quam
850 3619 924 3676 V.
949 3617 1024 3676 V.
1046 3625 1243 3676 secuta
1260 3626 1350 3677 est
1369 3621 1403 3651 “
1429 3619 1590 3677 Deus
1611 3617 1709 3694 mi,
1738 3617 1897 3676 Deus
1920 3618 2014 3692 mi,
2038 3619 2258 3695 respice
2276 3617 2351 3676 ad
2367 3637 2477 3693 me,
2498 3637 2675 3694 quare
2701 3639 2794 3678 me
2822 3620 2923 3678 de-

524 3699 810 3778 reliquisti
827 3701 893 3757 ?''
925 3699 1048 3757 sive
1077 3699 1202 3757 lxx.
1235 3697 1322 3755 ἡκ
1344 3701 1428 3757 ad
1451 3719 1537 3757 me
1563 3717 1667 3775 pro
1696 3699 1783 3754 aba
1814 3697 2081 3775 legerint,
2112 3697 2270 3775 quod
2292 3698 2556 3756 nonnulli
2586 3699 2919 3776 conjiciunt,

524 3782 648 3841 sive
666 3780 780 3839 alia
800 3779 1081 3857 quaepiam
1104 3798 1278 3838 causa
1299 3778 1487 3837 fuerit.
1511 3778 1819 3838 Chaldaeus
1840 3787 2033 3837 tamen
2052 3787 2110 3837 et
2135 3778 2317 3854 Syrus
2334 3779 2504 3854 plane
2523 3797 2654 3836 cum
2674 3779 2925 3840 Hebraeo

521 3861 756 3936 faciunt,
787 3859 944 3937 quod
971 3859 1232 3918 Christus
1271 3860 1364 3918 hic
1387 3859 1669 3936 ,sequitur
1697 3859 1910 3918 omissa
1944 3857 2072 3916 lxx.
2101 3857 2385 3917 versionis
2416 3857 2711 3918 additione
2742 3857 2926 3936 (quod

523 3943 663 4002 satis
691 3941 886 4014 docet,
908 3947 973 3997 ut
999 3940 1108 3998 hoc
1137 3938 1324 3998 obiter
1351 3938 1556 4014 dicam,
1585 3959 1705 3997 non
1732 3959 1859 3998 raro
1888 3938 1963 3996 ab
1990 3957 2061 3996 ea
2086 3937 2381 3996 discedere
2412 3939 2720 4015 scriptores
2749 3939 2822 3997 N.
2852 3941 2919 4000 T.

521 4033 694 4100 atque
739 4020 884 4079 adeo
931 4019 1071 4096 ipsis
1118 4040 1234 4078 non
1277 4019 1455 4079 fuisse
1484 4018 1921 4097 authenticam.)
1967 4018 2148 4078 Porro
2174 4017 2472 4076 fatendum
2500 4027 2587 4077 est
2616 4019 2795 4077 verba
2822 4019 2924 4079 illa

519 4123 596 4162 ex
627 4101 878 4161 Hebraeo
905 4099 1196 4178 paulisper
1221 4101 1522 4158 immutata
1548 4099 1765 4176 referri,
1796 4119 1931 4156 nam
1978 4097 2159 4157 verba
2208 4095 2363 4156 Psal.
2393 4098 2475 4156 ita
2504 4115 2566 4156 se
2592 4098 2809 4158 habent
2837 4101 2925 4158 Ἐκ

519 4201 686 4238 *ans-w
717 4180 822 4236 mh
868 4179 954 4238 ’ἔκ
1007 4179 1102 4237 hic
1158 4199 1296 4238 vero
1350 4179 1598 4257 legimus
1658 4197 1859 4253 ηψπ,
1912 4179 1995 4236 sic
2052 4179 2264 4256 quippe
2326 4178 2648 4236 communis
2705 4177 2924 4240 ferebat

519 4268 658 4324 tunc
699 4259 974 4335 temporis
1031 4259 1308 4336 loquendi
1355 4260 1518 4335 rati0,
1570 4278 1701 4336 quae
1754 4277 1861 4317 nec
1916 4257 2026 4317 fuit
2068 4266 2239 4316 vetus
2286 4256 2667 4317 Hebraeorum
2716 4278 2921 4336 sermO,

517 4357 624 4396 nec
673 4339 946 4414 Syriacus
987 4359 1198 4414 meruS,
1230 4339 1333 4399 sed
1374 4340 1557 4398 mixta
1605 4337 1889 4398 dialectus
1936 4357 2013 4397 ex
2038 4347 2283 4415 utroque
2312 4358 2441 4415 quae
2469 4347 2593 4396 tum
2621 4338 2683 4395 in
2710 4339 2754 4397 J
2758 4338 2923 4398 udaea

515 4418 770 4492 vigebat,
817 4437 947 4494 quae
991 4418 1256 4494 quaedam
1305 4419 1590 4478 retinebat
1634 4419 1807 4478 avitae
1862 4417 2355 4496 pronunciationis
2398 4427 2465 4477 ut
2515 4419 2602 4475 ἡκ
2652 4437 2757 4495 pro
2806 4440 2921 4498 quo

519 4495 654 4571 Syri
702 4495 891 4554 dicere
941 4498 1130 4557 solent
1158 4497 1302 4574 aasz«,
1350 4499 1616 4575 quaedam
1660 4519 1792 4557 cum
1846 4499 2009 4575 Syris
2056 4498 2307 4557 habebat
2352 4498 2681 4557 communia
2724 4506 2790 4556 ut
2818 4518 2920 4572 pa:-

512 4591 618 4652 pro
649 4593 734 4630 ειν
767 4573 925 4650 quod
955 4575 1266 4635 Hebraeum
1296 4587 1418 4636 est:
1458 4581 1563 4636 Eli
1585 4587 1779 4636 autem
1808 4599 1845 4637 a
1866 4579 2096 4638 Christo
2124 4578 2565 4656 pronunciatum
2594 4577 2771 4638 fuisse
2800 4579 2925 4656 ipse
