3234 5192
275 374 514 423 msrur.
546 363 743 438 xxm]
837 378 917 419 na
946 370 1441 419 sansncrmms
1466 372 1710 419 enals’rt
1741 372 2163 421 rsnrncrioss.
2561 358 2678 427 709

270 546 451 587 nuru
484 531 575 582 est
604 542 735 582 cum
770 518 1106 581 remissione
1150 536 1325 594 quam
1358 516 1764 593 obtinuerunt3
1809 518 1912 577 sed
1939 525 2164 578 tantum
2193 524 2260 576 ut
2285 518 2676 581 conditionem

267 612 328 661 et
374 603 809 679 dispositionem
848 600 911 658 in
953 598 1216 676 subjecto
1258 597 1595 675 requisitam
1623 598 1700 657 ad
1719 598 1856 658 talis
1881 598 2148 659 beneficii
2173 596 2672 677 participationem

268 690 329 740 et
359 702 608 741 sensum.

350 762 672 821 XXXVI.
716 763 795 820 5⁰.
827 756 1037 819 Varias
1069 756 1491 818 Satisfactionis
1517 756 1800 819 utilitates
1827 770 2294 822 commemorant.
2381 765 2459 821 1⁰.
2503 758 2675 835 Quod

266 842 637 901 utilissimum
662 840 739 899 sit
784 838 1073 918 peccatori
1100 847 1165 900 ut
1208 858 1325 897 non
1370 847 1601 899 maneat
1627 840 1858 917 penitus
1893 840 2229 920 impunitus,
2259 862 2332 901 ne
2379 863 2456 903 ex
2483 841 2672 900 veniae

267 920 544 980 facilitate
587 920 664 980 ad
710 920 1063 998 peccandum
1112 918 1321 978 iterum
1348 919 1640 979 incitetur.
1721 924 1804 979 2⁰.
1835 920 1984 996 Quia
2021 940 2140 979 non
2169 924 2356 983 solum
2385 929 2611 983 coercet
2637 942 2676 979 a

268 1001 578 1078 peccando,
610 1001 713 1060 sed
740 1001 915 1059 etiam
944 998 1216 1058 admonet
1242 1006 1461 1075 quanta
1506 1000 1585 1059 sit
1612 1000 1834 1077 peccati
1862 1001 2138 1078 gravitas,
2169 1011 2229 1062 et
2249 1022 2320 1062 eo
2347 1002 2521 1062 modo
2549 1001 2672 1060 ani·

268 1100 419 1139 mam
448 1080 639 1141 erudit
666 1089 725 1140 et
752 1080 1019 1153 illustrat,
1050 1087 1223 1156 atque
1250 1097 1328 1137 ex
1348 1098 1417 1137 eo
1438 1079 1658 1139 lumine
1685 1080 1892 1159 ingens
1912 1081 2202 1157 quoddam
2227 1083 2422 1143 odium
2451 1081 2674 1160 peccati

268 1161 525 1219 nascitur
550 1169 619 1220 ut
657 1161 781 1238 jam
810 1178 927 1217 non
954 1159 1159 1218 timore
1184 1178 1387 1235 ptume,
1418 1158 1521 1217 sed
1548 1180 1744 1219 amore
1779 1160 2022 1239 justitias
2049 1161 2110 1219 in
2153 1162 2477 1223 actionibus
2504 1161 2673 1222 bonis

266 1250 681 1317 perseveretur.
725 1244 806 1299 3⁰.
838 1238 1093 1298 Inservit
1118 1236 1195 1297 ad
1218 1238 1454 1298 habitus
1478 1240 1704 1315 peccati
1722 1239 2100 1299 eradicandos
2127 1250 2188 1302 et
2213 1242 2492 1302 virtutum
2521 1242 2671 1301 inse-

269 1319 495 1380 rendos.
540 1324 622 1380 4⁰.
656 1320 921 1397 Denique
942 1318 1018 1377 ad
1038 1318 1385 1395 exemplum,
1404 1318 1543 1396 quia
1562 1339 1639 1377 ex
1659 1339 1832 1396 poena
1850 1320 2039 1396 unius,
2060 1323 2377 1397 praesertim
2404 1323 2456 1381 si
2483 1322 2674 1399 publi·

268 1420 335 1459 ea
364 1401 455 1473 sit,
488 1418 879 1478 saepenumero
908 1398 1272 1475 corriguntur
1300 1397 1485 1457 multi.
1556 1399 1706 1457 Haec
1732 1407 1790 1459 et
1819 1399 2030 1458 similia
2053 1400 2324 1461 Bellarm.
2345 1402 2540 1478 habet,
2570 1400 2672 1459 lib.

266 1479 345 1540 iv.
376 1480 448 1539 de
482 1480 641 1541 Poen.
672 1502 721 1540 c.
744 1484 797 1555 5,
824 1487 889 1539 ut
907 1478 1308 1538 necessitatem
1326 1477 1734 1538 satisfactionis
1754 1479 2116 1540 commendet
2137 1492 2402 1558 respectu
2416 1481 2674 1541 fidelium

266 1580 373 1639 pro
400 1560 612 1638 quibus
641 1560 903 1620 Christus
932 1556 1228 1617 satisfecit.
1272 1558 1467 1635 Resp.,
1502 1558 1619 1617 Sed
1649 1558 1744 1617 hic
1771 1578 1888 1619 non
1915 1578 2032 1618 uno
2052 1560 2226 1620 modo
2251 1561 2488 1621 fallitur.
2548 1562 2672 1619 Pri-

268 1660 363 1699 mo
388 1640 547 1717 quod
588 1640 669 1700 rei
699 1640 1100 1700 necessitatem
1128 1646 1187 1697 et
1233 1638 1538 1698 veritatem
1580 1639 1816 1698 metitur
1843 1659 1918 1698 ex
1945 1640 2330 1719 qualicunque
2358 1642 2488 1737 ejus
2515 1641 2674 1701 utili-

268 1728 405 1795 tate,
436 1740 568 1779 cum
596 1730 797 1780 contra
822 1720 897 1779 de
924 1718 1173 1778 utilitate
1200 1738 1317 1777 non
1339 1718 1415 1778 sit
1442 1718 1748 1796 agendum,
1779 1720 1892 1778 nisi
1919 1720 2079 1797 prius
2107 1722 2428 1781 constiterit
2453 1722 2528 1781 de
2549 1725 2678 1799 ejus

270 1800 531 1876 veritate,
563 1809 623 1860 et
648 1800 1037 1875 institutione;
1071 1798 1159 1875 E„
1182 1798 1321 1857 licet
1340 1798 1574 1858 daretur
1593 1798 1844 1877 aliquam
1867 1819 1995 1860 esse
2023 1800 2432 1863 satisfactionis
2459 1802 2676 1862 utilita-

270 1888 406 1955 tem,
436 1900 555 1939 non
583 1888 919 1958 sequeretur
942 1887 1137 1938 tamen
1155 1878 1349 1938 statim
1366 1898 1493 1937 eam
1515 1877 1932 1939 admittendam
1961 1900 2088 1939 esse
2113 1890 2180 1941 ut
2208 1882 2536 1960 genuinam,
2565 1882 2680 1941 nisi

270 1968 563 2019 constaret
590 1980 717 2019 eam
744 1980 781 2017 a
804 1960 930 2018 Deo
958 1958 1347 2035 praescriptam
1372 1978 1519 2017 esse.
1570 1962 1628 2017 2.
1650 1959 1902 2018 Tantum
1929 1960 2096 2021 abest
2123 1970 2188 2021 ut
2213 1962 2335 2021 ulla
2353 1962 2575 2021 utilitas
2603 1963 2680 2021 sit

272 2038 335 2095 in
364 2038 769 2113 satisfactione,
802 2046 866 2097 ut
912 2056 1186 2113 magnum
1215 2036 1349 2095 inde
1388 2038 1607 2096 oriatur
1631 2046 1691 2096 et
1717 2038 1917 2113 gloriae
1944 2040 2161 2098 Christi
2187 2048 2247 2099 et
2273 2041 2475 2117 pietati
2503 2040 2678 2098 detri-

272 2126 531 2177 mentum
555 2140 570 2177 :
614 2118 839 2194 Quippe
882 2124 941 2174 et
985 2114 1363 2174 satisfactioni
1393 2115 1607 2174 Christi
1635 2116 1882 2175 multum
1919 2116 2186 2193 detrahit,
2217 2118 2478 2177 homines
2506 2120 2580 2177 ab
2609 2138 2680 2177 ea

270 2196 674 2273 quadantenus
702 2194 1059 2269 abducendo,
1099 2202 1157 2253 et
1194 2196 1345 2252 inter
1388 2202 1619 2253 sanctos
1649 2203 1706 2254 et
1733 2194 1920 2271 ipsum
1949 2216 2096 2273 opus
2124 2197 2328 2257 salutis
2353 2198 2672 2276 partiendo,

273 2286 339 2335 ut
386 2284 557 2335 antea
582 2275 811 2351 visum3
858 2274 937 2334 Et
980 2293 1185 2352 pacem
1231 2272 1435 2333 adimit
1474 2273 1844 2333 conscientiis
1870 2294 2000 2352 quae
2027 2295 2322 2354 nunquam
2351 2290 2522 2337 certoe
2549 2298 2678 2337 esse

272 2364 533 2433 possunt,
564 2376 641 2415 an
668 2376 771 2433 per
796 2374 895 2415 eas
924 2353 1343 2413 satisfactiones
1362 2373 1509 2431 quas
1538 2355 1679 2431 ipsse
1706 2354 1819 2415 sibi
1838 2355 2190 2433 indixerunt,
2215 2358 2310 2417 vel
2339 2376 2468 2435 quae
2497 2358 2682 2436 impo-

274 2435 403 2495 sitae
431 2444 566 2495 suut
592 2436 667 2494 ab
696 2436 842 2513 aliis,
887 2454 1091 2494 revera
1120 2435 1247 2493 Deo
1276 2434 1353 2493 sit
1380 2434 1755 2511 satisfactum,
1805 2443 1866 2495 et
1892 2435 1975 2495 ita
2002 2456 2228 2517 semper
2254 2438 2404 2498 inter
2431 2458 2592 2517 spem
2619 2446 2680 2498 et

274 2526 490 2576 metum
513 2516 893 2577 fluctuabunt.
938 2515 1079 2591 Quae
1108 2534 1247 2575 vero
1276 2514 1555 2575 utilitates
1580 2515 1677 2574 hic
1703 2515 2019 2594 finguntur,
2047 2528 2256 2597 praeter
2281 2539 2402 2578 rem
2430 2517 2676 2578 afferun-

274 2605 371 2655 tur
394 2620 407 2674 ;
440 2598 590 2657 Nam
616 2605 999 2676 praeterquam
1028 2596 1185 2674 quod
1202 2596 1348 2655 nihil
1376 2596 1491 2655 tale
1517 2616 1593 2655 cx
1620 2596 1860 2656 ludicris
1888 2596 2017 2657 istis
2045 2598 2534 2659 satisfactionibus
2561 2601 2679 2658 eol-

275 2676 384 2755 ligi
410 2686 617 2756 potest,
663 2678 805 2737 satis
832 2675 1065 2736 aliunde
1088 2684 1213 2735 tum
1234 2694 1311 2735 ex
1336 2682 1520 2734 morte
1550 2675 1782 2751 Christi,
1825 2684 1950 2734 tum
1967 2696 2043 2734 ex
2071 2679 2348 2738 exercitio
2374 2697 2529 2737 verae
2556 2700 2677 2756 poe-

276 2758 534 2817 nitentiae
560 2758 623 2817 hi
644 2758 863 2816 fructus
890 2756 1192 2815 habentur.
1224 2754 1450 2830 Quippe
1466 2760 1533 2812 ut
1560 2773 1635 2811 ex
1662 2754 1765 2812 illa
1790 2755 2114 2814 luculenter
2140 2757 2468 2833 colligimus
2495 2778 2676 2833 quan-

274 2846 336 2894 ta
375 2838 451 2895 sit
490 2838 713 2914 peccati
741 2834 1003 2912 gravitas
1041 2842 1099 2892 et
1146 2852 1318 2909 quam
1348 2842 1566 2891 eertum
1591 2833 1668 2891 sit
1688 2833 1844 2909 apud
1873 2833 2060 2893 Deum
2085 2836 2330 2894 inultum
2359 2856 2476 2893 non
2503 2837 2677 2894 relin-

272 2935 451 2991 quere
478 2923 814 2991 peccatum:
859 2914 953 2971 Ita
996 2932 1071 2971 ex
1100 2912 1213 2971 ista
1240 2911 1437 2970 odium
1466 2912 1686 2988 peccati
1715 2912 1902 2989 magis
1929 2914 2230 2991 magisque
2269 2915 2546 2986 nascitur,
2575 2917 2676 2973 ha-

273 2994 431 3053 bitus
457 2995 654 3053 vitiosi
682 2993 957 3071 paulatim
988 2991 1426 3050 eradicanturet
1452 2991 1588 3049 boni
1616 2990 2044 3061 confirmantur,
2075 2994 2516 3073 exemplumque
2545 2996 2678 3055 aliis

274 3074 351 3133 ad
379 3074 531 3132 idem
562 3073 815 3133 studium
844 3070 1132 3152 praebetur
1156 3094 1171 3132 ς
1215 3070 1301 3131 Ut
1342 3070 1490 3129 nihil
1524 3090 1672 3149 opus
1710 3070 1787 3131 sit
1821 3090 2024 3151 poenas
2059 3073 2470 3134 satisfactorias
2507 3095 2679 3155 prop-

274 3162 435 3214 terea
460 3154 655 3213 contin
734 3172 814 3212 re.

358 3174 733 3292 XXXVI?3
774 3236 857 3293 6⁰.
903 3231 1169 3309 Denique
1212 3252 1249 3291 a
1275 3232 1555 3291 Veterum
1598 3232 1826 3311 scriptis
1869 3231 2114 3295 multum
2159 3234 2402 3296 subsidii
2446 3247 2680 3317 sperant

275 3315 415 3392 quia
440 3314 709 3391 frequens
736 3312 891 3391 apud
918 3312 1075 3390 ipsos
1106 3311 1527 3372 Satisfactionis
1568 3313 1803 3390 mentio,
1847 3334 1965 3392 qua
2001 3336 2120 3376 non
2160 3324 2385 3377 tantum
2413 3318 2682 3379 satisfieri

274 3414 380 3473 pro
407 3395 675 3473 peccatis,
725 3393 827 3452 sed
870 3401 930 3454 et
972 3391 1083 3470 ipsi
1128 3393 1255 3451 Deo
1296 3412 1414 3452 non
1456 3414 1587 3453 raro
1627 3394 1984 3472 profitentur.
2067 3396 2264 3475 Resp.,
2294 3397 2515 3457 Verum
2542 3399 2682 3459 lieet

272 3484 533 3534 nostrum
576 3494 693 3533 non
735 3474 811 3533 sit
850 3481 1123 3551 praestare
1164 3474 1357 3531 omnia
1384 3474 1664 3533 Veterum
1705 3474 1862 3535 dicta
1900 3484 2024 3535 tum
2065 3477 2126 3535 in
2165 3478 2276 3535 hoe
2309 3486 2430 3537 tum
2460 3466 2680 3538 in‘aliis

274 3554 552 3614 doctrinae
580 3552 882 3631 capitibus,
913 3552 1146 3630 quando
1172 3553 1291 3612 illis
1318 3574 1436 3612 non
1464 3563 1686 3614 stamus
1713 3556 1812 3614 vel
1839 3555 2098 3615 cadimus
2120 3580 2135 3632 ;
2182 3557 2379 3617 Facile
2405 3565 2601 3617 tamen
2629 3558 2682 3617 si

274 3633 525 3693 instituti
550 3634 736 3693 nostri
760 3641 1055 3711 pateretur
1080 3632 1244 3708 ratio,
1291 3633 1519 3693 inanem
1562 3634 1732 3693 istam
1763 3634 2247 3696 Adversariorum
2290 3656 2417 3696 esse
2451 3638 2679 3715 jactan-

275 3714 417 3773 tiam
460 3713 839 3773 demonstrari
882 3720 1094 3791 posset,
1140 3722 1314 3790 atque
1349 3712 1497 3772 adeo
1527 3713 1948 3773 Satisfactionis
1976 3735 2179 3775 vocem
2208 3716 2418 3794 saepius
2443 3715 2680 3794 quidem

275 3794 351 3855 ab
394 3794 467 3853 iis
506 3794 785 3871 usurpari,
833 3793 938 3852 sed
977 3794 1093 3851 alio
1135 3792 1305 3870 plane
1350 3812 1521 3869 quam
1550 3793 1896 3853 Adversarii
1939 3814 2214 3873 usurpare
2259 3796 2447 3855 solent
2487 3816 2681 3856 sensu.

277 3874 425 3933 Nam
466 3873 876 3949 Saniffactiom's
918 3872 1149 3933 nomine
1182 3872 1424 3931 Veteres
1468 3892 1622 3949 saepe
1663 3874 1956 3951 publicam
1983 3876 2443 3952 Exomologesim
2467 3875 2680 3935 intelli-

278 3962 441 4031 gunt,
476 3974 607 4032 quse
634 3954 883 4031 pertinet
910 3952 985 4011 ad
1016 3952 1479 4012 Ecclesiasticam
1523 3952 1886 4031 disciplinam
1927 3962 1987 4013 et
2025 3976 2226 4035 peenas
2255 3956 2594 4030 Canonieas,
2625 3966 2686 4017 ct

276 4034 415 4111 quia
455 4034 579 4093 haec
624 4034 770 4093 ratio
814 4032 1045 4110 publice
1090 4032 1479 4091 satisfaciendi
1507 4033 1804 4108 Ecclesiae,
1835 4034 2008 4094 modo
2035 4044 2266 4095 maneat
2291 4036 2442 4095 intra
2469 4036 2683 4097 limites

278 4114 445 4173 verbi
478 4113 604 4189 Dei,
635 4113 859 4191 abipso
889 4112 1017 4171 Deo
1043 4111 1301 4191 profecta
1326 4120 1449 4189 est3
1480 4132 1551 4172 eo
1576 4112 1646 4171 fit
1672 4122 1738 4173 ut
1753 4114 2000 4175 Veteres
2027 4115 2338 4193 aliquando
2366 4116 2562 4179 dicant
2582 4137 2683 4177 eos

276 4194 379 4271 qui
416 4192 501 4253 sic
530 4192 809 4253 Eeclesiae
836 4192 1213 4265 satisfaciunt,
1247 4192 1373 4251 Deo
1400 4212 1632 4272 quoque
1660 4193 2006 4272 satisfacere,
2051 4194 2113 4254 id
2139 4204 2245 4271 est,
2284 4195 2346 4254 id
2375 4195 2683 4256 observare

275 4272 434 4351 quod
454 4293 490 4332 a
510 4274 635 4332 Deo
656 4273 987 4333 institutum
1004 4281 1109 4332 est.
1168 4271 1395 4333 Deinde
1416 4292 1535 4331 vox
1561 4272 1984 4335 satisfactionis
2003 4275 2314 4353 aliquando
2335 4276 2684 4337 aVeteribus

275 4354 361 4413 ita
384 4354 503 4412 late
530 4361 841 4430 usurpatur
865 4360 933 4412 ut
958 4352 1143 4429 ipsam
1168 4352 1567 4430 poenitentiam
1612 4360 1672 4412 et
1710 4354 1917 4413 seriam
1944 4355 2226 4433 imprimis
2253 4356 2444 4416 cordis
2470 4358 2682 4417 contri—

276 4434 493 4492 tionem
530 4434 750 4505 innuat,
796 4432 1215 4509 signifieatione
1244 4451 1321 4490 ex
1347 4452 1417 4490 eo
1446 4431 1698 4493 deducta
1723 4433 1882 4511 quod
1908 4435 2064 4515 apud
2091 4435 2332 4495 Latinos
2364 4437 2684 4514 Scriptores

275 4514 605 4588 satisfacere
624 4513 675 4572 is
696 4512 908 4571 dieitur
936 4512 1035 4590 qui
1057 4513 1283 4587 idsacit
1306 4514 1462 4589 quod
1478 4514 1686 4587 offenso
1703 4516 1907 4589 placet.
1959 4515 2274 4593 Cum,ergo
2301 4535 2476 4595 opera
2501 4517 2684 4595 poeni·-

276 4594 474 4654 tentiae
518 4612 738 4653 summe
781 4593 907 4651 Deo
936 4592 1053 4652 sint
1080 4601 1262 4669 grata,
1309 4602 1553 4670 possunt
1590 4592 1707 4651 dici
1735 4614 1838 4672 per
1865 4614 1934 4653 ea
1959 4596 2222 4657 homines
2252 4597 2378 4656 Deo
2403 4597 2686 4657 hactenus

278 4674 629 4751 satisfacere,
658 4694 777 4733 non
804 4672 963 4753 quod
990 4680 1213 4734 tantum
1235 4672 1474 4735 fecerint
1494 4682 1775 4752 quantum
1799 4675 2094 4756 legisjura
2114 4698 2149 4737 a
2169 4678 2540 4757 peccantibus
2562 4677 2686 4737 cxi-

2159 4868 2215 4927 ἱ.
