3234 5192
261 330 497 373 msrur.
524 307 667 393 xm]
830 327 911 369 ns
942 327 1419 370 sarisrscrmms
1446 328 1684 369 camsi-1
1714 327 2130 370 secessimus.
2161 363 2176 370 -
2551 311 2668 370 419

263 477 318 534 2.
361 472 565 532 fideles
605 471 717 550 ipsi
744 470 976 530 veniam
1006 470 1300 529 consecuti
1342 468 1613 528 dicuntur
1638 488 1742 545 per
1764 467 1934 528 fidem
1975 469 2155 527 solam
2201 469 2328 528 sine
2354 470 2477 528 ulla
2498 469 2666 528 satis-

262 554 527 613 factionis
555 552 863 626 mentione,
910 558 977 609 ut
1004 550 1076 608 de
1122 550 1312 609 Abele
1352 549 1595 608 refertur
1642 548 1800 625 quod
1845 569 1949 627 per
1975 549 2147 608 fidem
2196 549 2322 608 Deo
2365 549 2664 626 placuerit,

264 634 416 692 Heb.
446 633 529 692 xi.
560 635 615 707 4,
648 633 837 710 qualis
864 639 1057 689 autem
1086 631 1163 689 sit
1188 630 1291 688 illa
1330 629 1477 688 fides
1517 628 1877 702 describitur,
1909 648 2028 687 ver.
2054 632 2109 704 6,
2140 629 2280 688 dum
2322 629 2404 688 ait
2449 633 2482 664 ‘⁶
2502 649 2663 688 acce·

264 714 493 773 dentem
522 712 599 771 ad
627 713 816 772 Deum
846 710 1055 770 debere
1084 709 1315 768 credere
1348 709 1535 768 Deum
1564 727 1693 767 esse
1722 717 1780 766 et
1807 727 1934 767 esse
1961 717 2446 768 remuneratorem
2475 709 2665 786 requi-

262 793 523 854 rentibus
542 793 791 870 ipsum.”
877 794 931 850 3.
975 788 1223 848 formula
1243 789 1477 848 foederis
1505 789 1646 846 novi
1665 795 1754 846 est
1774 789 1944 865 plane
1968 789 2220 866 gratuita
2247 810 2376 867 quse
2403 790 2666 850 meminit

263 873 497 952 quidem
522 871 883 932 remissionis
910 877 1275 948 peccatorum
1304 878 1362 928 et
1376 869 1527 945 legis
1550 868 1956 945 inscriptionis,
1981 869 2086 928 sed
2113 889 2473 946 nequaquam
2498 871 2665 929 satis-

258 953 540 1029 factionis,
588 953 714 1013 Jer.
764 951 931 1009 xxxi.
962 953 1059 1011 34.
1144 949 1274 1008 Imo
1316 969 1389 1007 ne
1431 957 1623 1026 potest
1659 947 1910 1026 quidem,
1942 969 2078 1007 nam
2104 951 2367 1009 remissio
2412 958 2470 1008 et
2497 950 2663 1010 satis·

262 1034 435 1094 factio
466 1034 578 1092 sibi
604 1033 855 1091 invicem
884 1039 1269 1108 opponuntur,
1298 1049 1407 1088 nec
1435 1031 1617 1105 gratis
1644 1028 1934 1088 remittere
1963 1029 2078 1088 dici
2105 1038 2298 1107 potest
2334 1030 2385 1088 is
2412 1029 2514 1106 qui
2541 1031 2664 1090 exi-

262 1115 349 1192 git
378 1112 845 1173 satisfactionem.
930 1117 985 1168 4.
1030 1109 1194 1168 addit
1221 1108 1552 1187 parabolam
1580 1129 1712 1186 quae
1753 1118 1916 1169 extat
1959 1109 2169 1168 Matth.
2213 1110 2379 1169 xviii.
2423 1110 2666 1170 eandem

262 1195 573 1271 gratuitam
604 1193 717 1250 Dei
742 1191 1141 1250 remissionem
1168 1189 1525 1248 confirmare.
1611 1190 1744 1247 Rex
1772 1189 1925 1247 enim
1953 1189 2171 1248 nullam
2215 1189 2664 1250 satisfactionem

262 1274 450 1350 exigit
477 1293 513 1330 a
541 1291 709 1330 servo
740 1291 861 1345 su0,
894 1269 998 1330 sed
1026 1278 1213 1329 totum
1255 1269 1516 1328 debitum
1555 1269 1644 1327 illi
1664 1270 1834 1346 plane
1884 1269 2141 1345 remittit,
2194 1270 2401 1328 deinde
2449 1270 2662 1330 ibidem

262 1353 475 1412 dicitur
504 1348 665 1410 Deus
691 1351 861 1409 nobis
888 1351 1178 1409 remittere
1205 1369 1320 1427 quo
1347 1349 1521 1408 modo
1541 1349 1672 1407 aliis
1693 1349 2055 1424 remittimus,
2087 1359 2146 1408 at
2173 1350 2463 1409 remittere
2492 1349 2666 1410 debe-

261 1453 391 1492 mus
441 1433 564 1491 sine
612 1430 1021 1490 satisfactione.
1106 1432 1159 1488 5.
1204 1437 1375 1507 urget
1420 1429 1664 1488 verbum
1712 1429 2002 1509 χαρίζεσθαι
2047 1448 2161 1506 quo
2203 1431 2384 1489 utitur
2427 1430 2662 1506 Paulus,

264 1514 386 1573 Col.
419 1513 477 1571 ii.
513 1515 605 1588 13,
640 1512 788 1588 Eph.
808 1511 887 1569 iv.
920 1514 1015 1585 32,
1040 1510 1178 1569 dum
1207 1510 1279 1569 de
1298 1510 1633 1569 remissione
1662 1519 2026 1586 peccatorum
2055 1509 2327 1587 loquitur,
2359 1510 2516 1588 quod
2543 1531 2663 1570 om-

258 1592 553 1652 nimodam
580 1592 812 1650 videtur
834 1590 1240 1649 liberalitatem
1268 1598 1327 1650 et
1372 1589 1810 1648 beneficentiam
1839 1589 2159 1667 designare,
2199 1591 2445 1649 multum
2474 1600 2666 1650 autem

261 1674 657 1732 detraheretur
700 1691 938 1731 summae
965 1671 1050 1729 illi
1088 1670 1494 1730 munificentias
1536 1669 1822 1746 siquidem
1854 1669 2084 1749 plenam
2113 1670 2293 1729 debiti
2322 1671 2666 1732 solutionem

264 1774 298 1812 a
334 1753 483 1812 vade
513 1752 845 1830 postularet.
935 1751 1127 1810 Socin.
1159 1751 1231 1809 de
1264 1751 1490 1810 Servat.
1512 1749 1553 1808 l.
1581 1750 1664 1810 iii.
1695 1770 1820 1828 cap.
1868 1755 1924 1826 2,
1957 1761 2015 1810 et
2038 1751 2301 1810 Praelect.
2329 1771 2455 1829 cap.
2491 1755 2582 1811 17.

342 1833 533 1891 XXI.
586 1833 702 1891 Hic
744 1851 949 1891 revera
995 1831 1319 1909 praecipuus
1366 1839 1457 1889 est
1500 1830 1676 1889 cardo
1724 1831 2060 1909 quaestionis
2105 1851 2220 1908 quo
2249 1833 2424 1891 semel
2475 1833 2666 1909 posito

262 1913 429 1972 facile
456 1914 529 1972 lis
557 1921 680 1972 tota
701 1912 912 1989 poterit
939 1911 1165 1986 dirimi;
1213 1911 1363 1968 Nam
1396 1911 1507 1970 etsi
1534 1911 1768 1969 daretur
1811 1910 1998 1970 Deum
2042 1931 2211 1989 posse
2241 1912 2364 1971 sine
2408 1913 2665 1972 satisfac-

261 1993 417 2053 tione
445 2001 683 2071 peccata
710 1992 1055 2064 condonare,
1085 1991 1147 2048 id
1174 1998 1369 2049 tamen
1394 1990 1607 2050 frustra
1630 1990 1776 2049 foret
1803 1991 1853 2049 si
1881 1991 2112 2050 aliunde
2142 2001 2432 2051 constaret
2451 2013 2583 2052 eum
2605 1992 2668 2053 id

260 2074 706 2150 haudquaquam
733 2072 905 2130 velle.
988 2069 1324 2128 Videndum
1364 2089 1505 2146 ergo
1546 2069 1827 2146 imprimis
1858 2090 2122 2147 quaenam
2151 2072 2228 2129 sit
2255 2091 2428 2149 super
2468 2073 2578 2132 hac
2606 2092 2668 2132 re

264 2153 377 2212 Dei
406 2153 691 2226 voluntaS,
716 2149 948 2226 quodve
978 2149 1279 2208 consilium
1322 2149 1489 2208 nobis
1516 2150 1579 2207 in
1618 2149 1799 2208 verbo
1840 2150 2191 2227 patefecerit.
2275 2150 2666 2212 Adversarius

260 2232 497 2310 quidem
525 2230 815 2289 mordicus
843 2237 1038 2289 tuetur
1068 2229 1258 2288 Deum
1294 2228 1551 2288 voluisse
1578 2229 1799 2307 absque
1839 2230 1962 2289 ulla
2002 2230 2391 2290 satisfactione
2433 2241 2670 2309 peccata

261 2312 570 2388 remittere,
602 2319 661 2371 et
687 2309 939 2369 rationes
966 2311 1157 2368 varias
1184 2319 1307 2369 tum
1348 2329 1423 2368 ex
1454 2309 1530 2368 V.
1559 2319 1684 2370 tum
1725 2331 1802 2370 ex
1832 2311 1904 2370 N.
1935 2311 2002 2370 T.
2033 2312 2110 2370 ad
2149 2312 2260 2372 hoc
2301 2312 2490 2390 ipsum
2533 2333 2664 2391 pro-

262 2392 517 2451 bandum
544 2391 812 2468 corradit,
844 2391 948 2450 sed
977 2398 1354 2468 praeterquam
1377 2391 1533 2469 quod
1556 2390 1615 2448 in
1645 2391 2033 2470 superioribus
2053 2393 2178 2470 jam
2205 2392 2330 2452 fuse
2359 2395 2500 2454 satis
2529 2415 2664 2453 con-

261 2472 498 2532 trarium
519 2473 825 2548 evicimuS,
855 2471 1024 2530 facile
1056 2491 1131 2530 ex
1158 2479 1629 2550 argumentorum
1671 2472 1956 2532 solutione
2000 2473 2299 2532 sententiae
2347 2473 2516 2534 istius
2562 2475 2670 2534 fal-

264 2552 403 2613 sitas
430 2553 680 2630 patebit3
728 2553 875 2611 Nam
919 2552 995 2610 ad
1034 2553 1282 2630 primum
1326 2553 1559 2630 quidem
1588 2552 1749 2630 quod
1791 2553 1998 2612 attinet
2045 2553 2337 2630 distingue
2387 2554 2545 2632 quod
2593 2556 2667 2614 ab

260 2635 478 2693 homine
504 2635 627 2710 ipso
653 2633 895 2711 requirit
925 2633 1102 2708 Deus,
1134 2634 1207 2691 ab
1230 2653 1299 2692 eo
1328 2633 1485 2710 quod
1511 2633 1697 2710 exigit
1727 2635 1797 2691 ab
1839 2634 1960 2708 ipso
1999 2634 2156 2690 Vade
2195 2634 2297 2709 qui
2325 2633 2511 2693 vicem
2541 2636 2667 2711 ejus

262 2713 419 2774 subit
448 2736 463 2774 :
486 2733 623 2772 sane
652 2714 726 2773 ab
755 2713 1084 2772 hominibus
1101 2713 1242 2790 ipsis
1270 2712 1668 2790 peccatoribus
1695 2712 1840 2769 nihil
1857 2712 1971 2770 nisi
1991 2711 2166 2769 fidem
2183 2721 2242 2770 et
2269 2714 2666 2788 poenitentiam

260 2795 529 2871 exegisse
560 2793 749 2852 Deum
776 2792 930 2851 ultro
957 2792 1221 2864 fatemur,
1250 2793 1386 2868 quia
1414 2790 1559 2848 nihil
1586 2791 1661 2849 ab
1689 2791 1760 2848 iis
1788 2791 2074 2868 proficisci
2101 2791 2290 2867 potuit
2317 2792 2474 2866 quod
2492 2793 2666 2868 justi-

260 2873 357 2932 tiae
386 2874 599 2931 divinae
622 2891 867 2931 examen
894 2871 1177 2930 sustinere
1204 2877 1377 2946 atque
1404 2870 1588 2946 ipsius
1614 2869 1759 2927 iram
1788 2870 2015 2944 placare
2043 2877 2254 2944 posset,
2289 2870 2391 2928 sed
2417 2871 2528 2929 hoc
2549 2891 2668 2930 non

260 2953 531 3011 obstabat
558 2961 753 3010 tamen
780 2950 1086 3026 quominus
1114 2969 1190 3008 ex
1216 2957 1379 3026 parte
1402 2949 1695 3025 sponsoris
1717 2949 1964 3025 alicujus
1992 2947 2440 3006 satisfactionem
2468 2958 2665 3029 postu-

260 3033 427 3105 laret,
460 3030 745 3108 siquidem
774 3049 879 3088 nec
909 3030 1125 3088 veritas
1152 3048 1259 3086 nec
1289 3027 1565 3086 sanctitas
1608 3026 1733 3104 ejus
1762 3029 1884 3104 pati
1923 3035 2190 3106 poterant
2215 3027 2466 3088 inultum
2509 3030 2668 3090 abire

262 3120 563 3190 peccatum
587 3131 602 3186 3
649 3110 779 3167 Imo
820 3129 953 3168 cum
999 3107 1145 3166 fides
1190 3107 1513 3166 necessario
1561 3107 2014 3167 satisfactionem
2059 3109 2336 3185 praeviam
2381 3119 2668 3188 supponat

264 3211 435 3269 quam
466 3200 531 3251 ut
558 3189 851 3268 proprium
874 3196 931 3248 et
953 3187 1200 3264 speciale
1229 3187 1519 3264 objectum
1540 3187 1932 3264 apprehendat
1959 3196 2018 3247 et
2043 3209 2148 3266 per
2173 3189 2431 3249 intimam
2467 3187 2666 3252 ἰδιωτεί-

262 3298 365 3336 ηστν
393 3271 504 3330 sibi
532 3270 800 3349 applicet,
832 3269 882 3329 si
908 3267 1055 3327 fides
1080 3267 1406 3345 requiritur,
1439 3288 1507 3326 eo
1534 3267 1663 3345 ipso
1707 3269 1881 3327 etiam
1911 3269 2320 3329 satisfactionis
2352 3275 2669 3333 necessitas

263 3353 705 3412 demonstratur.
790 3355 825 3409 2
858 3395 871 3408 .
905 3349 1108 3407 Pecca.
1123 3351 1284 3422 fals:
1312 3349 1478 3424 hypo,
1508 3348 1677 3426 quasi
1703 3348 1848 3408 fides
1877 3357 1936 3408 et
1962 3349 2300 3427 poenitentia
2339 3352 2454 3412 sint
2482 3375 2668 3414 causae

262 3435 644 3492 antecedentes
688 3440 743 3492 et
766 3429 1071 3491 mereor-ine
1112 3437 1346 3506 propter
1392 3448 1537 3505 quas
1564 3429 1827 3489 remissio
1854 3431 2023 3490 nobis
2067 3450 2102 3489 a
2132 3431 2258 3491 Deo
2300 3435 2666 3510 concedatur,

265 3533 399 3571 cum
430 3513 545 3572 sint
573 3520 799 3571 tantum
826 3510 1013 3568 media
1040 3509 1429 3586 consequentia
1457 3508 1669 3585 quibus
1697 3509 2093 3570 remissionem
2119 3512 2330 3572 factam
2372 3514 2540 3573 nobis
2568 3535 2668 3593 ap-

264 3592 555 3668 plicamus
584 3599 643 3650 et
672 3591 747 3650 de
774 3609 843 3649 ea
870 3589 1141 3648 certiores
1170 3588 1479 3664 reddimur,
1510 3590 1608 3649 vel
1637 3591 1841 3650 saltem
1870 3592 2208 3651 conditiones
2248 3593 2461 3670 quaein
2496 3594 2669 3671 justi-

260 3671 434 3730 ficato
462 3671 832 3748 requiruntur
856 3677 922 3728 ut
948 3669 1225 3729 beneficio
1254 3670 1369 3728 isto
1406 3668 1660 3746 fruatur;
1691 3671 2062 3731 remittuntur
2102 3692 2242 3750 ergo
2283 3680 2520 3750 peccata
2547 3694 2668 3732 cre-

266 3749 537 3810 dentibus
566 3759 625 3810 et
670 3749 1099 3828 poenitentibus,
1152 3749 1257 3809 sed
1295 3769 1413 3808 non
1461 3758 1694 3827 propter
1740 3751 1914 3810 fidem
1959 3759 2060 3811 aut
2105 3753 2519 3830 poenitentiam,
2567 3753 2672 3812 sed

264 3839 499 3908 propter
553 3830 939 3890 obedientiam
994 3837 1053 3889 et
1105 3839 1349 3891 mortem
1406 3829 1638 3901 Christi,
1701 3833 1736 3864 “
1757 3831 2038 3892 habemus
2099 3832 2551 3910 redemptionem
2607 3834 2670 3892 in

265 3910 548 3988 sanguine
577 3913 720 3988 ejus,
752 3911 863 3970 hoe
891 3917 981 3969 est
996 3911 1391 3969 remissionem
1413 3913 1840 3988 peecatorum,''
1863 3912 2012 3989 Eph.
2043 3912 2079 3970 i.
2111 3916 2144 3968 ⁷
2172 3935 2186 3988 3
2219 3921 2278 3971 et
2297 3912 2442 3972 ratio
2465 3912 2526 3974 id
2543 3932 2672 3991 per-

265 3990 488 4050 suadet.
573 3992 627 4050 N
630 4011 724 4050 am
750 3999 969 4050 certum
1012 3998 1101 4050 est
1128 4011 1315 4068 neque
1357 3989 1531 4051 fidem
1577 4011 1766 4070 neque
1793 3991 2190 4070 poenitentiam
2238 3999 2298 4052 et
2324 3992 2462 4052 vitae
2506 3992 2672 4051 novi-

264 4079 444 4130 tatem
471 4071 534 4129 in
560 4071 729 4130 nobis
757 4071 885 4129 dari
920 4069 1035 4130 nisi
1061 4090 1236 4148 quam
1279 4069 1529 4148 Spiritus
1560 4071 1807 4130 Sanctus
1835 4072 2006 4130 nobis
2049 4071 2190 4148 ipsis
2218 4072 2280 4129 vi
2330 4091 2435 4131 sua
2483 4072 2670 4132 effica-

264 4150 497 4210 cissima
525 4160 585 4211 et
624 4150 975 4210 vorticordia
1000 4151 1291 4226 indiderit,
1324 4159 1383 4208 at
1429 4150 1706 4227 Spiritum
1733 4151 1950 4210 nemini
1979 4151 2236 4211 conferre
2276 4160 2469 4229 potest
2510 4152 2674 4214 Deus

263 4230 378 4290 nisi
431 4232 557 4309 jam
611 4239 853 4310 pacatus
934 4239 993 4290 et
1045 4232 1330 4309 propitius
1382 4231 1553 4289 nobis
1606 4230 1831 4306 factus3
1891 4239 2130 4308 pacatus
2185 4239 2378 4290 autem
2433 4239 2492 4291 et
2541 4253 2672 4311 pro-

261 4310 441 4391 pitius
468 4311 586 4371 dici
612 4310 815 4390 nequit
840 4311 957 4370 nisi
983 4311 1121 4389 quia
1146 4318 1509 4388 peccatorum
1540 4330 1575 4367 a
1601 4310 1772 4368 nobis
1799 4309 2080 4370 adversus
2107 4312 2468 4388 majestatem
2511 4333 2675 4373 suam

262 4391 644 4451 admissorum
675 4393 921 4470 gratiam
968 4410 1192 4450 summa
1234 4409 1339 4448 sua
1366 4388 1672 4448 clementia
1717 4388 1906 4449 facere
1948 4409 2066 4450 non
2110 4390 2496 4469 dedignatur:
2542 4413 2676 4453 cum

263 4490 403 4548 ergo
432 4471 577 4531 fides
606 4481 665 4532 et
684 4469 1025 4549 poenitentia
1053 4469 1171 4528 sint
1198 4469 1403 4528 effecta
1429 4488 1559 4546 quae
1588 4469 1854 4528 oriuntur
1873 4478 1932 4530 et
1957 4471 2212 4548 pendent
2233 4473 2306 4531 ab
2335 4472 2447 4532 ista
2475 4493 2673 4534 recon-

261 4549 570 4626 ciliatione,
603 4552 866 4629 ejusdem
894 4569 1084 4610 causae
1112 4547 1519 4609 antecedentes
1547 4569 1676 4608 esse
1703 4559 2000 4628 nequeunt
2027 4552 2138 4610 nisi
2167 4553 2413 4612 velimus
2454 4554 2676 4634 aliquid

262 4629 454 4709 seipso
482 4650 609 4692 esse
638 4631 799 4709 prius
826 4639 885 4691 et
930 4630 1233 4708 posterius.
1318 4627 1474 4704 Quid
1514 4629 1674 4707 quod
1701 4651 1832 4690 cum
1879 4641 2245 4710 peccatorum
2293 4634 2556 4695 remissio
2601 4636 2677 4697 sit
