3234 5192
284 357 515 398 Dispu'r.
562 336 677 418 1x.]
1153 357 1230 394 ιιι-ι
1274 356 1465 396 Parim
1510 357 1777 396 cluus'ro.
2590 342 2701 398 367

288 501 482 559 rantia
498 498 722 576 qratiae,
754 507 813 556 et
840 497 1123 556 donorum
1148 497 1260 556 Dei
1280 497 1652 576 perpetuitaS,
1677 506 1736 558 et
1763 498 2014 558 Christi
1993 519 2172 575 tpszus
2186 499 2512 574 praesentia,
2530 502 2706 576 juxta

291 600 461 658 quam
494 599 555 638 se
584 579 889 655 pollicetur
930 577 1050 636 fore
1079 577 1379 637 nobiscum
1422 598 1605 654 usque
1635 578 1710 636 ad
1752 579 2306 638 consummationem
2355 580 2699 655 seculorum,

300 661 513 719 Matth.
544 659 753 716 xxviii.
784 661 881 717 29.
950 658 1116 716 Licet
1142 677 1281 717 vero
1309 659 1562 736 patiatur
1589 658 1901 735 aliquando
1929 657 2006 716 ad
2047 659 2442 734 castigandam
2462 660 2703 736 ingrati-

296 740 573 814 tudinem,
604 746 663 798 et
690 737 1069 797 exercendam
1100 758 1334 797 suorum
1374 738 1565 814 fidem,
1597 759 1778 816 aquas
1821 738 1962 798 istas
1990 739 2270 798 salutares
2313 739 2572 798 subtrahi
2613 747 2704 799 ut·

302 839 527 897 cunque
557 818 630 877 ad
650 827 896 896 tempus,
927 827 993 877 ut
1019 817 1079 875 in
1108 817 1370 892 desert03
1414 839 1712 896 nunquam
1739 828 1932 878 tamen
1959 818 2220 878 absolute
2263 819 2438 878 illas
2421 820 2563 896 ipsis
2605 820 2703 880 de-

300 908 492 977 negat,
526 899 627 958 sed
656 899 785 958 vult
811 907 878 958 ut
904 897 1171 975 precibus
1198 899 1412 958 nostris
1450 919 1581 957 eum
1624 899 1806 958 veluti
1835 899 2208 976 percutiendo
2255 899 2392 958 fidei
2419 907 2478 958 et
2519 901 2703 978 poeni-

303 981 499 1042 tentioe
524 979 716 1038 studio
746 999 843 1037 eas
873 977 1187 1038 eliciamus.

386 1059 638 1118 XXVI.
683 1058 1012 1118 Caeterum’
996 1079 1056 1116 m
1084 1059 1195 1117 bac
1213 1059 1519 1117 collatione
1548 1059 1856 1136 multiplex
1885 1059 2194 1118 discrimen
2216 1059 2390 1119 etiam
2412 1061 2708 1120 observari

306 1148 515 1220 potest.
549 1140 721 1198 Petra
739 1139 925 1198 Mosis
954 1138 1105 1198 fuit·
1091 1138 1343 1198 inanima
1370 1147 1429 1198 et
1453 1137 1684 1211 ἄλογος·
1720 1139 1836 1198 Sed
1865 1139 2128 1198 Christus
2157 1148 2246 1200 est
2273 1147 2436 1216 petra
2463 1141 2618 1215 viva,
2650 1151 2708 1200 et

310 1221 545 1279 vivifica
574 1239 640 1278 ac
668 1218 983 1278 rationalis.
1069 1219 1183 1277 Illa
1230 1219 1290 1276 iu
1334 1219 1462 1278 sinu
1502 1239 1606 1278 suo
1637 1239 1816 1295 aquas
1845 1239 1960 1278 non
2011 1220 2252 1279 habuit:
2300 1220 2415 1279 Sed
2447 1221 2709 1280 Christus

312 1309 402 1360 est
428 1299 557 1357 fons
583 1299 739 1371 vitae,
772 1319 847 1357 ex
894 1298 1061 1376 cujus
1102 1299 1459 1376 plenitudine
1500 1300 1798 1358 haurimus
1826 1319 2024 1358 omnes
2063 1299 2305 1376 gratiam
2355 1319 2459 1376 pro
2485 1302 2707 1393 gratia,

315 1378 793 1440 Johi.16.111a
822 1378 971 1436 sitim
1004 1398 1333 1456 corpoream
1366 1379 1564 1439 sedare
1594 1381 1784 1456 potuit
1827 1378 1902 1436 ad
1930 1387 2155 1456 tempus
2197 1379 2300 1438 sed
2335 1399 2454 1437 non
2481 1379 2542 1437 in
2583 1400 2710 1462 per-

315 1469 593 1537 petuum:
641 1457 755 1516 Sed
784 1457 1047 1517 Christus
1074 1459 1155 1518 ita
1181 1481 1288 1518 nos
1316 1467 1477 1538 potat
1503 1479 1656 1538 aqua
1683 1458 1920 1518 salutari
1949 1479 2068 1534 sua,
2100 1467 2166 1518 ut
2191 1460 2291 1537 qui
2319 1459 2499 1518 semel
2525 1479 2601 1518 ex
2643 1481 2712 1520 eo

318 1539 483 1613 bibit,
514 1558 633 1596 non
661 1537 821 1597 sitiat
869 1539 1132 1616 ampIIuS,
1186 1540 1289 1599 sed
1331 1541 1475 1598 fiat
1460 1561 1521 1598 m
1550 1560 1620 1598 eo
1669 1540 1796 1598 sons
1847 1539 2104 1598 saliens
2089 1560 2149 1597 m
2194 1540 2372 1598 vitam
2417 1547 2707 1618 aeternam,

318 1621 363 1680 J
366 1621 461 1678 oh
491 1619 571 1677 iv.
605 1621 697 1678 14.
743 1619 855 1676 Illa
884 1619 1047 1697 sequi
1074 1640 1190 1678 non
1217 1621 1407 1698 potuit
1450 1619 1778 1696 Israelita&
1827 1619 1944 1679 Sed
1973 1619 2236 1678 Christus
2275 1628 2552 1697 perpetuo
2581 1621 2715 1681 illos

322 1699 641 1775 comitatur,
667 1707 732 1759 ut
758 1699 966 1759 author
992 1709 1051 1760 et
1079 1709 1503 1760 consummator
1522 1701 1676 1776 fidei,
1709 1699 1810 1777 qui
1837 1719 1936 1758 eos
1962 1699 2292 1777 redemptos
2333 1720 2406 1759 ex
2449 1699 2716 1778 AEgypto

322 1779 622 1858 spirituali,
654 1788 713 1839 et
738 1801 842 1857 per
868 1800 1025 1838 mare
1053 1781 1289 1838 rubrum
1318 1780 1617 1858 sang-uinis
1647 1781 1738 1840 sui
1784 1779 2096 1856 traduot08‚
2143 1779 2408 1858 lampade
2449 1782 2614 1840 verbi
2655 1781 2716 1840 in

320 1861 546 1919 deserto
595 1859 795 1918 mundi
843 1859 1093 1936 deducit,
1138 1881 1349 1919 manna
1376 1862 1595 1920 coelesti
1639 1861 1836 1936 nutrit,
1868 1860 2034 1938 aquis
2062 1860 2409 1920 salutaribus
2456 1869 2619 1938 potat
2659 1873 2719 1922 et

321 1940 521 2015 reficit,
579 1940 759 1998 donec
816 1939 891 1999 ad
939 1939 1263 1999 Canaanem
1312 1941 1605 2002 coelestem
1651 1940 2009 2019 perveniant,
2052 1940 2154 2000 ubi
2201 1941 2358 2018 “qui
2406 1949 2495 2000 est
2549 1961 2722 2020 super

326 2021 595 2079 thronum
624 2019 990 2079 obumbrabit
1019 2021 1167 2097 illos,
1198 2041 1315 2080 non
1356 2022 1627 2096 esurient,
1671 2041 1778 2080 nec
1816 2021 2012 2080 sitient
2039 2021 2303 2098 amplius»,
2333 2041 2440 2080 nec
2493 2021 2595 2081 Sol
2623 2043 2716 2082 oc-

326 2100 480 2159 cidet
522 2119 778 2175 unquam
838 2119 1011 2178 supra
1054 2121 1169 2175 eos,
1212 2101 1349 2178 quia
1392 2101 1622 2178 Agnus,
1671 2101 1772 2178 qui
1815 2110 1905 2161 est
1941 2101 2000 2159 in
2045 2101 2236 2159 medio
2283 2102 2476 2160 throni
2523 2113 2724 2179 pascet

328 2200 445 2254 e03,
471 2187 529 2237 et
556 2179 863 2254 deducetss'
900 2200 1014 2239 non
1038 2179 1113 2237 ad
1158 2181 1332 2256 rivos,
1374 2181 1477 2240 sed
1521 2184 1557 2215 “
1576 2181 1651 2240 ad
1680 2181 1848 2240 vivos
1877 2189 1934 2240 et
1961 2201 2274 2258 perrennes
2309 2180 2498 2240 fontes
2542 2203 2720 2259 aqua-

328 2280 519 2414 {ul-m,
520 2269 578 2316 et
606 2259 897 2337 absterget
926 2280 1152 2319 omnem
1179 2226 1535 2339 lachrymam
1576 2262 1652 2321 ab
1695 2262 1878 2321 oculis
1919 2261 2210 2339 ipsorum,’
2214 2261 2443 2340 ’.Apoc
2473 2263 2574 2321 vii.
2623 2267 2715 2342 16,

462 2341 657 2400 Γένοιτο.
