3234 5192
286 393 514 436 msrur.
547 371 758 454 xvim]
923 387 1000 432 ns
1029 387 1508 430 ssusucrioms
1533 369 1779 434 cantari,
1802 389 2121 432 vsnirsrs.
2582 373 2696 436 661

282 534 408 594 sine
435 532 632 610 aliqua
657 529 1064 604 satisfactione,
1095 547 1232 588 nam
1257 545 1366 590 nec
1387 546 1635 605 persona
1660 526 1892 588 liberari
1907 529 2098 606 potuit
2124 529 2249 592 siue
2276 530 2529 594 victimas
2557 533 2695 595 sub·

283 615 599 691 rogatione,
631 631 741 670 nec
769 611 930 670 Deus
971 608 1188 686 placari
1217 609 1340 668 sine
1389 607 1691 684 sanguinis
1718 607 1963 682 fusione,
1992 629 2099 669 nec
2125 617 2427 686 peccatum
2452 613 2691 690 purgari

283 694 408 754 sine
435 712 622 771 poenae
647 691 882 750 latione.
947 689 1116 748 Unde
1145 688 1474 766 colligimus
1501 689 1564 746 in
1607 687 1909 748 sacrificiis
1932 697 1991 750 et
2020 691 2489 767 subrogationem
2517 702 2577 752 et
2598 712 2688 754 sa-

281 773 668 832 tisfactionem
696 769 952 848 typicam
979 767 1186 828 saltem
1213 777 1272 828 et
1297 766 1743 841 caeritnonialem
1770 768 1961 829 locum
1980 767 2269 830 habuisse.

363 852 546 912 vlu.
591 852 782 926 Quum
814 849 884 910 E.
918 849 1183 909 Christus
1227 846 1368 925 ipsis
1415 846 1734 906 fatentibus
1757 847 2107 908 adversariis
2132 850 2247 910 tale
2276 849 2551 910 obtulerit
2580 849 2685 908 Sa-

279 933 558 994 crificium
603 930 1004 1008 expiatorium,
1051 927 1254 1005 negari
1295 945 1416 986 non
1461 935 1669 1004 potest,
1718 946 1849 986 eum
1894 937 2137 988 eatenus
2178 930 2525 988 satisfecisse
2552 929 2687 994 loco

279 1023 478 1072 nostro
507 1011 902 1072 substitutum.
987 1009 1066 1068 Et
1109 1027 1248 1066 sane
1275 1006 1432 1084 quod
1460 1007 1598 1066 olim
1633 1007 1891 1068 victimis
1912 1007 2289 1085 tribuebatur,
2320 1009 2383 1068 id
2408 1009 2597 1087 ipsum
2626 1019 2687 1072 et

281 1093 528 1168 Christe,
559 1091 660 1152 sed
687 1091 866 1167 longe
891 1087 1290 1148 excellentiori
1315 1088 1538 1146 ratione
1581 1086 1757 1149 tribui
1798 1107 1917 1146 non
1944 1089 2120 1149 semel
2151 1088 2683 1152 animadvertimus.

281 1172 348 1230 Is
373 1173 610 1230 victima
637 1179 727 1230 est
753 1168 1008 1230 coelestis
1033 1171 1240 1242 ἄκομος
1267 1175 1328 1226 et
1367 1169 1593 1230 ἄκακος
1622 1161 1753 1242 quin
1780 1186 1817 1226 a
1842 1167 1965 1226 Deo
1986 1166 2115 1228 loco
2143 1179 2341 1228 nostro
2368 1169 2683 1230 substituta

278 1270 386 1328 pro
401 1251 570 1310 nobis
587 1249 778 1310 offerri
796 1248 1012 1322 debuit,
1030 1248 1198 1306 Rom.
1217 1247 1338 1304 viii.
1369 1249 1466 1320 32,
1483 1247 1633 1323 Eph.
1664 1265 1721 1304 v·
1742 1251 1797 1321 2,
1816 1246 1969 1306 Heb.
1992 1248 2091 1306 vii.
2116 1248 2195 1306 ix.
2220 1259 2281 1308 et
2296 1269 2375 1324 x.,
2400 1259 2459 1308 et
2478 1268 2683 1307 revera

278 1330 494 1390 tradita
517 1337 624 1392 est.
669 1329 818 1388 Nam
847 1328 950 1404 qui
974 1327 1256 1386 humanas
1283 1325 1659 1386 aversabatur
1684 1325 1951 1386 victimas
1982 1327 2143 1388 Deus
2157 1328 2373 1404 quique
2400 1328 2683 1404 sanguine

275 1418 574 1470 taurorum
601 1417 660 1468 et
685 1408 976 1468 hircorum
1003 1406 1116 1466 sibi
1143 1405 1376 1464 minime
1405 1405 1673 1466 satisfieri
1698 1415 1943 1466 testatus
1964 1415 2055 1466 est
2080 1427 2249 1484 saepe,
2282 1408 2343 1466 in
2371 1407 2495 1466 sola
2522 1419 2682 1468 eua-

278 1493 582 1570 δμποθνσίο
605 1487 914 1566 acquievit,
945 1494 1004 1546 et
1033 1485 1143 1546 sibi
1171 1485 1282 1562 ipsi
1309 1485 1382 1545 de
1409 1485 1651 1546 victima
1674 1486 2049 1564 prospexitin
2076 1487 2493 1563 holocaustum,
2518 1488 2683 1550 itaut

277 1569 578 1647 impletum
599 1569 696 1629 hic
718 1567 919 1626 videas
946 1567 1106 1644 quod
1133 1565 1270 1624 olim
1298 1565 1362 1622 in
1387 1565 1669 1626 sacrificio
1693 1565 2018 1624 Abrahami
2042 1565 2443 1629 adumbratum
2474 1567 2679 1638 fuerat,

277 1649 427 1710 Gen.
457 1650 644 1724 xxii.;
693 1645 1178 1725 quemadmodum
1223 1644 1376 1704 enim
1417 1645 1655 1704 lsaacus
1702 1645 1977 1706 liberatur
2017 1655 2077 1706 et
2128 1666 2301 1724 poena
2340 1647 2401 1704 in
2440 1647 2679 1708 arietem

273 1729 632 1804 transfertur,
677 1728 772 1787 Ita
820 1726 1100 1800 Ecclesia,
1157 1725 1324 1803 cujus
1371 1725 1470 1786 ille
1515 1725 1765 1802 figuram
1808 1726 2091 1802 gestabat,
2122 1747 2161 1786 a
2182 1721 2365 1786 morte
2388 1727 2679 1803 eximitur,

275 1807 416 1871 dum
441 1810 556 1870 ista
581 1809 642 1867 in
669 1809 824 1868 hunc
853 1807 1095 1884 Agrium
1145 1805 1258 1864 Dei
1285 1806 1514 1867 coelitus
1540 1805 1783 1865 missum
1820 1805 2169 1866 devolvitur.
2214 1807 2439 1866 Rursus
2468 1807 2517 1865 si
2547 1827 2677 1867 san-

273 1891 408 1966 guis
427 1910 532 1966 pro
549 1889 744 1950 ani-ma
761 1887 898 1964 poni
916 1886 1132 1960 debuit,
1163 1903 1354 1944 nonne
1377 1886 1720 1962 sanguinem
1744 1905 1851 1963 pro
1868 1886 2069 1947 multis
2084 1885 2289 1950 effudit
2306 1889 2336 1946 Ρ
2364 1886 2507 1946 Luc.
2530 1888 2677 1946 xxii.

274 1973 371 2028 20.
403 1970 534 2028 1ωο
553 1981 614 2028 et
637 1968 889 2026 animam
912 1967 1092 2042 ipsam
1155 1965 1378 2024 osuisse
1398 1964 1610 2024 dicitur
1630 1964 1691 2022 in
1714 1964 2056 2025 sacrificium
2074 1986 2178 2042 pro
2196 1965 2427 2041 delicto,
2444 1966 2558 2026 Isa.
2570 1966 2676 2026 liii.

278 2050 372 2107 10.
449 2048 512 2107 Si
542 2055 778 2126 peccata
823 2045 1092 2121 imponen
1135 2063 1172 2100 a
1212 2042 1446 2101 fuerunt
1491 2043 1761 2118 victimas,
1808 2043 2085 2102 devoluta
2129 2044 2379 2121 legimus
2420 2065 2525 2120 per
2566 2045 2680 2106 Dei

271 2127 711 2203 imputationem
739 2125 800 2182 in
825 2145 958 2182 eum
987 2131 1224 2199 peccata
1251 2121 1446 2179 omnia
1491 2131 1707 2194 nostra,
1738 2121 1855 2180 Isa.
1883 2122 1987 2180 liii.
2018 2126 2073 2194 5,
2106 2125 2161 2195 6,
2193 2131 2433 2185 eatenus
2458 2132 2523 2182 ut
2550 2123 2676 2199 ipse

271 2214 572 2283 peccatum
601 2213 662 2264 et
701 2204 910 2282 meig-
955 2201 1142 2260 sactus
1190 2199 1432 2275 dicatur,
1477 2204 1514 2260 2
1545 2199 1678 2259 Cor.
1722 2219 1782 2258 v.
1831 2203 1929 2260 21.
2016 2200 2081 2260 Si
2129 2202 2371 2263 mactari
2396 2211 2455 2260 et
2482 2201 2679 2262 offerri

271 2284 476 2344 debuit
501 2284 740 2344 victima
767 2302 940 2360 super
981 2281 1166 2356 altari,
1197 2299 1387 2338 nonne
1425 2289 1484 2339 et
1511 2279 1635 2357 ipse
1676 2299 1779 2356 pro
1806 2280 1977 2340 nobis
2002 2279 2128 2346 iou·
2156 2290 2215 2340 et
2241 2291 2482 2358 peccata
2504 2301 2679 2360 super

271 2364 496 2442 lignum
525 2365 703 2424 tulit?
747 2366 775 2420 1
813 2362 937 2422 Pet.
967 2360 1027 2420 ii.
1059 2364 1154 2436 24,
1206 2363 1234 2418 1
1268 2359 1399 2420 Cor.
1428 2379 1486 2418 v.
1518 2363 1573 2418 7.
1622 2359 1685 2418 Si
1714 2360 1954 2437 sanguis
1999 2359 2327 2420 fundendus
2374 2370 2435 2420 et
2480 2381 2673 2438 asper-

271 2443 498 2521 gendus
526 2444 636 2504 fuit
662 2463 852 2504 coram
885 2440 1136 2502 Domino
1159 2439 1372 2518 septies
1392 2459 1597 2500 versus
1613 2440 1829 2516 velum,
1852 2460 2043 2505 nonne
2065 2441 2161 2505 hic
2188 2449 2277 2503 est
2298 2441 2535 2519 sanguis
2564 2448 2674 2522 ffu-

269 2531 466 2600 ‹sep-3,
495 2524 649 2584 Heb.
677 2524 781 2582 xii.
805 2523 902 2598 24,
933 2521 1034 2600 qui
1062 2520 1278 2580 effusus
1307 2539 1500 2580 coram
1531 2521 1677 2596 Dec,
1708 2521 1790 2585 aa
1815 2521 2067 2599 perfecte
2094 2521 2485 2599 expiationem
2513 2542 2675 2600 pere-

268 2605 358 2682 git
385 2615 451 2665 ut
478 2604 620 2664 nihil
649 2602 898 2681 amplius
937 2601 1312 2675 desideretur,
1354 2619 1631 2662 numerus
1673 2601 1825 2668 enim
1856 2602 2213 2679 septenarius
2240 2621 2317 2662 ex
2342 2621 2455 2663 usu
2484 2602 2678 2680 Scrip-

268 2693 414 2744 turae
434 2683 841 2762 perfectionem
882 2682 1116 2742 innuit?
1175 2679 1442 2756 Denique
1485 2681 1536 2740 si
1563 2680 1822 2757 expiatio
1848 2690 1907 2741 et
1932 2681 2181 2757 placatio
2208 2681 2559 2741 oblationem
2589 2702 2685 2742 se*

269 2765 556 2841 quebatur
581 2764 690 2824 rite
718 2771 1026 2840 peractam,
1051 2759 1334 2837 numquid
1361 2759 1630 2824 Christus
1653 2759 1825 2835 plene
1850 2768 1912 2818 et
1937 2759 2191 2835 perfeeto
2215 2770 2453 2836 peccata
2479 2770 2681 2823 nostra

269 2844 548 2920 expiavit,
579 2861 854 2919 personas
891 2840 1164 2900 liberavit
1191 2847 1250 2898 et
1277 2837 1536 2912 redemit,
1561 2846 1623 2896 et
1651 2837 1841 2899 Deum
1868 2838 2083 2898 iratum
2104 2839 2278 2898 nobis
2302 2847 2361 2898 et
2388 2838 2675 2904 infensum

267 2923 604 3000 propitiavit
622 2923 652 2980 Ρ
695 2921 852 2978 Loca
879 2928 1014 2978 sunt
1040 2916 1434 2976 manifestiora
1451 2935 1630 2992 quam
1652 2925 1719 2975 ut
1746 2916 2061 2992 sophistica
2101 2917 2222 2977 ulla
2246 2918 2471 2993 possint
2498 2918 2673 2994 eludi,

269 3001 412 3078 quid
437 3001 592 3060 enim
619 2999 781 3058 aliud
807 2998 922 3058 sibi
950 2997 1156 3056 volunt
1205 2995 1526 3072 Scriptores
1567 2995 1733 3054 Sacri
1758 3014 1887 3054 cum
1920 2995 2213 3057 Christum
2240 3015 2349 3056 nos
2374 2998 2673 3058 reconcili-

269 3099 400 3139 asse
447 3080 574 3138 Deo
619 3087 678 3138 et
713 3097 918 3154 pacem
963 3095 1066 3154 per
1109 3073 1450 3151 sanguinem
1495 3073 1703 3135 fecisse
1728 3084 2011 3150 asserunt,
2045 3076 2214 3137 Rom.
2243 3075 2326 3134 iii.
2354 3079 2450 3150 24,
2482 3096 2541 3135 v.
2574 3080 2669 3154 10,

269 3159 420 3236 Eph.
448 3159 508 3218 ii.
537 3161 628 3234 16,
661 3157 785 3216 Col.
815 3157 853 3214 i.
904 3159 1000 3231 20,
1052 3158 1147 3230 21,
1190 3161 1430 3231 peccata
1456 3154 1651 3214 omnia
1676 3163 1878 3217 nostra
1901 3155 2170 3233 expiasse
2194 3164 2260 3215 et
2278 3175 2575 3233 purgasse,
2606 3165 2677 3218 ut

271 3238 426 3298 Heb.
455 3239 494 3298 i.
525 3243 580 3313 3,
611 3245 670 3296 et
698 3238 779 3296 ix.
807 3239 900 3308 14,
935 3238 1028 3310 15,
1063 3238 1093 3294 1
1125 3234 1266 3296 Joh.
1297 3233 1336 3292 i.
1367 3237 1423 3310 7,
1449 3234 1639 3310 Apoc.
1667 3233 1706 3295 i.
1736 3237 1793 3309 5,
1824 3233 1953 3310 &c.,
1984 3255 2260 3313 personas
2286 3245 2513 3298 nostras
2540 3257 2669 3315 pre·

265 3317 418 3378 tioso
445 3318 726 3396 sanguine
753 3335 860 3376 suo
887 3314 1217 3390 redemisse,
1249 3313 1398 3390 Eph.
1428 3313 1467 3371 i.
1499 3318 1556 3390 7,
1588 3316 1619 3371 1
1654 3313 1781 3374 Pet.
1810 3314 1849 3374 i:
1882 3317 1978 3390 19,
2008 3315 2163 3377 Heb.
2192 3316 2429 3377 ix.15?

349 3398 470 3458 IX.
502 3397 656 3473 Quid
683 3415 824 3456 vero
850 3396 946 3454 hic
974 3393 1338 3453 adversarii?
1379 3393 1530 3469 Quia
1571 3413 1635 3454 se
1682 3393 1796 3454 hoc
1820 3405 2163 3472 argumento
2190 3397 2514 3474 constringi
2538 3417 2667 3457 sen·

265 3478 435 3556 tiunt,
467 3478 612 3536 nihil
639 3497 755 3535 non
783 3475 1100 3534 moliuntur
1127 3484 1192 3534 ut
1220 3474 1338 3534 vim
1387 3475 1518 3552 ejus
1554 3473 1941 3551 qualicunque
1969 3476 2191 3535 ratione
2218 3477 2465 3551 elevent,
2495 3478 2669 3536 miro-

266 3577 380 3635 que
409 3557 648 3618 artifieio
689 3555 1048 3616 totam'hanc
1091 3553 1164 3614 de
1212 3553 1511 3614 sacrificiis
1537 3554 1672 3614 vet.
1723 3554 1881 3620 Test.
1930 3555 2251 3617 doctrinam
2280 3556 2589 3616 obscurant
2609 3564 2669 3616 et

266 3646 657 3715 corrumpunt.
719 3635 1062 3712 Priusquam
1084 3653 1224 3692 vero
1251 3633 1550 3712 sigillatim
1578 3633 1757 3694 falsas
1793 3653 1991 3694 eorum
2019 3635 2373 3712 hypotheses
2400 3655 2667 3696 eversum

263 3717 434 3788 ἰηιιιε,
466 3715 816 3776 confutanda
833 3723 924 3773 est
951 3713 1238 3791 generalis
1265 3714 1532 3790 exceptio
1557 3733 1693 3791 quse
1718 3713 1963 3774 subinde
2004 3714 2067 3777 in
2094 3733 2291 3784 eorum
2322 3714 2551 3792 scriptis
2570 3735 2667 3775 oc·

264 3796 444 3855 currit
463 3795 616 3854 eirca
651 3804 913 3856 naturam
959 3793 1294 3870 expiationis
1322 3813 1357 3851 a
1385 3793 1616 3852 Christo
1664 3791 1847 3869 feletas,
1899 3793 1973 3852 de
2000 3813 2117 3870 qua
2150 3794 2393 3871 jamjam
2420 3795 2663 3871 egimus.

265 3875 550 3936 Fateatur
593 3875 830 3953 quidem
862 3874 1154 3934 Christum
1187 3872 1453 3950 expiasse
1481 3880 1720 3949 peccata
1754 3882 1970 3948 noan-a,
2014 3881 2075 3932 et
2100 3873 2491 3950 expiationem
2517 3875 2667 3934 hanc

261 3955 472 4014 factam
517 3975 646 4014 esse
687 3974 792 4032 per
837 3953 1188 4016 oblationem
1237 3951 1491 4012 Christi:
1538 3955 1572 3985 “
1591 3952 1847 4030 Expiata
1884 3971 2015 4013 esse
2060 3961 2299 4030 peccata
2340 3963 2539 4012 nostra
2564 3974 2668 4030 per

263 4034 481 4096 Christi
507 4044 750 4097 mortem
777 4054 852 4094 ex
881 4043 1042 4112 parte
1071 4032 1184 4092 Dei
1225 4051 1334 4092 nos
1373 4032 1485 4108 ipsi
1514 4031 1849 4107 sentimus,”
1880 4031 2011 4092 Soc.
2038 4053 2096 4109 p.
2121 4037 2177 4092 2.
2207 4053 2258 4095 c.
2286 4036 2377 4109 14,
2410 4041 2469 4094 et
2504 4033 2665 4108 ibid.,

264 4114 540 4174 “Christi
565 4114 776 4190 mors,'’
807 4114 1012 4190 inquit,
1061 4114 1097 4146 “
1118 4120 1178 4170 et
1203 4130 1240 4169 a
1273 4110 1721 4187 praecedentium
1760 4111 2019 4172 omnium
2047 4112 2389 4172 delictorum
2416 4121 2477 4172 et
2502 4133 2539 4171 a
2576 4113 2665 4172 fu·

258 4203 518 4254 tutorum
545 4202 710 4252 reatu
737 4193 950 4252 liberos
977 4211 1085 4251 nos
1111 4190 1382 4266 reddidit,
1411 4210 1633 4267 nosque
1660 4191 1721 4248 in
1747 4199 2087 4268 perpetuum
2116 4191 2453 4267 sanctificat,
2485 4201 2543 4251 et
2568 4211 2665 4251 co·

257 4293 380 4332 ram
415 4273 542 4332 Deo
569 4272 949 4350 inculpabiles
992 4271 1054 4330 in
1098 4270 1508 4347 sempiternum
1536 4269 1763 4330 efficit.”
1816 4270 1933 4330 Sed
1954 4291 2087 4330 cum
2112 4270 2189 4329 ad
2235 4271 2469 4330 modum
2497 4272 2667 4332 istius

257 4353 604 4431 expiationis
633 4351 1042 4430 explicandum
1062 4359 1300 4410 ventum
1329 4359 1434 4424 est,
1465 4350 1616 4408 nihil·
1640 4350 1799 4408 aliud
1826 4351 2033 4410 volunt
2058 4369 2203 4426 esse,
2234 4371 2405 4428 quam
2434 4351 2663 4428 plenam

257 4455 296 4494 a
318 4441 556 4511 peccato
583 4441 643 4492 et
669 4433 892 4510 peccati
919 4449 1090 4509 poena
1115 4429 1533 4488 liberationem.
1608 4429 1762 4490 Soci.
1786 4449 1907 4507 par.
1936 4435 1993 4490 2.
2036 4450 2088 4488 c.
2123 4434 2214 4507 13,
2258 4434 2294 4465 ‘⁴
2318 4431 2477 4489 Nihil
2506 4431 2667 4490 aliud

257 4524 346 4574 est
373 4515 565 4592 reipsa
591 4521 958 4590 peccatorum
1002 4519 1330 4570 nostrorum
1372 4509 1628 4587 expiatio
1677 4530 1849 4588 quam
1878 4531 1913 4568 a
1948 4518 2133 4570 morte
2161 4511 2381 4588 peccati
2406 4511 2579 4588 plena
2606 4519 2667 4570 et

254 4603 534 4672 perpetua
559 4593 881 4652 liberatio.”
927 4590 1354 4650 Liberationem
1375 4609 1546 4667 porro
1573 4590 1673 4649 isti
1700 4590 1981 4650 sacrificio
2008 4609 2127 4650 non
2153 4592 2391 4666 effective
2412 4600 2471 4650 et
2496 4591 2663 4650 meri·

258 4674 400 4732 toric
429 4673 620 4750 tribui,
651 4673 822 4752 quasi
848 4671 909 4732 in
936 4691 1005 4731 eo
1033 4668 1208 4752 λΰτςου
1243 4669 1482 4748 aliquod.
1524 4669 1739 4733 divino
1773 4671 2020 4748 justitia
2047 4671 2123 4732 sit
2149 4670 2409 4734 oblatum
2434 4671 2511 4732 ad
2537 4672 2665 4749 ejus
