3234 5192
496 338 612 395 246
1083 353 1160 391 ΒΕ
1189 350 1534 391 SCRIPTURAE
1564 350 1771 391 SACRAE
1816 349 2267 392 AUTHORITATE.
2544 330 2806 411 [DlsPU‘l'.
2838 350 2906 391 11.

499 513 620 571 qua
666 494 938 569 degebat.
1023 492 1112 551 At
1158 492 1312 551 nulli
1353 492 1701 566 particulari
1741 490 2023 549 Ecclesiae
2053 490 2437 565 privilegium
2464 490 2908 553 infallibilitatis

495 572 678 631 tribui
723 590 890 647 posse
939 578 1272 645 agnoscunt
1313 570 1427 645 ipsi
1477 569 1808 639 Pontificii3
1855 568 1937 629 Et
1964 570 2091 625 haec
2132 569 2263 645 ipsa
2306 568 2571 629 Ecclesia
2606 569 2909 646 Ephesina

486 650 850 727 jampridem
878 650 1112 722 erravit,
1141 650 1265 706 imo
1292 649 1517 707 interiit
1542 668 1618 707 ex
1649 648 1866 709 Christi
1893 647 2077 723 ipsius
2105 647 2605 719 interminatione,
2629 649 2822 725 Apoc.
2842 652 2903 709 ii.

495 732 552 789 4.
643 730 878 799 Quium,
924 728 1063 785 licet
1110 730 1225 786 hoe
1271 727 1594 785 referretur
1636 729 1714 785 ad
1766 726 2092 785 Ecclesiam
2126 724 2516 801 catholicam,
2545 745 2668 785 non
2711 730 2903 804 magis

495 810 724 867 faveret
773 806 1182 878 Adversariis;
1229 806 1386 865 Tum
1434 806 1578 881 quia
1625 812 1857 863 constat
1901 806 2017 862 hoc
2044 803 2507 879 intelligendum
2535 808 2611 864 de
2639 805 2903 867 Ecclesia

498 886 812 945 collectiva
860 904 966 943 sen
1017 886 1288 943 fidelium
1336 884 1813 959 congregatione,
1855 883 1953 941 cui
1993 901 2242 959 praeessc
2270 885 2480 941 debuit
2516 884 2901 957 Timotheus;

497 983 618 1023 non
648 967 722 1022 (10
739 964 1227 1040 repraesentativa
1248 961 1733 1039 Praepositorum‚
1764 963 1861 1021 cui
1897 964 2013 1019 hoc
2030 961 2413 1037 privilegium
2438 963 2749 1039 proprium
2778 984 2900 1023 esse

494 1045 727 1102 volunt.
767 1042 922 1101 Tum
951 1042 1223 1117 quiahoc
1240 1042 1604 1116 elogium,ut
1623 1042 1910 1118 pleraque
1932 1040 2070 1112 alia,
2092 1040 2440 1099 attribuitur
2457 1041 2755 1114 Ecclesiae,
2778 1062 2899 1103 non

497 1122 831 1197 promiscue
860 1120 1090 1179 ratione
1116 1120 1386 1179 fidelium
1413 1126 1474 1178 et
1499 1120 1964 1195 hypocritarum,
1993 1118 2177 1194 quiin
2194 1127 2450 1186 ‚externa
2474 1120 2607 1197 ejus
2634 1139 2901 1180 eommu-

496 1200 674 1257 nione
716 1206 1066 1271 versantur3
1110 1218 1231 1275 quo
1270 1218 1447 1257 sensu
1492 1197 1789 1257 Pontificii
1839 1198 2170 1257 Ecclesiam
2198 1197 2547 1273 intelligunt
2572 1206 2897 1273 externam,

493 1298 569 1337 ex
595 1278 768 1336 bonis
796 1284 857 1336 et
871 1278 1048 1336 malis
1073 1277 1295 1353 pariter
1321 1278 1639 1336 conflatam
1662 1300 1676 1347 ;
1707 1278 1807 1335 sed
1832 1284 2071 1335 tantum
2085 1276 2317 1334 ratione
2344 1278 2600 1352 piorum,
2630 1278 2737 1353 qui
2762 1297 2900 1353 pro-

491 1358 622 1435 prie
649 1357 977 1415 Ecclesiam
1004 1356 1394 1426 constituunt,
1424 1362 1485 1413 et
1511 1355 1731 1431 quibus
1760 1357 1899 1415 solis
1924 1354 2237 1431 proprium
2264 1362 2388 1426 est;
2436 1356 2615 1414 Unde
2643 1356 2896 1417 Hieron.

493 1437 556 1493 in
604 1435 647 1493 J
651 1436 745 1493 ob.
797 1454 925 1512 cap.
969 1436 1151 1507 xxvi„
1198 1442 1232 1469 “
1255 1434 1578 1505 Ecclesia,''
1625 1434 1839 1511 inquit,
1885 1441 1920 1470 “
1944 1452 2078 1509 quae
2108 1440 2197 1490 est
2244 1432 2599 1493 Sanctorum
2629 1436 2895 1494 omnium

489 1515 892 1589 congregatiO,
921 1533 1030 1589 pro
1059 1520 1284 1571 aeterna
1310 1531 1421 1571 sua
1445 1513 1509 1569 in
1540 1511 1803 1571 Domino
1831 1512 2152 1571 stabilitate
2173 1513 2455 1571 columna
2475 1520 2534 1571 et
2560 1515 2897 1573 firmamen-

491 1598 622 1649 tum
651 1592 914 1649 veritatis
941 1591 1214 1648 dicitur.’'
1301 1592 1390 1649 At
1435 1591 1623 1666 impii,
1652 1593 1756 1667 qui
1796 1600 1936 1649 sunt
1976 1594 2280 1671 ἀσνηὶςικτος,
2323 1610 2432 1650 1100
2460 1592 2771 1649 veritatem
2798 1594 2896 1651 fir-

488 1671 663 1729 miter
679 1676 885 1727 amant
900 1677 960 1727 et
979 1670 1254 1739 retinent,
1277 1688 1398 1727 non
1419 1669 1721 1745 pertinent
1747 1672 1824 1727 ad
1846 1672 2003 1729 hanc
2032 1671 2409 1740 Columnam,
2431 1676 2501 1728 ut
2527 1686 2635 1728 nee
2660 1671 2739 1727 ad
2767 1669 2895 1729 Do-

487 1767 657 1807 mum
710 1748 842 1817 Dei,
872 1749 1046 1823 cujus
1089 1748 1185 1805 hic
1231 1748 1298 1805 fit
1325 1748 1568 1819 menti0,
1598 1754 1807 1825 utpote
1847 1750 1910 1807 in
1939 1749 2156 1825 quibus
2182 1768 2292 1807 nec
2318 1748 2483 1807 Deus
2508 1747 2755 1821 habitat,
2784 1768 2895 1809 nec

485 1826 704 1883 veritas
735 1828 937 1883 sedem
965 1828 1144 1885 fixam
1171 1828 1368 1883 habet.

569 1904 902 1962 XXVIII.
949 1904 1136 1975 Sexte,
1182 1903 1488 1979 Quicquid
1515 1904 1614 1961 hic
1644 1905 1941 1963 tribuatur
1972 1906 2255 1967 Ecclesiae
2284 1906 2538 1981 pertinet
2564 1907 2643 1963 ad
2668 1925 2894 1967 munus

484 1983 577 2040 illi
606 1984 1054 2053 demandatum,
1083 2002 1191 2041 nec
1219 1990 1340 2041 tam
1373 1984 1721 2056 attenditur,
1751 1984 1897 2060 quid
1927 1982 2197 2043 Ecclesia
2224 2002 2457 2060 semper
2482 1984 2677 2058 faciat,
2706 2004 2889 2061 quam

484 2061 630 2137 quid
659 2061 852 2119 facere
879 2068 1155 2119 teneatur
1183 2063 1260 2121 ad
1285 2064 1754 2120 conservandam
1775 2068 1837 2119 et
1852 2065 2355 2139 propugnandam
2382 2064 2711 2135 veritatem,
2740 2084 2889 2139 quo-

485 2141 667 2198 modo
696 2142 860 2215 apud
889 2140 1039 2199 Mal.
1086 2159 1213 2217 cap.
1257 2141 1318 2198 ii.
1361 2140 1419 2212 7,
1461 2139 1657 2199 Labia
1687 2140 2019 2201 Sacerdotis
2066 2142 2351 2202 dicuntur
2398 2144 2688 2201 custodire
2714 2144 2890 2201 scien-

481 2219 640 2291 tiam,
670 2219 816 2295 quia
843 2219 906 2275 id
933 2218 1126 2278 facere
1155 2225 1394 2279 tenetur
1415 2238 1488 2277 ex
1518 2220 1727 2291 officio,
1757 2220 1897 2277 licet
1921 2238 2045 2277 non
2072 2240 2304 2298 semper
2342 2228 2585 2297 praestet
2614 2224 2687 2281 de
2713 2222 2889 2295 facte,

480 2304 552 2356 ut
599 2297 860 2355 ostendit
906 2317 1027 2355 ver.
1067 2298 1122 2355 8.
1208 2297 1374 2356 Nam
1423 2298 1691 2355 Ecclesia
1740 2298 2063 2374 Ephesius,
2105 2302 2181 2359 de
2223 2318 2345 2375 qua
2386 2301 2768 2375 peculiariter
2793 2302 2889 2360 hic

481 2377 606 2451 agit
636 2376 989 2451 ApostoluS,
1019 2379 1096 2434 ab
1123 2396 1194 2435 eo
1223 2376 1565 2449 declinavit,
1596 2384 1667 2434 ut
1698 2377 1830 2452 jam
1858 2377 2120 2451 dietum;
2153 2378 2369 2454 Itaque
2398 2379 2729 2455 subjectum
2757 2398 2893 2455 pro·-

477 2454 789 2531 positionis
835 2474 960 2512 non
1005 2456 1130 2513 sine
1159 2456 1365 2531 aliqua
1391 2455 1750 2513 limitatione
1798 2455 2210 2531 accipiendum
2237 2463 2343 2527 est,
2370 2458 2658 2515 nimirum
2684 2464 2756 2515 ut
2780 2458 2887 2517 illa

480 2532 747 2591 Ecclesia
773 2540 1010 2591 tantum
1050 2536 1286 2592 dicatur
1312 2534 1593 2591 columna
1619 2541 1681 2592 et
1696 2534 2138 2593 firmamentum
2164 2535 2447 2608 veritatis,
2476 2543 2775 2612 quatenus
2800 2546 2890 2595 est

479 2610 714 2669 Domus
763 2611 876 2669 Dei
925 2612 1066 2685 vivi,
1116 2619 1177 2670 et
1219 2612 1280 2668 in
1331 2630 1402 2669 ea
1437 2612 1671 2671 habitat
1716 2630 1822 2688 per
1860 2610 2135 2671 Verbum
2164 2621 2225 2673 et
2253 2613 2562 2689 Spiritum,
2592 2622 2887 2691 quatenus

473 2690 788 2748 veritatem
803 2692 1024 2749 excolit
1044 2698 1104 2750 et
1126 2709 1307 2767 supra
1323 2709 1384 2748 se
1400 2692 1656 2762 extollit,
1686 2698 1984 2767 quatenus
2010 2695 2226 2751 retinet
2250 2691 2712 2751 fundamentum
2740 2693 2889 2753 Pro·-

475 2770 795 2845 phetarum
807 2776 866 2827 et
877 2771 1328 2847 Apostolorum,
1343 2770 1440 2827 cui
1461 2770 1789 2845 superstrui
1800 2771 1993 2843 debet,
2019 2770 2246 2847 Eph.ii.
2260 2771 2355 2829 20.
2375 2771 2553 2831 Alias
2562 2772 2611 2831 si
2627 2773 2703 2829 ab
2714 2792 2784 2830 eo
2796 2790 2887 2831 re-

475 2848 646 2919 cedit,
667 2854 736 2906 ut
755 2848 989 2907 Coetum
1011 2856 1323 2907 externum
1341 2850 1416 2905 ab
1427 2868 1497 2907 eo
1506 2867 1945 2924 nonnunquam
1953 2852 2226 2909 recedere
2236 2857 2483 2922 certum,
2496 2870 2617 2909 non
2628 2852 2886 2927 amplius

472 2928 754 2985 columna
764 2934 824 2985 et
839 2928 1276 2987 firmamentum
1295 2928 1577 2999 veritatiS,
1591 2928 1692 2985 sed
1711 2928 1910 3002 potius
1920 2930 2202 2986 columna
2220 2929 2531 3002 mendacii,
2545 2936 2606 2989 et
2616 2932 2781 2989 sedes
2797 2950 2887 2989 er-

473 3004 623 3063 roris
645 3006 847 3065 vocari
882 3007 1082 3079 debet;
1119 3008 1216 3067 Sic
1243 3006 1402 3063 enim
1429 3008 1626 3083 perdit
1647 3006 1903 3064 officium
1932 3025 2269 3083 nomenque
2296 3026 2493 3081 suum,
2516 3028 2627 3067 nec
2653 3010 2886 3086 proprie

474 3084 734 3158 amplius
779 3084 1060 3156 Ecclesia,
1105 3087 1206 3143 sed
1237 3086 1507 3161 ὅμονὺμυς,
1551 3086 1675 3143 11110
1708 3082 2037 3163 ψιυὸυῦμως,
2065 3086 2115 3144 si
2140 3088 2275 3144 1000
2316 3085 2591 3161 Mysterii
2634 3088 2885 3164 pietatis,

471 3164 736 3242 pave-niem
761 3164 964 3237 ἀνομίας
985 3182 1107 3237 prae
1131 3182 1190 3220 se
1207 3164 1338 3235 fert,
1351 3173 1410 3223 et
1420 3166 1480 3222 in
1494 3166 1614 3222 alia
1632 3166 1834 3223 omnia
1850 3173 1964 3237 eat,
1984 3183 2167 3241 quam
2188 3183 2309 3241 quo
2327 3166 2546 3225 veritas
2556 3167 2884 3241 aurigatur.

475 3240 682 3313 Atque
701 3240 842 3297 hine
864 3241 1052 3297 solide
1071 3242 1570 3314 demonstramuS,
1588 3242 1927 3301 Romanam
1951 3244 2281 3303 Ecclesiam
2308 3244 2508 3303 minus
2524 3245 2751 3303 caeteris
2772 3248 2887 3304 hoc

473 3316 740 3391 elogium
761 3317 870 3375 sibi
887 3318 1189 3375 vindicare
1209 3338 1398 3393 posse,
1422 3327 1631 3396 utpote
1652 3340 1787 3396 quae
1812 3340 1933 3381 non
1955 3322 2213 3398 amplius
2234 3321 2468 3381 Domus
2483 3322 2598 3381 Dei
2614 3322 2884 3383 1111710011-

473 3394 584 3453 seri
602 3395 804 3471 possit,
825 3398 924 3453 sed
955 3396 1241 3455 sacellum
1263 3398 1632 3470 Antichristi,
1644 3418 1753 3457 nec
1761 3399 1978 3459 veritas
1996 3420 2151 3475 pura
2165 3408 2227 3458 et
2242 3402 2594 3460 intemerata
2614 3400 2738 3459 illic
2754 3421 2882 3461 am-

469 3472 632 3549 plius
658 3473 958 3545 audiatur,
989 3475 1094 3531 sed
1121 3476 1565 3549 putidissimum
1592 3478 1967 3537 mendacium
1993 3486 2055 3537 et
2078 3479 2379 3539 innumeri
2406 3498 2630 3539 errores
2650 3482 2883 3557 pericu-

466 3552 763 3625 losissimi,
787 3572 906 3628 quo
929 3552 1169 3610 nomine
1181 3554 1544 3633 jampridem
1562 3566 1751 3615 mater
1760 3556 2061 3616 haeresium
2070 3565 2130 3615 et
2143 3557 2348 3617 Schola
2364 3560 2583 3618 erroris
2604 3561 2681 3619 ab
2690 3562 2883 3618 alum-

467 3632 560 3689 nis
587 3632 725 3703 suis,
764 3638 834 3689 ut
865 3630 1200 3704 Petrarcha,
1229 3632 1585 3706 Mantuano,
1626 3641 1685 3693 et
1711 3636 1845 3696 aliis
1865 3636 2076 3694 merito
2104 3636 2264 3695 dicta
2288 3644 2394 3697 est.
2479 3636 2615 3696 Imo
2642 3645 2881 3697 tantum

469 3712 655 3782 abest,
676 3718 748 3768 ut
769 3708 1066 3768 Pontificii
1085 3713 1407 3789 quicquam
1435 3714 1692 3789 praesidii
1718 3714 1781 3771 in
1810 3715 1921 3773 isto
1948 3716 2081 3773 loco
2108 3715 2435 3789 inveniant,
2465 3724 2537 3775 ut
2563 3725 2770 3775 contra
2788 3718 2879 3775 in-

467 3796 632 3847 vecte
653 3791 938 3847 adversus
958 3788 1132 3864 ipsos,
1156 3792 1516 3868 exipsorum
1543 3792 1861 3869 hypothesi
1888 3799 2394 3869 argumentemur.
2464 3794 2528 3853 N
2532 3815 2625 3855 am
2645 3814 2717 3853 eo
2734 3796 2879 3871 ipso,

466 3887 589 3943 quo
609 3869 802 3925 verbis
821 3867 950 3926 istis
969 3876 1227 3928 utuntur
1245 3873 1322 3927 ad
1341 3872 1715 3947 probandam
1734 3872 2014 3931 Ecclesiae
2042 3873 2487 3945 authoritatem,
2512 3875 2653 3933 satis
2682 3881 2879 3933 osten-

462 3949 634 4019 dunt,
654 3946 826 4006 nobis
847 3948 1252 4007 authenticam
1273 3968 1398 4008 esse
1419 3952 1633 4009 debere
1653 3950 2025 4027 Scripturam
2044 3958 2183 4009 ante
2206 3970 2441 4010 omnem
2463 3952 2743 4014 Ecclesiae
2766 3960 2884 4013 tes-

463 4026 848 4084 tificationem
859 4049 875 4099 ;
899 4026 1048 4083 alias
1072 4028 1394 4103 nugatoria
1409 4028 1519 4087 erit
1539 4031 1804 4107 ipsorum
1822 4030 2280 4105 argumentatiO,
2298 4031 2429 4089 etin
2452 4032 2743 4090 circulum
2752 4033 2877 4091 abi-

462 4105 567 4174 bit,
599 4122 672 4161 ex
701 4122 824 4181 quo
852 4107 915 4161 in
943 4112 1234 4164 aeternum
1261 4126 1322 4165 se
1351 4109 1637 4167 extricare
1664 4127 1787 4166 non
1815 4114 2116 4184 poterunt.

543 4184 791 4241 XXIX.
835 4184 1044 4260 Atque
1072 4202 1148 4241 ex
1174 4186 1267 4245 his
1295 4185 1434 4245 satis
1467 4187 1596 4262 jam
1624 4188 1835 4263 liquet,
1866 4186 1978 4244 nisi
2016 4187 2217 4259 fallor,
2248 4189 2644 4251 Adversarios
2670 4208 2875 4265 perpe-

461 4280 589 4319 ram
633 4280 923 4337 magnum
950 4282 1143 4321 causae
1173 4284 1294 4324 suae
1323 4266 1666 4341 praesidium
1704 4266 1768 4323 in
1812 4266 1927 4323 1100
1957 4266 2238 4341 Apostoli
2268 4269 2532 4329 Oraculo
2561 4268 2871 4329 collocare.

461 4338 578 4397 Sed
609 4341 749 4415 quia
775 4343 1046 4399 nondum
1075 4350 1304 4404 constat
1332 4346 1406 4401 de
1433 4345 1699 4421 genuino
1728 4346 1858 4421 ejus
1886 4363 2083 4417 sensu,
2116 4346 2450 4407 Videamus
2491 4348 2697 4424 paucis
2724 4349 2871 4425 quid

463 4416 576 4473 sibi
602 4419 860 4476 voluerit
904 4418 1152 4494 Paulus,
1181 4430 1242 4481 et
1296 4443 1416 4501 quo
1463 4424 1765 4500 praecipue
1810 4423 2093 4481 alluserit.
2181 4426 2271 4485 Ut
2299 4434 2501 4484 autem
2528 4429 2787 4503 figurata
2812 4434 2874 4487 et

461 4495 866 4569 metaphorica
892 4498 1196 4558 locutione
1222 4503 1321 4560 hic
1347 4502 1555 4575 utitur,
1585 4503 1672 4560 ita
1698 4502 2017 4560 indubium
2043 4511 2147 4575 est,
2178 4524 2319 4563 eum
2346 4506 2425 4563 ad
2453 4508 2869 4565 columnarum

461 4590 638 4628 usum
668 4572 931 4648 aliquem
953 4579 1299 4651 respexisse.
1389 4580 1551 4649 Quia
1572 4599 1714 4638 vero
1737 4580 2053 4656 multiplex
2076 4589 2268 4657 potest
2295 4603 2441 4656 esse,
2471 4587 2569 4643 vel
2597 4586 2872 4645 architec-

459 4650 696 4725 tonicas,
727 4653 801 4708 ad
841 4652 1070 4710 aedificii
1098 4659 1608 4729 sustentationem,
1658 4661 1753 4716 vel
1795 4658 2071 4719 Politia-us
2118 4664 2194 4719 ad
2227 4662 2782 4741 Promulgationem
2810 4672 2873 4725 et
