3234 5192
527 329 645 387 418
1080 349 1158 390 m:
1188 349 1662 392 summm-roms
1691 351 1926 393 cnms‘rr
1956 351 2372 394 messer-rara.
2539 329 2798 412 [msr’ur.
2828 353 2944 394 χιι.

527 513 644 564 ‘70¹’
686 508 859 566 quam
902 491 1125 552 obtinet
1163 493 1227 552 in
1267 501 1604 570 creaturam,
1663 493 1759 554 vel
1809 514 1912 572 per
1972 495 2072 572 jus
2128 493 2454 554 ordinatum
2509 501 2569 552 et
2623 494 2945 558 virtutibus

530 578 909 646 temperatum
933 593 947 648 ;
980 573 1031 631 si
1078 573 1239 650 prius
1284 575 1571 652 intelligat
1600 574 1814 633 frustra
1841 583 1948 648 est,
1978 595 2112 633 nam
2141 574 2228 633 uti
2255 575 2316 632 in
2345 583 2500 632 statu
2527 575 2943 634 controversiae

528 647 951 710 declaravimus
990 655 1233 730 quaestio
1262 663 1460 713 nostra
1497 674 1613 713 non
1659 654 1978 714 instituitur
2021 655 2093 714 de
2129 656 2261 732 jure
2297 655 2398 713 illo
2429 673 2653 714 summo
2681 664 2741 714 et
2767 655 2938 714 abso-

530 729 653 788 luto
683 731 839 807 quod
868 732 1210 792 immensum
1258 734 1492 812 quidem
1542 743 1600 794 et
1647 734 1935 794 infinitum
1979 735 2364 812 agnoscimuS‚
2406 734 2510 792 sed
2537 736 2710 812 quale
2755 756 2943 812 quan-

532 817 771 888 tumque
820 813 896 878 sit
944 813 1299 890 ignoramuS,
1331 835 1518 892 neque
1567 835 1637 873 eo
1675 815 1930 874 audaciae
1978 815 2404 892 prorumpimus
2433 824 2498 873 ut
2525 815 2762 874 definire
2793 816 2940 874 veli-

532 909 700 967 mus;
752 892 969 952 sivero
999 894 1071 952 de
1107 894 1411 970 posteriori
1439 895 1730 971 loquitur;
1791 895 2022 954 omnino
2071 915 2352 972 negamus
2404 895 2594 954 Deum
2630 896 2805 973 juxta
2839 896 2945 972 jus

532 969 679 1031 illud
708 981 983 1032 creaturae
1029 975 1321 1034 innocenti
1366 975 1681 1033 cruciatum
1719 975 2054 1034 infernalem
2093 975 2302 1034 inferre
2329 995 2518 1052 posse,
2549 976 2686 1052 quia
2711 975 2824 1034 hoc
2849 996 2943 1035 re·

534 1061 821 1128 pugnaret
848 1053 1148 1113 manifeste
1204 1054 1449 1113 bonitati
1478 1062 1536 1113 et
1572 1054 1818 1132 justitiae
1845 1075 2018 1133 quam
2045 1057 2108 1113 in
2133 1056 2314 1114 verbo
2342 1055 2628 1132 patefecit,
2680 1076 2812 1133 quae
2838 1056 2942 1114 bo·

534 1132 625 1190 nis
654 1132 819 1208 bene,
848 1134 1019 1192 malis
1047 1135 1175 1193 vult
1200 1154 1328 1193 esse
1356 1135 1523 1193 male.
1584 1135 1664 1194 Et
1689 1145 1754 1194 ut
1781 1146 2139 1212 peccatorem
2167 1155 2531 1212 nequaquam
2559 1135 2710 1194 velle
2740 1137 2946 1213 punire

536 1211 793 1289 implicat
836 1213 1277 1292 abnegationem
1318 1215 1600 1292 justitiae:
1646 1215 1726 1272 ita
1774 1217 2166 1276 immerentem
2203 1225 2649 1292 quantocunque
2687 1216 2946 1275 cruciatu

536 1312 750 1352 vexare
792 1294 1235 1372 abnegationem
1277 1295 1528 1372 aliquam
1574 1294 1809 1354 inferret
1851 1297 2171 1355 clementiae
2220 1304 2278 1354 et
2331 1296 2738 1354 misericordiae
2787 1296 2946 1374 quod

534 1382 843 1450 utrumque
886 1395 1049 1452 aeque
1088 1375 1391 1453 indignum
1420 1383 1479 1435 et
1514 1375 1888 1453 impossibile.
1953 1377 2194 1436 Interim
2223 1375 2633 1453 distinguenda
2659 1377 2833 1436 etiam
2855 1386 2945 1436 est

537 1455 824 1513 cruciatus
848 1456 1144 1531 immissiO,
1174 1477 1311 1514 nam
1347 1456 1447 1514 vel
1474 1455 1820 1533 sempiterna
1845 1465 2038 1532 potest
2063 1477 2191 1515 esse
2219 1457 2318 1514 vel
2346 1458 2690 1532 temporaria
2716 1465 2944 1516 tantum

536 1553 639 1611 per
682 1537 1061 1594 oeconomiam
1106 1537 1359 1614 aliquam
1386 1545 1445 1594 et
1489 1537 1768 1613 exiguum
1805 1537 2087 1614 spatium;
2121 1537 2210 1594 De
2238 1537 2416 1613 priori
2443 1556 2721 1613 negamus
2753 1537 2944 1596 Deum

536 1614 697 1672 illam
725 1635 1001 1692 usurpare
1046 1635 1232 1692 posse,
1271 1617 1344 1674 de
1371 1616 1676 1693 posteriori
1717 1615 1768 1673 si
1805 1617 2266 1690 concederemus,
2298 1617 2520 1674 nullum
2551 1625 2741 1675 tamen
2767 1637 2940 1693 prop·

537 1701 695 1752 terea
744 1713 933 1752 causae
960 1705 1172 1754 nostrae
1217 1695 1380 1754 fieret
1406 1695 1822 1774 praejudicium,
1853 1696 2038 1772 neque
2067 1697 2220 1755 enim
2251 1697 2301 1756 si
2327 1697 2488 1755 Deus
2503 1697 2692 1772 aliqua
2711 1697 2938 1772 gravis-

537 1773 684 1832 sima
711 1773 783 1832 de
812 1794 987 1833 causa
1012 1776 1303 1834 hominem
1331 1776 1490 1853 pium
1519 1784 1578 1834 et
1604 1785 1865 1834 sanctum
1895 1777 2152 1836 cruciatu
2179 1777 2374 1854 aliquo
2397 1776 2472 1834 ad
2491 1777 2765 1852 exiguum
2792 1784 2942 1834 tem-

538 1874 646 1930 pus
668 1874 937 1914 exercere
958 1855 1209 1915 voluerit
1230 1855 1307 1914 ad
1327 1855 1680 1933 probandam
1699 1855 1871 1914 fidem
1891 1866 1948 1914 et
1969 1857 2350 1916 constantiam
2380 1858 2524 1934 ejus,
2542 1865 2608 1915 ut
2631 1857 2822 1914 visum
2851 1866 2946 1916 est

536 1933 599 1991 in
627 1935 671 1994 J
674 1934 784 1993 obo
814 1942 873 1993 et
918 1934 1132 1994 sanctis
1179 1935 1548 2012 martyribus,
1597 1936 1868 1995 continuo
1911 1945 2178 2014 sequeter
2203 1957 2374 2015 posse
2395 1937 2569 1996 etiam
2597 1937 2942 2014 impunitum

537 2024 837 2090 peccatum
862 2015 1094 2074 omnino
1108 2015 1415 2090 dimittere,
1435 2035 1569 2073 nam
1580 2015 1826 2074 testibus
1842 2017 2272 2094 jurisconsultis
2284 2038 2414 2095 quae
2424 2017 2602 2076 breve
2615 2016 2688 2074 ad
2707 2016 2944 2094 aliquod

538 2105 766 2173 tempus
794 2095 940 2156 fiunt
968 2116 1071 2173 per
1098 2096 1585 2173 dispensationem
1612 2096 1865 2174 aliquam
1894 2117 1966 2156 ne
2011 2097 2135 2156 fieri
2164 2098 2398 2175 quidem
2439 2097 2727 2170 videntur,
2759 2117 2850 2155 ex.
2881 2117 2942 2174 g.

536 2178 750 2254 poterit
779 2197 1036 2236 summus
1064 2177 1437 2252 magistratus
1456 2178 1754 2254 egregium
1773 2178 1960 2237 civem
1977 2176 2054 2235 ad
2075 2179 2352 2255 exiguum
2373 2187 2602 2256 tempus
2621 2176 2946 2236 durissimis

536 2255 833 2316 laboribus
880 2277 1148 2316 exercere
1177 2257 1386 2316 idonea
1414 2257 1485 2315 de
1530 2277 1720 2332 causa,
1751 2277 1868 2316 non
1897 2266 2168 2328 sequetur
2193 2267 2388 2317 tamen
2415 2257 2549 2317 inde
2579 2256 2822 2316 eundem
2853 2277 2944 2316 sa-

537 2336 791 2412 pientem
820 2345 879 2394 ct
898 2341 1124 2413 justum
1151 2338 1551 2413 magistratum
1579 2337 1926 2395 nefariorum
1953 2338 2290 2416 praedonum
2319 2339 2538 2398 scelera
2563 2338 2944 2416 perditorum·

540 2435 651 2491 que
681 2415 894 2473 civium
916 2416 1341 2493 perduelliones
1369 2416 1660 2492 praeterire
1689 2417 1921 2476 omnino
1949 2417 2278 2495 impunitas.

620 2494 811 2553 XIX.
854 2497 936 2553 4⁰.
980 2493 1186 2572 Objic.,
1235 2495 1304 2554 Si
1329 2495 1489 2554 Deus
1522 2515 1640 2554 non
1679 2505 1871 2573 potest
1912 2507 2212 2575 peccatum
2249 2497 2594 2574 impunitum
2635 2496 2942 2572 dimittere,

540 2581 665 2634 tum
718 2594 955 2633 necesse
1008 2583 1099 2634 est
1152 2583 1218 2634 ut
1272 2576 1474 2653 puniat
1515 2578 1836 2636 necessitate
1864 2580 2135 2639 absoluta.
2221 2577 2390 2652 Quod
2418 2577 2535 2634 dici
2561 2596 2694 2636 cum
2721 2576 2944 2636 ratione

540 2675 655 2713 non
710 2663 918 2733 potest,
978 2655 1446 2733 quandoquidem
1498 2675 1617 2714 non
1674 2676 1898 2734 semper
1951 2659 2133 2736 punit,
2191 2677 2378 2735 neque
2419 2665 2700 2734 quantum
2754 2663 2948 2734 potest

539 2735 723 2813 punit.
810 2736 986 2814 Resp.
1048 2739 1101 2794 1.
1144 2737 1459 2796 Necessitas
1502 2739 1758 2796 absoluta
1785 2739 1883 2796 vel
1911 2748 1998 2797 est
2026 2740 2196 2798 bruta
2217 2747 2273 2797 et
2300 2757 2456 2796 mere
2483 2739 2764 2796 naturalis
2790 2746 2854 2795 ut
2881 2737 2945 2794 in

538 2817 848 2894 agentibus
876 2817 1249 2893 naturalibus,
1280 2818 1379 2876 vel
1405 2817 1702 2876 rationalis
1719 2827 1784 2877 ut
1812 2818 1873 2876 in
1887 2819 2086 2878 liberis
2108 2841 2122 2895 3
2147 2839 2275 2897 quae
2297 2818 2475 2895 priori
2500 2818 2673 2877 modo
2703 2836 2942 2894 operan-

540 2907 649 2974 tur,
672 2907 731 2958 et
749 2917 974 2977 semper
990 2907 1047 2958 et
1058 2906 1335 2976 quantum
1358 2906 1601 2976 possunt
1617 2907 1800 2976 agunt
1811 2908 1875 2958 ut
1896 2899 2050 2976 ignis
2061 2919 2190 2958 cum
2207 2899 2338 2973 urit,
2354 2897 2456 2956 sed
2475 2917 2604 2974 quse
2620 2897 2942 2974 posteriori,

538 2999 656 3038 non
684 2979 862 3039 item:
898 2980 1022 3057 jam
1074 2980 1234 3038 Deus
1264 2979 1430 3057 punit
1472 2990 1710 3057 peccata
1756 2981 2072 3038 necessitate
2111 2981 2365 3038 absoluta
2393 2998 2509 3037 non
2536 2979 2708 3037 bruta
2735 2987 2794 3038 et
2819 2977 2944 3035 aas·

539 3087 615 3136 w
665 3059 767 3119 sed
804 3061 1080 3119 rationali
1119 3069 1177 3119 et
1224 3060 1431 3134 ethica,
1460 3069 1527 3119 ut
1571 3079 1746 3137 supra
1782 3059 2019 3119 dictum.
2105 3060 2253 3118 Nam
2298 3059 2408 3116 etsi
2440 3057 2671 3135 justitia
2711 3066 2945 3117 natura-

539 3140 673 3198 liter
702 3141 827 3198 Deo
854 3141 1011 3215 insit,
1044 3141 1381 3199 exercitium
1432 3147 1627 3198 tamen
1670 3141 1797 3216 ejus
1825 3139 2039 3217 pendet
2066 3159 2101 3198 a
2141 3140 2457 3212 voluntate,
2491 3158 2566 3196 ex
2609 3158 2726 3216 qua
2753 3138 2948 3196 omnia

542 3226 826 3295 operatur,
874 3219 1022 3295 Eph.
1068 3219 1107 3277 i.
1143 3222 1233 3294 11,
1265 3227 1323 3278 et
1364 3239 1398 3276 a
1426 3239 1541 3296 qua
1568 3219 1782 3297 pendet
1808 3229 1866 3278 et
1893 3219 2124 3297 quando
2153 3227 2210 3278 et
2238 3227 2516 3296 quantum
2543 3220 2641 3278 vel
2668 3239 2822 3277 nunc
2848 3218 2948 3277 vel

542 3306 680 3356 tunc
709 3297 942 3374 puniat;
990 3299 1166 3356 Punit
1210 3319 1349 3374 ergo
1377 3299 1609 3374 quando
1648 3308 1706 3358 et
1747 3309 2043 3376 quantum,
2074 3320 2192 3358 non
2219 3307 2427 3376 potest,
2459 3299 2564 3358 scd
2589 3299 2736 3375 vult,
2765 3307 2832 3358 ut
2859 3307 2944 3357 ta-

542 3397 673 3435 men
715 3376 939 3453 punitio
982 3396 1207 3454 semper
1258 3377 1532 3436 fundetur
1584 3379 1647 3436 in
1681 3379 1926 3456 justitia,
1972 3389 2030 3438 et
2062 3380 2292 3456 justitia
2333 3380 2550 3438 nitatur
2575 3387 2783 3438 natura
2813 3378 2944 3437 Dei.

542 3461 599 3514 2.
628 3457 952 3515 Absolutum
997 3456 1208 3516 dicitur
1250 3457 1531 3531 bifariam,
1579 3458 1678 3516 vel
1721 3459 1878 3534 quod
1926 3469 2016 3518 est
2057 3460 2387 3519 absolutum
2424 3480 2461 3517 a
2487 3459 2730 3518 consilio
2758 3459 2942 3518 etde-

541 3545 697 3598 creto
741 3536 1075 3612 voluntatis,
1122 3537 1205 3596 sic
1253 3557 1533 3614 negamus
1584 3539 1772 3598 Deum
1819 3539 2080 3599 absolute
2117 3549 2354 3618 peccata
2382 3540 2601 3618 punire,
2631 3540 2770 3616 quia
2795 3559 2946 3598 nun-

540 3639 712 3696 quam
760 3618 871 3675 hoc
918 3625 1154 3696 praestat
1197 3617 1309 3676 nisi
1355 3616 1746 3688 intercedente
1775 3619 1902 3697 ejus
1943 3620 2200 3696 consili0,
2252 3621 2368 3679 Vel
2397 3620 2554 3697 quod
2579 3639 2696 3678 non
2725 3639 2760 3678 a
2786 3639 2947 3677 mero

543 3699 654 3758 Dei
709 3697 945 3757 arbitrio
1000 3698 1230 3774 pendet,
1282 3697 1386 3758 sed
1426 3699 1487 3756 in
1534 3706 1743 3758 natura
1769 3707 1828 3758 et
1873 3701 2122 3760 naturali
2161 3699 2512 3780 proprietate
2539 3699 2829 3776 fundatur,
2861 3700 2946 3758 sic

538 3799 742 3839 verum
772 3787 859 3838 est
890 3778 1079 3837 Deum
1108 3778 1372 3838 absolute
1402 3779 1625 3856 punire.

620 3859 775 3918 XX.
820 3857 1017 3936 Atque
1066 3860 1190 3917 haec
1246 3859 1355 3919 fuit
1402 3861 1597 3937 prima
1651 3868 2120 3938 argumentorum
2179 3861 2391 3922 Classis
2445 3861 2658 3938 quibus
2694 3861 2947 3937 potuisse

540 3943 727 4000 Deum
758 3939 1047 4001 remittere
1090 3947 1327 4017 peccata
1370 3941 1587 4018 absque
1616 3941 2006 4001 satisfactione
2035 3942 2278 4020 probare
2307 3942 2679 4001 contendunt.
2735 3942 2946 4000 Succe-

535 4022 623 4080 dit
639 4023 841 4095 altera,
864 4019 927 4078 in
947 4039 1061 4097 qua
1085 4020 1275 4079 Deum
1294 4021 1358 4080 id
1377 4021 1566 4098 ipsum
1593 4022 1826 4080 voluisse
1847 4023 2144 4082 contendit
2163 4022 2488 4096 haereticus,
2514 4025 2566 4080 1.
2587 4022 2724 4100 quia
2741 4021 2849 4080 sub
2867 4021 2944 4080 V.

536 4101 603 4160 Τ.
634 4101 781 4160 nihil
808 4099 967 4159 aliud
1017 4102 1178 4160 Deus
1224 4100 1297 4159 ab
1324 4101 1656 4160 hominibus
1683 4103 2083 4179 peccatoribus
2115 4102 2192 4160 ad
2217 4103 2449 4162 veniam
2479 4101 2946 4179 consequendam

534 4182 810 4260 exigebat
840 4200 1013 4257 quam
1041 4180 1215 4240 fidem
1238 4190 1294 4240 et
1321 4181 1738 4259 poenitentiam,
1775 4183 1947 4242 Deut.
1971 4203 2118 4241 xxx.
2173 4186 2224 4259 1,
2267 4186 2322 4257 2,
2361 4185 2416 4257 3,
2453 4183 2497 4242 J
2500 4203 2578 4241 er.
2619 4181 2699 4241 iii.
2727 4185 2819 4257 13,
2849 4183 2944 4255 14,

534 4271 593 4322 et
621 4262 785 4320 xviii.
820 4265 874 4335 7,
916 4263 971 4336 8,
1027 4262 1238 4321 Ezech.
1290 4262 1499 4320 xxxiii.
1535 4265 1626 4338 14,
1676 4271 1734 4320 et
1761 4262 1906 4322 adeo
1935 4283 2136 4324 verum
2165 4270 2271 4337 est,
2302 4262 2507 4340 inquit,
2543 4263 2733 4321 Deum
2758 4261 2938 4339 poeni·

534 4343 791 4402 tentibus
818 4349 1055 4418 peccata
1080 4361 1197 4400 non
1246 4342 1545 4420 imputare,
1577 4351 1642 4402 ut
1691 4342 1801 4402 etsi
1849 4344 2195 4404 sententiam
2236 4342 2360 4420 jam
2391 4344 2589 4402 tulerit
2617 4352 2816 4402 contra
2843 4341 2944 4400 de-

530 4422 861 4496 linquentes
889 4429 947 4480 et
996 4441 1095 4482 eos
1134 4421 1373 4498 perdere
1416 4423 1796 4498 constituerit,
1829 4423 1880 4481 si
1907 4431 2102 4482 tamen
2129 4422 2218 4481 illi
2246 4443 2480 4483 suorum
2510 4423 2790 4482 seclerum
2819 4442 2944 4500 poe·

532 4498 836 4558 nitentiam
863 4510 1055 4576 agant,
1088 4501 1278 4577 ipsum
1306 4522 1533 4580 quoque
1574 4505 1702 4579 jam
1745 4503 1880 4562 latae
1909 4503 2208 4562 sententiae
2253 4503 2663 4580 poeniteat3.ita
2709 4511 2776 4562 ut
2815 4521 2946 4561 eam

532 4585 766 4640 revocet
793 4585 852 4636 et
879 4580 1167 4638 rescindat
1195 4588 1253 4639 et
1294 4601 1394 4640 eos
1423 4583 1631 4642 iterum
1661 4583 1718 4640 in
1773 4583 2020 4659 gratiam
2068 4582 2323 4660 recipiat,
2356 4583 2514 4660 quod
2541 4591 2660 4644 tazm
2709 4601 2786 4642 ex
2812 4582 2956 4640 loco

532 4660 575 4721 J
579 4677 752 4718 erem.
782 4657 954 4716 modo
981 4659 1233 4736 laudate,
1265 4666 1387 4718 tum
1422 4664 1690 4741 exemplo
1714 4662 1946 4722 Achabi
1971 4670 2147 4739 patet,
2179 4666 2208 4721 1
2243 4661 2392 4739 Reg.
2423 4663 2690 4736 xxkyer.
2714 4663 2810 4738 21,
2843 4665 2946 4722 29.
