3234 5192
534 293 651 350 572
1101 304 1180 345 ns
1209 304 1691 348 smrsmcrroms
1719 303 1956 346 cunmrr
1984 305 2301 348 vam-urs.
2472 284 2769 368 [msru'r.
2808 306 3043 348 xvnr.

533 445 846 520 Christum,
873 445 1180 525 posteriori
1199 465 1339 506 vero
1367 455 1711 522 comparate.
1741 446 1835 506 Ita
1862 445 2095 505 collatio
2116 445 2330 523 optime
2356 445 2737 522 instituetur,
2768 467 3031 525 quem-

526 525 838 586 admodum
865 527 1117 587 victimae
1171 527 1298 585 istae
1325 526 1717 604 expiationem
1744 525 1992 604 legalem
2040 525 2351 584 efficienter
2376 534 2437 585 et
2478 527 2807 586 meritorie
2844 548 3023 604 prae-

528 607 776 683 stabant‚
807 626 926 666 non
945 615 1170 666 tantum
1197 607 1294 666 vel
1317 605 1723 665 antecedenter
1743 606 1841 664 vel
1862 604 2227 680 declarative,
2260 604 2343 664 ita
2368 613 2429 664 et
2450 605 2743 665 Christus
2770 627 3021 666 veram

525 693 586 746 et
606 687 818 747 realem
842 686 1122 764 sanguine
1145 706 1250 745 suo
1267 685 1538 745 absolvit.
1605 683 1723 745 Sed
1743 685 1818 744 de
1844 685 1936 744 his
1962 684 2023 744 in
2044 684 2436 762 sequentibus.
2482 685 2665 745 Nunc
2698 686 3015 746 Rationi-

526 765 639 826 bus
666 767 860 826 allatis
899 765 1369 826 satisfaciendum
1392 773 1497 824 est.

611 845 758 905 XV.
803 845 903 904 Ad
929 847 1172 922 primam
1203 845 1398 921 Resp.,
1433 843 1667 903 Peccari
1694 843 1815 902 fall.
1844 863 1881 902 a
1906 843 2061 902 dicto
2104 843 2421 902 secundum
2446 844 2610 921 quid,
2646 844 2825 903 Nam
2874 847 3003 906 etsi

527 927 777 1003 expiatio
815 925 888 983 de
919 925 1046 984 Deo
1072 924 1416 1002 praedicetur
1444 923 1546 1000 qui
1570 943 1691 981 non
1720 923 2015 999 satisfacit,
2052 943 2170 993 non
2200 924 2460 1001 sequitur
2486 933 2693 982 tamen
2722 926 2997 1002 pariter,
3181 939 3182 992 ι

527 1026 710 1083 quum
736 1005 990 1064 victimae
1018 1004 1340 1082 applicatur
1373 1003 1470 1062 vel
1498 1001 1801 1076 sacerdoti,
1830 1003 2049 1062 nullam
2066 1003 2275 1062 inferre
2304 1003 2797 1079 satisfactionem,
2836 1025 2993 1064 nam
3181 993 3182 1030 ¹

526 1106 632 1162 pro
660 1086 881 1145 ratione
911 1085 1300 1160 subjectorum
1350 1083 1562 1159 quibus
1598 1083 1873 1142 tribuitur
1918 1082 2307 1142 diversimode
2354 1091 2445 1141 est
2490 1083 2985 1161 interpretanda,

527 1164 703 1224 modo
731 1167 876 1240 Dee,
907 1163 1080 1224 modo
1107 1163 1401 1239 sacerdoti,
1433 1163 1604 1222 modo
1631 1163 1881 1236 vtetimoe,
1924 1162 2029 1221 sed
2056 1163 2170 1220 alia
2197 1171 2371 1238 atque
2400 1161 2515 1221 alia
2540 1162 2799 1222 ratione.
2902 1165 2987 1222 In

531 1246 660 1304 Deo
687 1254 778 1304 est
821 1245 1212 1323 expiationem
1255 1243 1564 1316 admittere,
1624 1242 1687 1299 in
1731 1243 1957 1301 m'ctima
1992 1244 2214 1317 facere,
2264 1243 2325 1300 in
2352 1243 2663 1302 Sacerdote
2720 1245 2977 1316 offerre.

536 1326 698 1384 Deus
727 1325 924 1402 expiat
950 1333 1248 1402 peccatum
1277 1331 1500 1382 reatum
1521 1321 1865 1380 dimittendo
1892 1321 2031 1398 quia
2057 1322 2319 1399 placatus
2346 1322 2440 1398 sit,
2472 1321 2749 1381 sacerdos
2778 1325 2977 1383 istam

530 1405 927 1464 remissionem
955 1425 1060 1483 per
1085 1403 1382 1463 victimam
1408 1399 1789 1480 procurando,
1840 1401 2079 1460 victima
2120 1419 2223 1478 per
2250 1401 2339 1460 sui
2384 1401 2881 1460 substitutionem
2910 1413 2977 1462 et

528 1504 716 1562 poenae
745 1484 1045 1543 luitionem
1071 1503 1200 1543 eam
1228 1481 1623 1559 impetrando;
1658 1482 1819 1540 Deus
1846 1480 2240 1540 authoritative
2282 1488 2342 1539 et
2354 1481 2731 1556 judicialiter,
2756 1503 2969 1542 sacer-

531 1564 638 1622 dos
667 1562 1102 1622 mim'sterialiter
1145 1570 1204 1621 et
1231 1562 1512 1638 orqanice‚
1556 1561 1796 1620 victima
1830 1562 2125 1632 efficaciter
2152 1569 2211 1620 et
2237 1561 2537 1620 meritorie.
2614 1560 2763 1618 Non
2793 1563 2969 1622 valet

529 1662 670 1718 ergo
699 1642 750 1700 si
779 1643 940 1700 Deus
969 1641 1166 1718 expiat
1192 1649 1493 1718 peccatum
1520 1660 1623 1716 per
1664 1640 2115 1700 misericordiam
2162 1639 2559 1716 condonando,
2608 1641 2679 1698 E.
2730 1641 2967 1718 pariter

530 1731 590 1781 et
618 1720 869 1795 victima,
901 1721 1019 1778 imo
1066 1740 1182 1778 non
1222 1727 1420 1796 posset
1441 1727 1679 1796 peccata
1703 1721 1937 1798 expiare
1981 1739 2084 1798 per
2132 1719 2569 1795 absolutionem,
2614 1720 2736 1778 nisi
2776 1731 2965 1780 antea

531 1799 766 1877 expiata
793 1808 986 1858 essent
1013 1799 1074 1857 in
1102 1799 1339 1857 victima
1365 1817 1469 1875 per
1517 1798 1985 1874 satisfactionem,
2030 1818 2147 1858 non
2194 1800 2260 1859 fit
2304 1800 2557 1876 expiatio
2606 1800 2726 1858 nisi
2770 1800 2961 1860 inter·

529 1879 720 1958 posita
745 1878 966 1956 pecude
995 1888 1055 1938 et
1081 1878 1362 1955 sanguine
1390 1877 1535 1952 fuso,
1567 1878 1693 1936 sine
1724 1879 2007 1956 sanguine
2034 1899 2151 1938 non
2177 1879 2245 1938 fit
2271 1880 2551 1938 remissio.
2656 1880 2797 1938 Non
2852 1901 2957 1958 op-

530 1959 800 2038 ponenda
827 1979 966 2036 ergo
996 1969 1130 2018 sunt
1158 1959 1283 2018 haec
1311 1958 1416 2018 sed
1459 1957 1873 2035 componenda,
1924 1959 2085 2018 Deus
2114 1970 2172 2018 et
2204 1958 2441 2036 sanguis
2464 1958 2679 2018 Christi
2708 1971 2961 2037 peecata

530 2039 785 2118 expiant,
818 2059 1022 2118 nempe
1053 2040 1214 2099 Deus
1239 2059 1344 2117 per
1391 2039 1735 2116 sanguinem
1785 2039 2019 2109 Christi,
2044 2040 2146 2115 qui
2188 2039 2249 2096 in
2297 2059 2359 2098 se
2388 2039 2798 2098 satisfaciendo
2832 2041 2956 2098 vim

531 2120 725 2195 habet,
756 2123 916 2180 Deus
953 2129 1018 2180 ut
1059 2141 1234 2180 causa
1277 2120 1514 2193 efficiens
1543 2118 1892 2196 principaliS,
1922 2119 2150 2194 sanquis
2180 2119 2393 2178 Christi
2439 2127 2505 2177 ιιι
2534 2139 2711 2178 causa
2730 2139 2953 2195 proca·

533 2201 769 2259 taretiea
791 2209 849 2258 et
877 2200 1183 2259 meritoria.
1232 2199 1510 2272 Quamvis
1530 2208 1723 2258 autem
1746 2199 1819 2258 de
1838 2198 2066 2257 Christo
2088 2207 2153 2257 ιιι
2180 2206 2269 2256 est
2277 2199 2439 2277 filius
2452 2199 2573 2257 Dei
2595 2207 2795 2276 posset
2814 2219 2959 2258 vere

536 2278 651 2336 dici
697 2297 828 2336 eum
873 2279 1108 2355 expiare
1153 2278 1562 2336 authoritative
1605 2286 1666 2336 et
1701 2277 2074 2355 judicialiter,
2125 2286 2411 2354 quatenus
2454 2279 2581 2356 ipse
2608 2298 2743 2336 cum
2774 2279 2955 2338 Patre

535 2364 880 2434 potestatem
900 2357 1076 2414 habet
1096 2356 1425 2414 remittendi
1447 2366 1698 2432 peccata,
1721 2365 1779 2414 et
1800 2377 1870 2414 ea
1889 2357 2079 2434 reipsa
2096 2357 2265 2416 nobis
2286 2358 2543 2434 remittit,
2575 2357 2727 2432 Quia
2752 2367 2955 2418 tamen

535 2435 633 2520 hic
661 2434 1056 2492 consideratur
1083 2453 1200 2491 non
1229 2443 1294 2493 ut
1323 2435 1500 2508 Deus,
1527 2434 1631 2492 sed
1652 2443 1717 2494 ut
1736 2436 2045 2511 Mediator,
2076 2457 2193 2497 non
2219 2446 2286 2498 ut
2306 2437 2509 2515 judex,
2536 2437 2641 2496 sed
2670 2447 2735 2496 ut
2758 2457 2953 2497 sacer-

537 2517 639 2574 dos
667 2523 721 2572 et
745 2514 983 2588 victima,
1015 2514 1107 2588 cuj
1117 2533 1183 2571 us
1204 2521 1395 2589 partes
1424 2519 1558 2571 sunt
1575 2514 1803 2591 placare
1830 2515 1999 2574 nobis
2023 2517 2271 2590 Patrem,
2294 2537 2410 2576 non
2438 2526 2630 2594 potest
2656 2517 2826 2575 aliter
2848 2537 2951 2576 ex·

533 2593 714 2674 piatio
741 2613 914 2670 quam
935 2613 1037 2672 per
1063 2613 1248 2671 poenae
1264 2592 1537 2652 lationem
1555 2593 1987 2671 succedaneam,
2018 2605 2079 2656 et
2097 2597 2369 2655 vicariam
2392 2606 2633 2655 mortem
2652 2596 2950 2674 explicari.

621 2674 801 2734 XVI.
846 2673 946 2732 Ad
974 2673 1284 2733 secundam
1316 2673 1514 2750 Resp.,
1549 2677 1600 2732 1.
1634 2674 1783 2752 Neg.
1830 2695 2081 2753 conseq„
2116 2676 2265 2750 Quia
2292 2676 2385 2734 vis
2411 2677 2739 2753 argumenti
2766 2677 2949 2734 nostri

537 2776 655 2815 non
682 2754 895 2834 pendet
921 2764 1144 2815 tantum
1182 2774 1258 2814 ex
1284 2755 1463 2813 verbo
1494 2775 1583 2815 π»
1628 2755 1782 2833 quod
1826 2763 2045 2814 certum
2080 2764 2171 2814 est
2204 2756 2353 2814 sumi
2400 2755 2803 2832 diversimode,
2846 2755 2948 2814 sed

539 2845 663 2896 tum
685 2857 761 2896 ex
788 2836 919 2895 aliis
947 2855 1063 2894 non
1091 2835 1290 2914 paucis
1317 2855 1448 2912 quae
1476 2836 1538 2894 iu
1564 2835 1675 2895 hoc
1703 2836 1939 2912 negotio
1960 2835 2225 2912 usurpari
2254 2836 2457 2909 solent,
2489 2845 2611 2893 tum
2638 2855 2715 2894 ex
2743 2845 2947 2893 natura

540 2917 724 2994 ipsius
751 2918 836 2976 rei
864 2937 994 2994 quae
1021 2914 1348 2976 istiusmodi
1385 2935 1529 2975 voce
1557 2915 1917 2990 describitur,
1951 2915 2101 2973 Nam
2146 2934 2277 2974 eum
2305 2915 2561 2992 expiatio
2606 2914 2689 2973 ita
2738 2914 2945 2974 dicitur

539 2995 666 3055 fieri
693 3017 795 3073 per
823 2997 1162 3073 sanguinem
1190 2995 1460 3071 victimae,
1491 3004 1557 3055 ut
1584 3004 1643 3054 et
1664 3004 1856 3054 reatus
1883 2995 2137 3068 tollatur,
2167 3002 2227 3052 et
2254 3014 2386 3053 reus
2412 2994 2688 3052 liberetur
2714 3013 2751 3052 a
2776 3013 2945 3071 poeua

539 3094 672 3151 quse
699 3075 786 3132 ini
806 3074 1192 3150 impendebat,
1222 3075 1354 3150 quis
1375 3094 1490 3134 non
1513 3075 1716 3134 ‘videat
1734 3074 2071 3152 sanguinem
2093 3073 2189 3132 hic
2209 3082 2482 3150 tanquam
2512 3073 2686 3154 λῦτςον
2710 3072 2942 3150 aliquod

539 3152 892 3210 intercedere
921 3153 996 3210 ad
1039 3153 1434 3212 remissionem
1461 3155 1610 3212 hanc
1638 3153 2102 3230 consequendam
2124 3156 2152 3212 P
2210 3157 2267 3211 2.
2298 3155 2443 3211 Min.
2492 3154 2641 3212 falsa
2666 3161 2772 3227 est,
2818 3153 2939 3210 scil.

541 3247 629 3287 us:
659 3237 882 3286 tantum
912 3230 1237 3306 significare
1265 3241 1446 3306 tegere
1472 3240 1534 3290 et
1573 3233 1829 3290 oblinere
1852 3254 1867 3302 ;
1912 3251 2045 3292 nam
2074 3233 2182 3292 etsi
2210 3232 2321 3292 hoc
2348 3231 2473 3290 dari
2520 3233 2705 3310 possit
2730 3233 2791 3289 in
2818 3233 2938 3308 qui-

541 3307 785 3367 busdam
815 3306 958 3366 locis
1007 3316 1066 3366 et
1107 3309 1469 3384 potissimum
1517 3310 1578 3366 in
1615 3311 2022 3387 conjugatione
2052 3312 2189 3387 Kal,
2219 3332 2336 3370 non
2390 3312 2613 3372 obtinet
2666 3320 2857 3370 tamen
2886 3312 2941 3368 in

541 3385 826 3459 omnibus,
857 3405 986 3444 nam
1011 3387 1071 3444 in
1093 3387 1326 3464 conjug.
1350 3387 1517 3446 Pihel
1545 3387 2007 3464 frequentissime
2028 3399 2335 3470 usurpatur
2362 3411 2465 3468 pro
2482 3392 2731 3466 redemit,
2750 3391 2939 3467 capia-

541 3468 634 3541 vit,
656 3467 914 3542 placavit
937 3466 1111 3525 etiam
1139 3466 1470 3525 interventu
1496 3467 1741 3545 alicujus
1770 3469 1974 3546 pretii;
2023 3470 2172 3530 Gen.
2202 3471 2391 3530 xxxii.
2422 3476 2518 3545 20,
2542 3472 2731 3531 Jacob
2760 3471 2941 3547 inquit

543 3573 722 3623 mma,
747 3566 862 3606 non
894 3546 1194 3624 “tegam‚”
1227 3546 1328 3604 sed
1361 3547 1649 3623 “placabo
1668 3547 1893 3608 vultum
1914 3551 2097 3625 ejus,”
2128 3550 2207 3609 id.
2237 3550 2445 3627 fratris,
2480 3553 2638 3610 “hoc
2658 3555 2939 3624 munere‚”

545 3641 604 3692 et
632 3635 667 3690 2
696 3630 852 3689 Sam.
881 3627 1004 3686 xxi.
1030 3629 1084 3701 3,
1133 3625 1326 3684 David
1356 3625 1684 3687 Gibeonitis
1710 3628 1865 3688 laesis
1893 3647 1929 3686 a
1960 3629 2151 3704 Saule,
2178 3632 2214 3663 ‘⁴
2237 3630 2365 3705 Quo
2392 3649 2513 3691 *naa
2542 3629 2935 3709 compensabo,

547 3712 646 3771 vel
671 3709 948 3770 redimam
978 3706 1246 3784 injuriam
1284 3706 1452 3765 vobis
1480 3728 1515 3767 a
1547 3708 1721 3768 Saule
1757 3707 1975 3768 illatam
1991 3711 2052 3767 ?'’
2105 3709 2229 3769 Nec
2256 3710 2371 3768 alio
2420 3729 2593 3770 sensu
2637 3709 2798 3769 venit
2825 3729 2937 3766 vox

543 3792 658 3851 ista
684 3787 910 3867 quoties
939 3785 1232 3846 sacrificiis
1260 3786 1547 3846 tribuitur.
1581 3788 1739 3847 Hinc
1766 3807 1976 3848 nomen
2003 3811 2091 3852 aas
2118 3788 2276 3866 quod
2302 3789 2497 3867 signif.
2532 3787 2937 3867 redemptionis

547 3871 813 3949 pretium,
845 3866 1017 3949 λίη-ςον
1044 3863 1238 3926 o’iaeum
1267 3874 1325 3925 et
1351 3866 1627 3944 quicquid
1650 3867 1819 3927 datur
1847 3869 1943 3927 vel
1962 3868 2152 3943 judici
2180 3868 2255 3927 ad
2294 3870 2549 3928 animum
2568 3870 2693 3947 ejus
2714 3869 2935 3946 placan-

547 3951 702 4026 dum,
733 3949 830 4007 vel
857 3947 1012 4006 hosti
1039 3948 1184 4005 irato
1213 3953 1272 4004 et
1302 3947 1610 4022 potentiori
1638 3946 1715 4004 ad
1742 3947 1920 4006 vitam
1942 3947 2352 4024 redimendam,
2376 3949 2501 4008 lxx.
2530 3949 2703 4008 modo
2730 3967 2830 4025 per
2848 3947 2934 4005 λῦ-

545 4057 670 4113 «gor,
701 4037 768 4090 ut
795 4027 986 4087 Exod.
1015 4027 1140 4085 xxi.
1171 4028 1267 4100 30,
1298 4035 1357 4084 et
1385 4046 1530 4084 xxx.
1564 4030 1661 4098 12,
1693 4026 1864 4085 Num.
1896 4047 2081 4086 xxxv.
2112 4031 2207 4101 31,
2240 4031 2335 4102 32,
2360 4027 2488 4103 ἄτα,
2518 4028 2691 4087 modo
2717 4048 2819 4105 per
2842 4031 2937 4086 ἄλ·-

547 4129 756 4189 atypus,
777 4118 844 4168 ut
862 4107 976 4167 Isa.
995 4106 1142 4166 xliii.
1164 4107 1220 4182 3,
1243 4105 1428 4165 Amos
1457 4126 1514 4164 v.
1544 4109 1635 4180 12,
1654 4105 1921 4164 reddunt.
1973 4107 2131 4166 Hinc
2150 4107 2369 4166 dictum
2385 4106 2594 4167 festum
2616 4129 2807 4170 rann-m
2824 4107 2939 4165 sive

537 4190 1005 4269 propitiationum
1051 4207 1168 4265 quo
1227 4186 1387 4261 Deus
1431 4184 1769 4262 placabatur
1816 4186 2096 4262 sauguine
2148 4185 2513 4245 victimarum
2562 4196 2620 4247 et
2668 4186 2935 4262 propitius

547 4271 724 4330 fiebat
752 4268 958 4327 Israeli
978 4275 1211 4344 propter
1231 4265 1640 4325 sacrificiorum
1662 4265 2029 4324 oblationem.
2074 4267 2169 4324 Ex
2190 4266 2401 4342 quibus
2416 4274 2577 4344 patet
2602 4273 2933 4344 praepostere

545 4357 606 4409 et
632 4349 778 4407 falso
801 4347 1278 4424 significationem
1299 4345 1464 4404 verbi
1482 4369 1568 4409 wa
1597 4344 1673 4404 ad
1691 4345 1973 4404 tectionem
1999 4345 2286 4421 restringi.
2330 4345 2499 4420 Quod
2520 4347 2571 4406 si
2590 4345 2736 4404 ratio
2758 4344 2936 4421 aliqua

547 4425 859 4506 quaerenda
885 4428 960 4485 sit
986 4427 1278 4502 primaevae
1325 4425 1482 4484 illius
1531 4424 1969 4501 significationis
2016 4423 2174 4502 quod
2219 4434 2309 4484 est
2336 4435 2519 4502 teqere
2564 4435 2623 4485 et
2668 4424 2927 4496 oblinere,

546 4504 799 4587 petenda
825 4505 934 4562 erit
960 4507 1034 4564 ab
1077 4505 1289 4565 effectu
1314 4523 1486 4581 quem
1532 4505 1755 4565 obtinet
1806 4505 2063 4583 expiatio
2104 4523 2209 4581 per
2248 4503 2349 4564 λίοτ
2403 4531 2423 4564 v
2466 4506 2577 4565 hoc
2622 4506 2790 4580 facta,
2820 4502 2931 4562 scil.

545 4584 684 4665 quia
709 4601 813 4662 per
839 4602 966 4641 eam
996 4583 1060 4642 fit
1103 4593 1168 4642 ut
1213 4592 1450 4662 peccata
1492 4593 1692 4644 nostra
1734 4593 2019 4662 tegantur,
2050 4583 2185 4643 dum
2217 4603 2327 4642 con
2370 4593 2631 4660 onantur,
2660 4592 2928 4661 quatenus
