3234 5192
529 358 647 416 238
1070 372 1149 413 ns
1178 370 1526 413 SCRIPTURAE
1556 368 1766 411 sAcaAE
1809 370 2254 412 Au‘rnom‘rATE.
2581 350 2844 433 [msrn'r.
2875 370 2941 413 11.

512 514 623 574 hac
652 512 973 593 quaestione
1002 512 1473 573 Orthodoxorum
1502 512 1790 571 sententia
1818 534 1835 572 ι
1879 511 2163 571 Nimirum
2193 512 2268 571 ad
2295 511 2579 572 internam
2607 513 2933 591 persuasio-

516 613 650 653 nem
678 594 1021 653 Divinitatis
1080 593 1391 671 Scripturas
1432 592 1814 652 necessariam
1845 592 2107 652 absolute
2139 593 2390 671 Spiritus
2422 592 2621 652 Sancti
2648 594 2710 651 in
2747 592 2935 652 cordi·

514 674 625 735 bus
650 674 864 734 nostris
892 694 1021 733 esse
1050 674 1460 751 operationem.
1550 672 1670 732 Sed
1697 680 2101 750 argumentum
2133 692 2236 733 seu
2273 672 2574 749 motivum,
2606 691 2723 751 quo
2751 674 2938 733 utitur

516 754 593 814 ad
619 754 1073 833 ingenerandam
1100 755 1273 813 istam
1304 753 1492 829 fidem,
1524 772 1642 811 non
1669 772 1797 813 esse
1826 752 2242 813 Testimonium
2266 752 2563 829 Ecclesiae,
2594 753 2732 813 licet
2750 755 2937 832 possit

518 835 693 895 etiam
719 836 831 893 hac
858 836 920 893 in
947 844 1111 912 parte
1139 834 1387 910 alicujus
1414 852 1541 893 esse
1590 833 1902 893 momenti:
1950 833 2067 892 Sed
2107 833 2260 893 solas
2307 840 2476 892 notas
2502 834 2564 891 in
2591 833 2790 893 Verbo
2821 834 2932 893 ful-

518 925 739 993 gentes,
771 936 903 991 quae
932 921 1093 974 tanto
1123 914 1428 992 splendore
1456 912 1701 988 radiant,
1733 922 1800 973 ut
1831 912 2142 991 Scripturae
2169 921 2404 992 propter
2429 914 2696 991 seipsam.
2729 922 2789 973 et
2817 932 2934 973 non

517 1004 753 1073 propter
780 995 939 1053 aliud
962 994 1263 1054 credamus
1286 1016 1301 1071 3
1350 992 1523 1053 Unde
1542 994 1589 1051 si
1610 993 1888 1052 resolutio
1909 992 2045 1052 fidei
2067 994 2359 1071 quaeritur,
2385 1002 2647 1055 statuunt
2665 993 2931 1054 bifariam

518 1096 691 1153 posse
734 1095 863 1134 eam
894 1075 1160 1153 spectari,
1194 1074 1311 1134 Vel
1333 1073 1555 1133 ratione
1566 1074 1951 1148 fiandamentt}
1977 1074 2102 1133 sive
2131 1076 2330 1151 objecti
2346 1076 2580 1151 σιτίον-πί,
2611 1082 2670 1133 et
2695 1073 2846 1133 hanc
2863 1074 2930 1132 fi-

519 1155 649 1214 dem
670 1155 875 1215 ultimo
898 1154 1113 1214 resolvi
1135 1156 1197 1213 in
1220 1154 1399 1213 solam
1420 1152 1680 1212 divinam
1698 1153 2139 1213 Revelationem
2159 1155 2220 1213 in
2247 1154 2545 1231 Scriptura
2565 1174 2929 1232 expressam;

518 1236 634 1294 Vel
662 1236 883 1295 ratione
910 1237 1139 1311 suly‘ecti
1176 1254 1279 1293 seu
1312 1234 1592 1311 principii
1631 1235 1851 1310 interni,
1884 1242 1944 1293 ct
1988 1243 2129 1294 tunc
2176 1234 2393 1294 resolvi
2435 1234 2496 1292 in
2549 1234 2824 1313 Spiritum
2869 1235 2930 1292 in

514 1315 687 1374 corde
716 1322 1043 1377 testantem.

1122 1394 1277 1454 XII.
1326 1394 1442 1453 Sed
1472 1394 1764 1454 Pontificii
1789 1394 1886 1452 hic
1913 1394 1975 1452 in
2019 1394 2135 1453 alia
2159 1394 2333 1472 plane
2374 1393 2605 1469 abeunt,
2635 1394 2774 1453 licet
2799 1413 2926 1472 per-

1051 1475 1223 1553 plexe
1279 1473 1591 1534 admodum
1647 1474 1974 1551 loquantur,
2033 1493 2140 1533 nec
2197 1474 2310 1533 sibi
2365 1493 2592 1551 semper
2644 1482 2928 1533 constent.

1054 1555 1249 1613 Primo
1270 1564 1489 1613 certum
1511 1562 1601 1613 est
1622 1554 1768 1612 alios
1790 1553 2008 1629 durius,
2039 1554 2186 1613 alios
2213 1554 2412 1613 mitius
2431 1556 2701 1630 loquutos
2719 1552 2926 1630 fuisse;

518 1635 669 1693 Nam
697 1636 802 1711 illi,
833 1636 933 1712 qui
982 1635 1251 1713 primitus
1302 1634 1539 1693 Patrum
1576 1642 1904 1693 nostrorum
1949 1635 2226 1693 memoria
2275 1633 2606 1711 Papismum
2649 1633 2928 1693 acerrime

518 1451 777 1497 Sententia
827 1452 998 1497 Ponti-

634 1510 874 1555 ficiorum.

416 1725 427 1737 ’
516 1724 969 1793 propugnarunt,
1016 1715 1251 1773 remotis
1272 1713 1634 1791 ambagibus,
1665 1732 1922 1773 asserere
1941 1734 2059 1773 non
2081 1713 2441 1793 dubitabant,
2473 1733 2700 1774 omnem
2721 1714 2924 1773 autho-

518 1797 745 1854 ritatem
780 1796 1089 1871 Scripturae
1118 1793 1192 1852 ab
1224 1794 1489 1853 Ecclesia
1514 1792 1767 1872 pendere
1795 1812 1902 1852 nec
1929 1794 2138 1871 majori
2164 1793 2280 1854 fide
2313 1794 2550 1873 dignam
2579 1814 2724 1869 esse,
2757 1814 2925 1871 sepo·-

518 1875 630 1935 sito
660 1875 938 1935 Ecclesiae
968 1874 1341 1949 TestimoniO,
1373 1893 1547 1951 quam
1602 1871 1979 1948 Alcoranum,
2037 1874 2232 1933 Titum
2292 1874 2542 1951 Livium,
2601 1882 2659 1934 et
2714 1874 2928 1952 AEsopi

515 1954 758 2015 fabulas.
844 1954 1001 2013 Hinc
1038 1953 1391 2032 blasphemae
1418 1954 1535 2013 illae
1564 1972 1756 2029 voces,
1789 1972 1934 2031 quas
1961 1974 2130 2013 nemo
2159 1956 2290 2033 pius
2317 1955 2442 2014 sine
2469 1956 2704 2014 horrore
2731 1955 2926 2032 legere

515 2044 723 2113 potest,
758 2037 793 2069 “
814 2035 921 2094 Pio
950 2054 1125 2094 sensu
1168 2033 1282 2093 dici
1309 2054 1480 2112 posse
1513 2034 1840 2112 Scripturas
1865 2042 2092 2094 tantum
2121 2035 2334 2110 valere,
2386 2044 2664 2113 quantum
2715 2035 2928 2112 AEsopi

516 2115 759 2191 fabulas,
791 2116 842 2174 si
870 2115 1257 2175 destituantur
1305 2114 1583 2174 Ecclesiae
1641 2113 2075 2189 Authoritate,’'
2121 2116 2279 2193 quod
2325 2116 2547 2175 Hosius
2605 2114 2926 2175 Cardinalis

514 2195 693 2256 habet
718 2196 820 2256 lib.
844 2196 924 2255 iii.
954 2204 1157 2254 contra
1184 2194 1520 2270 Brentium3
1566 2202 1627 2254 et
1654 2194 1812 2271 quod
1841 2195 2086 2272 Baylius
2104 2195 2338 2255 Jesuita
2364 2196 2556 2255 Tract.
2590 2198 2643 2254 1.
2689 2196 2923 2255 Catech.

515 2296 573 2355 q.
610 2280 701 2336 12.
730 2284 927 2353 aperte
954 2274 1257 2353 profitetur
1307 2277 1342 2307 “
1366 2294 1427 2333 se
1457 2274 1581 2333 sine
1625 2275 1976 2334 authoritate
2029 2275 2324 2351 Ecclesiae,
2355 2295 2472 2336 non
2499 2275 2631 2353 plus
2663 2274 2796 2334 fidei
2824 2274 2924 2333 ad-

512 2356 831 2415 hibiturum
854 2356 1151 2429 Matthaeo,
1183 2373 1357 2431 quam
1384 2355 1518 2413 Tito
1548 2355 1779 2413 Livio.''
1865 2354 2034 2429 Quod
2083 2354 2419 2414 Andradius
2465 2356 2567 2415 lib.
2615 2357 2673 2415 ii.
2705 2355 2922 2415 defens.

518 2436 737 2495 Concil.
766 2433 945 2511 Trid„
995 2438 1031 2469 ‘⁴
1050 2434 1209 2493 Nihil
1239 2436 1467 2493 inesse’'
1498 2435 1579 2493 ait
1610 2438 1647 2469 ‘⁶
1671 2435 2013 2495 Divinitatis
2039 2435 2100 2493 in
2129 2436 2202 2495 iis
2255 2435 2436 2509 libris,
2496 2436 2708 2513 quibus
2763 2455 2922 2495 sacra

520 2515 804 2593 Mysteria
832 2514 1157 2592 conscripta
1184 2523 1333 2589 sunt,
1364 2534 1473 2574 nec
1520 2514 1769 2574 inveniri
1796 2515 1858 2572 in
1887 2516 1975 2592 iis,
2023 2516 2178 2593 quod
2223 2534 2331 2575 nos
2359 2516 2639 2594 religione
2667 2525 2839 2593 cogat
2865 2524 2926 2575 et

514 2596 874 2673 constringat
900 2594 977 2654 ad
1004 2595 1371 2670 credendum,
1404 2614 1519 2677 qua
1547 2594 1607 2653 in
1636 2596 1754 2654 illis
1775 2596 2159 2671 continentur,
2222 2596 2340 2655 Sed
2394 2595 2673 2655 Ecclesiae
2702 2604 2920 2655 tantam

514 2696 642 2735 esse
672 2677 791 2735 vim
820 2684 879 2735 et
904 2674 1359 2753 amplitudinem,
1384 2684 1450 2736 ut
1470 2695 1640 2734 nemo
1669 2676 1792 2734 sine
1814 2676 2068 2734 maxima
2095 2676 2408 2754 impietatis
2435 2685 2574 2736 nota
2599 2696 2922 2754 repugnare

513 2756 603 2815 illi
663 2756 863 2835 ossit,''
906 2765 965 2816 et
991 2756 1105 2815 alia
1131 2756 1300 2833 plura
1353 2755 1657 2831 ejusmodi,
1707 2776 1838 2833 quae
1865 2755 2021 2834 apud
2051 2754 2300 2815 Eckium
2327 2757 2390 2814 in
2419 2756 2654 2816 Euchir.
2685 2775 2809 2834 cap.
2846 2759 2918 2832 1.,

518 2778 789 2916 Pigllium
816 2836 919 2896 lib.
942 2837 981 2895 i.
1028 2836 1100 2895 de
1150 2834 1495 2895 Hierarchia
1542 2836 1821 2895 Ecclesiae
1843 2856 1967 2915 cap.
1997 2840 2075 2913 2.,
2121 2836 2538 2897 Bellarminum
2580 2836 2682 2896 lib.
2737 2837 2816 2895 iv.
2847 2835 2920 2895 de

514 2918 712 2978 Verbo
744 2918 871 2993 Dei,
904 2938 955 2977 c.
986 2922 1041 2993 4,
1074 2924 1133 2975 et
1169 2917 1315 2976 alios
1340 2915 1634 2995 leguntur.

594 2999 784 3057 XIII.
830 2998 979 3074 Quia
1005 3016 1145 3056 vero
1172 2998 1297 3056 haec
1322 3005 1599 3075 tanquam
1642 2996 1814 3054 nimis
1842 2996 2018 3055 crude
2045 3004 2104 3056 et
2131 3015 2322 3057 crasse
2360 2996 2518 3055 dicta
2547 2996 2918 3056 Recentiores

512 3079 1041 3138 animadverterunt
1064 3100 1078 3152 ;
1126 3077 1269 3137 Ideo
1290 3078 1516 3137 cautius
1535 3077 1764 3155 loquuti
1791 3085 1942 3151 sunt,
1974 3078 2058 3135 ita
2077 3086 2327 3136 mentem
2349 3096 2514 3136 suam
2543 3077 2916 3155 explicante8‚

518 3168 584 3217 ut
616 3158 967 3235 Scripturam
996 3156 1230 3234 quidem
1258 3160 1504 3217 absolute
1524 3166 1583 3216 et
1611 3160 1669 3215 in
1705 3177 1780 3233 ee,
1805 3157 1979 3216 etiam
2007 3156 2226 3235 absque
2256 3156 2536 3217 Ecclesiae
2565 3157 2921 3216 Testimonio

518 3236 795 3297 Divinam
824 3256 950 3295 esse
980 3236 1335 3313 concedant;
1384 3237 1501 3296 Sed
1526 3240 1706 3296 relate
1733 3246 1791 3295 et
1819 3240 2013 3313 quoad
2037 3258 2138 3296 noe
2163 3237 2349 3297 velint
2375 3238 2546 3297 istam
2580 3235 2921 3296 Authorita-

514 3324 635 3376 tem
664 3334 779 3372 non
808 3314 1083 3389 obtinere,
1114 3316 1227 3374 nisi
1254 3336 1357 3393 per
1386 3317 1666 3375 Ecclesiae
1714 3316 2149 3393 Testimonium,
2197 3320 2362 3395 cujus
2413 3316 2689 3376 beneficio
2717 3326 2784 3375 ut
2814 3316 2918 3375 Di-

515 3395 656 3453 vina
682 3393 849 3452 nobis
874 3395 1200 3454 innotescat
1226 3403 1285 3454 et
1332 3415 1367 3453 a
1394 3396 1562 3453 nobis
1608 3396 1970 3472 suscipiatur.
2057 3398 2150 3455 Ita
2199 3398 2520 3457 Ecclesiam
2565 3416 2681 3455 non
2729 3397 2919 3455 facere

514 3474 751 3553 quidem
780 3483 844 3533 ut
876 3473 1172 3551 Scriptura
1198 3494 1339 3533 vcra
1364 3475 1456 3549 sit,
1502 3474 1615 3534 hoc
1659 3474 1812 3534 enim
1853 3476 2066 3535 habere
2094 3496 2130 3535 a
2159 3477 2284 3537 Deo
2325 3478 2588 3537 Authore
2633 3496 2756 3552 sue,
2815 3476 2920 3535 sed

515 3563 741 3616 tantum
769 3562 837 3614 ut
862 3574 966 3633 pro
995 3573 1134 3613 vera
1160 3563 1509 3631 agnoscatur
1535 3563 1594 3614 et
1622 3555 1907 3615 credatur.
1993 3556 2164 3617 Unde
2193 3566 2329 3617 nata
2355 3558 2650 3617 distinctio
2679 3557 2920 3634 vulg-ata

516 3636 890 3697 Authoritatia
917 3636 1113 3712 quoad
1124 3656 1200 3710 se,
1231 3644 1291 3694 et
1316 3638 1512 3712 quoad
1534 3656 1651 3712 nos,
1683 3654 1798 3712 qua
1825 3636 1886 3694 in
1905 3637 2016 3696 hoc
2044 3646 2384 3715 argumento
2411 3646 2667 3714 utuntur,
2693 3646 2752 3697 et
2779 3656 2918 3714 que-

513 3724 719 3777 runtur
748 3715 861 3776 sibi
886 3736 923 3774 a
950 3716 1179 3775 Nostris
1206 3716 1475 3793 injuriam
1502 3714 1645 3790 fieri,
1697 3724 1757 3775 et
1783 3715 2132 3791 Quaestionis
2169 3726 2381 3777 statum
2422 3718 2690 3795 perverti,
2739 3736 2918 3796 quum

509 3798 595 3857 ita
622 3796 977 3872 instituitur3
1023 3795 1125 3855 An
1152 3794 1497 3855 Authoritas
1549 3796 1859 3873 Scripturee
1887 3797 2136 3875 pendeat
2171 3798 2246 3856 ab
2297 3797 2576 3873 Ecclesia,
2608 3798 2774 3876 quasi
2805 3798 2916 3855 Ec-

510 3878 692 3938 clesia
718 3876 931 3936 faceret
962 3876 1315 3954 Scripturam
1344 3874 1776 3952 Anthenticam,
1809 3886 1868 3937 et
1893 3876 1980 3935 illi
2009 3878 2257 3955 aliquam
2290 3878 2712 3953 authoritatem,
2745 3896 2918 3955 quam

510 3978 589 4018 ex
618 3978 680 4018 se
706 3978 825 4017 non
843 3956 1099 4033 haberet,
1138 3956 1503 4033 conciliaret;
1548 3978 1680 4017 cum
1724 3958 1786 4015 id
1829 3965 2052 4017 tantum
2101 3958 2292 4035 quoad
2319 3978 2428 4018 nos
2476 3958 2916 4036 intelligendum

516 4040 607 4114 sit,
641 4038 779 4115 quia
804 4038 973 4097 nobis
1000 4058 1117 4096 non
1146 4038 1529 4096 innotesceret
1566 4038 1684 4097 nisi
1712 4046 1946 4116 propter
1993 4038 2270 4097 Ecclesioe
2312 4038 2749 4097 Testimonium.
2835 4036 2922 4097 Ut

514 4119 761 4196 quaestio
790 4118 882 4191 sit,
915 4138 1047 4192 non,
1081 4118 1181 4175 An
1213 4117 1508 4195 Scriptura
1540 4118 1600 4178 S.
1631 4138 1771 4177 vera
1798 4118 1890 4193 sit,
1923 4126 1982 4178 et
2007 4118 2162 4177 unde
2191 4118 2338 4178 illud
2365 4118 2592 4193 habeat,
2625 4120 2736 4178 hoc
2765 4118 2916 4176 enim

514 4199 729 4258 habere
756 4218 793 4258 a
822 4199 949 4257 Deo
976 4199 1103 4277 ejus
1131 4197 1397 4257 Authore
1422 4220 1436 4273 ;
1485 4198 1601 4257 Sed
1630 4218 1746 4275 qua
1771 4198 1993 4258 ratione
2037 4206 2098 4257 et
2127 4198 2298 4258 Unde
2326 4199 2496 4258 nobis
2537 4207 2763 4258 constet
2791 4216 2918 4257 esse

516 4298 714 4338 veram
743 4288 802 4337 et
832 4279 1122 4356 Divinam,
1153 4278 1311 4357 quod
1338 4278 1413 4337 ab
1444 4278 1708 4337 Ecclesia
1755 4277 2004 4356 pendere
2045 4286 2317 4338 censent:
2357 4279 2484 4357 pari
2529 4278 2700 4359 plane
2727 4285 2915 4357 pacto,

516 4377 633 4433 quo
662 4358 885 4417 celebre
912 4360 1237 4418 Salomonis
1264 4360 1307 4419 J
1309 4357 1565 4418 udicium
1592 4378 1712 4418 non
1758 4357 1911 4434 fecit,
1933 4367 2001 4418 ut
2047 4358 2236 4420 infans
2273 4359 2346 4419 de
2374 4377 2490 4438 quo
2532 4358 2914 4437 quaerebatur,

518 4446 671 4495 esset
698 4456 851 4495 verae
878 4440 1077 4498 matris
1104 4438 1277 4515 filius,
1310 4438 1411 4499 sed
1439 4438 1714 4516 patefecit
1738 4446 1960 4497 tantum
1991 4440 2159 4517 cujus
2187 4440 2342 4499 filius
2369 4448 2539 4499 esset.

596 4515 776 4574 XIV.
824 4516 941 4575 Sed
967 4537 1311 4596 quocunque
1350 4521 1523 4578 modo
1550 4520 1662 4578 hoe
1711 4538 1878 4578 suum
1923 4519 2138 4597 dogma
2175 4520 2494 4579 incrustare
2539 4526 2836 4592 conentur,
2869 4516 2920 4575 si

511 4596 765 4692 penitius
792 4614 911 4652 rem
966 4598 1363 4675 expendimus,
1420 4600 1642 4676 patebit
1685 4598 1760 4657 ad
1815 4598 2008 4659 fucum
2035 4599 2358 4659 faciendum
2407 4609 2464 4658 et
2513 4597 2916 4659 declinandam

514 4675 792 4739 invidiam
848 4674 1059 4753 potius,
1114 4696 1289 4751 quam
1332 4678 1407 4735 ad
1462 4678 1864 4755 explicandam
1920 4680 2240 4755 veritatem,
2287 4680 2718 4740 distinctionem
2767 4678 2918 4735 hanc
