3234 5192
499 353 616 410 572
1066 365 1145 406 ns
1175 363 1657 408 sx'r1smc‘r1ou1s
1684 364 1921 408 omnem
1948 367 2271 410 veturus.
2434 345 2697 430 [meru-r.
2726 365 2926 408 xvm.

499 507 811 580 Christum,
839 506 1144 584 posteriori
1163 526 1304 565 vero
1332 515 1676 582 comparate.
1706 507 1802 566 Ita
1828 507 2061 566 collatio
2083 507 2297 584 optime
2322 505 2673 582 instituetur,
2702 527 2917 585 quem-

491 586 803 647 admodum
831 587 1082 648 victimae
1136 587 1263 646 istae
1291 587 1681 664 expiationem
1708 587 1957 664 legalem
2006 586 2317 646 efficienter
2342 596 2402 646 et
2440 587 2732 646 meritorie
2759 607 2915 665 prae·

493 668 740 744 stabant,
771 687 889 726 non
910 676 1134 727 tantum
1162 666 1259 724 vel
1281 666 1690 726 antecedenter
1710 667 1806 724 vel
1826 667 2194 742 declarative,
2225 666 2309 724 ita
2334 675 2394 726 et
2416 667 2681 726 Christus
2707 687 2915 726 veram

491 755 551 806 et
571 748 783 806 realem
807 747 1086 824 sanguine
1110 766 1216 806 suo
1233 745 1503 806 absolvit.
1571 746 1689 806 Sed
1710 745 1781 805 de
1810 746 1901 806 his
1926 746 1989 804 in
2010 745 2401 823 sequentibus-
2446 747 2618 806 Nunc
2646 746 2914 806 Rationi-

491 825 604 886 bus
632 827 824 886 allatis
863 825 1335 886 satisfaciendum
1357 833 1462 884 est.

575 907 723 966 XV.
768 905 868 964 Ad
895 907 1137 984 primam
1167 906 1362 982 Resp.,
1398 903 1632 963 Peccari
1659 903 1780 962 fall.
1810 923 1845 964 a
1871 904 2028 965 dicto
2068 905 2387 964 secundum
2412 905 2571 982 quid,
2606 905 2753 964 Nam
2794 906 2913 964 etsi

491 987 742 1063 expiatio
780 985 852 1043 de
885 987 1010 1044 Deo
1038 983 1382 1062 praedicetur
1409 983 1511 1061 qui
1537 1003 1655 1042 non
1684 984 1980 1060 satisfacit,
2018 1003 2135 1054 non
2164 985 2425 1061 sequitur
2454 995 2645 1044 tamen
2672 985 2910 1062 pariter,

493 1086 674 1145 quum
702 1066 954 1125 victimae
983 1065 1306 1142 applicatur
1336 1063 1434 1122 vel
1463 1063 1765 1138 sacerdoti,
1794 1065 2015 1123 nullam
2032 1063 2241 1123 inferre
2270 1063 2739 1140 satisfactionem,
2768 1084 2911 1124 nam

491 1166 597 1225 pro
625 1146 846 1205 ratione
875 1146 1266 1221 subjectorum
1315 1144 1526 1222 quibus
1563 1143 1836 1202 tribuitur
1884 1143 2271 1202 diversimode
2320 1153 2411 1203 est
2456 1144 2907 1220 interpretanda,

493 1225 668 1284 modo
695 1228 842 1301 De0,
871 1225 1044 1284 modo
1071 1225 1367 1300 sacerdoti,
1397 1223 1569 1282 modo
1595 1224 1847 1297 victimoe,
1891 1223 1995 1282 sed
2021 1223 2136 1281 alia
2162 1230 2337 1300 atque
2364 1223 2481 1282 alia
2504 1224 2749 1282 ratione.'
2834 1224 2913 1282 In

495 1307 624 1365 Deo
653 1314 742 1364 est
787 1307 1176 1383 expiationem
1219 1304 1529 1377 admittere,
1589 1303 1651 1360 in
1696 1304 1922 1362 victima
1958 1305 2178 1378 facere,
2229 1303 2292 1360 in
2318 1304 2624 1362 Sacerdote
2677 1305 2907 1377 offerre.

501 1386 663 1446 Deus
691 1385 889 1464 expiat
915 1394 1214 1463 peccatum
1241 1392 1466 1443 reatum
1487 1382 1831 1442 dimittendo
1857 1381 1996 1459 quia
2022 1383 2283 1460 placatus
2312 1383 2405 1459 sit,
2438 1382 2705 1443 sacerdos
2733 1384 2911 1442 istam

494 1465 892 1526 remissionem
921 1485 1024 1543 per
1049 1464 1346 1524 victimam
1373 1463 1754 1541 procurando,
1805 1462 2043 1521 victima
2085 1483 2189 1539 per
2214 1462 2306 1520 sui
2350 1463 2821 1522 substitutionem
2848 1472 2911 1522 et

493 1565 680 1623 poenae
707 1544 1008 1604 luitionem
1037 1563 1164 1603 eam
1193 1542 1588 1620 impetrando;
1623 1543 1785 1600 Deus
1812 1542 2206 1601 autlcoritative
2248 1551 2307 1601 et
2318 1542 2689 1618 judicialiter,
2716 1562 2907 1601 sacer-

496 1625 603 1684 dos
631 1620 1068 1682 ministerialiter
1109 1631 1169 1682 et
1195 1623 1477 1699 organice,
1520 1623 1760 1681 victima
1796 1623 2091 1693 efficaciter
2118 1630 2177 1680 et
2202 1623 2502 1681 meritorie.
2579 1621 2720 1680 Non
2748 1623 2913 1680 valet

494 1723 635 1779 ergo
665 1703 713 1760 si
745 1703 905 1761 Deus
933 1703 1131 1778 expiat
1157 1711 1458 1779 peccatum
1485 1721 1588 1777 per
1628 1701 2083 1761 misericordiam
2126 1701 2524 1778 condonandO,
2571 1703 2642 1760 E.
2690 1702 2911 1779 pariter

495 1790 555 1841 et
583 1782 834 1856 victima,
866 1781 982 1840 imo
1030 1801 1148 1838 non
1186 1788 1386 1858 posset
1406 1789 1643 1858 peccata
1668 1781 1902 1856 expiare
1946 1800 2049 1858 per
2097 1781 2535 1858 absolutionem,
2579 1781 2693 1840 nisi
2736 1791 2913 1840 antea

495 1861 730 1938 expiata
758 1869 952 1920 essent
978 1861 1040 1918 in
1067 1861 1305 1920 victima
1329 1879 1434 1936 per
1483 1859 1949 1936 satisfactionem,
1994 1881 2112 1919 non
2159 1860 2225 1920 fit
2268 1861 2524 1937 expiatio
2571 1861 2687 1920 nisi
2729 1860 2909 1920 inter-

492 1942 684 2020 posita
711 1939 932 2018 pecude
961 1949 1019 2000 et
1047 1940 1326 2017 sanguine
1355 1939 1500 2015 fuso,
1533 1939 1659 1998 sine
1690 1939 1971 2016 sanguine
2000 1959 2116 1998 non
2142 1941 2209 2000 fit
2236 1942 2516 2000 remissio.
2623 1941 2754 2000 Non
2802 1962 2909 2018 op-

495 2021 764 2099 ponenda
793 2040 932 2098 ergo
961 2029 1096 2080 sunt
1123 2021 1246 2078 haec
1276 2019 1379 2080 sed
1425 2019 1838 2097 componenda,
1888 2020 2049 2080 Deus
2078 2029 2137 2079 et
2170 2021 2407 2098 sanguis
2430 2020 2643 2080 Christi
2671 2031 2913 2097 peecata

495 2100 750 2180 expiant,
783 2121 986 2179 nempe
1017 2101 1178 2160 Deus
1205 2119 1309 2178 per
1355 2101 1700 2177 sanguinem
1750 2099 1985 2170 Christi,
2009 2100 2110 2176 qui
2153 2100 2213 2158 in
2262 2119 2324 2158 se
2354 2099 2757 2160 satisfaciendo
2784 2100 2913 2158 vim

496 2181 689 2256 habet,
720 2184 880 2240 Deus
917 2191 982 2240 ut
1023 2201 1198 2240 eausa
1243 2181 1478 2254 efficiens
1507 2179 1857 2258 principali8‚
1888 2180 2115 2256 sanquis
2145 2180 2359 2238 Christi
2407 2190 2473 2240 ut
2500 2200 2675 2240 causa
2691 2199 2909 2256 proca·

497 2263 734 2320 tarctc'ca
755 2270 814 2320 et
841 2260 1148 2320 meritoria.
1197 2259 1474 2333 Quamvis
1494 2267 1689 2319 autem
1711 2259 1783 2317 de
1804 2259 2031 2318 Christo
2052 2266 2119 2318 ut
2144 2268 2233 2318 est
2242 2260 2405 2338 filius
2421 2261 2539 2318 Dei
2561 2268 2757 2338 posset
2772 2279 2915 2318 vere

501 2339 616 2399 dici
661 2359 793 2398 eum
838 2341 1074 2416 expiare
1118 2339 1526 2398 authoritative
1571 2347 1631 2397 et
1666 2339 2039 2415 judicialiter,
2090 2349 2377 2415 quatenus
2420 2341 2547 2417 ipse
2574 2359 2705 2399 eum
2736 2339 2914 2398 Patre

500 2427 844 2496 potestatem
866 2418 1041 2476 habet
1061 2417 1390 2476 remittendi
1411 2427 1663 2494 peccata,
1686 2425 1745 2476 et
1765 2437 1835 2476 ea
1855 2419 2045 2495 reipsa
2062 2418 2230 2478 nobis
2251 2419 2509 2495 remittit,
2540 2419 2689 2494 Quia
2714 2427 2917 2478 tamen

501 2497 598 2580 hie
626 2496 1022 2556 consideratur
1048 2515 1166 2554 non
1193 2505 1259 2555 ut
1289 2495 1466 2570 Deus,
1493 2496 1596 2554 sed
1616 2505 1682 2556 ut
1701 2497 2009 2571 Mediator,
2040 2517 2158 2556 non
2186 2508 2250 2558 ut
2270 2498 2475 2576 judex,
2500 2499 2607 2558 sed
2636 2507 2698 2557 ut
2722 2517 2915 2557 sacer·

502 2579 604 2636 dos
631 2585 686 2634 et
709 2576 948 2650 victima,
981 2577 1072 2651 cuj
1083 2595 1148 2633 us
1169 2583 1360 2652 partes
1389 2583 1523 2634 sunt
1539 2576 1769 2652 placare
1794 2576 1965 2636 nobis
1988 2578 2236 2650 Patrem,
2259 2598 2378 2638 non
2403 2587 2595 2656 potest
2622 2578 2788 2636 aliter
2808 2597 2917 2636 ex-

499 2655 678 2734 piatio
706 2675 880 2733 quam
902 2675 1002 2734 per
1029 2676 1214 2732 poenae
1230 2655 1504 2714 lationem
1521 2656 1953 2733 succedaneam,
1984 2666 2043 2716 et
2062 2658 2335 2717 vicariam
2358 2667 2599 2717 mortem
2618 2657 2917 2735 explicari.

585 2734 766 2796 XVI.
810 2736 912 2794 Ad
939 2735 1250 2796 secundam
1281 2735 1478 2811 Resp.,
1513 2739 1565 2793 1.
1598 2736 1747 2814 Neg.
1794 2756 2047 2814 conseq„
2080 2737 2229 2811 Quia
2258 2738 2349 2796 vis
2377 2738 2703 2816 argumenti
2728 2737 2917 2796 nostri

503 2836 620 2875 non
646 2817 861 2894 pendet
886 2825 1110 2876 tantum
1147 2835 1222 2875 ex
1251 2815 1428 2874 verbo
1459 2837 1548 2876 w:
1592 2815 1746 2893 quod
1791 2824 2010 2876 certum
2046 2824 2136 2876 est
2168 2818 2317 2876 sumi
2364 2817 2765 2892 diversimode,
2808 2816 2918 2875 sed

503 2905 628 2955 tum
651 2917 726 2956 ex
754 2897 884 2956 aliis
911 2917 1028 2956 non
1057 2896 1254 2975 paucis
1282 2916 1412 2973 quse
1441 2897 1503 2955 in
1528 2897 1641 2956 hoc
1670 2897 1905 2973 negotio
1928 2897 2189 2974 usurpari
2218 2896 2422 2971 solent,
2454 2906 2577 2956 tum
2605 2917 2681 2956 ex
2707 2907 2919 2954 natura

505 2977 688 3054 ipsius
716 2979 801 3037 rei
829 2997 958 3055 quae
985 2974 1313 3036 istiusmodi
1350 2996 1493 3036 voce
1522 2976 1883 3051 describitur,
1916 2976 2065 3034 Nam
2112 2996 2241 3036 cum
2270 2976 2525 3053 expiatio
2573 2977 2657 3035 ita
2702 2976 2918 3034 dicitur

504 3055 630 3114 fieri
657 3077 761 3134 per
788 3057 1128 3134 sanguinem
1155 3055 1424 3131 victimae,
1455 3065 1522 3116 ut
1549 3065 1608 3115 et
1628 3063 1821 3116 reatus
1848 3055 2101 3130 tollatur,
2132 3064 2192 3114 et
2218 3075 2351 3114 reus
2377 3056 2655 3115 liberetur
2681 3076 2716 3114 a
2742 3075 2919 3132 poena

505 3155 636 3212 quse
663 3137 750 3193 illi
771 3135 1156 3213 impendebat,
1187 3136 1318 3211 quis
1339 3155 1454 3194 non
1479 3136 1682 3194 'videat
1698 3135 2039 3212 sanguinem
2058 3135 2155 3192 hic
2176 3143 2447 3212 tanquam
2476 3135 2652 3216 λῦτςον
2676 3134 2917 3212 aliquod

503 3213 858 3272 intercedere
885 3214 962 3272 ad
1003 3214 1398 3272 remissionem
1426 3215 1575 3274 hanc
1603 3213 2067 3291 consequendam
2090 3218 2117 3274 P
2176 3219 2232 3274 2.
2262 3215 2408 3273 Min.
2460 3214 2605 3274 falsa
2630 3223 2737 3289 est,
2784 3213 2915 3274 scil.

506 3309 594 3349 *sne
623 3299 848 3350 tantum
877 3292 1200 3368 significare
1230 3302 1411 3368 teyere
1438 3300 1499 3352 et
1537 3293 1795 3352 oblinere
1818 3315 1833 3364 ;
1877 3313 2010 3352 nam
2039 3294 2148 3353 etsi
2175 3295 2286 3353 hoc
2314 3294 2439 3352 dari
2485 3295 2672 3372 possit
2696 3295 2757 3352 in
2784 3295 2913 3370 qui-

506 3370 752 3430 busdam
780 3371 923 3429 loeis
971 3380 1030 3430 et
1072 3371 1435 3448 potissimum
1483 3373 1543 3429 in
1581 3372 1988 3450 conjugatione
2018 3375 2154 3448 Kal,
2184 3393 2300 3432 non
2356 3375 2579 3433 obtinet
2632 3383 2825 3433 tamen
2854 3374 2917 3430 in

505 3449 791 3526 omnibus,
823 3469 952 3508 nam
978 3449 1036 3507 in
1058 3450 1291 3526 conjug.
1315 3449 1483 3509 Pihel
1511 3450 1972 3526 frequentissime
1993 3462 2301 3532 usurpatur
2326 3473 2430 3530 pro
2448 3455 2697 3528 redemit,
2716 3453 2915 3528 ειιῬία-

506 3531 598 3605 vit‚
621 3531 878 3606 placavit
903 3529 1078 3588 etiam
1105 3529 1432 3589 interventu
1461 3529 1707 3608 alicujus
1735 3532 1940 3608 pretii;
1988 3532 2137 3592 Gen.
2168 3533 2356 3592 xxxii.
2388 3537 2483 3607 20,
2508 3534 2699 3593 Jacob
2727 3532 2920 3610 inquit

508 3635 687 3686 masa,
714 3631 827 3669 non
859 3609 1159 3687 “tegam,”
1191 3607 1294 3667 sed
1325 3609 1615 3686 “placabo
1634 3610 1859 3670 vultum
1880 3613 2062 3688 ejus,’'
2092 3611 2172 3672 id.
2202 3612 2411 3688 fratris,
2446 3614 2603 3673 “hoc
2624 3615 2917 3685 munere,”

509 3703 569 3754 et
597 3699 632 3753 2
661 3693 816 3752 Sam.
845 3691 969 3748 xxi.
995 3693 1050 3765 3,
1098 3688 1292 3747 David
1321 3689 1649 3750 Gibeonitis
1674 3691 1831 3750 laesis
1859 3711 1895 3750 a
1924 3691 2116 3766 Saule,
2144 3693 2180 3724 “
2202 3691 2331 3766 Quo
2358 3710 2478 3753 *aaa
2508 3691 2912 3770 compensabO,

511 3775 610 3834 vel
636 3772 913 3832 redimam
944 3770 1212 3848 injuriam
1249 3769 1417 3828 vobis
1445 3791 1480 3828 a
1513 3770 1687 3831 Saule
1721 3769 1939 3830 illatam
1956 3771 2017 3830 ?’'
2071 3771 2194 3830 Nec
2222 3772 2336 3829 alio
2386 3790 2559 3831 sensu
2603 3773 2765 3831 venit
2792 3791 2916 3828 vox

508 3855 622 3914 ista
649 3850 875 3930 quoties
905 3849 1198 3909 sacrifieiis
1225 3849 1512 3910 tribuitur.
1547 3850 1704 3909 Hinc
1732 3870 1943 3909 nomen
1970 3871 2056 3914 w:
2084 3850 2240 3928 quod
2268 3851 2463 3928 signif.
2498 3849 2913 3928 redemptionis

511 3934 778 4013 pretium,
809 3929 982 4012 λῦτςοι
1009 3927 1202 3990 ἐίκουσι
1231 3937 1290 3988 et
1316 3930 1592 4006 quicquid
1615 3929 1785 3989 datur
1812 3930 1908 3989 vel
1928 3929 2117 4004 judici
2144 3930 2221 3988 ad
2260 3931 2516 3989 animum
2532 3932 2661 4008 ejus
2682 3932 2911 4008 placan-

510 4014 666 4088 dum,
698 4013 794 4070 vel
822 4011 974 4070 hosti
1005 4011 1149 4069 irato
1178 4017 1237 4067 et
1266 4010 1576 4085 potentiori
1603 4009 1678 4068 ad
1705 4010 1886 4068 vitam
1908 4009 2317 4085 redimendam,
2340 4010 2467 4070 lxx.
2498 4011 2669 4069 modo
2697 4030 2800 4088 per
2819 4007 2913 4068 ab·

509 4119 636 4176 egon,
667 4100 732 4152 ut
760 4090 950 4149 Exod.
981 4089 1103 4147 xxi.
1136 4091 1231 4162 30,
1263 4096 1321 4146 et
1349 4109 1494 4148 xxx.
1529 4093 1625 4160 12,
1658 4089 1829 4149 Num.
1860 4109 2047 4148 xxxv.
2078 4093 2173 4163 31,
2204 4093 2301 4165 32,
2326 4088 2454 4166 &c.,
2484 4090 2657 4150 modo
2685 4110 2787 4167 per
2812 4093 2916 4148 ἆλ-

511 4191 722 4251 atypus,
741 4179 807 4230 ut
826 4170 941 4229 Isa.
960 4169 1107 4228 xliii.
1129 4169 1186 4243 3,
1207 4167 1392 4227 Amos
1422 4188 1479 4226 v.
1509 4173 1598 4242 12,
1620 4167 1886 4228 reddunt.
1938 4169 2096 4227 Hinc
2115 4168 2335 4227 dictum
2354 4168 2560 4229 festum
2582 4193 2775 4232 ese—s:
2794 4169 2920 4228 sive

498 4251 970 4331 propitiationum
1018 4268 1133 4326 quo
1190 4247 1352 4325 Deus
1395 4249 1733 4324 placabatur
1781 4249 2061 4326 sanguine
2114 4247 2477 4308 victimarum
2527 4259 2587 4308 et
2634 4249 2917 4326 propitius

511 4333 688 4392 fiebat
717 4331 923 4389 Israeli
943 4336 1176 4407 propter
1195 4327 1604 4386 sacrificiorum
1627 4327 1995 4388 oblationem.
2040 4329 2136 4387 Ex
2156 4328 2367 4405 quibus
2384 4337 2543 4406 patet
2568 4337 2915 4406 praepostere

511 4420 570 4472 et
597 4412 742 4470 falso
767 4409 1242 4486 significationem
1265 4407 1430 4465 verbi
1447 4430 1533 4471 es:
1562 4409 1639 4467 ad
1656 4409 1938 4468 tectionem
1964 4408 2252 4484 restringi.
2296 4408 2465 4482 Quod
2487 4409 2538 4468 si
2558 4407 2704 4468 ratio
2725 4407 2919 4484 aliqua

512 4487 824 4568 quaerenda
851 4489 926 4546 sit
951 4489 1242 4563 primaevae
1291 4485 1447 4546 illius
1495 4487 1935 4565 significationis
1982 4486 2140 4566 quod
2186 4498 2275 4547 est
2303 4497 2485 4564 tegere
2530 4498 2591 4548 et
2636 4487 2911 4560 oblinere,

511 4566 764 4648 petenda
788 4566 898 4624 erit
925 4567 998 4624 ab
1044 4565 1253 4626 effectu
1279 4585 1452 4641 quem
1497 4568 1721 4628 obtinet
1772 4569 2027 4646 expiatio
2072 4585 2174 4644 per
2214 4565 2316 4626 λῦτ
2370 4593 2390 4626 v
2432 4568 2543 4628 hoc
2590 4569 2759 4642 facta,
2788 4565 2915 4625 scil.

511 4647 650 4726 quia
676 4665 778 4724 per
805 4663 930 4703 eam
961 4645 1024 4702 fit
1068 4654 1134 4703 ut
1179 4653 1416 4722 peccata
1458 4656 1657 4706 nostra
1698 4655 1984 4722 tegantur,
2017 4647 2151 4706 dum
2182 4593 2598 4723 comfdnantur,
2629 4655 2915 4725 quatenus
