<?xml version="1.0" encoding="UTF-8"?>
<!DOCTYPE html PUBLIC "-//W3C//DTD XHTML 1.0 Transitional//EN"
    "http://www.w3.org/TR/xhtml1/DTD/xhtml1-transitional.dtd">
<html xmlns="http://www.w3.org/1999/xhtml" xml:lang="en" lang="en">
 <head>
  <title>
</title>
<meta http-equiv="Content-Type" content="text/html;charset=utf-8" />
  <meta name='ocr-system' content='tesseract 3.04.00' />
  <meta name='ocr-capabilities' content='ocr_page ocr_carea ocr_par ocr_line ocrx_word'/>
</head>
<body>
  <div class='ocr_page' id='page_1' title='image "./denecessariasec00turrgoog_0295.png"; bbox 0 0 3234 5192; ppageno 0'>
   <div class='ocr_carea' id='block_1_1' title="bbox 281 356 2699 437">
    <p class='ocr_par' dir='ltr' id='par_1_1' title="bbox 281 356 2699 437">
     <span class='ocr_line' id='line_1_1' title="bbox 281 356 2699 437; baseline 0 -22"><span class='ocrx_word' id='word_1_1' title='bbox 281 375 509 417; x_wconf 74' lang='lat' dir='ltr'>nlsrur.</span> <span class='ocrx_word' id='word_1_2' title='bbox 541 356 635 437; x_wconf 88' lang='lat'>11.]</span> <span class='ocrx_word' id='word_1_3' title='bbox 900 375 977 415; x_wconf 76' lang='lat' dir='ltr'>m:</span> <span class='ocrx_word' id='word_1_4' title='bbox 1008 375 1356 416; x_wconf 75' lang='lat' dir='ltr'>SCRIPTURAE</span> <span class='ocrx_word' id='word_1_5' title='bbox 1387 374 1594 415; x_wconf 68' lang='lat' dir='ltr'>sACRAE</span> <span class='ocrx_word' id='word_1_6' title='bbox 1628 374 2069 417; x_wconf 69' lang='lat' dir='ltr'>AU’ruomTA&#39;rE.</span> <span class='ocrx_word' id='word_1_7' title='bbox 2583 358 2699 415; x_wconf 76' lang='lat'>249</span> 
     </span>
    </p>
   </div>
   <div class='ocr_carea' id='block_1_2' title="bbox 280 514 2716 3580">
    <p class='ocr_par' dir='ltr' id='par_1_2' title="bbox 280 514 2702 890">
     <span class='ocr_line' id='line_1_2' title="bbox 285 514 2702 592; baseline -0.001 -16"><span class='ocrx_word' id='word_1_8' title='bbox 285 516 490 576; x_wconf 88' lang='lat' dir='ltr'>Cor.ii.</span> <span class='ocrx_word' id='word_1_9' title='bbox 502 516 560 589; x_wconf 91' lang='lat'>7,</span> <span class='ocrx_word' id='word_1_10' title='bbox 572 516 830 590; x_wconf 87' lang='lat' dir='ltr'>denique</span> <span class='ocrx_word' id='word_1_11' title='bbox 841 534 964 573; x_wconf 88' lang='lat' dir='ltr'>non</span> <span class='ocrx_word' id='word_1_12' title='bbox 981 517 1262 591; x_wconf 88' lang='lat' dir='ltr'>legantur</span> <span class='ocrx_word' id='word_1_13' title='bbox 1280 518 1525 575; x_wconf 88' lang='lat' dir='ltr'>oracula</span> <span class='ocrx_word' id='word_1_14' title='bbox 1540 516 1865 591; x_wconf 83' lang='lat' dir='ltr'>flexiloqua</span> <span class='ocrx_word' id='word_1_15' title='bbox 1877 514 2181 592; x_wconf 86' lang='lat' dir='ltr'>Apollinis</span> <span class='ocrx_word' id='word_1_16' title='bbox 2202 515 2517 590; x_wconf 87' lang='lat' dir='ltr'>cujusdam</span> <span class='ocrx_word' id='word_1_17' title='bbox 2537 518 2702 588; x_wconf 75' lang='grc' dir='ltr'><strong><em>λοξίου</em></strong></span> 
     </span>
     <span class='ocr_line' id='line_1_3' title="bbox 281 593 2699 669; baseline -0 -15"><span class='ocrx_word' id='word_1_18' title='bbox 281 596 384 654; x_wconf 88' lang='lat' dir='ltr'>sed</span> <span class='ocrx_word' id='word_1_19' title='bbox 431 596 761 654; x_wconf 86' lang='lat' dir='ltr'>certissima</span> <span class='ocrx_word' id='word_1_20' title='bbox 787 594 914 652; x_wconf 80' lang='lat' dir='ltr'>veri</span> <span class='ocrx_word' id='word_1_21' title='bbox 950 602 1010 653; x_wconf 90' lang='lat' dir='ltr'>et</span> <span class='ocrx_word' id='word_1_22' title='bbox 1057 595 1263 653; x_wconf 87' lang='lat' dir='ltr'>aeterni</span> <span class='ocrx_word' id='word_1_23' title='bbox 1308 596 1422 653; x_wconf 89' lang='lat' dir='ltr'>Dei</span> <span class='ocrx_word' id='word_1_24' title='bbox 1463 595 1657 667; x_wconf 55' lang='lat' dir='ltr'>abyssu</span> <span class='ocrx_word' id='word_1_25' title='bbox 1703 595 2028 654; x_wconf 80' lang='lat' dir='ltr'><strong>Ecclesiam</strong></span> <span class='ocrx_word' id='word_1_26' title='bbox 2071 594 2291 669; x_wconf 83' lang='lat' dir='ltr'>quippe</span> <span class='ocrx_word' id='word_1_27' title='bbox 2336 593 2489 651; x_wconf 89' lang='lat' dir='ltr'>nihil</span> <span class='ocrx_word' id='word_1_28' title='bbox 2530 597 2699 653; x_wconf 87' lang='lat' dir='ltr'>aliud</span> 
     </span>
     <span class='ocr_line' id='line_1_4' title="bbox 280 672 2700 751; baseline -0 -18"><span class='ocrx_word' id='word_1_29' title='bbox 280 674 579 751; x_wconf 83' lang='lat' dir='ltr'>praeconio</span> <span class='ocrx_word' id='word_1_30' title='bbox 607 693 737 746; x_wconf 89' lang='lat' dir='ltr'>su0,</span> <span class='ocrx_word' id='word_1_31' title='bbox 766 691 948 749; x_wconf 87' lang='lat' dir='ltr'>quam</span> <span class='ocrx_word' id='word_1_32' title='bbox 978 673 1312 731; x_wconf 75' lang='lat' dir='ltr'>Veritatem</span> <span class='ocrx_word' id='word_1_33' title='bbox 1349 675 1464 732; x_wconf 91' lang='lat' dir='ltr'>Dei</span> <span class='ocrx_word' id='word_1_34' title='bbox 1509 682 1942 733; x_wconf 85' lang='lat' dir='ltr'>sacrosanctam</span> <span class='ocrx_word' id='word_1_35' title='bbox 1986 677 2046 729; x_wconf 91' lang='lat' dir='ltr'>et</span> <span class='ocrx_word' id='word_1_36' title='bbox 2076 672 2337 731; x_wconf 84' lang='lat' dir='ltr'>Oracula</span> <span class='ocrx_word' id='word_1_37' title='bbox 2363 673 2494 747; x_wconf 89' lang='lat' dir='ltr'>ejus</span> <span class='ocrx_word' id='word_1_38' title='bbox 2520 681 2700 751; x_wconf 89' lang='lat' dir='ltr'>atque</span> 
     </span>
     <span class='ocr_line' id='line_1_5' title="bbox 281 750 2701 830; baseline 0 -20"><span class='ocrx_word' id='word_1_39' title='bbox 281 756 442 827; x_wconf 87' lang='lat' dir='ltr'>leges</span> <span class='ocrx_word' id='word_1_40' title='bbox 458 761 519 811; x_wconf 89' lang='lat' dir='ltr'>et</span> <span class='ocrx_word' id='word_1_41' title='bbox 544 753 788 824; x_wconf 84' lang='lat' dir='ltr'>foedera,</span> <span class='ocrx_word' id='word_1_42' title='bbox 813 750 1084 809; x_wconf 91' lang='lat' dir='ltr'>omnium</span> <span class='ocrx_word' id='word_1_43' title='bbox 1106 752 1296 810; x_wconf 90' lang='lat' dir='ltr'>oculis</span> <span class='ocrx_word' id='word_1_44' title='bbox 1327 754 1649 829; x_wconf 88' lang='lat' dir='ltr'>spectanda</span> <span class='ocrx_word' id='word_1_45' title='bbox 1669 760 1729 810; x_wconf 89' lang='lat' dir='ltr'>ct</span> <span class='ocrx_word' id='word_1_46' title='bbox 1748 752 2054 827; x_wconf 88' lang='lat' dir='ltr'>sequenda</span> <span class='ocrx_word' id='word_1_47' title='bbox 2079 750 2365 825; x_wconf 82' lang='lat' dir='ltr'>ingerere,</span> <span class='ocrx_word' id='word_1_48' title='bbox 2388 758 2449 809; x_wconf 91' lang='lat' dir='ltr'>et</span> <span class='ocrx_word' id='word_1_49' title='bbox 2468 754 2544 811; x_wconf 86' lang='lat' dir='ltr'>ad</span> <span class='ocrx_word' id='word_1_50' title='bbox 2565 772 2701 830; x_wconf 90' lang='lat' dir='ltr'>pos-</span> 
     </span>
     <span class='ocr_line' id='line_1_6' title="bbox 283 831 883 890; baseline -0.003 0"><span class='ocrx_word' id='word_1_51' title='bbox 283 839 440 890; x_wconf 89' lang='lat' dir='ltr'>teros</span> <span class='ocrx_word' id='word_1_52' title='bbox 467 831 883 889; x_wconf 75' lang='lat' dir='ltr'>transmittere.</span> 
     </span>
    </p>

    <p class='ocr_par' dir='ltr' id='par_1_3' title="bbox 283 908 2707 2009">
     <span class='ocr_line' id='line_1_7' title="bbox 364 908 2699 987; baseline -0.001 -18"><span class='ocrx_word' id='word_1_53' title='bbox 364 909 653 969; x_wconf 85' lang='lat' dir='ltr'>XXXII.</span> <span class='ocrx_word' id='word_1_54' title='bbox 698 910 908 984; x_wconf 80' lang='lat' dir='ltr'>Atque</span> <span class='ocrx_word' id='word_1_55' title='bbox 935 928 1010 967; x_wconf 83' lang='lat' dir='ltr'>ex</span> <span class='ocrx_word' id='word_1_56' title='bbox 1036 909 1151 980; x_wconf 90' lang='lat' dir='ltr'>his,</span> <span class='ocrx_word' id='word_1_57' title='bbox 1180 928 1256 967; x_wconf 86' lang='lat' dir='ltr'>ne</span> <span class='ocrx_word' id='word_1_58' title='bbox 1284 911 1538 969; x_wconf 88' lang='lat' dir='ltr'>ulterius</span> <span class='ocrx_word' id='word_1_59' title='bbox 1558 911 1691 987; x_wconf 86' lang='lat' dir='ltr'>jam</span> <span class='ocrx_word' id='word_1_60' title='bbox 1740 910 1803 966; x_wconf 91' lang='lat' dir='ltr'>in</span> <span class='ocrx_word' id='word_1_61' title='bbox 1838 908 1957 966; x_wconf 92' lang='lat' dir='ltr'>loci</span> <span class='ocrx_word' id='word_1_62' title='bbox 1982 908 2155 966; x_wconf 88' lang='lat' dir='ltr'>istius</span> <span class='ocrx_word' id='word_1_63' title='bbox 2181 910 2542 968; x_wconf 83' lang='lat' dir='ltr'>enodatione</span> <span class='ocrx_word' id='word_1_64' title='bbox 2569 929 2699 968; x_wconf 83' lang='lat' dir='ltr'>ver-</span> 
     </span>
     <span class='ocr_line' id='line_1_8' title="bbox 284 986 2702 1064; baseline 0 -18"><span class='ocrx_word' id='word_1_65' title='bbox 284 1006 500 1061; x_wconf 90' lang='lat' dir='ltr'>semur,</span> <span class='ocrx_word' id='word_1_66' title='bbox 530 994 763 1046; x_wconf 88' lang='lat' dir='ltr'>constat</span> <span class='ocrx_word' id='word_1_67' title='bbox 790 988 1035 1063; x_wconf 91' lang='lat' dir='ltr'>quidem</span> <span class='ocrx_word' id='word_1_68' title='bbox 1067 988 1435 1063; x_wconf 80' lang='lat' dir='ltr'>Apostolum</span> <span class='ocrx_word' id='word_1_69' title='bbox 1462 989 1817 1064; x_wconf 86' lang='lat' dir='ltr'>dignitatem</span> <span class='ocrx_word' id='word_1_70' title='bbox 1854 994 1915 1046; x_wconf 87' lang='lat' dir='ltr'>et</span> <span class='ocrx_word' id='word_1_71' title='bbox 1942 986 2204 1045; x_wconf 87' lang='lat' dir='ltr'>officium</span> <span class='ocrx_word' id='word_1_72' title='bbox 2233 986 2513 1047; x_wconf 84' lang='lat' dir='ltr'>Ecclesiae</span> <span class='ocrx_word' id='word_1_73' title='bbox 2542 1007 2702 1047; x_wconf 90' lang='lat' dir='ltr'>com-</span> 
     </span>
     <span class='ocr_line' id='line_1_9' title="bbox 283 1066 2703 1143; baseline 0 -18"><span class='ocrx_word' id='word_1_74' title='bbox 283 1069 566 1125; x_wconf 87' lang='lat' dir='ltr'>mendare</span> <span class='ocrx_word' id='word_1_75' title='bbox 593 1067 692 1125; x_wconf 90' lang='lat' dir='ltr'>hic</span> <span class='ocrx_word' id='word_1_76' title='bbox 715 1067 980 1125; x_wconf 80' lang='lat' dir='ltr'>voluisse</span> <span class='ocrx_word' id='word_1_77' title='bbox 1007 1066 1070 1124; x_wconf 89' lang='lat' dir='ltr'>in</span> <span class='ocrx_word' id='word_1_78' title='bbox 1097 1069 1491 1143; x_wconf 89' lang='lat' dir='ltr'>proponenda</span> <span class='ocrx_word' id='word_1_79' title='bbox 1533 1074 1593 1125; x_wconf 91' lang='lat' dir='ltr'>et</span> <span class='ocrx_word' id='word_1_80' title='bbox 1640 1066 1955 1126; x_wconf 87' lang='lat' dir='ltr'>asserenda</span> <span class='ocrx_word' id='word_1_81' title='bbox 2000 1066 2248 1123; x_wconf 86' lang='lat' dir='ltr'>veritate</span> <span class='ocrx_word' id='word_1_82' title='bbox 2272 1088 2285 1124; x_wconf 90' lang='lat'><strong>:</strong></span> <span class='ocrx_word' id='word_1_83' title='bbox 2370 1066 2489 1125; x_wconf 86' lang='lat' dir='ltr'>Sed</span> <span class='ocrx_word' id='word_1_84' title='bbox 2516 1068 2703 1125; x_wconf 90' lang='lat' dir='ltr'>nullis</span> 
     </span>
     <span class='ocr_line' id='line_1_10' title="bbox 284 1144 2701 1221; baseline -0 -18"><span class='ocrx_word' id='word_1_85' title='bbox 284 1146 540 1204; x_wconf 89' lang='lat' dir='ltr'>fidiculis</span> <span class='ocrx_word' id='word_1_86' title='bbox 562 1152 847 1219; x_wconf 87' lang='lat' dir='ltr'>poterunt</span> <span class='ocrx_word' id='word_1_87' title='bbox 872 1146 1218 1221; x_wconf 81' lang='lat' dir='ltr'>exsculpere</span> <span class='ocrx_word' id='word_1_88' title='bbox 1246 1146 1614 1217; x_wconf 80' lang='lat' dir='ltr'>Adversarii,</span> <span class='ocrx_word' id='word_1_89' title='bbox 1645 1146 1775 1220; x_wconf 90' lang='lat' dir='ltr'>ejus</span> <span class='ocrx_word' id='word_1_90' title='bbox 1803 1144 2254 1202; x_wconf 84' lang='lat' dir='ltr'>Authoritatem</span> <span class='ocrx_word' id='word_1_91' title='bbox 2283 1150 2343 1201; x_wconf 89' lang='lat' dir='ltr'>et</span> <span class='ocrx_word' id='word_1_92' title='bbox 2368 1144 2701 1203; x_wconf 83' lang='lat' dir='ltr'>infallibili-</span> 
     </span>
     <span class='ocr_line' id='line_1_11' title="bbox 284 1222 2703 1299; baseline 0 -16"><span class='ocrx_word' id='word_1_93' title='bbox 284 1231 469 1283; x_wconf 82' lang='lat' dir='ltr'>tatem</span> <span class='ocrx_word' id='word_1_94' title='bbox 497 1224 598 1281; x_wconf 90' lang='lat' dir='ltr'>hic</span> <span class='ocrx_word' id='word_1_95' title='bbox 623 1224 976 1282; x_wconf 81' lang='lat' dir='ltr'>confimari.</span> <span class='ocrx_word' id='word_1_96' title='bbox 1060 1223 1277 1299; x_wconf 85' lang='lat' dir='ltr'>Neque</span> <span class='ocrx_word' id='word_1_97' title='bbox 1306 1225 1641 1283; x_wconf 88' lang='lat' dir='ltr'>audiendus</span> <span class='ocrx_word' id='word_1_98' title='bbox 1666 1225 1766 1282; x_wconf 89' lang='lat' dir='ltr'>hic</span> <span class='ocrx_word' id='word_1_99' title='bbox 1803 1222 2225 1293; x_wconf 89' lang='lat' dir='ltr'>Bellarminus,</span> <span class='ocrx_word' id='word_1_100' title='bbox 2254 1223 2361 1297; x_wconf 92' lang='lat' dir='ltr'>qui</span> <span class='ocrx_word' id='word_1_101' title='bbox 2386 1224 2703 1299; x_wconf 86' lang='lat' dir='ltr'>pertendit,</span> 
     </span>
     <span class='ocr_line' id='line_1_12' title="bbox 287 1301 2705 1380; baseline 0 -21"><span class='ocrx_word' id='word_1_102' title='bbox 287 1303 338 1360; x_wconf 88' lang='lat' dir='ltr'>si</span> <span class='ocrx_word' id='word_1_103' title='bbox 363 1303 518 1359; x_wconf 89' lang='lat' dir='ltr'>nihil</span> <span class='ocrx_word' id='word_1_104' title='bbox 545 1302 713 1359; x_wconf 84' lang='lat' dir='ltr'>aliud</span> <span class='ocrx_word' id='word_1_105' title='bbox 741 1303 1028 1360; x_wconf 79' lang='lat' dir='ltr'>tribuitur</span> <span class='ocrx_word' id='word_1_106' title='bbox 1055 1302 1332 1361; x_wconf 82' lang='lat' dir='ltr'>Ecclesiae</span> <span class='ocrx_word' id='word_1_107' title='bbox 1362 1322 1546 1380; x_wconf 87' lang='lat' dir='ltr'>quam</span> <span class='ocrx_word' id='word_1_108' title='bbox 1573 1302 1847 1360; x_wconf 87' lang='lat' dir='ltr'>custodia</span> <span class='ocrx_word' id='word_1_109' title='bbox 1887 1301 2171 1372; x_wconf 82' lang='lat' dir='ltr'>veritatis,</span> <span class='ocrx_word' id='word_1_110' title='bbox 2198 1302 2359 1359; x_wconf 89' lang='lat' dir='ltr'>idem</span> <span class='ocrx_word' id='word_1_111' title='bbox 2386 1302 2505 1359; x_wconf 89' lang='lat' dir='ltr'>dici</span> <span class='ocrx_word' id='word_1_112' title='bbox 2532 1322 2705 1378; x_wconf 87' lang='lat' dir='ltr'>posse</span> 
     </span>
     <span class='ocr_line' id='line_1_13' title="bbox 285 1379 2706 1457; baseline 0 -20"><span class='ocrx_word' id='word_1_113' title='bbox 285 1382 362 1438; x_wconf 90' lang='lat' dir='ltr'>de</span> <span class='ocrx_word' id='word_1_114' title='bbox 392 1380 804 1439; x_wconf 86' lang='lat' dir='ltr'>Librariorum</span> <span class='ocrx_word' id='word_1_115' title='bbox 833 1381 1097 1452; x_wconf 76' lang='lat' dir='ltr'>officiniS,</span> <span class='ocrx_word' id='word_1_116' title='bbox 1125 1386 1184 1438; x_wconf 89' lang='lat' dir='ltr'>et</span> <span class='ocrx_word' id='word_1_117' title='bbox 1212 1384 1288 1441; x_wconf 86' lang='lat' dir='ltr'>de</span> <span class='ocrx_word' id='word_1_118' title='bbox 1313 1383 1521 1457; x_wconf 78' lang='lat' dir='ltr'>capsis,</span> <span class='ocrx_word' id='word_1_119' title='bbox 1550 1384 1650 1439; x_wconf 82' lang='lat' dir='ltr'>vel</span> <span class='ocrx_word' id='word_1_120' title='bbox 1670 1380 1872 1451; x_wconf 87' lang='lat' dir='ltr'>thecis,</span> <span class='ocrx_word' id='word_1_121' title='bbox 1909 1399 2043 1455; x_wconf 86' lang='lat' dir='ltr'>quae</span> <span class='ocrx_word' id='word_1_122' title='bbox 2091 1379 2423 1455; x_wconf 80' lang='lat' dir='ltr'>Scripturas</span> <span class='ocrx_word' id='word_1_123' title='bbox 2444 1381 2706 1438; x_wconf 88' lang='lat' dir='ltr'>custodi-</span> 
     </span>
     <span class='ocr_line' id='line_1_14' title="bbox 285 1458 2705 1535; baseline 0 -19"><span class='ocrx_word' id='word_1_124' title='bbox 285 1465 417 1517; x_wconf 89' lang='lat' dir='ltr'>unt.</span> <span class='ocrx_word' id='word_1_125' title='bbox 503 1458 657 1527; x_wconf 79' lang='lat' dir='ltr'>Quis</span> <span class='ocrx_word' id='word_1_126' title='bbox 685 1459 844 1517; x_wconf 88' lang='lat' dir='ltr'>enim</span> <span class='ocrx_word' id='word_1_127' title='bbox 871 1460 1183 1517; x_wconf 84' lang='lat' dir='ltr'>discrimen</span> <span class='ocrx_word' id='word_1_128' title='bbox 1211 1462 1389 1535; x_wconf 89' lang='lat' dir='ltr'>longe</span> <span class='ocrx_word' id='word_1_129' title='bbox 1415 1460 1749 1520; x_wconf 82' lang='lat' dir='ltr'>maximum</span> <span class='ocrx_word' id='word_1_130' title='bbox 1765 1477 1887 1516; x_wconf 89' lang='lat' dir='ltr'>non</span> <span class='ocrx_word' id='word_1_131' title='bbox 1915 1458 2133 1530; x_wconf 84' lang='lat' dir='ltr'>videat,</span> <span class='ocrx_word' id='word_1_132' title='bbox 2154 1458 2309 1515; x_wconf 90' lang='lat' dir='ltr'>inter</span> <span class='ocrx_word' id='word_1_133' title='bbox 2334 1458 2705 1517; x_wconf 82' lang='lat' dir='ltr'>materialem</span> 
     </span>
     <span class='ocr_line' id='line_1_15' title="bbox 288 1536 2707 1616; baseline 0 -20"><span class='ocrx_word' id='word_1_134' title='bbox 288 1545 350 1596; x_wconf 91' lang='lat' dir='ltr'>et</span> <span class='ocrx_word' id='word_1_135' title='bbox 392 1538 645 1596; x_wconf 79' lang='lat' dir='ltr'>localem</span> <span class='ocrx_word' id='word_1_136' title='bbox 695 1538 1016 1613; x_wconf 77' lang='lat' dir='ltr'>Scripturas</span> <span class='ocrx_word' id='word_1_137' title='bbox 1060 1540 1540 1612; x_wconf 81' lang='lat' dir='ltr'>asservationem,</span> <span class='ocrx_word' id='word_1_138' title='bbox 1587 1559 1723 1616; x_wconf 84' lang='lat' dir='ltr'>quae</span> <span class='ocrx_word' id='word_1_139' title='bbox 1772 1540 1841 1596; x_wconf 91' lang='lat' dir='ltr'>fit</span> <span class='ocrx_word' id='word_1_140' title='bbox 1884 1538 1946 1595; x_wconf 89' lang='lat' dir='ltr'>in</span> <span class='ocrx_word' id='word_1_141' title='bbox 1996 1536 2185 1613; x_wconf 86' lang='lat' dir='ltr'>capsis</span> <span class='ocrx_word' id='word_1_142' title='bbox 2226 1544 2285 1594; x_wconf 89' lang='lat' dir='ltr'>et</span> <span class='ocrx_word' id='word_1_143' title='bbox 2330 1538 2707 1596; x_wconf 86' lang='lat' dir='ltr'>bibliothecis</span> 
     </span>
     <span class='ocr_line' id='line_1_16' title="bbox 288 1615 2705 1692; baseline -0.001 -18"><span class='ocrx_word' id='word_1_144' title='bbox 288 1617 630 1692; x_wconf 87' lang='lat' dir='ltr'>impiorum,</span> <span class='ocrx_word' id='word_1_145' title='bbox 659 1622 720 1673; x_wconf 92' lang='lat' dir='ltr'>et</span> <span class='ocrx_word' id='word_1_146' title='bbox 745 1618 1034 1675; x_wconf 87' lang='lat' dir='ltr'>moralem</span> <span class='ocrx_word' id='word_1_147' title='bbox 1061 1622 1122 1674; x_wconf 89' lang='lat' dir='ltr'>et</span> <span class='ocrx_word' id='word_1_148' title='bbox 1147 1618 1464 1676; x_wconf 87' lang='lat' dir='ltr'>formalem</span> <span class='ocrx_word' id='word_1_149' title='bbox 1491 1618 1761 1676; x_wconf 87' lang='lat' dir='ltr'>veritatis</span> <span class='ocrx_word' id='word_1_150' title='bbox 1808 1617 2157 1687; x_wconf 82' lang='lat' dir='ltr'>custodiam,</span> <span class='ocrx_word' id='word_1_151' title='bbox 2202 1615 2705 1691; x_wconf 67' lang='lat' dir='ltr'>praedicationem,</span> 
     </span>
     <span class='ocr_line' id='line_1_17' title="bbox 287 1694 2706 1772; baseline -0 -19"><span class='ocrx_word' id='word_1_152' title='bbox 287 1702 348 1754; x_wconf 90' lang='lat' dir='ltr'>et</span> <span class='ocrx_word' id='word_1_153' title='bbox 399 1695 961 1771; x_wconf 87' lang='lat' dir='ltr'>propugnationem,</span> <span class='ocrx_word' id='word_1_154' title='bbox 991 1714 1125 1771; x_wconf 82' lang='lat' dir='ltr'>quae</span> <span class='ocrx_word' id='word_1_155' title='bbox 1155 1698 1436 1772; x_wconf 89' lang='lat' dir='ltr'>competit</span> <span class='ocrx_word' id='word_1_156' title='bbox 1475 1698 1720 1755; x_wconf 87' lang='lat' dir='ltr'>cuilibet</span> <span class='ocrx_word' id='word_1_157' title='bbox 1748 1696 2045 1766; x_wconf 85' lang='lat' dir='ltr'>Ecclesiae,</span> <span class='ocrx_word' id='word_1_158' title='bbox 2076 1694 2348 1770; x_wconf 89' lang='lat' dir='ltr'>quandiu</span> <span class='ocrx_word' id='word_1_159' title='bbox 2373 1695 2485 1753; x_wconf 88' lang='lat' dir='ltr'>rite</span> <span class='ocrx_word' id='word_1_160' title='bbox 2513 1694 2706 1752; x_wconf 89' lang='lat' dir='ltr'>officio</span> 
     </span>
     <span class='ocr_line' id='line_1_18' title="bbox 287 1772 2705 1848; baseline 0 -16"><span class='ocrx_word' id='word_1_161' title='bbox 287 1792 396 1833; x_wconf 91' lang='lat' dir='ltr'>suo</span> <span class='ocrx_word' id='word_1_162' title='bbox 425 1773 822 1848; x_wconf 66' lang='lat' dir='ltr'>defungitur?</span> <span class='ocrx_word' id='word_1_163' title='bbox 905 1774 1005 1832; x_wconf 84' lang='lat' dir='ltr'>Ita</span> <span class='ocrx_word' id='word_1_164' title='bbox 1031 1776 1081 1832; x_wconf 88' lang='lat' dir='ltr'>si</span> <span class='ocrx_word' id='word_1_165' title='bbox 1112 1775 1379 1834; x_wconf 88' lang='lat' dir='ltr'>Ecclesia</span> <span class='ocrx_word' id='word_1_166' title='bbox 1404 1776 1625 1833; x_wconf 88' lang='lat' dir='ltr'>dicitur</span> <span class='ocrx_word' id='word_1_167' title='bbox 1655 1773 1885 1845; x_wconf 89' lang='lat' dir='ltr'>Custos,</span> <span class='ocrx_word' id='word_1_168' title='bbox 1915 1792 2031 1833; x_wconf 90' lang='lat' dir='ltr'>non</span> <span class='ocrx_word' id='word_1_169' title='bbox 2064 1780 2151 1830; x_wconf 88' lang='lat' dir='ltr'>est</span> <span class='ocrx_word' id='word_1_170' title='bbox 2196 1780 2401 1831; x_wconf 89' lang='lat' dir='ltr'>mutus</span> <span class='ocrx_word' id='word_1_171' title='bbox 2426 1780 2488 1831; x_wconf 87' lang='lat' dir='ltr'>et</span> <span class='ocrx_word' id='word_1_172' title='bbox 2514 1772 2705 1846; x_wconf 61' lang='grc' dir='ltr'><strong>ἄλογος</strong></span> 
     </span>
     <span class='ocr_line' id='line_1_19' title="bbox 289 1852 2707 1928; baseline 0 -17"><span class='ocrx_word' id='word_1_173' title='bbox 289 1854 390 1911; x_wconf 87' lang='lat' dir='ltr'>sed</span> <span class='ocrx_word' id='word_1_174' title='bbox 412 1852 586 1909; x_wconf 82' lang='lat' dir='ltr'>vivus</span> <span class='ocrx_word' id='word_1_175' title='bbox 615 1859 676 1911; x_wconf 89' lang='lat' dir='ltr'>et</span> <span class='ocrx_word' id='word_1_176' title='bbox 695 1852 1020 1925; x_wconf 85' lang='lat' dir='ltr'>rationalis,</span> <span class='ocrx_word' id='word_1_177' title='bbox 1052 1855 1154 1928; x_wconf 89' lang='lat' dir='ltr'>qui</span> <span class='ocrx_word' id='word_1_178' title='bbox 1180 1854 1268 1912; x_wconf 88' lang='lat' dir='ltr'>ita</span> <span class='ocrx_word' id='word_1_179' title='bbox 1294 1854 1571 1926; x_wconf 86' lang='lat' dir='ltr'>custodit,</span> <span class='ocrx_word' id='word_1_180' title='bbox 1601 1861 1671 1911; x_wconf 88' lang='lat' dir='ltr'>ut</span> <span class='ocrx_word' id='word_1_181' title='bbox 1690 1853 1871 1911; x_wconf 89' lang='lat' dir='ltr'>etiam</span> <span class='ocrx_word' id='word_1_182' title='bbox 1892 1853 2173 1927; x_wconf 80' lang='lat' dir='ltr'>praedicet</span> <span class='ocrx_word' id='word_1_183' title='bbox 2199 1858 2259 1908; x_wconf 86' lang='lat' dir='ltr'>et</span> <span class='ocrx_word' id='word_1_184' title='bbox 2278 1853 2578 1927; x_wconf 75' lang='lat' dir='ltr'>praeconio</span> <span class='ocrx_word' id='word_1_185' title='bbox 2597 1873 2707 1913; x_wconf 89' lang='lat' dir='ltr'>suo</span> 
     </span>
     <span class='ocr_line' id='line_1_20' title="bbox 291 1930 2551 2009; baseline 0.001 -20"><span class='ocrx_word' id='word_1_186' title='bbox 291 1932 665 1989; x_wconf 85' lang='lat' dir='ltr'>commendet</span> <span class='ocrx_word' id='word_1_187' title='bbox 691 1949 820 1989; x_wconf 90' lang='lat' dir='ltr'>rem</span> <span class='ocrx_word' id='word_1_188' title='bbox 848 1932 960 1989; x_wconf 89' lang='lat' dir='ltr'>sibi</span> <span class='ocrx_word' id='word_1_189' title='bbox 987 1932 1380 2003; x_wconf 87' lang='lat' dir='ltr'>commissam,</span> <span class='ocrx_word' id='word_1_190' title='bbox 1411 1935 1576 2009; x_wconf 91' lang='lat' dir='ltr'>quod</span> <span class='ocrx_word' id='word_1_191' title='bbox 1605 1934 1680 1990; x_wconf 90' lang='lat' dir='ltr'>de</span> <span class='ocrx_word' id='word_1_192' title='bbox 1701 1932 2087 1990; x_wconf 86' lang='lat' dir='ltr'>Bibliothecis</span> <span class='ocrx_word' id='word_1_193' title='bbox 2110 1948 2286 1987; x_wconf 89' lang='lat' dir='ltr'>nemo</span> <span class='ocrx_word' id='word_1_194' title='bbox 2314 1930 2551 1992; x_wconf 85' lang='lat' dir='ltr'>dixerit.</span> 
     </span>
    </p>

    <p class='ocr_par' dir='ltr' id='par_1_4' title="bbox 285 2008 2716 3580">
     <span class='ocr_line' id='line_1_21' title="bbox 372 2008 2708 2085; baseline 0.001 -19"><span class='ocrx_word' id='word_1_195' title='bbox 372 2008 699 2067; x_wconf 89' lang='lat' dir='ltr'>XXXIII.</span> <span class='ocrx_word' id='word_1_196' title='bbox 743 2010 993 2068; x_wconf 83' lang='lat' dir='ltr'>Frustra</span> <span class='ocrx_word' id='word_1_197' title='bbox 1019 2010 1200 2069; x_wconf 86' lang='lat' dir='ltr'>etiam</span> <span class='ocrx_word' id='word_1_198' title='bbox 1249 2012 1422 2070; x_wconf 86' lang='lat' dir='ltr'>addit</span> <span class='ocrx_word' id='word_1_199' title='bbox 1469 2012 1754 2070; x_wconf 78' lang='lat' dir='ltr'>Bellarm.</span> <span class='ocrx_word' id='word_1_200' title='bbox 1801 2011 2167 2085; x_wconf 89' lang='lat' dir='ltr'>Apostolum</span> <span class='ocrx_word' id='word_1_201' title='bbox 2214 2027 2337 2066; x_wconf 89' lang='lat' dir='ltr'>non</span> <span class='ocrx_word' id='word_1_202' title='bbox 2364 2012 2708 2069; x_wconf 87' lang='lat' dir='ltr'>meminisse</span> 
     </span>
     <span class='ocr_line' id='line_1_22' title="bbox 293 2086 2708 2166; baseline 0 -19"><span class='ocrx_word' id='word_1_203' title='bbox 293 2086 756 2164; x_wconf 89' lang='lat' dir='ltr'>Scripturarum,</span> <span class='ocrx_word' id='word_1_204' title='bbox 786 2090 890 2146; x_wconf 89' lang='lat' dir='ltr'>sed</span> <span class='ocrx_word' id='word_1_205' title='bbox 919 2096 1158 2147; x_wconf 85' lang='lat' dir='ltr'>tantum</span> <span class='ocrx_word' id='word_1_206' title='bbox 1189 2089 1479 2149; x_wconf 87' lang='lat' dir='ltr'>Veritatis</span> <span class='ocrx_word' id='word_1_207' title='bbox 1501 2113 1516 2166; x_wconf 90' lang='lat'>;</span> <span class='ocrx_word' id='word_1_208' title='bbox 1561 2089 1729 2148; x_wconf 85' lang='lat' dir='ltr'>Nam</span> <span class='ocrx_word' id='word_1_209' title='bbox 1750 2090 1799 2147; x_wconf 91' lang='lat' dir='ltr'>si</span> <span class='ocrx_word' id='word_1_210' title='bbox 1816 2090 1893 2147; x_wconf 89' lang='lat' dir='ltr'>ad</span> <span class='ocrx_word' id='word_1_211' title='bbox 1916 2089 2288 2164; x_wconf 88' lang='lat' dir='ltr'>Scripturam</span> <span class='ocrx_word' id='word_1_212' title='bbox 2303 2106 2426 2144; x_wconf 89' lang='lat' dir='ltr'>non</span> <span class='ocrx_word' id='word_1_213' title='bbox 2452 2091 2708 2166; x_wconf 89' lang='lat' dir='ltr'>respicit,</span> 
     </span>
     <span class='ocr_line' id='line_1_23' title="bbox 293 2164 2707 2244; baseline 0.001 -21"><span class='ocrx_word' id='word_1_214' title='bbox 293 2185 478 2241; x_wconf 87' lang='lat' dir='ltr'>quare</span> <span class='ocrx_word' id='word_1_215' title='bbox 505 2184 647 2240; x_wconf 88' lang='lat' dir='ltr'>ergo</span> <span class='ocrx_word' id='word_1_216' title='bbox 692 2185 810 2224; x_wconf 81' lang='lat' dir='ltr'>ver.</span> <span class='ocrx_word' id='word_1_217' title='bbox 854 2168 1214 2244; x_wconf 79' lang='lat' dir='ltr'>praecedenti</span> <span class='ocrx_word' id='word_1_218' title='bbox 1259 2169 1404 2227; x_wconf 89' lang='lat' dir='ltr'>dicit</span> <span class='ocrx_word' id='word_1_219' title='bbox 1450 2188 1513 2227; x_wconf 88' lang='lat' dir='ltr'>se</span> <span class='ocrx_word' id='word_1_220' title='bbox 1555 2171 1687 2227; x_wconf 82' lang='lat' dir='ltr'>haec</span> <span class='ocrx_word' id='word_1_221' title='bbox 1733 2169 2001 2239; x_wconf 90' lang='lat' dir='ltr'>scribere,</span> <span class='ocrx_word' id='word_1_222' title='bbox 2052 2172 2122 2223; x_wconf 92' lang='lat' dir='ltr'>ut</span> <span class='ocrx_word' id='word_1_223' title='bbox 2164 2164 2513 2225; x_wconf 80' lang='lat' dir='ltr'>Timotheus</span> <span class='ocrx_word' id='word_1_224' title='bbox 2543 2168 2707 2237; x_wconf 88' lang='lat' dir='ltr'>sciat,</span> 
     </span>
     <span class='ocr_line' id='line_1_24' title="bbox 292 2242 2714 2321; baseline 0.001 -20"><span class='ocrx_word' id='word_1_225' title='bbox 292 2245 596 2320; x_wconf 86' lang='lat' dir='ltr'>quomodo</span> <span class='ocrx_word' id='word_1_226' title='bbox 623 2247 846 2303; x_wconf 86' lang='lat' dir='ltr'>versari</span> <span class='ocrx_word' id='word_1_227' title='bbox 872 2246 935 2303; x_wconf 92' lang='lat' dir='ltr'>in</span> <span class='ocrx_word' id='word_1_228' title='bbox 965 2247 1162 2306; x_wconf 89' lang='lat' dir='ltr'>Domo</span> <span class='ocrx_word' id='word_1_229' title='bbox 1193 2246 1306 2305; x_wconf 91' lang='lat' dir='ltr'>Dei</span> <span class='ocrx_word' id='word_1_230' title='bbox 1335 2250 1592 2306; x_wconf 67' lang='lat' dir='ltr'>debeat?</span> <span class='ocrx_word' id='word_1_231' title='bbox 1678 2247 1881 2315; x_wconf 76' lang='lat' dir='ltr'>Quare</span> <span class='ocrx_word' id='word_1_232' title='bbox 1926 2246 2071 2305; x_wconf 89' lang='lat' dir='ltr'>alibi</span> <span class='ocrx_word' id='word_1_233' title='bbox 2099 2250 2349 2302; x_wconf 84' lang='lat' dir='ltr'>testatur</span> <span class='ocrx_word' id='word_1_234' title='bbox 2376 2242 2714 2321; x_wconf 87' lang='lat' dir='ltr'>Scripturas</span> 
     </span>
     <span class='ocr_line' id='line_1_25' title="bbox 292 2321 2711 2402; baseline 0 -21"><span class='ocrx_word' id='word_1_235' title='bbox 292 2341 462 2399; x_wconf 86' lang='lat' dir='ltr'>posse</span> <span class='ocrx_word' id='word_1_236' title='bbox 489 2323 685 2397; x_wconf 90' lang='lat' dir='ltr'>ipsum</span> <span class='ocrx_word' id='word_1_237' title='bbox 712 2326 910 2397; x_wconf 68' lang='grc' dir='ltr'>σοφίσαι</span> <span class='ocrx_word' id='word_1_238' title='bbox 950 2328 1025 2383; x_wconf 88' lang='lat' dir='ltr'>ad</span> <span class='ocrx_word' id='word_1_239' title='bbox 1069 2327 1324 2384; x_wconf 88' lang='lat' dir='ltr'>salutem</span> <span class='ocrx_word' id='word_1_240' title='bbox 1349 2328 1371 2385; x_wconf 71' lang='grc' dir='ltr'>ἓ</span> <span class='ocrx_word' id='word_1_241' title='bbox 1455 2326 1592 2385; x_wconf 90' lang='lat' dir='ltr'>Imo</span> <span class='ocrx_word' id='word_1_242' title='bbox 1641 2344 1711 2383; x_wconf 90' lang='lat' dir='ltr'>eo</span> <span class='ocrx_word' id='word_1_243' title='bbox 1759 2328 1888 2402; x_wconf 89' lang='lat' dir='ltr'>ipso</span> <span class='ocrx_word' id='word_1_244' title='bbox 1938 2344 2058 2402; x_wconf 91' lang='lat' dir='ltr'>quo</span> <span class='ocrx_word' id='word_1_245' title='bbox 2109 2321 2399 2381; x_wconf 86' lang='lat' dir='ltr'>Veritatis</span> <span class='ocrx_word' id='word_1_246' title='bbox 2420 2325 2711 2395; x_wconf 86' lang='lat' dir='ltr'>meminit,</span> 
     </span>
     <span class='ocr_line' id='line_1_26' title="bbox 293 2401 2709 2482; baseline 0.002 -24"><span class='ocrx_word' id='word_1_247' title='bbox 293 2402 566 2459; x_wconf 88' lang='lat' dir='ltr'>meminit</span> <span class='ocrx_word' id='word_1_248' title='bbox 601 2408 660 2459; x_wconf 91' lang='lat' dir='ltr'>et</span> <span class='ocrx_word' id='word_1_249' title='bbox 709 2404 1165 2479; x_wconf 85' lang='lat' dir='ltr'>Scripturarum,</span> <span class='ocrx_word' id='word_1_250' title='bbox 1216 2405 1708 2482; x_wconf 86' lang='lat' dir='ltr'>quandoquidem</span> <span class='ocrx_word' id='word_1_251' title='bbox 1753 2404 2029 2482; x_wconf 88' lang='lat' dir='ltr'>nuspiam</span> <span class='ocrx_word' id='word_1_252' title='bbox 2054 2401 2291 2461; x_wconf 84' lang='lat' dir='ltr'>Veritas</span> <span class='ocrx_word' id='word_1_253' title='bbox 2317 2401 2435 2459; x_wconf 86' lang='lat' dir='ltr'>ista</span> <span class='ocrx_word' id='word_1_254' title='bbox 2480 2406 2556 2462; x_wconf 89' lang='lat' dir='ltr'>de</span> <span class='ocrx_word' id='word_1_255' title='bbox 2584 2421 2709 2480; x_wconf 84' lang='lat' dir='ltr'>qua</span> 
     </span>
     <span class='ocr_line' id='line_1_27' title="bbox 292 2480 2709 2561; baseline 0.002 -24"><span class='ocrx_word' id='word_1_256' title='bbox 292 2480 562 2557; x_wconf 90' lang='lat' dir='ltr'>loquitur</span> <span class='ocrx_word' id='word_1_257' title='bbox 589 2480 919 2558; x_wconf 85' lang='lat' dir='ltr'>Apostolus</span> <span class='ocrx_word' id='word_1_258' title='bbox 951 2482 1168 2561; x_wconf 91' lang='lat' dir='ltr'>(nimir.</span> <span class='ocrx_word' id='word_1_259' title='bbox 1194 2484 1470 2542; x_wconf 85' lang='lat' dir='ltr'>salutaris</span> <span class='ocrx_word' id='word_1_260' title='bbox 1487 2490 1548 2542; x_wconf 89' lang='lat' dir='ltr'>et</span> <span class='ocrx_word' id='word_1_261' title='bbox 1568 2483 1935 2558; x_wconf 82' lang='lat' dir='ltr'>Evangelica</span> <span class='ocrx_word' id='word_1_262' title='bbox 1951 2503 2085 2559; x_wconf 88' lang='lat' dir='ltr'>quae</span> <span class='ocrx_word' id='word_1_263' title='bbox 2114 2481 2231 2539; x_wconf 73' lang='grc' dir='ltr'>κατ’</span> <span class='ocrx_word' id='word_1_264' title='bbox 2258 2482 2423 2557; x_wconf 66' lang='grc' dir='ltr'>ἐξοχὴν</span> <span class='ocrx_word' id='word_1_265' title='bbox 2448 2485 2565 2541; x_wconf 90' lang='lat' dir='ltr'>hoc</span> <span class='ocrx_word' id='word_1_266' title='bbox 2602 2502 2709 2541; x_wconf 90' lang='lat' dir='ltr'>no-</span> 
     </span>
     <span class='ocr_line' id='line_1_28' title="bbox 291 2559 2712 2639; baseline 0.002 -23"><span class='ocrx_word' id='word_1_267' title='bbox 291 2560 452 2617; x_wconf 89' lang='lat' dir='ltr'>mine</span> <span class='ocrx_word' id='word_1_268' title='bbox 499 2559 840 2635; x_wconf 87' lang='lat' dir='ltr'>insignitur,</span> <span class='ocrx_word' id='word_1_269' title='bbox 884 2561 1029 2637; x_wconf 86' lang='lat' dir='ltr'>quia</span> <span class='ocrx_word' id='word_1_270' title='bbox 1072 2562 1340 2618; x_wconf 90' lang='lat' dir='ltr'>omnium</span> <span class='ocrx_word' id='word_1_271' title='bbox 1389 2569 1478 2620; x_wconf 90' lang='lat' dir='ltr'>est</span> <span class='ocrx_word' id='word_1_272' title='bbox 1527 2562 1968 2638; x_wconf 82' lang='lat' dir='ltr'>perfectissima,</span> <span class='ocrx_word' id='word_1_273' title='bbox 2005 2568 2077 2619; x_wconf 91' lang='lat' dir='ltr'>ut</span> <span class='ocrx_word' id='word_1_274' title='bbox 2121 2562 2249 2619; x_wconf 83' lang='lat' dir='ltr'>vita</span> <span class='ocrx_word' id='word_1_275' title='bbox 2284 2569 2505 2622; x_wconf 86' lang='lat' dir='ltr'>aeterna</span> <span class='ocrx_word' id='word_1_276' title='bbox 2533 2564 2712 2639; x_wconf 67' lang='grc' dir='ltr'>ἐξόχως</span> 
     </span>
     <span class='ocr_line' id='line_1_29' title="bbox 292 2638 2714 2718; baseline 0.002 -25"><span class='ocrx_word' id='word_1_277' title='bbox 292 2645 542 2697; x_wconf 83' lang='lat' dir='ltr'>vocatur</span> <span class='ocrx_word' id='word_1_278' title='bbox 567 2638 718 2718; x_wconf 80' lang='lat' dir='ltr'>vita)</span> <span class='ocrx_word' id='word_1_279' title='bbox 747 2639 1003 2697; x_wconf 88' lang='lat' dir='ltr'>inveniri</span> <span class='ocrx_word' id='word_1_280' title='bbox 1028 2646 1224 2715; x_wconf 86' lang='lat' dir='ltr'>potest</span> <span class='ocrx_word' id='word_1_281' title='bbox 1250 2659 1432 2715; x_wconf 85' lang='lat' dir='ltr'>quam</span> <span class='ocrx_word' id='word_1_282' title='bbox 1459 2642 1523 2697; x_wconf 89' lang='lat' dir='ltr'>in</span> <span class='ocrx_word' id='word_1_283' title='bbox 1547 2640 1884 2715; x_wconf 82' lang='lat' dir='ltr'>Scripturis.</span> <span class='ocrx_word' id='word_1_284' title='bbox 1969 2640 2151 2699; x_wconf 88' lang='lat' dir='ltr'>Unde</span> <span class='ocrx_word' id='word_1_285' title='bbox 2178 2658 2367 2714; x_wconf 89' lang='lat' dir='ltr'>quum</span> <span class='ocrx_word' id='word_1_286' title='bbox 2388 2641 2575 2700; x_wconf 89' lang='lat' dir='ltr'>Verbi</span> <span class='ocrx_word' id='word_1_287' title='bbox 2600 2642 2714 2701; x_wconf 90' lang='lat' dir='ltr'>Dei</span> 
     </span>
     <span class='ocr_line' id='line_1_30' title="bbox 290 2717 2711 2794; baseline 0.002 -20"><span class='ocrx_word' id='word_1_288' title='bbox 290 2717 558 2774; x_wconf 85' lang='lat' dir='ltr'>studium</span> <span class='ocrx_word' id='word_1_289' title='bbox 586 2720 759 2777; x_wconf 89' lang='lat' dir='ltr'>nobis</span> <span class='ocrx_word' id='word_1_290' title='bbox 787 2720 1258 2790; x_wconf 87' lang='lat' dir='ltr'>commendatur,</span> <span class='ocrx_word' id='word_1_291' title='bbox 1287 2738 1406 2777; x_wconf 89' lang='lat' dir='ltr'>non</span> <span class='ocrx_word' id='word_1_292' title='bbox 1437 2719 1557 2777; x_wconf 90' lang='lat' dir='ltr'>alio</span> <span class='ocrx_word' id='word_1_293' title='bbox 1587 2737 1767 2794; x_wconf 83' lang='lat' dir='ltr'>quam</span> <span class='ocrx_word' id='word_1_294' title='bbox 1796 2720 1871 2775; x_wconf 90' lang='lat' dir='ltr'>ad</span> <span class='ocrx_word' id='word_1_295' title='bbox 1902 2718 2269 2793; x_wconf 88' lang='lat' dir='ltr'>Scripturam</span> <span class='ocrx_word' id='word_1_296' title='bbox 2297 2722 2711 2791; x_wconf 89' lang='lat' dir='ltr'>amandamur,</span> 
     </span>
     <span class='ocr_line' id='line_1_31' title="bbox 296 2794 2716 2872; baseline 0.001 -20"><span class='ocrx_word' id='word_1_297' title='bbox 296 2794 413 2853; x_wconf 90' lang='lat' dir='ltr'>Isa.</span> <span class='ocrx_word' id='word_1_298' title='bbox 456 2795 579 2854; x_wconf 82' lang='lat' dir='ltr'>viii.</span> <span class='ocrx_word' id='word_1_299' title='bbox 611 2798 706 2867; x_wconf 87' lang='lat'>20,</span> <span class='ocrx_word' id='word_1_300' title='bbox 735 2798 882 2856; x_wconf 91' lang='lat' dir='ltr'>Joh.</span> <span class='ocrx_word' id='word_1_301' title='bbox 923 2815 979 2854; x_wconf 73' lang='grc' dir='ltr'>ν.</span> <span class='ocrx_word' id='word_1_302' title='bbox 1010 2798 1104 2868; x_wconf 89' lang='grc'>39,</span> <span class='ocrx_word' id='word_1_303' title='bbox 1149 2803 1210 2855; x_wconf 91' lang='lat' dir='ltr'>et</span> <span class='ocrx_word' id='word_1_304' title='bbox 1244 2797 1385 2854; x_wconf 78' lang='lat' dir='ltr'>xvii.</span> <span class='ocrx_word' id='word_1_305' title='bbox 1435 2796 1529 2867; x_wconf 90' lang='lat'>17,</span> <span class='ocrx_word' id='word_1_306' title='bbox 1582 2798 1612 2855; x_wconf 92' lang='lat'>1</span> <span class='ocrx_word' id='word_1_307' title='bbox 1661 2796 1802 2855; x_wconf 86' lang='lat' dir='ltr'>Joh.</span> <span class='ocrx_word' id='word_1_308' title='bbox 1852 2796 1912 2853; x_wconf 90' lang='lat' dir='ltr'>ii.</span> <span class='ocrx_word' id='word_1_309' title='bbox 1964 2796 2059 2867; x_wconf 90' lang='lat'>20,</span> <span class='ocrx_word' id='word_1_310' title='bbox 2124 2795 2163 2852; x_wconf 97' lang='lat'>2</span> <span class='ocrx_word' id='word_1_311' title='bbox 2192 2794 2319 2853; x_wconf 85' lang='lat' dir='ltr'>Pet.</span> <span class='ocrx_word' id='word_1_312' title='bbox 2350 2797 2389 2854; x_wconf 92' lang='lat' dir='ltr'>i.</span> <span class='ocrx_word' id='word_1_313' title='bbox 2422 2796 2515 2867; x_wconf 88' lang='lat'>19,</span> <span class='ocrx_word' id='word_1_314' title='bbox 2572 2799 2716 2872; x_wconf 86' lang='lat' dir='ltr'>quia</span> 
     </span>
     <span class='ocr_line' id='line_1_32' title="bbox 293 2873 2715 2951; baseline 0 -18"><span class='ocrx_word' id='word_1_315' title='bbox 293 2874 602 2949; x_wconf 88' lang='lat' dir='ltr'>Scriptura</span> <span class='ocrx_word' id='word_1_316' title='bbox 627 2877 756 2934; x_wconf 87' lang='lat' dir='ltr'>sola</span> <span class='ocrx_word' id='word_1_317' title='bbox 782 2883 873 2934; x_wconf 88' lang='lat' dir='ltr'>est</span> <span class='ocrx_word' id='word_1_318' title='bbox 897 2875 1322 2951; x_wconf 83' lang='lat' dir='ltr'>perfectissima</span> <span class='ocrx_word' id='word_1_319' title='bbox 1361 2874 1653 2933; x_wconf 87' lang='lat' dir='ltr'>Veritatis</span> <span class='ocrx_word' id='word_1_320' title='bbox 1700 2874 1949 2933; x_wconf 87' lang='lat' dir='ltr'>coelestis</span> <span class='ocrx_word' id='word_1_321' title='bbox 1977 2891 2207 2944; x_wconf 88' lang='lat' dir='ltr'>norma,</span> <span class='ocrx_word' id='word_1_322' title='bbox 2238 2891 2420 2946; x_wconf 85' lang='lat' dir='ltr'>quam</span> <span class='ocrx_word' id='word_1_323' title='bbox 2448 2873 2715 2933; x_wconf 85' lang='lat' dir='ltr'>Ecclesia</span> 
     </span>
     <span class='ocr_line' id='line_1_33' title="bbox 294 2950 2712 3027; baseline 0 -16"><span class='ocrx_word' id='word_1_324' title='bbox 294 2954 587 3011; x_wconf 70' lang='lat' dir='ltr'>columnae</span> <span class='ocrx_word' id='word_1_325' title='bbox 615 2954 804 3012; x_wconf 86' lang='lat' dir='ltr'>instar</span> <span class='ocrx_word' id='word_1_326' title='bbox 829 2954 1155 3012; x_wconf 87' lang='lat' dir='ltr'>ministerio</span> <span class='ocrx_word' id='word_1_327' title='bbox 1184 2972 1294 3012; x_wconf 88' lang='lat' dir='ltr'>suo</span> <span class='ocrx_word' id='word_1_328' title='bbox 1322 2960 1673 3023; x_wconf 81' lang='lat' dir='ltr'>conservat3</span> <span class='ocrx_word' id='word_1_329' title='bbox 1718 2953 1801 3011; x_wconf 87' lang='lat' dir='ltr'>Et</span> <span class='ocrx_word' id='word_1_330' title='bbox 1828 2952 1877 3009; x_wconf 88' lang='lat' dir='ltr'>si</span> <span class='ocrx_word' id='word_1_331' title='bbox 1905 2950 2053 3027; x_wconf 90' lang='lat' dir='ltr'>quid</span> <span class='ocrx_word' id='word_1_332' title='bbox 2083 2951 2367 3026; x_wconf 89' lang='lat' dir='ltr'>Apostoli</span> <span class='ocrx_word' id='word_1_333' title='bbox 2388 2952 2712 3027; x_wconf 73' lang='lat' dir='ltr'>praeconia-</span> 
     </span>
     <span class='ocr_line' id='line_1_34' title="bbox 291 3030 2713 3109; baseline 0.002 -24"><span class='ocrx_word' id='word_1_334' title='bbox 291 3037 510 3088; x_wconf 84' lang='lat' dir='ltr'>verunt</span> <span class='ocrx_word' id='word_1_335' title='bbox 530 3032 732 3103; x_wconf 81' lang='lat' dir='ltr'>verbo,</span> <span class='ocrx_word' id='word_1_336' title='bbox 762 3032 826 3090; x_wconf 91' lang='lat' dir='ltr'>id</span> <span class='ocrx_word' id='word_1_337' title='bbox 853 3039 1057 3109; x_wconf 85' lang='lat' dir='ltr'>postea</span> <span class='ocrx_word' id='word_1_338' title='bbox 1103 3033 1166 3089; x_wconf 92' lang='lat' dir='ltr'>in</span> <span class='ocrx_word' id='word_1_339' title='bbox 1214 3032 1550 3106; x_wconf 85' lang='lat' dir='ltr'>Scripturas</span> <span class='ocrx_word' id='word_1_340' title='bbox 1579 3033 1956 3106; x_wconf 89' lang='lat' dir='ltr'>redegerunt,</span> <span class='ocrx_word' id='word_1_341' title='bbox 2006 3036 2075 3087; x_wconf 89' lang='lat' dir='ltr'>ut</span> <span class='ocrx_word' id='word_1_342' title='bbox 2099 3030 2250 3087; x_wconf 88' lang='lat' dir='ltr'>bene</span> <span class='ocrx_word' id='word_1_343' title='bbox 2279 3030 2554 3089; x_wconf 83' lang='lat' dir='ltr'>observa-t</span> <span class='ocrx_word' id='word_1_344' title='bbox 2584 3030 2713 3089; x_wconf 90' lang='lat' dir='ltr'>Ire-</span> 
     </span>
     <span class='ocr_line' id='line_1_35' title="bbox 291 3106 2706 3187; baseline 0.001 -22"><span class='ocrx_word' id='word_1_345' title='bbox 291 3127 478 3179; x_wconf 75' lang='lat' dir='ltr'>naeuS,</span> <span class='ocrx_word' id='word_1_346' title='bbox 507 3109 612 3169; x_wconf 90' lang='lat' dir='ltr'>lib.</span> <span class='ocrx_word' id='word_1_347' title='bbox 641 3109 723 3167; x_wconf 91' lang='lat' dir='ltr'>iii.</span> <span class='ocrx_word' id='word_1_348' title='bbox 754 3129 878 3187; x_wconf 88' lang='lat' dir='ltr'>cap.</span> <span class='ocrx_word' id='word_1_349' title='bbox 912 3111 964 3169; x_wconf 92' lang='lat'>1.</span> <span class='ocrx_word' id='word_1_350' title='bbox 1050 3112 1256 3185; x_wconf 90' lang='lat' dir='ltr'>Atque</span> <span class='ocrx_word' id='word_1_351' title='bbox 1295 3110 1436 3167; x_wconf 89' lang='lat' dir='ltr'>hinc</span> <span class='ocrx_word' id='word_1_352' title='bbox 1463 3110 1722 3167; x_wconf 86' lang='lat' dir='ltr'>solvitur</span> <span class='ocrx_word' id='word_1_353' title='bbox 1756 3109 1919 3185; x_wconf 90' lang='lat' dir='ltr'>quod</span> <span class='ocrx_word' id='word_1_354' title='bbox 1966 3107 2154 3183; x_wconf 89' lang='lat' dir='ltr'>Stapl.</span> <span class='ocrx_word' id='word_1_355' title='bbox 2184 3106 2405 3183; x_wconf 83' lang='lat' dir='ltr'>excipit</span> <span class='ocrx_word' id='word_1_356' title='bbox 2432 3111 2509 3167; x_wconf 81' lang='lat' dir='ltr'>ad</span> <span class='ocrx_word' id='word_1_357' title='bbox 2551 3109 2706 3185; x_wconf 88' lang='lat' dir='ltr'>Eph.</span> 
     </span>
     <span class='ocr_line' id='line_1_36' title="bbox 290 3185 2709 3265; baseline 0.002 -21"><span class='ocrx_word' id='word_1_358' title='bbox 290 3188 351 3245; x_wconf 92' lang='lat' dir='ltr'>ii.</span> <span class='ocrx_word' id='word_1_359' title='bbox 381 3187 476 3258; x_wconf 90' lang='lat'>20,</span> <span class='ocrx_word' id='word_1_360' title='bbox 505 3207 613 3263; x_wconf 89' lang='lat' dir='ltr'>per</span> <span class='ocrx_word' id='word_1_361' title='bbox 611 3188 1073 3264; x_wconf 79' lang='lat' dir='ltr'>fundamentum</span> <span class='ocrx_word' id='word_1_362' title='bbox 1090 3188 1528 3265; x_wconf 78' lang='lat' dir='ltr'>Prophetarum</span> <span class='ocrx_word' id='word_1_363' title='bbox 1556 3200 1611 3245; x_wconf 84' lang='lat' dir='ltr'>et</span> <span class='ocrx_word' id='word_1_364' title='bbox 1630 3186 2053 3265; x_wconf 74' lang='lat' dir='ltr'>Apostolorum</span> <span class='ocrx_word' id='word_1_365' title='bbox 2071 3185 2331 3261; x_wconf 87' lang='lat' dir='ltr'>intelligi</span> <span class='ocrx_word' id='word_1_366' title='bbox 2359 3188 2709 3248; x_wconf 88' lang='lat' dir='ltr'>Doctrinam</span> 
     </span>
     <span class='ocr_line' id='line_1_37' title="bbox 287 3265 2713 3344; baseline 0.001 -19"><span class='ocrx_word' id='word_1_367' title='bbox 287 3266 710 3341; x_wconf 86' lang='lat' dir='ltr'>praedicatam;</span> <span class='ocrx_word' id='word_1_368' title='bbox 753 3268 816 3325; x_wconf 87' lang='lat' dir='ltr'>N</span> <span class='ocrx_word' id='word_1_369' title='bbox 820 3286 918 3326; x_wconf 88' lang='lat' dir='ltr'>am</span> <span class='ocrx_word' id='word_1_370' title='bbox 945 3287 1084 3326; x_wconf 90' lang='lat' dir='ltr'>cum</span> <span class='ocrx_word' id='word_1_371' title='bbox 1115 3268 1389 3326; x_wconf 79' lang='lat' dir='ltr'>Verbum</span> <span class='ocrx_word' id='word_1_372' title='bbox 1415 3266 1537 3324; x_wconf 84' lang='lat' dir='ltr'>sive</span> <span class='ocrx_word' id='word_1_373' title='bbox 1567 3268 1854 3344; x_wconf 85' lang='lat' dir='ltr'>scriptum</span> <span class='ocrx_word' id='word_1_374' title='bbox 1882 3266 2004 3325; x_wconf 83' lang='lat' dir='ltr'>sive</span> <span class='ocrx_word' id='word_1_375' title='bbox 2029 3265 2421 3342; x_wconf 80' lang='lat' dir='ltr'>praedicatum</span> <span class='ocrx_word' id='word_1_376' title='bbox 2446 3267 2607 3327; x_wconf 90' lang='lat' dir='ltr'>idem</span> <span class='ocrx_word' id='word_1_377' title='bbox 2636 3269 2713 3328; x_wconf 88' lang='lat' dir='ltr'>sit</span> 
     </span>
     <span class='ocr_line' id='line_1_38' title="bbox 291 3342 2712 3423; baseline 0 -20"><span class='ocrx_word' id='word_1_378' title='bbox 291 3342 536 3418; x_wconf 69' lang='grc' dir='ltr'>ουότοδός,</span> <span class='ocrx_word' id='word_1_379' title='bbox 567 3353 627 3407; x_wconf 89' lang='lat' dir='ltr'>et</span> <span class='ocrx_word' id='word_1_380' title='bbox 654 3347 896 3405; x_wconf 86' lang='lat' dir='ltr'>differat</span> <span class='ocrx_word' id='word_1_381' title='bbox 920 3353 1158 3405; x_wconf 85' lang='lat' dir='ltr'>tantum</span> <span class='ocrx_word' id='word_1_382' title='bbox 1186 3346 1415 3404; x_wconf 90' lang='lat' dir='ltr'>ratione</span> <span class='ocrx_word' id='word_1_383' title='bbox 1445 3346 1608 3404; x_wconf 90' lang='lat' dir='ltr'>modi</span> <span class='ocrx_word' id='word_1_384' title='bbox 1652 3346 2069 3416; x_wconf 85' lang='lat' dir='ltr'>revelationis;</span> <span class='ocrx_word' id='word_1_385' title='bbox 2113 3344 2163 3401; x_wconf 88' lang='lat' dir='ltr'>si</span> <span class='ocrx_word' id='word_1_386' title='bbox 2193 3343 2467 3403; x_wconf 90' lang='lat' dir='ltr'>Verbum</span> <span class='ocrx_word' id='word_1_387' title='bbox 2494 3348 2712 3423; x_wconf 81' lang='lat' dir='ltr'>praedi-</span> 
     </span>
     <span class='ocr_line' id='line_1_39' title="bbox 287 3424 2713 3502; baseline 0 -17"><span class='ocrx_word' id='word_1_388' title='bbox 287 3434 481 3484; x_wconf 88' lang='lat' dir='ltr'>catum</span> <span class='ocrx_word' id='word_1_389' title='bbox 530 3434 620 3485; x_wconf 89' lang='lat' dir='ltr'>est</span> <span class='ocrx_word' id='word_1_390' title='bbox 664 3425 1130 3483; x_wconf 86' lang='lat' dir='ltr'>fundamentum</span> <span class='ocrx_word' id='word_1_391' title='bbox 1181 3424 1478 3497; x_wconf 69' lang='lat' dir='ltr'>Ecclesiae,</span> <span class='ocrx_word' id='word_1_392' title='bbox 1525 3425 1790 3502; x_wconf 87' lang='lat' dir='ltr'>idipsum</span> <span class='ocrx_word' id='word_1_393' title='bbox 1834 3427 1908 3483; x_wconf 89' lang='lat' dir='ltr'>de</span> <span class='ocrx_word' id='word_1_394' title='bbox 1958 3424 2268 3500; x_wconf 85' lang='lat' dir='ltr'>Scriptura</span> <span class='ocrx_word' id='word_1_395' title='bbox 2314 3442 2548 3485; x_wconf 88' lang='lat' dir='ltr'>necesse</span> <span class='ocrx_word' id='word_1_396' title='bbox 2596 3426 2713 3485; x_wconf 89' lang='lat' dir='ltr'>erit</span> 
     </span>
     <span class='ocr_line' id='line_1_40' title="bbox 285 3501 2711 3580; baseline 0.001 -19"><span class='ocrx_word' id='word_1_397' title='bbox 285 3505 528 3563; x_wconf 90' lang='lat' dir='ltr'>concedi</span> <span class='ocrx_word' id='word_1_398' title='bbox 551 3527 566 3576; x_wconf 92' lang='lat'>;</span> <span class='ocrx_word' id='word_1_399' title='bbox 607 3505 751 3563; x_wconf 89' lang='lat' dir='ltr'>hinc</span> <span class='ocrx_word' id='word_1_400' title='bbox 780 3502 1024 3575; x_wconf 87' lang='lat' dir='ltr'>Paulus,</span> <span class='ocrx_word' id='word_1_401' title='bbox 1044 3505 1149 3580; x_wconf 90' lang='lat' dir='ltr'>qui</span> <span class='ocrx_word' id='word_1_402' title='bbox 1177 3511 1434 3563; x_wconf 87' lang='lat' dir='ltr'>testatur</span> <span class='ocrx_word' id='word_1_403' title='bbox 1463 3522 1524 3562; x_wconf 90' lang='lat' dir='ltr'>se</span> <span class='ocrx_word' id='word_1_404' title='bbox 1553 3522 1727 3562; x_wconf 91' lang='lat' dir='ltr'>omne</span> <span class='ocrx_word' id='word_1_405' title='bbox 1756 3504 2076 3563; x_wconf 89' lang='lat' dir='ltr'>consilium</span> <span class='ocrx_word' id='word_1_406' title='bbox 2105 3501 2222 3560; x_wconf 88' lang='lat' dir='ltr'>Dei</span> <span class='ocrx_word' id='word_1_407' title='bbox 2248 3502 2558 3579; x_wconf 87' lang='lat' dir='ltr'>discipulis</span> <span class='ocrx_word' id='word_1_408' title='bbox 2586 3506 2711 3563; x_wconf 89' lang='lat' dir='ltr'>suis</span> 
     </span>
    </p>
   </div>
   <div class='ocr_carea' id='block_1_3' title="bbox 283 3581 2805 3659">
    <p class='ocr_par' dir='ltr' id='par_1_5' title="bbox 283 3581 2805 3659">
     <span class='ocr_line' id='line_1_41' title="bbox 283 3581 2805 3659; baseline -0 -19"><span class='ocrx_word' id='word_1_409' title='bbox 283 3584 677 3659; x_wconf 85' lang='lat' dir='ltr'>proposuisse,</span> <span class='ocrx_word' id='word_1_410' title='bbox 708 3583 966 3641; x_wconf 86' lang='lat' dir='ltr'>affirmat</span> <span class='ocrx_word' id='word_1_411' title='bbox 991 3590 1193 3642; x_wconf 87' lang='lat' dir='ltr'>tamen</span> <span class='ocrx_word' id='word_1_412' title='bbox 1219 3602 1280 3642; x_wconf 90' lang='lat' dir='ltr'>se</span> <span class='ocrx_word' id='word_1_413' title='bbox 1309 3590 1478 3641; x_wconf 82' lang='lat' dir='ltr'>extra</span> <span class='ocrx_word' id='word_1_414' title='bbox 1525 3582 1761 3641; x_wconf 89' lang='lat' dir='ltr'>Mosem</span> <span class='ocrx_word' id='word_1_415' title='bbox 1790 3592 1850 3642; x_wconf 89' lang='lat' dir='ltr'>et</span> <span class='ocrx_word' id='word_1_416' title='bbox 1880 3582 2209 3658; x_wconf 88' lang='lat' dir='ltr'>Prophetas</span> <span class='ocrx_word' id='word_1_417' title='bbox 2234 3581 2388 3638; x_wconf 88' lang='lat' dir='ltr'>nihil</span> <span class='ocrx_word' id='word_1_418' title='bbox 2416 3584 2707 3652; x_wconf 89' lang='lat' dir='ltr'>docuisse,</span> <span class='ocrx_word' id='word_1_419' title='bbox 2798 3585 2805 3591; x_wconf 88' lang='grc'><strong>’</strong></span> 
     </span>
    </p>
   </div>
   <div class='ocr_carea' id='block_1_4' title="bbox 281 3659 2710 3819">
    <p class='ocr_par' dir='ltr' id='par_1_6' title="bbox 281 3659 2710 3819">
     <span class='ocr_line' id='line_1_42' title="bbox 284 3659 2710 3737; baseline -0 -18"><span class='ocrx_word' id='word_1_420' title='bbox 284 3662 423 3720; x_wconf 88' lang='lat' dir='ltr'>Act.</span> <span class='ocrx_word' id='word_1_421' title='bbox 452 3682 552 3721; x_wconf 83' lang='lat' dir='ltr'>xx.</span> <span class='ocrx_word' id='word_1_422' title='bbox 585 3662 680 3736; x_wconf 92' lang='lat'>27,</span> <span class='ocrx_word' id='word_1_423' title='bbox 709 3668 770 3719; x_wconf 88' lang='lat' dir='ltr'>et</span> <span class='ocrx_word' id='word_1_424' title='bbox 795 3662 963 3720; x_wconf 82' lang='lat' dir='ltr'>xxvi.</span> <span class='ocrx_word' id='word_1_425' title='bbox 995 3662 1088 3721; x_wconf 87' lang='lat'>22.</span> <span class='ocrx_word' id='word_1_426' title='bbox 1173 3661 1254 3720; x_wconf 88' lang='lat' dir='ltr'>Et</span> <span class='ocrx_word' id='word_1_427' title='bbox 1282 3664 1356 3720; x_wconf 89' lang='lat' dir='ltr'>de</span> <span class='ocrx_word' id='word_1_428' title='bbox 1385 3661 1478 3720; x_wconf 89' lang='lat' dir='ltr'>his</span> <span class='ocrx_word' id='word_1_429' title='bbox 1506 3663 1751 3737; x_wconf 90' lang='lat' dir='ltr'>quidem</span> <span class='ocrx_word' id='word_1_430' title='bbox 1777 3664 2083 3720; x_wconf 79' lang='lat' dir='ltr'>hactenus.</span> <span class='ocrx_word' id='word_1_431' title='bbox 2169 3659 2398 3721; x_wconf 69' lang='lat' dir='ltr'>Caetera</span> <span class='ocrx_word' id='word_1_432' title='bbox 2425 3678 2561 3735; x_wconf 86' lang='lat' dir='ltr'>quae</span> <span class='ocrx_word' id='word_1_433' title='bbox 2588 3662 2710 3718; x_wconf 89' lang='lat' dir='ltr'>huc</span> 
     </span>
     <span class='ocr_line' id='line_1_43' title="bbox 281 3740 2043 3819; baseline -0.001 -22"><span class='ocrx_word' id='word_1_434' title='bbox 281 3742 582 3813; x_wconf 87' lang='lat' dir='ltr'>pertinent</span> <span class='ocrx_word' id='word_1_435' title='bbox 609 3741 888 3817; x_wconf 82' lang='lat' dir='ltr'>proxima</span> <span class='ocrx_word' id='word_1_436' title='bbox 914 3740 1332 3819; x_wconf 82' lang='lat' dir='ltr'>Disputatione</span> <span class='ocrx_word' id='word_1_437' title='bbox 1361 3742 1446 3801; x_wconf 69' lang='grc' dir='ltr'>σὺν</span> <span class='ocrx_word' id='word_1_438' title='bbox 1482 3742 1588 3817; x_wconf 61' lang='lat' dir='ltr'>su?</span> <span class='ocrx_word' id='word_1_439' title='bbox 1615 3742 2043 3819; x_wconf 83' lang='lat' dir='ltr'>expendentur.</span> 
     </span>
    </p>
   </div>
  </div>
 </body>
</html>
