3234 5192
501 316 621 375 282
1167 334 1248 376 ns
1275 332 1564 377 sonosuu
1595 334 1845 377 ornans
1874 334 2295 377 recasurus.
2550 315 2812 399 [msw‘r.
2842 336 2925 378 xv·

582 474 844 536 XXIII.
889 474 1023 536 Hoc
1063 495 1204 537 vero
1245 486 1313 538 ut
1352 479 1575 557 probet,
1622 477 1739 539 duo
1782 478 2025 539 assumit
2051 499 2087 538 a
2112 478 2281 538 nobis
2322 483 2555 556 recepta
2591 477 2921 556 Dogmata3

503 555 674 615 Prius
683 555 755 615 de
767 556 1136 635 inseparabili
1147 578 1306 618 nexu
1327 560 1497 619 Fidei
1515 568 1576 619 et
1597 559 1911 619 charitatis
1928 580 1996 619 ac
2017 560 2299 619 bonorum
2312 558 2591 637 Operum;
2626 559 2919 618 Posterius

500 632 574 695 de
603 636 1044 697 Perseverantia
1071 638 1257 714 Fidei,
1273 639 1691 718 Virtutumque
1715 640 2187 715 Christianarum,
2210 659 2340 700 cum
2359 638 2721 718 gravissimis
2743 638 2917 698 scele-

499 716 676 777 ribus.
750 716 924 777 Unde
951 726 1118 797 putat
1145 718 1336 779 ideam
1363 720 1618 781 Virtutis
1646 730 1706 780 et
1728 720 1877 779 Vitii
1916 722 1999 779 ita
2032 719 2325 795 confundi,
2358 728 2421 779 ut
2447 719 2747 795 utriusque
2775 719 2917 778 ratio

499 798 662 856 nulla
688 799 936 876 amplius
963 798 1232 858 habenda
1272 800 1365 875 sit,
1409 808 1468 859 et
1509 801 1594 859 sic
1636 800 1865 861 Vitium
1906 801 2175 876 Virtutis,
2216 808 2275 860 et
2302 800 2507 860 Virtus
2534 799 2685 859 Vitii
2710 818 2919 859 nomen

501 877 774 953 obtineat,
828 878 998 954 Quod
1039 879 1150 938 hac
1197 880 1418 939 ratione
1467 889 1710 941 conatur
1762 881 2028 941 evincere
2076 901 2211 960 pag.
2267 882 2399 957 187,
2454 883 2491 913 ‘⁴
2513 878 2693 938 Fides
2720 880 2914 955 vera,''

499 956 722 1034 inquit,
760 960 796 991 ‘⁸
815 958 1132 1018 secundum
1179 959 1529 1019 calvinistae
1571 968 1664 1020 est
1704 961 2103 1039 inseparabilis
2130 982 2167 1020 a
2195 960 2528 1021 Virtutibus
2556 960 2917 1035 Christianis,

499 1045 560 1096 et
585 1056 688 1113 per
715 1057 1076 1116 consequens
1115 1060 1152 1099 a
1193 1040 1488 1117 Castitate,
1535 1040 1841 1116 Patientia,
1886 1046 1982 1102 &c.
2067 1043 2154 1100 At
2193 1060 2311 1100 non
2352 1060 2482 1099 raro
2524 1040 2825 1117 contingit,
2855 1048 2921 1099 ut

498 1116 702 1177 fideles
748 1119 812 1177 in
855 1118 1140 1179 adulteria
1179 1120 1343 1180 varia
1385 1130 1446 1180 et
1492 1120 1806 1181 homicidia
1844 1121 2121 1197 incidant,
2164 1142 2282 1181 non
2324 1122 2537 1180 amissa
2563 1130 2756 1180 tamen
2782 1119 2915 1179 fide.

499 1197 661 1275 Ergo
703 1218 820 1259 non
860 1200 1132 1260 amittunt
1171 1200 1346 1260 etiam
1388 1202 1712 1262 castitatem
1754 1209 1813 1261 et
1848 1202 2185 1280 patientiam
2213 1202 2497 1262 adulteria
2523 1207 2583 1260 et
2608 1200 2919 1259 homicidia

499 1277 820 1356 patrando;
866 1280 1065 1358 Atque
1106 1280 1190 1340 ita
1229 1290 1366 1342 sunt
1407 1282 1552 1341 casti
1592 1282 1858 1357 adulteri,
1903 1291 1962 1342 et
1988 1283 2274 1361 patIentes
2301 1280 2661 1341 homicidae.'’
2746 1279 2917 1355 Quod

499 1357 582 1419 ita
602 1359 952 1420 horrendum
971 1361 1082 1439 ipsi
1099 1361 1348 1438 videtur,
1362 1371 1428 1422 ut
1449 1363 1546 1421 vel
1565 1371 1801 1441 propter
1815 1363 1927 1423 hoc
1948 1383 2127 1423 unum
2150 1363 2412 1423 doctrina
2422 1370 2620 1421 nostra
2636 1360 2763 1439 ipsi,
2776 1360 2915 1438 piis-

500 1458 614 1517 que
643 1441 910 1501 omnibus
929 1440 1137 1501 merito
1159 1441 1500 1503 detestanda
1516 1444 1804 1503 videatur.
1850 1444 2070 1503 Verum
2096 1444 2220 1503 baec
2242 1443 2451 1517 omnia,
2482 1462 2613 1519 quae
2642 1442 2915 1519 speciose,

499 1528 558 1578 et
585 1539 798 1598 magno
837 1522 1145 1582 verborum
1187 1531 1468 1600 apparatu
1507 1530 1923 1601 proponuntur,
1973 1523 2142 1583 facile
2180 1524 2501 1597 solvuntur,
2533 1523 2584 1581 si
2612 1522 2833 1581 sincere
2860 1528 2921 1579 et

499 1608 722 1658 remota
741 1601 1030 1660 calumnia
1054 1602 1353 1661 Sententia
1374 1602 1717 1663 Orthodoxa
1733 1601 2086 1662 attenditur:
2132 1604 2228 1662 Ex
2246 1624 2363 1680 qua
2378 1604 2591 1680 quippe
2610 1601 2914 1677 constabit,

499 1679 799 1739 verissime
827 1700 904 1739 ex
935 1680 1560 1758 Scriptura-utrumque
1588 1682 1803 1757 dogma
1830 1683 2009 1739 asseri
2033 1705 2047 1758 ;
2080 1682 2205 1741 Nec
2231 1692 2426 1741 tamen
2452 1682 2565 1741 nisi
2592 1681 2917 1756 falsissime,

499 1776 674 1835 quam
701 1758 836 1817 inde
863 1768 1098 1819 nectant
1126 1762 1598 1837 consequentiam
1624 1780 1797 1838 posse
1824 1760 1975 1819 elici.

581 1838 833 1897 XXIV.
878 1838 1074 1917 Atque
1116 1840 1212 1898 hic
1253 1849 1386 1899 ante
1429 1841 1623 1899 omnia
1664 1840 1972 1900 observare
2012 1840 2167 1916 licet,
2213 1840 2572 1918 iniquissime
2602 1841 2917 1901 Nobiscum

500 1917 575 1977 ab
605 1918 870 1978 Authore
899 1920 1012 1997 agi.
1099 1919 1378 1994 Quamvis
1419 1919 1574 1979 enim
1613 1922 1759 1996 istae,
1804 1938 1951 1998 quas
1978 1940 2055 1979 ex
2083 1919 2345 1979 doctrina
2371 1928 2570 1979 nostra
2597 1921 2755 1979 elicit
2783 1940 2915 1981 con-

499 1999 830 2075 sequentiae,
862 1998 1056 2077 aliqua
1084 2019 1214 2059 cum
1243 2000 1368 2059 veri
1396 2000 1588 2079 specie
1614 2010 1852 2079 possent
1878 2020 1955 2060 ex
1984 2018 2053 2059 ea
2080 2000 2295 2079 colligi,
2326 2009 2391 2059 ut
2418 2001 2539 2077 ipse
2569 2000 2918 2077 arbitratur3

501 2078 648 2138 Cum
673 2085 870 2139 tamen
896 2100 1014 2140 non
1041 2081 1270 2159 ignoret
1295 2100 1395 2139 eas
1435 2100 1471 2139 a
1513 2080 1715 2157 Nobis,
1744 2101 1863 2141 non
1889 2082 2063 2140 modo
2090 2101 2207 2140 non
2236 2081 2491 2159 agnosci,
2522 2080 2627 2139 sed
2654 2089 2925 2139 constan-

499 2158 720 2219 tissime
749 2160 911 2237 rejici
937 2169 1212 2238 tanquam
1239 2161 1448 2239 impias
1475 2169 1534 2220 et
1559 2161 1916 2237 falsissimas,
1941 2164 2057 2221 imo
2085 2162 2393 2221 anathema
2418 2161 2537 2220 illis
2564 2159 2918 2235 denunciari,

499 2240 601 2317 qui
643 2240 914 2317 pestifera
961 2241 1245 2319 ejusmodi
1293 2241 1570 2319 dogmata
1613 2242 1676 2300 in
1726 2242 2049 2301 Ecclesiam
2090 2242 2363 2302 inducere
2405 2242 2729 2301 sustinent:
2774 2240 2919 2299 Cum

499 2320 675 2379 etiam
703 2329 944 2397 constet,
989 2320 1133 2379 nihil
1175 2341 1291 2380 non
1333 2342 1368 2379 a
1411 2322 1596 2380 Nobis
1636 2322 1759 2379 fieri
1788 2322 1863 2380 ad
1892 2321 2403 2380 commendandam
2434 2322 2622 2381 modis
2650 2321 2920 2381 omnibus

505 2398 1046 2475 Sanctificationem,
1080 2400 1158 2459 Et
1185 2401 1246 2459 in
1273 2402 1401 2479 ipsa
1431 2402 1626 2476 Praxi,
1657 2422 1775 2459 non
1802 2402 2009 2476 minus,
2042 2402 2157 2459 imo
2186 2401 2361 2477 longe
2385 2402 2572 2479 majus
2601 2400 2918 2476 deprehen·
2995 2404 3008 2411 ’

501 2477 674 2537 datur
703 2480 962 2556 Pietatis,
993 2490 1052 2540 et
1079 2480 1232 2555 vitae,
1263 2490 1435 2559 prout
1475 2482 1586 2540 fert
1626 2481 1879 2540 humana
1906 2480 2205 2558 fragilitas,
2236 2480 2544 2558 inculpatas
2574 2479 2828 2537 studium
2856 2480 2921 2537 in

503 2558 784 2619 Ecclesiis
811 2561 1040 2637 nostris,
1086 2579 1258 2638 quam
1300 2562 1456 2639 apud
1497 2582 1613 2635 eos,
1660 2561 1761 2638 qui
1802 2578 1965 2620 suam
1994 2560 2237 2619 alibero
2267 2560 2530 2619 Arbitrio
2560 2558 2921 2636 suspendunt

503 2639 1018 2716 Perseverantiam,
1050 2649 1108 2700 et
1136 2642 1422 2701 continuae
1451 2641 1821 2719 trepidationi
1860 2650 2085 2701 mentes
2126 2640 2480 2718 subjiciunt;
2527 2639 2654 2715 Quo
2683 2638 2919 2699 tandem

494 2720 629 2797 jure
657 2722 962 2799 pertendit,
996 2722 1334 2781 Doctrinam
1375 2731 1633 2782 nostram
1673 2730 1977 2799 propterea
2003 2730 2279 2797 tanquam
2306 2740 2603 2779 erroneam
2632 2728 2691 2779 et
2717 2719 2919 2797 pietati

501 2800 738 2859 noxiam
765 2802 990 2862 traduci
1017 2821 1186 2880 posse
1207 2804 1236 2861 Ρ
1317 2802 1462 2878 Quis
1501 2802 1687 2861 nescit
1729 2822 1879 2877 eum,
1924 2802 2023 2878 qui
2052 2800 2267 2878 dogma
2292 2799 2534 2878 aliquod
2560 2810 2770 2875 tuetur,
2800 2819 2919 2859 non

500 2882 696 2941 statim
725 2882 1000 2961 adoptare
1027 2883 1469 2961 consequentias
1511 2902 1729 2957 omneS,
1773 2902 1903 2958 quae
1930 2902 2006 2941 ex
2035 2901 2105 2941 eo
2132 2881 2229 2941 vel
2255 2901 2393 2939 vere
2422 2881 2518 2939 vel
2546 2880 2691 2939 falso
2721 2880 2920 2957 colligi

497 2973 757 3040 possunt,
801 2984 908 3023 nec
950 2964 1064 3023 nisi
1104 2964 1318 3041 injuste
1359 2982 1529 3042 posse
1571 2963 1661 3022 illi
1700 2963 1914 3039 tribui;
1958 2962 2209 3021 maxime
2250 2980 2430 3039 quum
2456 2969 2823 3040 protestatur,
2856 2980 2919 3019 se

499 3062 600 3101 eas
647 3052 771 3103 toto
817 3052 1050 3121 pectore
1092 3045 1364 3118 aversari,
1409 3052 1470 3103 et
1509 3043 1893 3102 alienissimae
1933 3062 2061 3102 esse
2102 3063 2139 3101 a
2177 3050 2369 3101 mente
2414 3062 2535 3117 sua,
2580 3042 2705 3102 sive
2747 3040 2820 3099 ab
2849 3060 2919 3100 ea

501 3141 676 3198 quam
705 3124 1007 3199 profitetur
1033 3123 1193 3182 fide?
1276 3124 1371 3183 Ita
1413 3125 1461 3183 si
1501 3125 1648 3182 nihil
1690 3122 1850 3182 aliud
1877 3133 2216 3199 occurreret,
2247 3142 2323 3181 ex
2349 3123 2461 3181 hoc
2493 3142 2607 3182 uno
2635 3121 2919 3199 injustitia

501 3201 916 3261 criminationis
961 3202 1303 3262 Adversarii
1342 3204 1466 3281 jam
1512 3204 1655 3263 satis
1697 3210 1936 3281 pateret.
2022 3204 2191 3278 Quod
2234 3204 2283 3261 si
2309 3203 2517 3263 liberet
2544 3202 2915 3278 recriminari,

502 3278 688 3353 Quam
737 3281 946 3357 potiori
985 3283 1118 3358 jure
1166 3301 1466 3358 possemus
1515 3282 1873 3343 Adversario
1902 3302 2176 3361 reponere
2204 3283 2581 3359 Theologiam
2614 3282 2913 3357 Moralem,

501 3377 632 3435 quae
661 3360 817 3436 apud
845 3360 1182 3419 Pontificios
1211 3362 1450 3437 obtinet,
1495 3382 1612 3439 qua
1642 3362 1883 3422 Pietatis
1912 3372 1970 3423 et
2002 3363 2337 3422 Sanctitatis
2366 3362 2640 3436 studium,
2672 3382 2787 3422 non
2816 3381 2919 3439 per

501 3439 962 3515 consequentias,
1009 3439 1114 3499 sed
1157 3459 1262 3518 per
1305 3440 1432 3518 ipsa
1478 3442 1770 3519 dogmata,
1819 3462 1939 3501 non
1988 3452 2107 3501 tam
2154 3442 2451 3502 relaxatur
2496 3443 2914 3521 quadantenus,

502 3538 674 3596 quam
719 3520 952 3597 penitus
999 3532 1324 3595 enervatur,
1369 3531 1428 3581 et
1469 3523 1853 3601 corrumpitur
1900 3521 1963 3580 in
2008 3522 2187 3580 variis
2226 3523 2544 3600 Capitibus,
2576 3532 2636 3582 et
2678 3530 2917 3599 peccata

501 3598 675 3658 etiam
717 3600 1079 3677 gravissima,
1122 3620 1240 3660 non
1281 3610 1399 3661 tam
1441 3610 1843 3676 extenuantur,
1874 3621 2049 3679 quam
2078 3602 2483 3679 approbantur,
2516 3612 2575 3662 et
2602 3602 2761 3663 licita
2788 3602 2917 3661 red-

501 3678 732 3757 duntur,
757 3681 914 3758 quod
935 3700 1108 3741 nemo
1133 3682 1258 3741 sine
1277 3682 1512 3741 horrore
1532 3682 1728 3759 legere
1746 3690 1937 3759 potest
1964 3680 2119 3758 apud
2148 3682 2492 3741 Amadaeum
2522 3682 2915 3759 Guimenium,

503 3760 854 3839 Apologiam
885 3762 1300 3836 casuistarum,
1345 3772 1404 3823 et
1445 3762 1825 3839 Theologiam
1856 3761 2141 3819 Moralem
2168 3761 2213 3821 J
2216 3766 2554 3837 esu'itarum,
2588 3773 2647 3823 et
2694 3764 2808 3822 alia
2854 3762 2919 3821 id

501 3860 686 3919 genus
719 3842 962 3919 Scripta,
993 3864 1124 3921 quae
1153 3844 1248 3902 vel
1279 3844 1556 3902 Ecclesiae
1599 3842 1777 3901 totius
1806 3840 2149 3900 sententiam
2177 3842 2448 3917 referunt,
2480 3844 2575 3902 vel
2604 3844 2921 3922 praecipuo-

501 3941 627 3981 rum
671 3923 800 4000 ejus
845 3923 1180 3999 Doctorum,
1225 3924 1326 4001 qui
1365 3942 1484 3983 non
1525 3922 1698 3981 modo
1726 3923 1787 3979 in
1816 3922 1943 3999 ejus
1973 3921 2103 3981 sinu
2130 3922 2339 3981 vivunt
2366 3931 2425 3982 et
2451 3924 2785 3999 tolerantur,
2816 3922 2921 3983 sed

499 4011 560 4061 et
599 4002 830 4080 publice
873 4010 932 4061 et
971 4024 1114 4062 voce
1157 4012 1216 4062 et
1255 4003 1500 4080 scriptiS,
1545 4001 1655 4060 sub
1682 4002 1867 4061 oculis
1893 4001 2077 4079 ipsius
2107 4002 2420 4079 Pontificis,
2452 4022 2635 4081 eoque
2662 4023 2785 4063 non
2812 4003 2917 4061 im-

500 4082 796 4160 probante,
827 4082 1098 4160 pestifera
1125 4084 1238 4141 ista
1265 4082 1539 4159 dogmata
1565 4082 1778 4140 docent
1804 4090 1863 4141 et
1888 4090 2140 4142 tuentur.

587 4162 801 4223 XXV.
846 4163 1064 4223 Verum
1106 4162 1282 4240 longe
1322 4162 1534 4222 clarius
1575 4160 1865 4221 calumnia
1904 4164 2141 4239 patebit,
2172 4171 2477 4241 postquam
2506 4165 2697 4223 visum
2729 4164 2915 4239 fuerit,

503 4241 868 4303 salsissimam
917 4264 1062 4321 esse,
1113 4264 1287 4321 quam
1331 4251 1571 4303 nectunt
1597 4262 1675 4301 ex
1718 4242 2017 4303 Sententia
2056 4244 2166 4302 hac
2206 4252 2405 4303 nostra
2430 4244 2917 4322 consequentiam,

503 4342 636 4399 quoe
682 4325 860 4384 nullis
905 4325 1156 4385 fidiculis
1197 4345 1274 4385 ex
1313 4344 1384 4383 ea
1425 4322 1635 4383 deduci
1675 4324 1875 4401 possit.
1960 4322 2260 4383 Credimus
2302 4344 2441 4383 sane
2482 4324 2711 4384 fidelem
2740 4324 2919 4383 semel

495 4402 894 4479 justificatum,
940 4413 998 4464 et
1039 4407 1102 4465 in
1141 4406 1390 4465 filiorum
1435 4405 1548 4465 Dei
1587 4424 1891 4464 numerum
1932 4415 2242 4483 receptum,
2288 4405 2588 4483 gratiaque
2616 4424 2921 4482 regenera-

505 4480 682 4539 tionis
709 4482 1002 4559 donatum,
1021 4505 1318 4563 nunquam
1345 4505 1518 4563 posse
1545 4486 1645 4545 vel
1670 4486 1927 4546 totaliter
1948 4486 2041 4544 vel
2068 4485 2318 4545 finaliter
2345 4485 2614 4545 excidere
2642 4504 2679 4544 a
2705 4484 2919 4561 gratia3

505 4568 572 4619 ut
611 4558 713 4619 fiat
753 4564 1100 4641 mancipium
1145 4565 1396 4643 Diaboli,
1441 4567 1542 4644 qui
1582 4575 1755 4625 antea
1794 4566 1903 4624 fuit
1942 4564 2097 4625 filius
2140 4566 2271 4631 Dei,
2314 4573 2375 4624 et
2415 4564 2818 4625 exhaeredetur
2858 4564 2920 4622 in

504 4648 799 4715 aeternum,
843 4642 944 4718 qui
985 4644 1162 4701 semel
1203 4645 1389 4705 haeres
1433 4646 1562 4721 Dei,
1605 4653 1667 4706 et
1702 4646 1955 4705 cohaeres
1984 4644 2197 4704 Christi
2226 4644 2411 4703 factus
2440 4654 2567 4706 est:
2614 4645 2691 4703 Et
2718 4643 2921 4722 quidni
