3234 5192
511 341 629 402 398
1054 357 1135 398 nn
1162 354 1642 399 ssusrxcrxoms
1669 353 1908 398 cums-n
1935 355 2353 398 secessim-ra.
2545 332 2810 418 [meror.
2839 356 2924 400 xl.

508 500 735 576 quique
760 499 911 558 adeo
938 498 1165 574 peccati
1188 495 1363 556 istius
1388 495 1800 555 committendi
1841 494 2214 556 occasionem
2257 497 2492 555 nnllam
2539 496 2922 568 habuerunt3

507 580 673 654 quod
698 578 751 636 si
790 577 945 635 mori
992 577 1271 636 dicantur
1322 575 1594 633 homines
1647 575 1982 634 etiamnum
2021 575 2221 646 hodie,
2249 575 2313 634 id
2339 593 2463 634 non
2509 574 2639 632 fieri
2678 575 2922 651 proprie

506 663 749 732 propter
774 673 885 714 sua
909 657 1009 714 vel
1034 655 1237 714 aliena
1262 661 1520 730 peccata,
1549 655 1654 712 sed
1683 671 1755 711 ex
1783 653 2047 712 naturali
2073 672 2283 712 eorum
2325 653 2668 712 conditione
2693 660 2756 712 et
2780 673 2924 729 pro-

504 735 825 810 pagatione
851 734 996 811 quia
1020 753 1095 791 ex
1122 751 1194 793 eo
1218 740 1363 792 sunt
1388 733 1688 808 progeniti
1713 730 1820 808 qui
1849 732 2120 791 mortalis
2143 731 2278 808 fuit,
2307 733 2488 809 plane
2514 739 2584 789 ut
2609 749 2922 791 servorum

504 813 634 872 nati
672 813 857 871 etiam
900 812 1055 870 servi
1101 819 1259 871 sunt.
1302 811 1482 885 Resp.
1524 810 1647 871 Sed
1695 810 1908 868 misere
1949 811 2047 868 hic
2094 811 2561 871 hallucinantur.
2643 810 2810 870 Nam
2861 811 2916 870 1.

506 889 639 950 Etsi
654 909 729 948 ex
752 890 865 948 illa
882 891 1210 965 symbolica
1234 897 1297 948 et
1322 907 1558 947 annexa
1582 889 1676 947 illi
1703 887 1932 948 sanctio
1947 889 2231 964 primario
2251 897 2313 948 et
2337 889 2560 948 directe
2586 890 2714 948 lata
2731 890 2918 948 fuerit

508 969 752 1028 Adamo
778 986 1039 1044 eumque
1064 976 1207 1027 actu
1250 966 1551 1042 obligarit,
1596 968 1742 1044 quia
1767 973 1914 1025 tunc
1941 969 2224 1043 temporis
2251 975 2392 1029 actu
2431 967 2646 1039 extitit,
2673 987 2798 1026 non
2825 987 2920 1027 se·

504 1047 711 1124 quitur
748 1053 968 1118 tamen,
1010 1049 1185 1106 nulla
1221 1047 1455 1106 ratione
1494 1047 1848 1121 pertinuisse
1887 1047 1968 1104 ad
2005 1053 2290 1122 posteros,
2337 1047 2462 1104 imo
2509 1047 2658 1122 quia
2691 1047 2918 1121 posteri

504 1142 711 1183 omnes
736 1125 801 1182 in
830 1125 1075 1184 Adamo
1120 1125 1369 1184 fuerunt
1406 1131 1699 1201 tanquam
1745 1125 1810 1182 in
1835 1124 2030 1199 capite
2067 1132 2129 1183 et
2155 1125 2372 1196 radice,
2421 1124 2562 1183 hinc
2587 1125 2916 1185 necessaria

502 1205 927 1280 consequentia
971 1203 1307 1276 deducitur,
1352 1203 1533 1262 etiam
1576 1203 1642 1261 in
1687 1203 1818 1280 ipso
1846 1210 2092 1264 eatenus
2135 1219 2338 1263 omnes
2385 1203 2684 1279 obligatos
2709 1203 2912 1263 fuisse.

500 1281 719 1358 Neque
766 1284 842 1341 de
888 1300 961 1340 eo
1000 1283 1231 1360 patitur
1270 1301 1382 1341 nos
1422 1282 1698 1340 dubitare
1739 1283 2076 1357 Apostolus
2117 1283 2196 1340 ad
2225 1281 2403 1342 Rom.
2431 1301 2490 1339 v.
2529 1281 2621 1357 12,
2652 1284 2802 1341 dum
2827 1283 2915 1342 ait

502 1366 539 1395 “
562 1379 670 1436 per
710 1379 905 1420 unum
931 1362 1237 1420 hominem
1280 1366 1592 1438 peecatum
1618 1361 1914 1420 introiisse
1959 1361 2025 1418 in
2051 1363 2351 1420 mundum
2383 1368 2446 1420 et
2471 1378 2577 1436 per
2603 1367 2912 1436 peccatum

500 1445 755 1497 mortem
772 1447 833 1500 et
858 1441 945 1499 ita
958 1447 1213 1500 mortem
1232 1439 1297 1500 in
1319 1457 1525 1498 omnes
1540 1439 1883 1515 pervasisse,
1905 1439 1970 1498 in
1987 1440 2148 1516 quo’'
2167 1440 2393 1499 scilicet
2417 1439 2688 1497 homines
2725 1446 2762 1474 “
2781 1457 2910 1498 om-

498 1535 607 1653 ἲὲῗ
614 1517 2096 1672 ἴξᾚῗέᾝὲἕὲᾞὲηῗὲῒιᾛέῗηᾚ
2109 1537 2243 1672 poen¹¹⁰¹¹
2247 1517 2910 1671 ξῗῗὲἐιῖἔῗρὲπωὼῖ

500 1673 593 1730 At
616 1691 756 1731 cum
782 1681 855 1730 ut
888 1674 1111 1732 ibidem
1138 1675 1307 1734 addit
1334 1675 1668 1750 Apostolus
1693 1692 1814 1732 ver.
1860 1675 1953 1748 13,
1997 1681 2034 1710 “
2053 1673 2374 1734 Peccatum
2413 1693 2532 1733 non
2573 1673 2910 1749 imputetur

498 1751 606 1808 ubi
630 1769 753 1808 non
780 1759 870 1810 est
896 1753 1082 1824 Lex,”
1128 1753 1374 1810 omnino
1400 1752 1451 1810 si
1497 1753 1561 1809 in
1585 1752 1828 1810 Adamo
1857 1771 2064 1812 omnes
2109 1761 2433 1828 peccarunt
2457 1759 2518 1812 et
2539 1751 2908 1823 moriuntur,

502 1827 532 1885 1
568 1826 701 1886 Cor.
730 1847 830 1888 xv.
859 1829 955 1901 22,
984 1832 1049 1888 in
1080 1830 1323 1888 Adamo
1356 1830 1541 1888 etiam
1566 1831 1702 1904 lege
1745 1831 1955 1908 aliqua
1993 1832 2247 1908 obligati
2271 1833 2392 1892 sint
2417 1849 2648 1890 necesse
2667 1836 2776 1888 est.
2845 1831 2904 1888 2.

503 1905 812 1982 Scriptura
836 1925 960 1966 non
986 1915 1223 1968 tantum
1249 1909 1313 1964 in
1340 1909 1449 1966 illa
1484 1909 1806 1980 sanctione,
1855 1911 1960 1968 sed
1987 1911 2134 1968 alibi
2173 1912 2396 1987 passim
2421 1916 2676 1969 mortem
2700 1927 2907 1984 pecca·

494 1984 616 2042 tori
634 1983 1072 2045 interminatur.
1118 1986 1253 2045 Imo
1282 1987 1428 2045 dicit
1470 1986 1686 2062 Apost.
1729 2005 1864 2046 eam
1899 2005 2149 2064 regnare
2189 1989 2374 2048 etiam
2415 1989 2482 2046 in
2503 2007 2606 2048 eos
2645 1987 2752 2062 qui
2777 2005 2904 2046 non

495 2068 533 2097 “
554 2071 875 2138 peccarunt
898 2067 979 2124 ad
1006 2065 1461 2123 similitudinem
1488 2066 1970 2140 transgressionis
2001 2068 2219 2139 Adae,”
2247 2068 2474 2126 ibidem
2519 2085 2644 2125 ver.
2686 2065 2779 2137 14,
2823 2065 2904 2124 Id

495 2149 587 2200 est
612 2143 927 2201 actualiter
953 2147 1239 2203 adversus
1264 2143 1459 2220 legem
1488 2143 1658 2201 illam
1686 2144 2094 2219 symbolicam,
2131 2147 2300 2222 quod
2328 2147 2665 2204 luculenter
2690 2145 2906 2221 probat

496 2221 861 2280 sanctionem
888 2241 1021 2282 eam
1048 2241 1171 2280 non
1197 2223 1562 2298 peculiarem
1586 2222 1771 2280 fuisse
1796 2231 2039 2297 peccato
2067 2225 2311 2295 Adami,
2339 2224 2528 2282 sedin
2557 2241 2776 2299 genere
2800 2224 2906 2281 ad-

494 2317 701 2356 versus
728 2317 906 2358 omne
930 2309 1242 2377 peccatum
1268 2301 1688 2377 qualecunque
1719 2301 1964 2359 demum
1991 2302 2086 2372 sit,
2112 2303 2551 2361 denunciatum.
2595 2303 2653 2360 3.
2697 2301 2904 2376 Atque

492 2393 567 2433 eo
594 2377 811 2435 certius
837 2380 953 2437 hoc
978 2379 1282 2453 colligitur
1307 2379 1471 2452 quod
1500 2384 1570 2437 ut
1592 2378 1722 2436 Lex
1747 2377 1856 2434 illa
1883 2379 2150 2453 specialis
2177 2379 2470 2452 Synecdo.
2501 2381 2903 2438 universalem

492 2455 893 2512 obedientiam
920 2457 1053 2514 Deo
1074 2455 1480 2531 praestandam
1496 2455 1998 2529 complectebatur
2017 2457 2382 2536 (symbolum
2399 2457 2559 2514 enim
2577 2458 2702 2518 fuit
2719 2458 2904 2518 totius

492 2533 643 2607 leg-is
668 2533 911 2592 moralis
938 2533 1311 2592 conscientias
1342 2531 1568 2590 Adami
1594 2533 1911 2608 impressae,
1940 2552 2062 2608 quo
2089 2533 2276 2610 ipsius
2317 2534 2724 2596 obedientiam
2749 2538 2813 2595 in
2839 2553 2903 2594 re

493 2628 604 2668 nec
630 2627 853 2686 magna
867 2629 977 2670 nec
1002 2611 1231 2670 difficili
1256 2612 1568 2686 explorare
1594 2609 1817 2688 voluit)
1845 2612 1935 2670 ita
1967 2611 2356 2687 transgressio
2401 2610 2536 2686 ejus
2560 2632 2686 2674 non
2735 2633 2906 2674 man-

492 2689 620 2747 dati
646 2695 883 2749 tantum
908 2691 1090 2766 hujus
1130 2689 1394 2765 positivi,
1422 2691 1526 2748 sed
1568 2689 1721 2764 legis
1747 2690 1932 2748 etiam
1976 2691 2270 2750 naturalis
2310 2691 2426 2767 ipsi
2453 2709 2492 2750 a
2534 2692 2667 2753 Deo
2693 2695 2900 2752 indito

490 2767 881 2827 violationem
908 2787 1109 2828 secum
1136 2769 1335 2827 traxit.
1396 2769 1454 2827 4.
1501 2767 1685 2837 Quod
1711 2785 1854 2826 vero
1897 2771 2132 2828 addunt
2157 2770 2404 2828 taudem
2447 2771 2716 2830 homines
2741 2770 2898 2827 mori

492 2863 615 2905 non
640 2855 885 2924 propter
908 2867 1025 2908 sua
1048 2849 1147 2906 vel
1174 2848 1375 2906 aliena
1406 2853 1665 2924 peccata,
1693 2848 1796 2906 sed
1823 2863 1900 2905 ex
1941 2847 2207 2908 naturali
2253 2854 2494 2906 tantum
2539 2847 2890 2919 conditione,

490 2926 740 3064 ‘33:²02‘
756 2929 1477 3066 ffi‘fflsszmffiz‘ffl
1477 2971 1492 2999 '
1514 2930 1682 3064 ‘5:25'
1681 2924 1938 3065 2122,erss
1951 2926 2892 3064 {zfflfflfflfffflffl

489 3085 715 3156 peccati
742 3027 1107 3161 εᾱροξιᾶὶιιαι
1134 3093 1195 3144 et
1218 3086 1433 3160 legalis
1475 3025 1795 3144 sgnctionis
1818 3086 2096 3144 effectum
2141 3022 2646 3154 declamasessom.
2681 3048 2764 3142 vi.
2795 3081 2893 3154 23,

492 3159 709 3218 Ezech.
738 3165 903 3222 xviii.
932 3165 1027 3222 20.
1110 3163 1463 3222 Moriuntur
1488 3181 1634 3238 ergo
1659 3182 1781 3222 non
1809 3169 2044 3222 tantum
2071 3164 2235 3238 quod
2263 3162 2542 3220 mortales
2569 3178 2644 3220 ex
2670 3167 2895 3220 morta-

488 3235 651 3295 libus
681 3247 1004 3298 nascantur
1030 3259 1137 3316 per
1162 3242 1628 3314 generationem,
1671 3243 1774 3300 sed
1823 3241 1964 3317 quia
1999 3259 2074 3299 ex
2101 3259 2172 3299 ea
2211 3238 2546 3299 traducitur
2585 3248 2896 3315 peccatum

488 3315 664 3389 cujus
691 3317 901 3375 merito
928 3321 1138 3376 mortis
1164 3319 1251 3375 rei
1293 3326 1451 3388 sunt,
1482 3326 1553 3376 ut
1596 3320 1697 3377 hic
1741 3337 1865 3378 non
1885 3321 1988 3377 lex
2011 3325 2252 3378 tantum
2298 3317 2362 3375 N
2363 3323 2548 3375 aturae
2595 3317 2676 3374 sit
2699 3325 2896 3377 atten-

487 3391 707 3462 denda,
737 3396 841 3451 sed
870 3397 1175 3452 occultum
1200 3395 1383 3452 etiam
1409 3394 1452 3454 J
1458 3396 1741 3468 udicium,
1769 3397 1934 3471 quod
1959 3415 2104 3472 erga
2129 3403 2458 3473 peccatores
2483 3411 2544 3451 se
2571 3395 2780 3454 exerit.

570 3470 885 3531 XXXIV.
928 3472 984 3530 2.
1018 3472 1362 3547 Excipitur:
1384 3473 1591 3530 Verba
1608 3473 1720 3530 illa
1748 3474 1942 3550 Legis,
1961 3475 2318 3534 Maledictus
2337 3473 2438 3552 qui
2463 3491 2580 3531 mn
2605 3474 2892 3532 manserit

488 3551 549 3610 ὑι
572 3551 833 3610 omnibus
850 3551 1161 3628 proeceptis
1186 3549 1343 3626 loqu,
1364 3551 1478 3608 etsi
1526 3550 1603 3608 ob
1633 3551 2087 3612 similitudinem
2133 3561 2196 3612 et
2219 3551 2558 3627 analogiam
2587 3553 2894 3627 quandam

486 3637 619 3689 tum
646 3629 879 3689 ratione
905 3631 1097 3704 culpoe
1126 3635 1257 3685 tum
1283 3629 1517 3688 ratione
1542 3647 1734 3704 poenae
1761 3631 1826 3686 in
1853 3630 1927 3689 iis
1973 3649 2262 3706 expreoeae
2297 3632 2374 3690 ad
2401 3647 2500 3688 eos
2526 3649 2767 3706 quoque
2793 3649 2889 3689 ac-

486 3709 853 3768 commodari
878 3708 1107 3785 possint
1132 3706 1239 3784 qui
1266 3708 1379 3765 sub
1405 3709 1539 3782 lege
1564 3725 1688 3765 non
1717 3708 2016 3781 vixerunt,
2043 3717 2106 3768 et
2131 3711 2216 3768 sic
2243 3711 2321 3768 ad
2361 3709 2672 3768 universos
2697 3711 2892 3768 homi-

484 3807 590 3846 nes
616 3788 875 3859 extendi,
902 3787 1234 3864 praesertim
1254 3793 1572 3862 postquam
1591 3786 1714 3845 illis
1741 3787 1891 3863 legis
1916 3805 2037 3846 vox
2063 3795 2126 3847 et
2149 3789 2446 3846 sententia
2471 3789 2678 3864 aliquo
2706 3790 2889 3846 modo

484 3867 785 3926 innotuit:
828 3867 1055 3926 Tamen
1083 3866 1135 3924 si
1160 3871 1361 3923 textus
1396 3865 1760 3925 consulatur·
1789 3874 1993 3943 patere
2019 3869 2184 3941 quod
2213 3868 2294 3925 ad
2320 3867 2480 3926 solos
2503 3866 2550 3925 J
2553 3868 2758 3924 udaeos
2785 3867 2890 3942 qui

484 3947 755 4021 sublege
781 3946 1052 4004 Moesica
1092 3943 1374 4001 vixerunt
1424 3961 1634 4002 revera
1669 3951 1733 4003 et
1776 3945 2014 4021 proprie
2049 3945 2419 4021 pertineant3
2459 3945 2526 4003 N
2529 3963 2610 4003 on
2635 3945 2796 4002 enim
2821 3947 2892 4004 fit

483 4025 829 4100 simpliciter
855 4023 1033 4101 Leqis
1052 4021 1279 4081 mentio
1298 4029 1369 4080 ut
1388 4021 1579 4098 possit
1604 4023 1738 4099 quis
1758 4036 2179 4100 quamcunque
2199 4025 2397 4099 legem
2421 4024 2607 4083 etiam
2631 4022 2886 4081 Naturae

480 4103 581 4161 hic
604 4103 957 4178 intelligere,
978 4104 1085 4160 sed
1112 4099 1290 4178 Leqis
1308 4099 1484 4177 hujus
1510 4109 1577 4160 ut
1602 4104 1683 4160 ad
1703 4099 2038 4160 Mosai‘cam
2059 4103 2492 4177 resti-iugatum
2535 4103 2664 4160 Lex
2685 4108 2888 4158 autem

482 4180 753 4240 Mosaica
778 4182 921 4241 solis
946 4181 991 4240 J
992 4181 1183 4239 udoeis
1208 4180 1473 4238 revelata
1498 4186 1607 4252 cst,
1635 4197 1704 4239 ac
1749 4181 2000 4256 proinde
2027 4181 2158 4256 ejus
2207 4181 2438 4240 sanctio
2479 4199 2614 4256 quoe
2641 4179 2762 4237 fuit
2783 4179 2892 4237 foe-

481 4259 639 4318 deris
668 4260 833 4319 illius
860 4261 1167 4338 quoddam
1194 4258 1383 4317 velun·
1408 4259 1740 4330 vinculum,
1767 4275 1891 4336 quo
1917 4261 2192 4318 homines
2211 4259 2318 4335 qui
2346 4260 2427 4317 ad
2453 4259 2610 4317 inud
2639 4258 2893 4333 pertine-

478 4337 643 4408 bant,
672 4340 749 4395 ad
788 4339 1157 4398 conditiones
1192 4337 1323 4413 ejus
1360 4355 1565 4398 omnes
1606 4339 1930 4397 servandas
1973 4337 2472 4414 astringebantur.
2557 4335 2736 4412 Resp.
2768 4335 2894 4394 Lex

480 4413 755 4471 Μοεαϊσα
781 4425 976 4491 potest
994 4417 1270 4475 bifariam
1290 4417 1558 4493 spectari,
1589 4416 1678 4474 vel
1688 4417 2046 4494 formaliter,
2069 4423 2370 4492 quatenus
2397 4423 2488 4474 est
2507 4415 2731 4472 tabulis
2751 4432 2892 4473 con-

480 4489 718 4564 signata
754 4511 825 4550 ac
863 4512 971 4568 per
1010 4495 1246 4552 Mosem
1284 4496 1509 4554 tradita
1548 4513 1686 4553 cum
1739 4495 2166 4570 appendicibus
2211 4495 2519 4555 variorum
2557 4493 2790 4551 rituum
2830 4498 2892 4549 et

480 4569 987 4641 caeremoniarum,
1014 4573 1104 4628 vel
1128 4573 1513 4630 materialiter
1537 4581 1834 4648 quatenus
1861 4574 2256 4632 substantiam
2297 4573 2722 4631 mandatorum
2747 4589 2892 4629 con-

479 4646 631 4704 tinet
657 4645 877 4721 quibus
902 4655 1175 4706 creatura
1198 4667 1347 4722 erga
1385 4651 1728 4708 Creatorem
1753 4669 1934 4710 suum
1961 4652 2281 4726 obligatur.
2335 4649 2534 4710 Priori
2559 4667 2738 4708 sensu
2767 4667 2890 4706 non
