3234 5192
527 326 640 383 3:28
1249 339 1326 382 ns
1359 338 1648 382 mensim
1678 338 1850 381 xums
1880 342 1957 381 ετ
1986 342 2185 383 imnis.
2538 322 2797 405 [msrc'r.
2827 342 2936 385 vn.

532 482 700 557 Quod
730 502 874 561 opus
904 492 1018 542 tam
1050 483 1385 543 admirabile
1429 484 1618 541 visum
1670 492 1844 543 estet
1890 485 2037 543 tanti
2080 484 2357 543 momenti
2406 483 2481 542 ad
2526 484 2941 545 institutionem

529 564 788 621 fidelium
831 564 1218 641 Scriptoribus
1248 565 1441 639 sacrm,
1499 574 1566 623 ut
1611 564 1926 641 saepissime
1981 566 2108 642 ejus
2162 566 2509 624 mentionem
2559 565 2743 623 facere
2774 574 2831 623 et
2872 586 2942 624 eo

532 644 814 720 respicere
845 645 1150 718 voluerint,
1181 653 1248 703 ut
1277 644 1431 702 Psal.
1459 644 1693 702 lxxviii.
1730 648 1819 719 13,
1862 653 1921 703 ct
1950 646 2102 703 cxiv.
2150 648 2205 721 3,
2239 648 2293 721 5,
2326 653 2383 704 et
2424 645 2661 703 cxxxvi.
2698 648 2788 720 13,
2822 646 2938 703 Isa.

533 724 678 781 xliii.
709 729 764 799 2,
801 726 891 799 16,
925 734 982 783 et
1011 726 1148 783 alibi
1178 744 1295 783 non
1324 724 1518 782 semel.

619 804 735 861 IX.
783 804 914 863 Non
955 826 1061 863 nos
1101 805 1244 863 latet
1273 804 1556 881 equidem,
1589 803 1791 861 atheos
1818 812 1878 863 et
1904 803 2205 864 libertinos
2234 804 2459 863 cavillis
2488 803 2607 863 suis
2636 804 2809 863 fidem
2838 805 2938 864 isti

533 884 813 943 miraculo
859 905 1204 963 quocunque
1259 884 1432 941 modo
1488 883 1683 941 conari
1726 884 2025 942 detrahere
2050 907 2063 960 ;
2110 885 2268 943 Hinc
2323 884 2555 961 quidam
2614 904 2686 942 ex
2738 884 2939 943 schola

539 964 843 1041 Porphyrii
872 973 938 1023 ut
965 965 1303 1022 miraculum
1359 963 1671 1039 elevarent,
1714 964 2115 1023 confinxerunt
2144 964 2368 1023 Mosem
2396 964 2805 1041 peritissimum
2834 984 2935 1021 na-

533 1053 677 1103 turae
707 1044 1045 1103 observasse
1076 1054 1276 1103 aestum
1323 1044 1614 1120 Erythraei
1648 1044 1839 1137 maris,
1883 1052 1943 1102 et
1979 1044 2251 1103 refluente
2296 1044 2397 1102 illo
2426 1064 2561 1103 suos
2589 1044 2935 1119 traduxisse,

536 1124 895 1183 Pharaonem
925 1133 1116 1184 autem
1145 1133 1203 1184 et
1231 1123 1552 1217 AEgyptips
1593 1123 1654 1181 id
1682 1124 2033 1199 ignorantes,
2079 1144 2208 1183 cum
2252 1125 2439 1201 ipsum
2470 1124 2631 1201 sequi
2660 1144 2934 1182 conaren-

535 1214 643 1279 tur,
675 1204 855 1263 fluctu
884 1205 1059 1263 maris
1088 1204 1324 1263 obrutos
1353 1204 1628 1281 periisse3
1674 1204 1799 1261 Alii
1840 1212 2075 1262 ventum
2110 1206 2503 1263 vehementem
2536 1206 2789 1281 potuisse
2814 1205 2937 1263 sine

537 1285 812 1344 miraculo
856 1287 1163 1344 scissuram
1183 1286 1332 1343 hanc
1361 1284 1582 1354 faeere;
1630 1283 1753 1341 Alii
1784 1283 2048 1361 denique,
2079 1286 2286 1361 magiae
2316 1284 2541 1343 Mosem
2586 1285 2936 1360 insimulant,

534 1366 633 1443 qui
663 1366 990 1445 praestigiis,
1021 1366 1396 1424 mendacibus
1423 1364 1706 1441 prodigiis
1732 1364 1946 1441 populo
1975 1365 2329 1442 imposuerit,
2374 1373 2440 1422 ut
2468 1364 2801 1423 viderentur
2830 1330 2943 1423 sibi

535 1446 779 1505 transire
810 1448 962 1505 sicco
1003 1446 1150 1524 pede
1193 1466 1348 1504 mare
1377 1445 1632 1519 rubrum,
1664 1445 1820 1521 quod
1862 1464 1980 1503 non
2034 1444 2274 1504 fecerint
2324 1454 2533 1518 tamen,
2579 1444 2674 1503 vel
2731 1464 2941 1502 manna

533 1526 708 1603 pasci,
768 1536 826 1586 ct
853 1527 1018 1604 aquis
1074 1546 1149 1585 ex
1205 1546 1344 1603 rupe
1393 1524 1594 1601 potari,
1648 1544 1777 1582 cum
1835 1533 2026 1584 tamen
2074 1525 2219 1582 nihil
2262 1524 2451 1602 reipsa
2473 1526 2587 1583 tale
2617 1524 2940 1601 contigerit.

535 1606 751 1664 Verum
805 1608 1031 1666 vanitas
1085 1606 1286 1664 talium
1315 1606 1720 1681 figmentorum
1776 1603 1945 1663 facile
2000 1604 2267 1682 dignosci
2293 1614 2516 1682 potest3
2564 1605 2711 1662 Nam
2752 1605 2946 1681 quoad

533 1687 710 1762 priuS,
757 1686 896 1763 quid
952 1684 1258 1744 absurdius
1313 1705 1484 1761 quam
1544 1684 1796 1743 tribuere
1847 1685 2013 1744 aestui
2078 1685 2269 1759 maris,
2328 1685 2424 1743 vel
2466 1693 2640 1743 vento
2695 1685 2945 1743 naturali

536 1765 870 1823 scissionem
927 1766 1114 1839 istam,
1183 1786 1298 1841 qua
1363 1784 1527 1841 aquae
1581 1764 1719 1821 hinc
1794 1764 1927 1823 inde
1983 1764 2165 1823 instar
2224 1765 2375 1823 muri
2438 1764 2813 1838 constiterint,
2879 1776 2945 1824 ut

536 1845 596 1902 in
623 1844 814 1903 medio
871 1846 966 1903 via
1019 1848 1288 1922 pateret?
1329 1844 1511 1902 fateor
1558 1843 1791 1920 quidem
1835 1852 2038 1903 aestum
2078 1846 2137 1902 in
2180 1864 2412 1904 recessu
2454 1846 2657 1919 facere,
2690 1853 2754 1903 ut
2778 1844 2946 1904 littus

534 1925 709 1983 maris
737 1925 1048 2001 aliquando
1077 1924 1242 2001 aquis
1271 1924 1632 1997 destituatur,
1666 1932 1724 1981 et
1750 1933 1989 1983 ventum
2017 1944 2186 2001 posse
2229 1925 2303 1983 ad
2345 1925 2610 2002 quaedam
2655 1934 2945 1983 momenta

536 2024 766 2064 cursum
794 2006 1040 2083 alicujus
1067 2004 1231 2063 fluvii
1262 2004 1478 2078 sistere,
1515 2013 1576 2063 ut
1605 2004 1795 2062 visum
1824 2025 1940 2062 non
1968 2006 2051 2063 ita
2072 2005 2295 2083 pridem
2322 2006 2383 2063 in
2414 2006 2699 2064 Rhodano
2728 2014 2943 2063 nostre.

535 2086 755 2145 Verum
783 2086 882 2145 ubi
925 2104 1178 2163 unquam
1206 2085 1368 2143 visus
1397 2093 1484 2143 est
1529 2084 1788 2143 scindere
1817 2086 2005 2162 ipsum
2033 2094 2189 2144 mare
2228 2085 2533 2144 latitudine
2562 2093 2808 2162 quatuor
2835 2084 2944 2143 cir-

534 2167 676 2226 citer
702 2167 1012 2242 leucarum,
1036 2173 1208 2243 prout
1232 2165 1328 2223 hic
1357 2166 1596 2223 scissum
1623 2164 1849 2241 dicitur,
1873 2174 1939 2224 ut
1956 2165 2146 2224 media
2167 2173 2328 2242 parte
2358 2166 2573 2225 siccum
2597 2166 2938 2243 apparuerit,

533 2248 668 2306 hinc
699 2267 835 2305 vero
864 2256 923 2306 et
949 2246 1083 2304 inde
1122 2266 1286 2322 aquae
1328 2245 1725 2319 consisterent,
1757 2266 1872 2304 non
1918 2245 1991 2303 ad
2033 2255 2338 2319 momenta,
2386 2246 2489 2304 sed
2516 2245 2590 2303 ad
2618 2246 2813 2323 plures
2838 2246 2939 2303 ho-

531 2346 626 2385 ras
642 2329 671 2384 ?
702 2326 926 2385 Deinde
957 2327 1004 2384 si
1030 2328 1227 2383 Moses
1247 2325 1422 2384 talem
1447 2334 1649 2383 aestum
1680 2326 2060 2401 observasset,
2092 2346 2165 2383 an
2184 2326 2475 2384 versimile
2497 2333 2585 2385 est
2603 2326 2941 2403 AEgyptios,

533 2406 632 2483 qui
681 2406 755 2463 ad
800 2426 954 2464 mare
1010 2405 1365 2479 habitabant,
1423 2404 1534 2462 hoc
1589 2405 1903 2481 ignorasse,
1962 2414 2021 2464 et
2073 2406 2523 2482 praesentissimo
2577 2406 2832 2483 periculo
2880 2425 2943 2464 se

533 2505 822 2563 exponere
853 2485 1150 2543 voluisse?
1235 2484 1334 2542 Ad
1363 2484 1604 2541 alterum
1648 2504 1784 2542 vero
1807 2485 1877 2543 de
1902 2484 2218 2561 impostura
2236 2486 2438 2561 Mosis‚
2470 2485 2826 2545 mendacium
2853 2496 2943 2545 est

535 2565 1056 2637 mendacissimum,
1102 2565 1257 2640 quod
1301 2564 1745 2622 circumstantiae
1794 2584 1991 2622 omnes
2020 2573 2307 2641 arguunt:
2353 2566 2501 2623 Nam
2561 2566 2612 2624 si
2664 2566 2943 2643 impostor

534 2646 644 2704 fuit
715 2647 928 2719 MoseS,
954 2646 1053 2721 qni
1099 2644 1392 2703 Israelitas
1435 2643 1699 2720 decipere
1728 2645 1993 2719 voluerit,
2033 2645 2095 2702 id
2118 2644 2329 2704 factum
2358 2646 2562 2723 procul
2582 2646 2775 2720 dubie,
2807 2646 2945 2723 quia

534 2727 788 2803 speravit
815 2746 876 2785 se
907 2726 966 2784 id
999 2725 1278 2784 Israelitis
1300 2744 1703 2802 persuasurum
1726 2748 1740 2800 3
1790 2724 1906 2783 Sed
1942 2745 2057 2802 quo
2078 2725 2311 2785 tandem
2340 2735 2510 2804 pacto
2532 2726 2719 2803 potuit
2744 2726 2855 2783 hoc
2884 2725 2943 2783 in

535 2808 768 2865 aninum
799 2806 1070 2865 inducere
1101 2826 1285 2881 suum,
1338 2824 1468 2863 eum
1497 2804 1571 2862 ad
1622 2825 1721 2863 eos
1751 2806 2041 2881 scriberet,
2093 2807 2191 2883 qui
2242 2807 2339 2865 vel
2386 2807 2557 2866 auriti
2606 2807 2701 2865 vel
2729 2806 2941 2865 oculati

533 2897 712 2947 testes
741 2908 930 2947 rerum
963 2895 1254 2964 gestarum
1284 2886 1530 2959 fuerunt,
1564 2905 1694 2943 cum
1738 2884 1809 2943 de
1839 2886 1911 2944 iis
1940 2886 2231 2961 scriberet,
2264 2908 2377 2945 non
2426 2907 2557 2964 quae
2600 2895 2734 2945 ante
2762 2885 2943 2944 multa

535 2969 746 3027 saecula
792 2977 957 3045 gesta
999 2976 1176 3041 erant,
1211 2966 1314 3025 sed
1361 2966 1471 3024 hoc
1520 2966 1647 3042 ipso
1694 2974 1967 3043 tempore,
2019 2986 2135 3025 non
2190 2968 2339 3025 clam
2369 2975 2427 3026 et
2475 2968 2533 3025 in
2582 2967 2814 3044 angulo,
2846 2966 2939 3024 vel

534 3058 708 3107 noctu
753 3062 810 3107 et
839 3068 1030 3107 eciam
1061 3047 1260 3125 paucis
1301 3046 1564 3121 testibus,
1596 3046 1697 3122 qui
1725 3046 1892 3105 facile
1922 3048 2209 3125 corrumpi
2235 3048 2575 3124 potuissent,
2608 3046 2711 3105 sed
2750 3046 2939 3124 palam

534 3140 590 3187 et
621 3130 729 3186 sub
759 3129 940 3187 oculis
971 3136 1374 3186 sexcentorum
1403 3092 1647 3183 milliinn
1676 3126 1992 3201 hominum,
2038 3128 2137 3204 qui
2182 3136 2447 3203 poterant
2488 3128 2615 3203 ejus
2643 3126 2945 3185 mendacia

533 3212 820 3283 arguere?
907 3208 998 3264 An
1029 3208 1217 3284 potuit
1246 3226 1474 3282 sperare
1517 3205 1739 3263 nullum
1791 3216 2077 3283 repertum
2106 3207 2176 3262 iri
2218 3206 2278 3262 in
2322 3205 2551 3281 popu10,
2584 3206 2687 3281 qui
2714 3206 2787 3263 de
2816 3207 2946 3265 istis

535 3286 842 3360 dubitaret,
874 3287 968 3343 vel
993 3287 1093 3362 qui
1121 3286 1196 3344 ab
1225 3286 1531 3362 AEgyptiis
1561 3305 1748 3343 rerum
1780 3294 2069 3361 gestarum
2099 3284 2397 3341 veritatem
2428 3302 2545 3340 non
2580 3285 2951 3359 requireret?

535 3366 762 3423 Rursus
803 3366 1091 3457 quomodo
1133 3365 1412 3423 fascinare
1440 3365 1630 3442 potuit
1658 3365 1855 3423 oculos
1896 3371 2069 3423 tantae
2106 3361 2509 3435 multitudiniS,
2552 3370 2619 3421 ut
2646 3362 2949 3423 crederent

537 3465 598 3503 se
639 3445 882 3502 transire
913 3444 1066 3503 sicco
1115 3445 1260 3521 pede
1289 3464 1444 3504 mare
1485 3445 1739 3519 rubrum,
1771 3444 1925 3521 quod
1956 3461 2069 3500 non
2124 3442 2364 3501 fecerint
2415 3450 2626 3518 tamen,
2656 3442 2756 3500 vel
2781 3461 2945 3502 man-

537 3545 610 3583 na
667 3524 992 3599 sustentari,
1051 3524 1207 3601 quod
1261 3544 1378 3582 non
1435 3524 1812 3602 gustaverint,
1856 3523 1953 3581 vel
2008 3523 2173 3599 aquis
2214 3522 2417 3599 potari,
2449 3542 2594 3599 quas
2634 3542 2752 3581 non
2780 3523 2943 3583 vide-

535 3607 696 3665 rint?
779 3604 1042 3682 Denique
1087 3605 1135 3662 si
1163 3604 1535 3681 impostorem
1581 3604 1702 3681 egit
1752 3605 1966 3677 Moses,
2000 3602 2117 3660 Cur
2158 3603 2269 3661 hoc
2298 3603 2383 3661 illi
2412 3622 2707 3681 nunquam
2736 3623 2942 3681 expro-

535 3688 706 3745 brant
749 3685 1071 3744 Israelitae?
1098 3685 1199 3761 qui
1228 3685 1438 3761 saepius
1465 3692 1887 3743 murmurantes
1910 3683 2189 3741 adversus
2206 3683 2413 3761 ipsum,
2444 3702 2560 3741 non
2581 3684 2946 3743 reticuissent

537 3767 786 3837 omnino,
820 3767 868 3824 si
897 3765 1039 3841 quid
1067 3765 1181 3823 tale
1204 3764 1275 3821 de
1305 3765 1430 3841 ipso
1474 3764 1898 3823 credidissent?

619 3848 701 3904 X.
747 3845 890 3904 Non
919 3844 1133 3902 inutile
1162 3848 1363 3901 autem
1392 3850 1480 3901 est
1497 3861 1778 3917 quaerere,
1811 3844 1913 3901 An
1941 3850 2103 3901 recta
2141 3842 2426 3901 Israe'litae
2464 3842 2806 3901 transierint
2840 3862 2947 3919 per

536 3944 696 3983 mare
723 3925 972 3982 rubrum
1003 3942 1076 3980 ex
1104 3922 1306 3979 littore
1336 3922 1590 3995 Aigypti
1619 3940 1813 3997 usque
1842 3922 1900 3977 in
1920 3921 2093 3979 littus
2114 3922 2445 3981 Arabicum
2458 3921 2552 3977 illi
2572 3922 2944 3996 oppositum3

541 4007 639 4063 An
671 4024 811 4062 vero
841 4004 940 4059 via
967 3999 1388 4059 semicirculari
1415 4000 1478 4055 in
1507 4000 1705 4056 medio
1734 4017 1895 4056 mare
1921 4000 2097 4071 facta,
2117 4019 2191 4058 ex
2208 3999 2462 4075 AEgypti
2478 4000 2679 4057 littore
2698 4000 2947 4075 profecti

539 4084 600 4140 in
630 4085 788 4140 idem
816 4082 988 4139 littus
1031 4078 1248 4136 reversi
1293 4077 1562 4134 fuerint?
1646 4077 1890 4135 Certum
1930 4078 2174 4152 quidem
2220 4079 2283 4135 in
2322 4079 2439 4136 ista
2484 4096 2613 4136 esse
2660 4079 2950 4136 sententia

537 4163 740 4236 plures
771 4180 846 4218 ex
872 4159 1126 4229 «ludaeis,
1157 4157 1264 4233 qui
1289 4157 1508 4214 volunt
1553 4156 1843 4229 populum
1874 4156 2010 4213 ideo
2046 4164 2281 4215 tantum
2306 4176 2472 4215 mare
2500 4157 2851 4231 ingressum,
2880 4164 2951 4214 ut

539 4242 973 4297 suffocarentur
1003 4236 1297 4313 wigyptii,
1327 4237 1596 4309 adeoque
1645 4234 1844 4309 aliquo
1886 4254 2078 4309 usque
2125 4254 2503 4311 progressum
2551 4254 2657 4310 per
2702 4236 2951 4292 modum

540 4318 891 4375 semicirculi
919 4319 1159 4376 rediisse
1187 4316 1264 4374 ad
1293 4315 1453 4372 idem
1480 4313 1689 4385 littus3
1729 4334 1863 4389 quae
1894 4314 2129 4372 videtur
2155 4316 2397 4386 firmari,
2425 4323 2556 4371 tum
2585 4332 2657 4371 ex
2688 4331 2759 4370 eo
2786 4314 2951 4388 quod

543 4394 830 4451 Israelitae
859 4396 1138 4453 viderunt
1167 4396 1458 4452 cadavera
1487 4360 1959 4469 AEgyptiorum
1944 4411 2007 4449 ιιι
2051 4394 2270 4463 littore,
2320 4392 2540 4451 scilicet
2570 4392 2951 4467 AEgyptia00‚

542 4474 704 4545 quod
715 4474 1262 4548 eratpropinquius,
1283 4492 1402 4531 non
1420 4472 1842 4543 Arabico‚tu.m
1854 4490 1927 4529 ex
1938 4489 2009 4528 eo
2033 4472 2215 4547 quod,
2237 4470 2425 4529 Num.
2446 4472 2652 4530 xxxiii.
2676 4473 2732 4541 8,
2746 4471 2955 4527 dicun-

543 4556 643 4603 tur
670 4548 781 4605 iter
805 4548 1009 4606 fecisse
1038 4570 1142 4623 per
1169 4552 1468 4606 desertum
1498 4550 1719 4619 Ethan‚
1750 4552 1911 4625 quod
1944 4550 2121 4606 situm
2154 4558 2243 4607 est
2291 4552 2369 4606 ad
2396 4549 2567 4606 littus
2594 4550 2777 4608 maris
2806 4549 2954 4606 occi-

541 4627 780 4682 dentale
809 4627 1104 4681 ‹lesertum
1136 4634 1422 4698 spectans,
1454 4629 1556 4683 ubi
1585 4634 1724 4683 ante
1755 4628 2081 4697 ingressum
2100 4628 2227 4700 jam
2260 4635 2460 4685 erant:
2508 4629 2755 4686 Act-edit
2774 4627 2955 4684 etiam
