3234 5192
560 302 681 367 744
1138 312 1217 355 nn
1259 314 1609 357 conconma
1637 314 1822 356 num
1865 314 1940 355 nr
1979 314 2213 370 nicom,
2245 314 2372 355 nrc.
2537 299 2804 374 [msrur.
2841 314 3029 358 xxv.

646 456 908 518 XXIII.
954 457 1121 518 Licet
1147 468 1336 518 autem
1369 459 1495 517 haec
1522 456 1818 517 distinctio
1845 456 1983 515 fidei
2025 457 2270 517 multum
2294 457 2416 536 jam
2447 457 2704 517 conferat
2731 457 2812 517 ad
2844 478 3022 518 con-

560 539 911 599 ciliationem
940 558 1113 617 quam
1140 539 1470 616 quaerimus,
1499 558 1619 597 non
1639 546 1834 597 tamen
1879 538 2004 596 sola
2031 536 2289 597 sufficere
2317 546 2524 616 potest,
2555 538 2666 597 nisi
2689 546 2750 597 et
2791 540 3016 597 Justi-

551 621 753 699 ficatio
802 618 1208 696 distinguatur.
1259 620 1405 678 Cum
1434 618 1585 677 enim
1633 619 1677 678 J
1679 618 1896 677 acobus
1939 637 2058 677 non
2103 616 2258 677 dicat
2285 625 2510 677 tantum
2536 618 2832 677 hominem
2861 638 3013 678 non

556 699 865 777 justificari
911 699 1043 775 fide,
1096 699 1199 758 sed
1251 698 1556 777 pertendat
1602 698 1910 775 justificari
1965 698 2252 775 operibus,
2304 698 2462 776 quod
2513 706 2692 775 negat
2757 698 3010 759 diserte

566 780 801 856 Paulus,
844 779 1223 839 contradictio
1250 780 1423 857 plane
1449 778 1579 838 tolli
1625 798 1744 837 non
1783 778 1995 855 poterit
2041 778 2154 836 nisi
2207 798 2339 838 cum
2385 778 2501 836 fide
2545 778 3008 856 distinguamus

570 861 745 919 etiam
772 858 1241 936 Justiflcatt'onem
1268 866 1327 918 et
1352 858 1726 937 Justiflcandi
1747 860 1989 933 verbum,
2019 858 2284 917 bifariam
2313 858 2467 918 enim
2495 858 2646 917 sumi
2671 867 2885 935 potest,
2925 871 3004 920 et

562 959 683 999 non
710 940 889 998 semel
909 947 1217 1017 usurpatur
1244 939 1305 996 in
1336 939 1650 1016 Scriptura,
1681 939 1780 997 vel
1805 958 1908 1015 pro
1930 939 2342 1016 Justaflcatione
2370 940 2514 1015 ipsa,
2541 940 2656 997 hoc
2683 946 2772 997 est
2799 940 2996 999 abso-

564 1019 784 1079 lutione
814 1019 915 1077 illa
942 1038 1113 1095 quam
1136 1038 1212 1077 ex
1232 1019 1277 1077 J
1279 1018 1491 1077 ustitiae
1511 1018 1728 1078 Christi
1747 1019 2124 1096 imputatione
2147 1019 2554 1096 consequimur
2579 1018 2734 1096 apud
2757 1020 2992 1096 Deum,

564 1101 663 1159 vel
690 1119 794 1177 pro
822 1098 1083 1177 ejusdem
1112 1099 1494 1157 declaratione
1520 1107 1580 1157 et
1607 1099 1953 1173 ostensione,
1984 1106 2044 1158 et
2071 1118 2264 1157 coram
2303 1099 2430 1158 Deo
2476 1107 2536 1159 et
2563 1118 2755 1158 coram
2781 1100 2992 1159 homi-

566 1180 755 1239 nibus.
824 1180 1019 1237 Prima
1042 1178 1383 1259 Justg'ficau'o
1407 1198 1593 1237 causoe
1618 1179 1767 1238 bene
1795 1178 2023 1256 dicitur,
2052 1179 2192 1256 quia
2217 1179 2279 1237 in
2306 1199 2376 1238 ea
2395 1179 2858 1239 nomenclatione
2885 1180 2993 1237 in-

564 1260 825 1319 volvitur
852 1258 1235 1318 consideratio
1263 1277 1469 1335 causae,
1502 1267 1560 1318 et
1588 1258 1830 1318 rationis
1865 1259 2122 1318 formalis
2149 1267 2384 1337 propter
2410 1278 2584 1337 quam
2613 1280 2649 1317 a
2677 1260 2805 1319 Deo
2826 1260 2998 1337 justi

565 1340 1045 1416 pronunciamn1·;
1074 1338 1359 1417 posterior
1400 1340 1738 1417 Justficatio
1766 1340 1944 1414 efficti
1967 1349 2022 1399 et
2043 1339 2204 1416 siqui,
2249 1352 2536 1417 quatenns
2583 1339 2831 1399 includit
2857 1348 2992 1399 tes-

566 1420 807 1479 timonia
834 1428 892 1479 et
919 1427 1259 1497 argumenta
1287 1439 1362 1478 ex
1390 1420 1603 1497 quibus
1631 1440 1666 1478 a
1691 1420 1995 1497 posteriori
2021 1420 2390 1496 cognoscitur
2417 1428 2478 1479 et
2502 1419 2826 1479 declaratur
2845 1421 2988 1499 jus-

564 1500 805 1559 tificatio
827 1522 842 1577 3
872 1500 1059 1577 prima
1066 1501 1215 1579 fidei
1238 1507 1344 1575 est,
1375 1500 1558 1559 altera
1584 1520 1858 1577 sperum;
1885 1500 1988 1559 illa
2003 1500 2275 1578 primaria
2301 1508 2390 1559 est
2403 1508 2462 1559 et
2488 1500 2778 1577 praecipua
2802 1500 2989 1560 istius

564 1582 727 1639 vocis
755 1580 1118 1657 significatiO,
1148 1580 1261 1639 ista
1304 1580 1644 1639 secundaria
1671 1588 1730 1639 et
1755 1581 1947 1639 minus
1983 1582 2230 1658 propria,
2261 1599 2369 1639 nec
2395 1587 2590 1639 tamen
2619 1580 2787 1657 plane
2815 1579 2984 1639 inso-

564 1660 693 1718 lens
720 1660 1099 1735 et,inusitata
1144 1660 1205 1717 in
1257 1660 1570 1737 Scriptura.
1643 1660 1927 1719 Nimirum
1968 1668 2036 1719 ut
2071 1660 2249 1718 habet
2286 1660 2484 1719 Canon
2523 1659 2982 1739 Theologorurn,

570 1741 605 1772 “
624 1738 823 1797 Verba
850 1758 979 1815 quae
1006 1738 1147 1813 fieri,
1178 1758 1323 1815 esse,
1354 1739 1452 1797 vel
1480 1758 1652 1817 agere
1693 1740 1910 1815 aliquid
1941 1738 2287 1816 significant,
2317 1740 2666 1817 quandoque
2708 1759 2823 1799 non
2852 1750 2984 1800 tam

566 1818 893 1892 essentiam,
923 1818 1021 1876 vel
1048 1826 1257 1893 actum,
1287 1837 1459 1895 quam
1489 1818 1751 1897 ejusdem
1789 1818 2240 1879 notificationem
2283 1820 2720 1897 qualiscumque
2745 1820 2848 1879 illa
2875 1821 2979 1895 sit,

564 1898 844 1957 denotant
866 1901 917 1974 ;’'
946 1898 1031 1957 sic
1059 1897 1249 1957 Levit.
1280 1898 1403 1957 xiii.
1434 1901 1489 1974 3,
1519 1898 1622 1957 ubi
1650 1898 1843 1976 agitur
1869 1898 1942 1958 de
1981 1900 2210 1976 leproso
2239 1900 2340 1976 qui
2379 1899 2756 1959 adducendus
2781 1908 2872 1959 est
2897 1900 2983 1960 ad

568 1977 958 2054 Sacerdotem,
988 1992 1295 2056 postquam
1338 1998 1471 2037 eum
1517 1979 1772 2057 inspexit
1798 1996 1888 2036 uns
1917 1995 2047 2037 anna
2075 1989 2192 2038 tum
2231 1980 2536 2057 impar-abit
2561 1982 2734 2056 illum,
2773 1980 2836 2040 id
2881 1990 2982 2040 est

564 2059 855 2136 impurum
876 2079 1008 2119 eum
1030 2058 1363 2137 declarabit,
1390 2078 1494 2119 scu
1512 2058 1874 2119 immundum
1893 2059 2312 2137 pronunciabit,
2325 2070 2386 2120 et
2413 2080 2532 2120 ver.
2562 2064 2653 2137 13,
2677 2081 2784 2120 nnn
2807 2080 2974 2119 mun-

568 2140 740 2215 dabit,
791 2140 853 2198 id
898 2148 987 2199 est
1012 2139 1291 2199 mundum
1320 2140 1760 2218 pronunciabit3
1793 2140 1875 2199 sic
1903 2136 2120 2200 Matth.
2163 2160 2222 2201 v.
2252 2143 2348 2217 45,
2383 2140 2662 2218 “diligite
2710 2140 2982 2200 inimicos

564 2230 809 2295 vestroe,
842 2229 1002 2279 orate
1030 2240 1133 2298 pro
1156 2220 1228 2279 iis
1256 2220 1357 2296 qui
1385 2220 1554 2279 vobis
1579 2220 1950 2295 maledicunt,
1981 2229 2048 2281 ut
2075 2220 2201 2281 sitis
2227 2220 2336 2279 filii
2360 2222 2540 2299 patris
2567 2221 2746 2280 vestri
2774 2220 2982 2298 quiest

564 2300 627 2358 in
672 2300 891 2374 coelis,”
920 2298 1209 2377 quomodo
1256 2300 1459 2358 filiatio
1493 2299 1706 2358 dicitur
1741 2300 2018 2376 consequi
2045 2300 2410 2361 dilectionem
2457 2302 2624 2378 cujus
2653 2310 2742 2360 est
2781 2320 2979 2371 causa,

564 2379 677 2437 nisi
706 2379 859 2437 enim
890 2379 1015 2455 jam
1042 2385 1237 2437 essent
1262 2378 1386 2453 filii,
1409 2398 1527 2436 non
1553 2386 1792 2453 possent
1835 2380 1974 2437 talia
2014 2398 2188 2455 opera
2209 2380 2505 2439 charitatis
2541 2390 2812 2457 praestare
2835 2402 2849 2455 ;
2881 2380 2982 2439 hic

564 2478 704 2535 ergo
732 2458 927 2516 valere
955 2456 1129 2516 debet
1170 2457 1375 2533 regula
1420 2456 1626 2532 posita,
1657 2456 1822 2515 Tunc
1860 2455 1977 2514 dici
2019 2458 2244 2533 aliquid
2285 2477 2412 2517 esse
2467 2455 2568 2518 aut
2607 2460 2750 2535 fieri,
2797 2480 2979 2537 quum

564 2557 691 2597 esse
718 2536 1065 2613 intelligitur
1084 2542 1184 2594 aut
1204 2534 1546 2610 declaratur,
1574 2538 1688 2594 “ut
1710 2535 1837 2595 sitis
1855 2534 2018 2610 filii,’'
2049 2535 2111 2593 id
2137 2544 2244 2609 est,
2267 2545 2334 2596 ut
2359 2537 2549 2613 reipsa
2574 2557 2683 2596 vos
2705 2541 2853 2599 tales
2875 2558 2980 2598 ex-

562 2617 812 2677 hibeatis
838 2624 897 2676 et
932 2615 1371 2693 demonstretis;
1416 2615 1499 2675 sic
1527 2615 1664 2674 Act.
1703 2635 1763 2673 x.
1798 2617 1889 2692 15,
1925 2616 1960 2648 ‘⁴
1983 2634 2112 2692 quae
2143 2616 2304 2675 Deus
2331 2616 2658 2693 purificavit
2685 2624 2750 2675 tu
2777 2638 2852 2676 ne
2873 2621 2983 2681 κη’-

565 2724 639 2757 vov
662 2696 983 2776 profanes,’'
1008 2696 1071 2756 id
1090 2705 1195 2773 est,
1214 2716 1289 2756 ne
1309 2696 1549 2775 profana
1568 2714 1696 2755 csse
1714 2695 1874 2755 dicas
1893 2695 1989 2755 vel
2017 2695 2213 2773 ducas,
2235 2704 2304 2755 ut
2321 2695 2446 2774 ipse
2471 2696 2695 2773 Petrus,
2718 2716 2844 2756 ver.
2875 2704 2976 2777 28,

564 2780 990 2857 interpretatur.
1036 2778 1145 2854 Ita,
1180 2796 1255 2837 ne
1279 2778 1515 2856 longius
1542 2776 1879 2837 recedamus
1908 2776 1982 2835 ab
2009 2776 2275 2838 instituto
2295 2784 2512 2855 nostro,
2541 2778 2732 2856 ipsum
2761 2780 2978 2858 justifl-

566 2862 739 2920 candi
763 2860 1005 2919 verbum
1026 2878 1143 2918 non
1170 2878 1301 2918 raro
1340 2858 1600 2934 sumitur,
1635 2858 1776 2917 Luc.
1805 2858 1904 2918 vii.
1935 2860 2032 2935 29,
2066 2860 2102 2891 “
2122 2858 2325 2919 Omnis
2351 2859 2599 2937 populus
2627 2858 2886 2933 audiens,
2915 2868 2976 2920 et

568 2940 874 3001 Publicani
902 2938 1186 3000 &mbo-av
1208 2939 1676 3018 justificaverunt
1714 2940 1922 3014 Deum,
1951 2939 2230 3017 baptizati
2245 2940 2532 3018 baptismo
2547 2940 2592 2999 J
2594 2940 2890 3015 ohannis,”
2910 2939 2973 2997 id

566 3030 672 3097 est,
704 3022 1031 3097 tribuerunt
1061 3022 1187 3079 Deo
1213 3019 1446 3079 laudem
1472 3019 1752 3079 bonitatis
1771 3030 1830 3079 et
1851 3019 2096 3097 justitiae
2121 3020 2330 3078 humili
2355 3028 2721 3098 peccatorum
2749 3017 2968 3079 confes-

566 3100 729 3160 sione
751 3110 810 3162 et
850 3101 1121 3179 baptismi
1150 3101 1531 3179 susceptione,
1563 3108 1624 3159 et
1649 3120 1770 3159 ver.
1811 3101 1906 3173 35,
1936 3102 1972 3133 “
1997 3100 2293 3177 Sapientia
2311 3099 2630 3177 justificata
2661 3107 2752 3161 est
2777 3119 2814 3158 a
2836 3098 2972 3158 filiis

566 3180 744 3253 suiS,”
774 3180 835 3237 id
872 3191 961 3239 est
981 3182 1145 3257 justa
1184 3180 1491 3255 declarata,
1522 3188 1583 3239 et
1632 3180 1802 3239 Rom.
1849 3180 1931 3238 iii.
1961 3184 2019 3237 4.
2067 3180 2164 3239 Sic
2193 3180 2458 3239 Christus
2503 3180 2628 3259 ipse
2677 3180 2899 3254 dicitur,
2934 3182 2965 3236 l

564 3259 715 3316 Tim.
746 3258 825 3317 iii.
863 3262 953 3331 16,
974 3260 1321 3335 justificatus
1346 3258 1665 3335 Spirit'ussid
1693 3268 1798 3335 est,
1823 3259 2132 3337 interprete
2154 3259 2337 3318 Paulo
2357 3259 2431 3318 ad
2460 3260 2629 3319 Rom.
2659 3260 2698 3319 i.
2727 3264 2783 3335 4,
2817 3263 2852 3293 ‘⁴
2873 3259 2971 3317 de-

564 3338 815 3396 claratus
856 3338 1010 3395 filius
1052 3338 1164 3396 Dei
1208 3338 1527 3397 secundum
1576 3340 1854 3416 Spiritum
1899 3338 2239 3415 sanctitatis,
2285 3359 2391 3417 per
2435 3340 2908 3400 resurrectionem
2935 3358 2972 3397 a

562 3416 867 3477 mortuis.'’
912 3417 1133 3477 Eadem
1161 3426 1252 3475 est
1276 3418 1451 3495 hujus
1478 3417 1593 3477 loci
1620 3419 1785 3493 ratio,
1820 3418 2118 3477 Abraham
2146 3419 2358 3479 dicitur
2385 3441 2460 3479 ex
2487 3420 2758 3497 operibus
2785 3418 2967 3480 Justi-

564 3497 791 3574 ficatus,
838 3496 901 3555 id
947 3505 1037 3557 est
1083 3496 1409 3556 declaratus
1456 3505 1515 3557 et
1562 3506 1890 3576 compertus
1937 3518 2142 3558 revera
2183 3499 2226 3559 J
2231 3499 2568 3577 ustificatus,
2615 3520 2750 3559 nam
2794 3499 2839 3560 J
2840 3519 2968 3559 aco—

564 3578 705 3638 bum
731 3598 850 3637 non
877 3578 1039 3656 loqui
1086 3576 1157 3637 de
1204 3578 1618 3655 Justificatione
1659 3598 1858 3654 causes,
1889 3579 2001 3637 hoc
2049 3587 2156 3655 est,
2179 3580 2254 3639 de
2298 3581 2660 3641 absolutione
2697 3580 2840 3658 ipsa,
2871 3580 2974 3639 sed

565 3659 638 3718 de
667 3659 1083 3798 {velificatione
1126 3658 1288 3735 siqni,
1338 3657 1402 3718 id
1449 3666 1553 3735 est,
1606 3658 1680 3718 de
1729 3658 1988 3737 ejusdem
2017 3658 2422 3737 declaratione,
2453 3662 2636 3721 multa
2673 3668 2809 3721 sunt
2845 3680 2971 3737 quae

610 3759 673 3797 ro
716 3747 831 3799 ent.

566 3760 607 3818 P
646 3820 903 3879 XXIV.
950 3820 1161 3893 Prim0,
1198 3818 1419 3896 Scopus
1446 3826 1505 3877 et
1534 3818 1852 3879 Consilium
1890 3818 2120 3896 Jacobi,
2151 3820 2308 3898 quod
2347 3840 2712 3899 nequaquam
2739 3828 2830 3880 est
2857 3820 2970 3879 dis-

565 3908 768 3977 putare
817 3898 1108 3977 quomodo
1149 3896 1193 3955 J
1197 3898 1564 3974 ustificemur,
1596 3897 1702 3957 sed
1748 3899 2072 3977 cujusmodi
2111 3900 2186 3959 sit
2221 3909 2282 3961 et
2308 3900 2464 3977 quod
2513 3901 2810 3978 ingenium
2838 3899 2969 3959 fidei

563 3980 723 4039 illius
751 3998 867 4057 qua
893 3979 937 4038 J
938 3979 1310 4054 ustificamur,
1341 3998 1458 4038 non
1486 3978 1559 4037 de
1588 3998 1764 4037 cama
1789 3980 2229 4057 jtoetificationss,
2259 3981 2364 4040 sed
2391 3981 2466 4040 de
2513 3983 2784 4058 qualitate
2803 3981 2966 4058 justi·

551 4061 737 4137 ficati,
768 4080 843 4119 ex
873 4059 1083 4137 quibus
1112 4058 1331 4119 effectis
1360 4067 1419 4119 et
1446 4059 1804 4136 argumentis
1833 4069 1986 4119 recte
2007 4061 2206 4137 colligi
2233 4060 2417 4137 possit
2437 4063 2673 4139 quinam
2702 4060 2819 4120 sint
2836 4082 2966 4120 vere

556 4138 896 4217 justificati3
942 4138 1115 4199 Patet
1140 4139 1252 4199 hoc
1293 4159 1370 4199 ex
1396 4159 1517 4198 ver.
1553 4141 1644 4216 18,
1673 4141 1710 4171 “
1729 4139 1984 4199 Ostende
2011 4139 2156 4199 mihi
2177 4140 2349 4199 fidem
2369 4148 2531 4201 tuam
2571 4162 2648 4201 ex
2683 4141 2966 4219 operibus,

564 4228 622 4279 et
650 4220 953 4280 ostendam
980 4219 1089 4279 tibi
1116 4240 1193 4279 ex
1220 4220 1491 4297 operibus
1518 4219 1694 4278 fidem
1721 4238 1908 4279 meam
1929 4219 1987 4293 ;’'
2017 4220 2340 4299 Compellat
2369 4221 2592 4281 scilicet
2610 4222 2966 4299 hypocritam

563 4306 623 4358 et
649 4300 879 4360 inanem
908 4301 1034 4379 ejus
1068 4300 1409 4378 jactantiam
1453 4300 1726 4375 retundit,
1758 4300 1860 4378 qui
1897 4320 2026 4360 cum
2059 4300 2232 4359 fidem
2276 4302 2627 4379 profiteatur,
2659 4311 2719 4362 et
2763 4322 2883 4380 proe
2911 4322 2966 4361 sc

562 4377 725 4455 ferat,
756 4381 919 4439 nullo
938 4389 1133 4440 tamen
1160 4389 1517 4459 argumento,
1548 4388 1607 4440 et
1635 4381 1964 4439 testimonio
1991 4388 2232 4441 externo
2281 4381 2584 4441 ostendere
2611 4402 2738 4441 cam
2765 4390 2966 4461 potest,

562 4458 693 4517 vult
720 4479 861 4535 ergo
886 4460 1012 4519 fieri
1040 4461 1427 4521 ostensionem
1471 4460 1607 4519 fidei
1656 4480 1760 4539 per
1786 4480 1976 4539 opera,
2005 4462 2088 4521 ita
2124 4470 2191 4521 ut
2237 4462 2382 4521 fides
2409 4482 2540 4539 quae
2581 4482 2684 4540 per
2711 4482 2885 4540 opera
2911 4482 2968 4522 se

560 4555 679 4595 non
707 4540 909 4613 exerit,
940 4558 1009 4597 eo
1038 4541 1163 4617 ipso
1212 4540 1678 4620 deprehendatur
1723 4540 1872 4601 salsa
1897 4549 1956 4601 ct
1997 4541 2205 4601 inanis.
2253 4542 2536 4618 Secundo,
2567 4542 2694 4621 ipsa
2719 4542 2968 4601 historias

562 4616 757 4691 series,
773 4637 902 4693 quae
923 4626 1174 4695 notatur,
1206 4641 1327 4681 ver.
1358 4624 1455 4695 21,
1489 4624 1525 4655 “
1543 4621 1916 4681 Abra-hamus
1935 4620 2110 4682 Pater
2129 4622 2228 4683 ille
2257 4630 2453 4682 noster
2473 4642 2663 4683 nonne
2691 4644 2766 4682 ex
2788 4623 2966 4699 operi-

556 4697 667 4757 bus
713 4696 1071 4776 justificatus
1100 4709 1206 4775 est,
1238 4721 1369 4759 cum
1398 4701 1706 4761 obtulisset
1735 4702 1902 4761 Isaac
1930 4702 2113 4762 filium
2141 4722 2310 4763 suum
2333 4723 2504 4781 super
2530 4704 2710 4763 altare
2727 4704 2792 4762 ?'’
2831 4700 2876 4759 J
2881 4722 2968 4761 us-
