3234 5192
524 372 642 433 586
1101 385 1180 426 m:
1211 383 1692 428 sarrsrAcrroms
1720 383 1959 426 cmusn
1988 385 2301 426 vamum.
2464 363 2728 449 [msru‘r.
2760 383 2937 426 xvm.

523 529 968 590 satisfacientem
1017 528 1099 587 ita
1125 535 1192 586 ut
1218 528 1276 585 in
1305 528 1412 586 hac
1441 527 1733 586 oblatione
1782 527 1967 604 ignita
1993 547 2130 587 vere
2158 526 2487 604 acquiescat
2514 526 2677 586 Deus
2704 535 2763 586 et
2790 525 2939 584 odo·

519 619 681 670 retur
709 611 943 670 odorem
972 608 1182 685 quietis
1203 611 1232 667 Ρ
1275 607 1423 684 Eph.
1476 627 1533 665 v.
1581 611 1641 683 2,
1674 607 1829 667 Heb.
1859 607 1939 666 ix.
1974 610 2067 684 13,
2106 609 2198 684 14,
2231 609 2403 669 Rom.
2432 627 2489 663 v.
2521 609 2575 681 6,
2612 610 2705 666 10.
2789 607 2938 682 Quis

521 711 640 750 non
668 699 947 769 agnoscat
975 688 1034 746 in
1060 689 1237 748 vincla
1263 691 1401 763 rufa
1427 688 1636 764 abjuqa
1664 687 1911 746 eundem
1938 689 2127 746 carnis
2156 688 2485 746 infirmitate
2514 687 2933 764 circundatum,

519 775 556 829 2
591 771 721 830 Cor.
751 771 876 830 xiii.
906 773 962 844 4,
1010 777 1070 828 et
1111 776 1346 846 propter
1393 777 1632 845 peccata
1680 768 1739 825 in
1788 787 1850 826 se
1877 777 2108 845 recepta
2134 768 2328 826 rubeis
2356 767 2617 826 vestibus
2644 766 2934 844 indutum,

521 850 640 910 Isa.
669 850 817 908 lxiii.
847 855 903 924 2,
937 853 992 922 3,
1025 849 1141 907 Isa.
1171 847 1210 906 i.
1246 850 1337 922 18,
1368 847 1506 906 lieet
1532 847 1657 925 ipse
1686 848 1747 905 in
1775 849 2007 926 propria
2033 867 2281 926 persona
2306 867 2414 906 nec
2442 847 2662 924 peccati
2689 867 2795 905 nec
2830 848 2937 906 Sa-

519 939 672 990 tanae
708 932 856 1008 jugo
899 930 1020 987 ulla
1065 929 1284 986 ratione
1330 928 1407 986 sit
1450 926 1719 986 subditus
1743 951 1758 1005 ς
1802 947 1931 986 eum
1974 928 2210 1005 inquam
2252 927 2524 986 eductum
2552 935 2717 986 extra
2744 935 2937 986 castra

518 1011 682 1070 velut
703 1009 1011 1088 piaculum,
1040 1007 1192 1067 Heb.
1213 1007 1336 1066 xiii.
1365 1010 1457 1083 11,
1490 1011 1582 1081 12,
1603 1007 1648 1066 J
1651 1007 1743 1066 oh.
1768 1007 1892 1066 xix.
1910 1010 2001 1083 1⁷,
2027 1011 2118 1083 18,
2144 1009 2279 1085 igne
2298 1008 2397 1066 irae
2421 1005 2633 1065 divinae
2663 1007 2933 1065 combus-

517 1099 660 1164 tum,
693 1090 972 1167 sanguine
999 1097 1194 1147 tamen
1223 1088 1652 1146 tabernaculum
1690 1095 1749 1146 et
1793 1088 2050 1146 coelestia
2076 1096 2507 1147 consecrantem
2536 1095 2595 1145 et
2622 1107 2697 1145 ex
2725 1086 2933 1145 cineri·

517 1170 628 1229 bus
657 1170 718 1227 in
747 1171 952 1228 mundo
979 1169 1108 1227 Ioco
1137 1167 1420 1246 repositiS,
1451 1167 1529 1225 id.
1578 1186 1815 1245 corpore
1844 1168 2034 1226 occiso
2064 1169 2123 1226 in
2153 1167 2363 1226 coelum
2390 1167 2555 1226 illato
2582 1187 2763 1244 aquas
2780 1187 2931 1244 pur-

517 1251 760 1326 9atiom‘s
789 1249 1126 1309 efficientem
1163 1268 1265 1326 per
1312 1247 1623 1306 efficaciam
1672 1247 1909 1325 spiritus
1958 1247 2185 1308 eoelitus
2232 1247 2411 1322 missi,
2442 1247 2652 1324 quibus
2681 1266 2933 1324 aspersae

517 1330 886 1389 conscientiae
915 1330 988 1388 ab
1017 1330 1286 1407 operibus
1329 1327 1572 1386 mortuis
1622 1335 1681 1385 et
1707 1326 2016 1386 mortiferis
2044 1328 2267 1406 peccati
2294 1335 2629 1405 purgantur,
2662 1327 2817 1385 Heb.
2846 1329 2930 1385 ix.

522 1413 614 1486 14,
651 1413 742 1469 15.
777 1413 812 1444 “
837 1409 1049 1469 Venit”
1081 1409 1234 1468 enim
1267 1411 1302 1442 ‘⁴
1326 1428 1454 1467 cum
1489 1427 1641 1485 aqua
1663 1415 1721 1466 et
1749 1408 2087 1484 sanguine,''
2124 1412 2153 1466 1
2185 1408 2325 1467 Joh.
2354 1427 2413 1466 v.
2445 1409 2499 1482 6,
2531 1415 2589 1466 et
2619 1407 2655 1440 ‘⁴
2677 1407 2839 1466 dedit
2866 1427 2931 1466 se

519 1510 626 1568 pro
655 1490 921 1549 Ecclesia
946 1499 1012 1549 ut
1041 1509 1166 1548 eam
1187 1487 1570 1547 sanctificaret
1597 1487 1829 1546 lavacro
1852 1507 2016 1564 aquae
2044 1487 2104 1545 in
2132 1488 2372 1562 verb0,”
2404 1487 2555 1564 Eph.
2586 1507 2643 1546 v.
2673 1490 2769 1562 25,
2801 1490 2901 1546 26.

599 1570 808 1628 XLII.
855 1569 998 1644 Quis
1025 1569 1274 1646 denique
1301 1587 1417 1625 non
1445 1567 1870 1626 animadvertat
1897 1567 2155 1644 ejusdem
2184 1567 2399 1626 Christi
2428 1566 2723 1626 morientis
2750 1567 2931 1626 vesti-

517 1649 616 1726 gia
643 1651 706 1706 in
731 1650 1020 1728 sacr-{ficiis
1057 1669 1174 1724 pro
1212 1657 1464 1725 peccam,
1497 1647 1614 1704 illis
1664 1646 1760 1705 vel
1801 1647 2052 1706 maxime
2101 1668 2345 1726 quorum
2387 1665 2519 1707 caro
2548 1657 2714 1705 extra
2740 1657 2935 1706 castra

517 1729 978 1802 comburebatur,
1009 1737 1068 1786 et
1097 1728 1334 1804 sanguis
1360 1727 1460 1785 vel
1501 1727 1562 1784 iu
1609 1726 1919 1785 sacrarium
1966 1726 2319 1786 inferebatur
2348 1726 2571 1786 solenni
2600 1727 2699 1786 illa
2726 1728 2929 1805 expia-

515 1809 738 1866 tionum
768 1807 879 1882 die,
913 1807 1056 1865 Lev.
1087 1807 1228 1882 xvi„
1259 1806 1354 1864 vel
1385 1806 1442 1863 in
1488 1805 1943 1881 tabernaculum,
1974 1809 2143 1884 cujus
2186 1808 2365 1867 fiebat
2412 1807 2667 1884 aspersio
2712 1808 2930 1884 septies

517 1896 717 1946 contra
744 1887 956 1962 velum,
988 1893 1047 1944 et
1090 1905 1204 1963 quo
1252 1886 1627 1964 tingebantur
1674 1905 1889 1944 cornua
1937 1887 2135 1946 altaris
2180 1888 2637 1965 thymiamatum,
2670 1885 2813 1946 Lev.
2844 1887 2927 1946 iv.

516 1968 665 2026 Nam
696 1975 754 2026 et
775 1975 941 2026 extra
965 1974 1190 2043 portam
1217 1985 1422 2043 passus
1463 1975 1568 2042 est,
1601 1965 1755 2025 Heb.
1786 1965 1929 2042 xiii„
1961 1975 2019 2025 et
2045 1987 2149 2045 per
2174 1967 2465 2045 proprium
2498 1967 2834 2044 sanguinem
2865 1969 2931 2026 in

517 2048 828 2107 sacrarium
857 2047 1170 2125 ingressus,
1205 2046 1358 2105 Heb.
1387 2046 1469 2105 ix.
1505 2050 1596 2122 12,
1628 2054 1687 2104 et
1714 2066 1773 2105 x.
1861 2047 1933 2104 In
1961 2066 2030 2105 eo
2065 2047 2286 2126 aliquid
2312 2047 2786 2125 pretiosissimum
2816 2047 2929 2108 fuit

513 2136 573 2188 et
602 2128 1026 2187 sanctissimum
1059 2127 1185 2186 Deo
1215 2126 1586 2202 offerendum,
1618 2127 1757 2185 nim.
1804 2127 2133 2187 obedientia
2176 2135 2235 2186 et
2271 2128 2502 2205 justitia
2540 2128 2787 2206 propria,
2818 2127 2929 2185 ali-

512 2208 653 2287 quid
683 2229 822 2267 vero
848 2209 1101 2267 maxime
1130 2227 1370 2267 exosum
1400 2216 1459 2266 et
1486 2207 1827 2266 detestabile
1854 2206 2012 2284 quod
2052 2206 2399 2285 ejiciendum
2428 2217 2487 2266 et
2512 2206 2929 2266 destruendum

513 2288 638 2362 fuit,
669 2289 807 2346 nim.
837 2296 1136 2365 peccatum
1164 2297 1424 2347 nostrum
1453 2287 1564 2364 ipsi
1615 2289 1975 2363 imputatum,
2006 2291 2043 2346 2
2090 2288 2221 2347 Cor.
2270 2308 2328 2346 v.
2379 2290 2475 2348 21.
2530 2287 2809 2365 Aspersio
2838 2297 2932 2346 est

515 2368 728 2444 septies
757 2367 907 2425 facta
928 2368 1066 2446 quia
1085 2367 1338 2444 perfecta
1359 2367 1469 2426 fuit
1485 2368 1757 2444 expiatiO,
1790 2376 1848 2426 et
1876 2367 2077 2425 altaris
2098 2368 2256 2427 aurei
2275 2387 2490 2426 cornua
2509 2387 2647 2426 vere
2674 2369 2927 2444 inunxit,

514 2447 652 2522 quia
679 2447 806 2523 ejus
833 2447 1168 2504 intercessio
1198 2445 1462 2504 sacrificii
1489 2447 1667 2505 semel
1686 2447 1865 2504 oblati
1882 2447 2097 2507 virtute
2126 2467 2353 2525 semper
2398 2448 2709 2525 peragitur,
2756 2447 2929 2507 Rom.

495 2573 498 2576 .
517 2526 638 2582 viii.
671 2528 766 2602 32,
793 2529 888 2600 34,
912 2525 1066 2584 Heb.
1084 2525 1166 2583 ix.
1191 2528 1281 2600 12,
1296 2533 1354 2583 et
1375 2546 1433 2584 x.
1469 2529 1561 2585 12.
1607 2526 1816 2604 Apost.
1842 2535 1993 2585 certe
2013 2547 2130 2585 non
2147 2548 2262 2586 uno
2281 2528 2343 2586 in
2362 2528 2491 2586 loco
2508 2527 2633 2586 haee
2652 2528 2931 2605 mysteria

514 2605 684 2665 nobis
713 2605 951 2682 aperuit,
984 2605 1087 2664 sed
1134 2605 1514 2683 potissimum,
1547 2606 1702 2666 Heb.
1752 2607 1875 2664 xiii.
1926 2609 2016 2680 12,
2050 2607 2149 2666 ubi
2178 2607 2348 2666 docet
2376 2607 2668 2667 Christum
2701 2611 2736 2640 “
2760 2617 2928 2666 extra

513 2694 736 2764 portam
765 2705 998 2762 passum
1026 2692 1092 2745 ut
1113 2685 1495 2744 sanctificaret
1515 2687 1851 2764 populum,’'
1875 2694 1933 2745 et
1951 2686 2231 2747 allusione
2250 2688 2529 2746 concinna
2551 2688 2804 2747 ostendit
2824 2709 2929 2748 eos

513 2765 614 2844 qui
643 2766 937 2825 sacrificiis
966 2775 1024 2826 et
1050 2767 1258 2825 ritibus
1285 2767 1484 2845 templi
1537 2767 2054 2844 Hierosolymitani
2082 2767 2270 2827 adhuc
2298 2768 2715 2844 adhaerescunt,
2746 2769 2923 2845 parti-

513 2848 671 2925 cipes
697 2847 932 2906 miuime
961 2867 1088 2906 esse
1117 2867 1286 2925 posse
1315 2847 1534 2906 fructus
1562 2847 1765 2905 mortis
1802 2866 1939 2922 suae,
1970 2848 2107 2925 quia
2134 2856 2301 2907 extra
2327 2849 2500 2926 hujus
2529 2849 2729 2926 templi
2758 2858 2923 2926 septa

511 2927 857 3006 quaerendus
885 2937 989 3003 est,
1021 2929 1082 2987 in
1109 2926 1218 2987 hoc
1247 2927 1400 2987 enim
1429 2928 1645 3005 templo
1673 2946 1873 2985 verum
1919 2947 2021 3005 pro
2050 2937 2286 3006 peccato
2316 2927 2656 2986 sacrificium
2686 2948 2803 2987 non
2832 2937 2924 2989 est

511 3009 769 3068 oblatum
793 3031 808 3084 3
855 3009 1033 3067 Exire
1063 3009 1135 3067 E.
1164 3017 1330 3067 extra
1357 3008 1556 3066 urbem
1605 3015 1665 3066 et
1706 3007 1982 3087 templum
2010 3008 2331 3067 umbratico
2360 3008 2541 3067 cultui
2570 3008 2921 3068 destinatum

511 3108 750 3148 necesse
777 3108 920 3163 esse,
952 3108 1138 3165 neque
1182 3086 1542 3146 retinendum
1587 3095 1889 3146 externum
1937 3087 2114 3164 Legis
2166 3087 2441 3147 Mosai‘cae
2471 3089 2707 3161 cultum,
2736 3097 2803 3147 ut
2829 3109 2920 3148 re-

511 3167 840 3244 demptione
863 3187 1032 3244 quam
1057 3168 1308 3246 pretioso
1332 3187 1436 3226 suo
1459 3167 1739 3244 sanguine
1760 3167 1927 3226 nobis
1946 3168 2301 3244 comparavit
2323 3169 2585 3228 Christus
2613 3169 2917 3246 potiamur,

511 3245 761 3322 denique
791 3246 968 3303 alacri
997 3247 1186 3304 animo
1217 3247 1572 3324 sequendum
1618 3267 1745 3305 esse
1779 3247 2013 3306 minime
2042 3246 2349 3326 impeditos
2378 3249 2530 3308 curis
2559 3248 2732 3325 hujus
2760 3249 2917 3325 vitae,

511 3325 679 3402 quasi
705 3333 870 3382 terrae
899 3325 1073 3400 hujus
1122 3327 1302 3402 septis
1348 3327 1556 3385 inclusi
1605 3347 1877 3402 essemuS,
1909 3327 2046 3405 quia
2070 3327 2167 3386 hic
2195 3327 2371 3386 fixam
2401 3337 2460 3387 et
2486 3336 2919 3406 permanentem

511 3423 628 3462 non
656 3403 934 3462 habemus
963 3405 1272 3479 civitatem,
1305 3404 1406 3464 sed
1452 3407 1743 3465 coelestem
1787 3416 2174 3484 expectamus,
2210 3429 2337 3486 quae
2367 3409 2559 3466 omnia
2588 3410 2762 3467 citato
2790 3410 2921 3468 loco

509 3483 873 3562 persequitur
902 3483 1108 3561 Apost.
1143 3485 1452 3544 Possemus
1477 3485 1589 3544 hoc
1609 3486 1796 3564 ipsum
1837 3488 1898 3544 in
1946 3487 2075 3545 aliis
2112 3489 2402 3566 plerisque
2432 3489 2726 3547 sacrificiis
2755 3489 2917 3566 sigil-

508 3564 673 3622 latim
702 3564 1110 3640 demonstrare,
1141 3565 1254 3624 nisi
1280 3566 1551 3625 brevitati
1573 3567 1898 3626 consultum
1921 3567 2203 3627 vellemus
2227 3591 2241 3645 ;
2286 3570 2429 3627 alias
2456 3569 2602 3628 forte
2632 3568 2815 3628 fusius
2846 3569 2919 3628 de

509 3645 620 3703 hoc
649 3653 990 3722 argumento
1019 3645 1336 3704 disserendi
1383 3666 1507 3705 sese
1557 3647 1720 3706 dabit
1758 3647 1940 3705 locus.
2006 3648 2243 3707 Interim
2274 3649 2455 3707 fixum
2486 3669 2715 3708 manere
2744 3648 2921 3709 debet

507 3732 568 3784 et
594 3734 799 3800 ratum,
832 3724 1124 3785 Christum
1153 3747 1360 3804 corpus
1403 3727 1581 3786 fuisse
1628 3727 1880 3785 omnium
1912 3727 2149 3787 istarum
2178 3729 2527 3804 umbrarum,
2559 3749 2770 3807 easque
2800 3749 2919 3788 non

507 3805 623 3864 alia
649 3807 933 3882 praecipue
964 3806 1036 3865 de
1065 3827 1238 3866 causa
1259 3807 1552 3866 institutas
1572 3807 1751 3866 fuisse
1774 3827 1945 3884 quam
1969 3809 2249 3886 tantisper
2276 3808 2410 3868 dum
2442 3809 2742 3868 adveniret
2770 3816 2917 3867 tem-

509 3905 618 3964 pus
646 3883 938 3967 3ιοροόσιυς,
971 3895 1144 3964 atque
1171 3888 1296 3964 ipse
1326 3887 1413 3946 sol
1435 3888 1679 3965 justitiae
1716 3887 2093 3946 illucesceret.
2180 3888 2325 3948 Inde
2358 3889 2597 3949 Hieron.
2630 3889 2740 3967 Ep.
2778 3893 2911 3966 103,

508 3967 782 4044 praeclaro
811 3968 922 4026 hoc
940 3967 1130 4044 elogio
1157 3967 1402 4027 Levitici
1422 3967 1635 4026 librum
1658 3966 1713 4024 in
1740 3987 1855 4044 quo
1878 3967 2159 4027 sacrificia
2173 3969 2299 4028 haec
2328 3968 2706 4028 instituuntur
2726 3979 2912 4044 ornat,

509 4047 664 4123 quod
695 4048 939 4122 singulae
967 4067 1113 4124 pene
1142 4049 1270 4125 ejus
1299 4047 1538 4124 syllabae
1567 4049 1804 4106 caelestia
1831 4049 2048 4123 spirent
2068 4059 2443 4108 sacramenta.

588 4127 834 4185 XLIII.
882 4127 998 4186 Sed
1025 4137 1332 4204 antequam
1359 4127 1496 4186 hinc
1543 4127 1926 4202 discedamus,
1961 4128 2223 4188 omittere
2271 4151 2389 4189 non
2416 4148 2723 4206 possumus
2750 4127 2917 4187 illus·

505 4216 650 4265 trem
680 4227 809 4285 quae
827 4207 1071 4266 refertur
1087 4227 1122 4264 a
1139 4207 1306 4266 Mose
1327 4207 1643 4282 historiam,
1670 4206 1861 4266 Exod.
1892 4208 2076 4282 xxiv„
2102 4209 2175 4268 de
2197 4212 2233 4242 ‘⁸
2255 4209 2489 4268 foederis
2511 4208 2915 4268 dedicatione”

503 4288 794 4346 variorum
823 4287 1230 4347 sacrificiorum
1271 4287 1559 4347 oblatione
1608 4296 1856 4365 peraeta.
1943 4288 2125 4365 Cujus
2168 4289 2507 4366 mysterium
2536 4290 2719 4368 aperit
2746 4288 2921 4348 nobis

507 4367 715 4443 Apost.
747 4367 822 4425 ad
854 4367 1006 4427 Heb.
1037 4368 1117 4426 ix.
1153 4370 1244 4443 19,
1267 4370 1362 4441 20,
1396 4366 1523 4436 ‹Si-c„
1544 4368 1602 4426 in
1624 4388 1691 4426 ea
1710 4367 1860 4425 enim
1886 4368 1933 4426 si
1954 4369 2175 4446 uspiam
2206 4369 2363 4444 alibi,
2395 4389 2732 4446 expressum
2762 4369 2915 4426 veri-

501 4447 638 4504 tatis
665 4465 836 4522 quam
861 4447 1170 4523 quaerimus
1191 4448 1439 4507 occurrit
1460 4447 1886 4507 documentum.
1940 4449 2137 4507 Moses
2150 4450 2353 4527 jussus
2375 4469 2409 4508 a
2439 4449 2706 4524 Domino,
2740 4467 2919 4526 super

501 4525 682 4582 altare
710 4532 1037 4584 extructum
1085 4527 1248 4585 varia
1291 4527 1458 4586 offert
1505 4528 1803 4602 sacrificia,
1836 4529 2175 4606 sanguinem
2203 4529 2567 4588 victimarum
2596 4529 2805 4607 partim
2836 4527 2916 4587 ad

501 4602 682 4658 altare
709 4601 914 4676 fundit,
945 4605 1152 4679 partim
1182 4627 1250 4664 eo
1278 4607 1572 4684 populum,
1603 4609 1751 4684 legis
1773 4608 2000 4684 librum,
2026 4610 2459 4668 tabernaculum
2492 4619 2549 4669 et
2576 4627 2721 4668 vasa
2748 4629 2918 4667 sacra

500 4679 846 4752 conspergit,
878 4687 1206 4741 contestans
1249 4685 1404 4741 hunc
1448 4704 1574 4744 esse
1619 4687 1961 4761 sanguinem
2006 4687 2239 4746 foederis
2280 4690 2433 4766 quod
2468 4689 2627 4748 Deus
2654 4709 2913 4766 pangere
