3234 5192
319 366 553 411 msru'r.
582 347 766 430 xxm]
894 366 974 407 nn
1004 364 1485 407 sAr1srAc‘r1oms
1512 366 1752 408 enmsrr
1780 366 2210 409 rear-serious.
2615 348 2732 407 669

324 508 725 585 applicatione
755 504 1174 564 satisfactionis
1196 504 1414 565 Christi
1443 524 1577 582 quae
1604 508 1674 564 fit
1695 525 1799 583 per
1827 515 2028 565 nostra
2050 524 2229 584 opera
2257 504 2376 563 sint
2403 506 2540 563 duae
2569 504 2736 564 satis-

322 588 628 663 factiones,
658 604 783 643 una
813 584 1047 655 Christi,
1070 584 1259 642 altera
1286 591 1509 657 nostra,
1552 586 1656 644 An
1686 602 1809 642 una
1837 592 2074 644 tantum
2099 587 2198 643 vel
2227 581 2446 644 Christi
2475 584 2572 641 vel
2601 600 2736 641 nos-

326 673 437 737 tra,
468 686 541 723 ex
568 666 760 723 tribus
786 663 979 739 modis
1006 663 1150 721 dicit
1174 664 1419 721 tertium
1446 663 1909 739 probabiliorem
1931 682 2072 736 esse,
2099 662 2303 721 Unam
2330 680 2454 719 esse
2477 657 2737 720 satisfac-

324 746 549 802 tionem
576 761 827 817 eamque
854 760 979 799 esse
1006 748 1302 800 nostram:
1349 748 1383 776 “
1408 740 1645 800 Tertius
1673 742 1890 800 modus
1919 743 2159 800 videtur
2177 740 2542 817 probabilior
2570 738 2736 815 quod

325 842 452 880 una
478 822 554 881 sit
581 820 923 889 satisfactio,
948 827 1008 877 et
1034 838 1107 877 ea
1132 820 1208 878 sit
1228 822 1488 891 nostra,''
1518 840 1654 896 quse
1684 820 1907 878 seilicet
1933 840 1971 878 a
1996 820 2171 878 nobis
2193 818 2514 895 peragitur,
2545 826 2605 876 et
2630 836 2736 893 per

328 920 510 977 quam
552 902 735 959 homo
779 898 967 974 poenis
1010 897 1131 955 suis
1170 898 1299 956 Deo
1344 898 1646 957 satisfacit.
1732 898 1828 959 Sic
1867 898 1970 956 lib.
2001 899 2083 957 iii.
2114 900 2189 957 dc
2221 894 2452 967 Poenit.,
2482 914 2607 972 cap.
2641 896 2734 969 15,

328 986 363 1014 “
388 979 533 1037 Non
570 986 663 1037 est
689 996 898 1034 verum
924 994 1030 1051 per
1060 975 1361 1034 Christum
1388 996 1500 1035 nos
1527 996 1758 1053 semper
1783 976 2024 1035 liberari
2053 978 2128 1035 ab
2160 976 2322 1034 omni
2349 982 2518 1032 reatu
2545 993 2734 1050 poenae

326 1058 671 1133 temporalis
716 1054 950 1114 etiamsi
992 1056 1166 1113 nulla
1204 1054 1564 1113 interveniat
1607 1056 1987 1115 satisfacti0.'’
2070 1054 2290 1131 Neque
2331 1054 2428 1111 hic
2471 1053 2740 1111 subsistit

331 1136 685 1207 cardinalis,
729 1134 873 1192 alibi
915 1134 1097 1203 enim,
1139 1133 1243 1191 lib.
1274 1134 1335 1192 ii.
1366 1135 1441 1192 de
1472 1134 1718 1209 Indulg.
1755 1154 1803 1193 c.
1839 1136 1891 1206 1,
1933 1133 2236 1211 pertendit
2273 1133 2488 1189 merita
2518 1130 2740 1191 Christi

328 1214 605 1273 omnibus
646 1232 767 1271 non
809 1230 933 1270 esse
960 1212 1230 1269 absolute
1258 1212 1585 1270 necessaria
1609 1234 1624 1271 ε
1669 1221 1703 1246 “
1727 1210 1950 1271 Merita
1980 1209 2256 1283 Christi,”
2286 1211 2500 1285 inquit,
2547 1216 2581 1243 “
2603 1228 2738 1284 par-

328 1293 437 1350 tim
464 1298 605 1350 sunt
635 1292 909 1350 omnibus
948 1291 1293 1362 necessaria,
1336 1292 1555 1367 partim
1596 1310 1720 1348 non
1763 1294 2089 1351 necessaria
2129 1293 2231 1349 sed
2275 1290 2483 1357 utilia3
2529 1289 2738 1363 Atque

326 1372 443 1428 hoc
470 1372 730 1428 secundo
760 1370 939 1426 modo
968 1370 1045 1425 ad
1072 1369 1539 1427 fundamentum
1567 1369 2080 1443 indulgentiarum
2115 1368 2475 1445 pertinent.'’
2549 1366 2631 1423 Et
2657 1366 2736 1423 ad

328 1450 641 1507 clariorem
666 1450 753 1507 rei
781 1448 1239 1523 explicationem
1272 1448 1459 1519 addit,
1506 1455 1541 1482 “
1570 1446 1635 1505 Si
1665 1448 1798 1523 quis
1825 1456 1961 1524 post
1986 1446 2530 1505 reconciliationem
2559 1444 2738 1519 adep-

328 1534 452 1585 tam
474 1530 673 1585 adhue
700 1528 777 1585 sit
802 1545 939 1583 reus
964 1526 1203 1583 luendae
1232 1534 1419 1601 poenae
1449 1527 1811 1601 temporalis,
1843 1546 1964 1584 non
1992 1524 2324 1585 necessario
2352 1530 2488 1598 eget
2513 1522 2738 1580 meritis

330 1606 570 1678 Christi,
600 1614 671 1664 ut
697 1625 802 1682 per
830 1623 901 1662 ea
928 1612 1129 1662 reatus
1156 1604 1500 1681 simpliciter
1528 1606 1936 1664 condonetur:
1979 1622 2101 1663 non
2145 1602 2308 1679 quod
2350 1603 2476 1659 sine
2513 1600 2738 1659 meritis

330 1684 552 1744 Christi
593 1692 794 1742 reatus
836 1700 1025 1759 poenae
1066 1684 1254 1758 possit
1292 1683 1638 1759 simpliciter
1678 1684 2024 1755 condonari,
2067 1681 2170 1741 sed
2197 1681 2342 1758 quia
2366 1678 2588 1756 poterit
2613 1678 2738 1757 ipse

330 1782 453 1821 non
481 1764 783 1841 requirere
820 1769 1053 1819 tantam
1080 1762 1520 1834 liberalitatem,
1552 1769 1866 1820 cont-entus
1894 1762 2018 1838 ipsc
2048 1762 2172 1820 suis
2198 1760 2506 1818 laboribus
2535 1764 2595 1816 et
2621 1778 2742 1835 Ροε-

330 1842 442 1913 nis,
485 1842 583 1899 vel
620 1842 679 1899 in
724 1842 837 1899 hae
874 1842 1017 1911 vita,
1065 1842 1162 1897 vel
1203 1841 1265 1898 in
1310 1838 1668 1915 Purgatorio
1711 1840 2043 1899 satisfacere
2073 1840 2262 1912 De0,”
2294 1836 2400 1896 Sto.
2459 1838 2740 1913 Vasquez

332 1920 584 1977 ulterius
612 1920 791 1977 etiam
818 1918 1214 1995 progreditur,
1244 1918 1408 1977 Nam
1436 1921 1497 1976 in
1526 1920 1581 1977 4.
1613 1918 1827 1977 Thom.
1857 1926 2066 1995 quaest.
2096 1920 2192 1990 94,
2223 1924 2334 1976 art.
2366 1918 2421 1988 2,
2456 1934 2578 1973 non
2608 1934 2744 1973 eru-

331 1998 517 2055 bescit
563 2016 822 2055 asserere
864 1998 1053 2071 ipsam
1093 1996 1311 2055 Christi
1362 1997 1842 2055 Satisfaetionem
1888 1999 2088 2055 minus
2137 2014 2264 2055 esse
2311 1995 2702 2052 necessariam
2726 2016 2741 2053 t

333 2082 369 2108 “
394 2074 729 2133 Dicendum
772 2083 862 2133 est
902 2092 1085 2148 opera
1122 2076 1185 2130 in
1228 2076 1517 2133 charitate
1549 2094 1624 2132 ex
1652 2076 1765 2132 Dei
1793 2074 1988 2148 gratia
2013 2076 2172 2133 facta
2198 2092 2323 2131 esse
2351 2072 2744 2131 satisfactoria

331 2172 443 2227 pro
470 2170 648 2228 poena
683 2151 1001 2227 temporali
1029 2152 1321 2225 condigne
1350 2152 1508 2223 satis,
1554 2152 1709 2209 sieut
1748 2160 1809 2209 et
1847 2152 2152 2210 meritoria
2180 2152 2316 2208 vitas
2345 2158 2603 2219 aeternae,
2633 2168 2743 2207 nec

332 2224 563 2306 aliquid
606 2230 691 2288 eis
732 2246 1056 2288 accrescere
1095 2230 1295 2286 meriti
1335 2237 1443 2287 aut
1480 2230 1912 2287 Satisfaetionis
1951 2238 2194 2305 propter
2221 2228 2442 2288 Christi
2467 2228 2742 2285 merita.'’

338 2310 477 2377 Quo
506 2308 806 2385 pertinent
832 2308 1019 2383 ipsius
1048 2306 1371 2365 Clementis
1396 2308 1596 2379 verba,
1640 2309 1746 2383 qui
1785 2308 1924 2366 licet
1964 2310 2095 2366 loco
2136 2308 2314 2366 citato
2351 2314 2581 2365 statuat
2608 2307 2743 2363 uni-

334 2406 464 2446 cam
509 2388 819 2462 sanguinis
855 2385 1075 2445 Christi
1117 2393 1353 2461 guttam
1396 2387 1663 2445 sufficere
1705 2388 1782 2445 ad
1821 2384 2316 2463 Redemptionem
2359 2386 2589 2461 generis
2631 2386 2746 2442 hu-

334 2468 518 2539 mani,
549 2466 719 2525 addit
744 2472 945 2524 tamen
976 2465 1193 2536 statim,
1223 2472 1295 2523 ut
1318 2464 1495 2524 facile
1520 2472 1726 2541 pateat
1751 2484 1870 2523 non
1903 2467 2054 2525 serio
2075 2484 2205 2525 esse
2233 2468 2536 2525 locutum:
2582 2472 2618 2499 “
2639 2464 2745 2523 Ad

336 2544 629 2604 Thesauri
656 2545 1008 2603 meritorum
1040 2543 1259 2603 Christi
1286 2546 1616 2615 cumulum,
1645 2546 1832 2603 beatae
1861 2546 2163 2621 genitricis
2191 2553 2251 2604 et
2278 2544 2551 2602 omnium
2582 2560 2748 2602 sane-

336 2632 539 2682 torum
580 2624 794 2683 merita
836 2622 1272 2681 adminiculum
1312 2624 1656 2698 praestare.’'
1729 2622 1826 2682 Ex
1865 2625 2086 2699 quibus
2127 2624 2421 2693 omnibus,
2464 2641 2540 2679 ne
2566 2624 2749 2698 plura

329 2704 459 2779 jam
485 2705 656 2761 istius
684 2703 916 2779 generis
949 2702 1241 2759 addamus
1280 2702 1641 2770 testimonia,
1683 2702 1875 2775 liquet
1903 2701 2248 2759 Pontificios
2275 2702 2337 2757 in
2365 2718 2437 2758 ea
2463 2718 2586 2758 esse
2615 2718 2747 2757 sen-

336 2784 541 2851 tentia,
574 2780 1054 2839 Satisfaetionem
1078 2778 1298 2837 Christi
1326 2786 1467 2836 utut
1492 2778 1727 2835 infinita
1749 2778 1953 2851 fuerit,
1976 2797 2096 2836 non
2128 2780 2212 2835 ita
2238 2780 2478 2854 plenam
2506 2784 2566 2835 et
2587 2778 2747 2835 suffi-

334 2861 587 2917 cientem
624 2858 826 2929 fuisse,
872 2858 1019 2931 quin
1060 2857 1443 2931 requirantur
1482 2858 1683 2913 adhue
1709 2856 1890 2913 varim
1919 2856 2364 2926 satisfactiones,
2405 2856 2453 2911 si
2483 2872 2606 2910 non
2633 2872 2744 2929 pro

334 2938 515 3011 eulpa
535 2944 595 2993 et
614 2954 792 3011 poena
812 2943 1051 3004 aeterna,
1075 2936 1285 2991 saltem
1310 2952 1420 3009 pro
1442 2933 1776 3009 temporali,
1800 2934 1875 2991 ab
1897 2934 2238 2992 hominibus
2265 2932 2644 2990 exsolvendae
2666 2934 2745 2990 ad

334 3015 575 3089 plenam
604 3014 1071 3087 redemptionem
1102 3012 1503 3071 obtinendam.

416 3092 495 3151 V.
539 3091 766 3149 Nostra
798 3108 943 3147 vero
984 3090 1279 3147 sententia
1321 3096 1427 3161 est,
1468 3088 1950 3149 satisfactionem
1981 3088 2201 3149 Christi
2238 3109 2345 3166 pro
2383 3088 2558 3147 nobis
2594 3108 2746 3165 prse-

336 3171 555 3241 stitam,
598 3188 717 3226 non
757 3186 931 3245 posse
961 3168 1203 3245 quidem
1233 3169 1454 3225 censeri
1482 3178 1557 3227 e‘x
1584 3175 1755 3243 parte
1790 3170 2150 3244 superfluam
2179 3176 2239 3227 et
2267 3169 2742 3240 redundantem3

337 3248 507 3325 quasi
534 3249 752 3306 minori
778 3264 955 3323 poena
981 3246 1271 3322 potuisset
1296 3247 1423 3303 fieri
1450 3248 1592 3306 satis
1611 3248 1865 3323 justitiae
1895 3248 2116 3306 divinae
2141 3269 2155 3319 3
2208 3250 2293 3306 sie
2319 3248 2479 3305 enim
2507 3264 2616 3305 nec
2643 3247 2745 3305 de-

336 3328 530 3385 bitum
566 3334 837 3385 nostrum
866 3328 1029 3401 quod
1060 3344 1133 3383 ex
1161 3326 1387 3401 peccati
1414 3327 1627 3384 merito
1656 3334 1716 3385 et
1741 3326 1890 3403 legis
1917 3328 2380 3386 comminatione
2407 3344 2568 3383 mors
2596 3332 2741 3396 erat,

336 3406 713 3483 persolutum
741 3412 929 3475 esset;
979 3422 1089 3461 nec
1124 3405 1451 3463 necessaria
1476 3406 1688 3463 fuisset
1713 3424 1874 3464 mors
1903 3404 2335 3481 Redemptoris,
2376 3406 2540 3481 quod
2569 3404 2746 3462 toties

336 3492 538 3543 tamen
570 3484 878 3559 Scriptura
910 3483 1209 3554 inculcat3
1252 3492 1313 3542 et
1342 3484 1508 3543 Deus
1532 3486 1751 3543 millies
1777 3485 1915 3561 plus
1941 3485 2231 3559 exegisset
2267 3504 2304 3543 a
2333 3484 2508 3543 Vade
2539 3490 2743 3541 nostro

338 3582 521 3638 quam
563 3564 980 3638 requirebatur
1020 3562 1095 3619 de
1127 3562 1285 3637 jure,
1329 3564 1491 3638 quod
1535 3570 1595 3621 et
1627 3564 1876 3639 justitiae
1912 3564 2128 3621 divinae
2158 3582 2341 3639 quam
2370 3562 2631 3619 maxime
2656 3580 2747 3618 re-

336 3648 586 3716 pugnat,
610 3649 671 3698 ct
698 3660 933 3699 summo
960 3641 1051 3697 illi
1080 3659 1201 3715 quo
1228 3642 1415 3701 filium
1445 3660 1625 3700 suum
1651 3642 2030 3718 prosequitur
2058 3643 2248 3699 amori
2270 3663 2286 3713 ;
2329 3640 2746 3699 Nihilominus

338 3720 489 3777 adeo
518 3720 837 3795 perfectam
876 3727 936 3776 et
972 3720 1357 3777 sufficientem
1394 3738 1518 3779 esse
1545 3727 1617 3778 ut
1644 3720 2108 3778 cumulatissime
2135 3739 2244 3795 pro
2271 3719 2524 3795 peccatis
2555 3718 2747 3775 omni-

336 3798 449 3855 bus
478 3798 697 3856 nostris
725 3798 1087 3869 satisfecerit,
1128 3816 1251 3855 non
1288 3804 1523 3857 tantum
1563 3816 1698 3875 quse
1735 3798 1894 3856 facta
1926 3799 2043 3856 sint
2071 3808 2228 3871 ante,
2270 3800 2372 3857 sed
2415 3816 2549 3872 quae
2589 3797 2745 3853 fiunt

335 3884 471 3953 post
499 3878 877 3951 baptismum,
918 3896 1038 3933 non
1066 3878 1247 3933 modo
1273 3896 1381 3951 pro
1409 3878 1604 3953 culpa,
1649 3878 1751 3935 sed
1792 3884 1853 3935 et
1891 3896 2000 3952 pro
2041 3896 2254 3952 poena3
2295 3894 2407 3933 nec
2433 3892 2544 3951 pro
2569 3892 2746 3949 poena

338 3956 635 4013 duntaxat
662 3964 899 4031 aeterna,
931 3956 1033 4012 sed
1062 3954 1240 4011 etiam
1266 3958 1598 4031 temporali,
1630 3956 1716 4014 ita
1743 3962 1812 4012 ut
1837 3957 2025 4013 nullae
2055 3955 2330 4031 deinceps
2357 3972 2545 4030 poenae
2575 3952 2746 4011 satis-

304 4035 311 4039 ’
336 4032 600 4093 factoriae
626 4034 903 4093 fidelibus
932 4033 1227 4107 supersint
1252 4034 1509 4107 luendae,
1532 4037 1630 4092 vel
1658 4034 1719 4092 in
1749 4036 1863 4091 hoc
1883 4036 1978 4091 vel
2001 4034 2062 4089 in
2083 4033 2292 4093 futuro
2320 4033 2520 4091 seculo
2550 4032 2628 4089 ad
2657 4050 2747 4089 re-

338 4112 681 4171 missionem
720 4119 1102 4189 peccatorum
1136 4112 1561 4185 obtinendam;
1616 4115 1758 4171 licet
1798 4130 1918 4169 non
1961 4130 2096 4169 raro
2133 4112 2320 4187 poenis
2347 4110 2743 4184 castigatoriis

338 4198 399 4247 et
426 4191 881 4249 medicinalibus
909 4198 1286 4265 exponantur
1312 4192 1390 4248 ad
1419 4192 1945 4251 sanctificationem
1971 4192 2454 4265 promovendam.

422 4266 541 4327 VI.
586 4270 725 4328 Hoc
758 4288 900 4327 vero
941 4275 1012 4326 ut
1051 4270 1527 4329 demonstremus
1556 4271 1940 4346 Argumenta
1965 4268 2132 4327 varia
2165 4269 2340 4327 nobis
2379 4274 2743 4345 suppetunt:

340 4347 393 4405 1.
424 4350 477 4405 A
506 4349 812 4425 Diqnitate
842 4350 1110 4405 Personae
1137 4347 1565 4407 satisfacientis.
1610 4350 1766 4408 Cum
1794 4348 1953 4404 enim
1981 4348 2104 4405 duo
2126 4346 2396 4423 inprimis
2423 4348 2485 4404 in
2517 4348 2746 4406 Media-

338 4432 465 4483 tore
494 4428 935 4502 requirerentur
968 4428 1044 4484 ad
1082 4426 1327 4501 perfecti
1358 4426 1550 4485 Vadis
1590 4425 2077 4486 constitutionem
2101 4448 2113 4484 :
2159 4426 2361 4484 Primo
2389 4433 2459 4484 ut
2486 4426 2747 4502 perfecta

338 4506 649 4564 sanctitate
691 4512 751 4562 et
783 4505 1023 4581 justitia
1050 4512 1300 4562 ornatus
1330 4514 1518 4575 esset;
1566 4505 1890 4575 Quomodo
1919 4504 2076 4561 enim
2103 4504 2395 4563 redimere
2422 4524 2531 4563 nos
2571 4512 2748 4581 potu-

336 4585 477 4643 isset
524 4604 561 4643 a
606 4592 846 4661 peccato
892 4585 941 4641 si
983 4591 1224 4659 peccato
1269 4586 1706 4644 contaminatus
1749 4585 1878 4659 ipse
1913 4582 2313 4660 Redemptore
2348 4584 2746 4660 indiguisset?

339 4662 617 4722 Secundo
646 4670 716 4721 ut
743 4661 949 4720 divina
975 4671 1036 4721 et
1063 4662 1296 4721 infinita
1316 4662 1535 4721 virtute
1556 4664 1816 4739 polleret
1835 4682 1968 4737 quse
1991 4663 2292 4721 infinitum
2313 4664 2592 4721 meritum
2614 4663 2746 4719 infi-
