3234 5192
335 384 573 429 meru-r.
603 367 730 448 111.j
953 385 1031 427 ns
1060 386 1402 429 sommum:
1430 385 1638 427 sAcnAE
1668 382 2119 428 Aorsorum-rs.
2621 369 2737 429 263

334 532 476 585 sunt
496 526 902 601 dijudicentur
929 526 1154 602 absque
1180 527 1310 583 ullo
1339 527 1460 585 alio
1489 532 1843 601 argumento
1870 534 2135 597 externe,
2165 531 2373 601 utpote
2398 526 2633 583 imbuta
2662 528 2737 585 iis

338 606 746 679 qualitatibus,
776 622 1034 678 quarum
1063 606 1322 681 appulsu
1347 604 1522 662 facile
1549 606 2009 681 dignoscuntur,
2031 612 2273 678 propter
2300 622 2577 663 arcanam
2626 607 2733 663 sci-

335 683 476 739 licet
500 682 948 758 proportionem
973 688 1034 739 et
1074 682 1518 741 consensionem
1563 682 1869 741 facultatis
1910 684 1987 739 ad
2016 683 2332 757 objectum,
2362 689 2431 739 ut
2472 685 2733 743 materiae

337 762 418 817 ad
445 760 720 818 formam.
806 758 885 818 V.
915 776 973 833 g.
1019 758 1122 819 Sol
1147 761 1402 835 propriis
1427 761 1610 819 radiis
1638 770 1699 818 et
1723 762 1931 817 innato
1961 761 2274 833 splendore
2292 761 2549 831 videtur,
2568 762 2735 820 cibus

333 838 574 914 propria
599 837 916 895 dulcedine
944 839 1337 911 cognoscitur,
1361 840 1510 895 odor
1535 838 1777 913 propria
1800 837 2135 910 fragrantia
2154 838 2503 913 percipitur:
2548 840 2645 895 lta
2664 848 2735 897 ut

339 916 576 974 nemine
602 916 786 974 etiam
812 922 1084 987 testante,
1111 914 1288 973 facile
1315 917 1512 974 lucem
1557 916 1734 987 Solis,
1763 914 1877 972 cibi
1904 916 2277 985 suavitatem,
2308 924 2368 972 et
2394 916 2591 974 odoris
2616 917 2734 975 fra-

337 994 638 1068 grantiam
677 1012 783 1068 per
809 1011 871 1050 se
911 994 1068 1069 ipsas
1093 1012 1450 1069 cognoscam
1497 1002 1556 1051 et
1583 995 1659 1051 ab
1687 992 1820 1051 aliis
1865 993 2217 1050 discernam.
2302 992 2379 1050 Id
2427 993 2622 1068 ipsum
2670 996 2735 1052 in

337 1072 536 1147 gratia
561 1078 622 1129 et
649 1074 763 1129 hoc
787 1070 1114 1146 praesertim
1139 1072 1204 1127 in
1231 1073 1473 1145 negotio
1501 1072 1773 1130 occurrit.
1858 1070 2165 1145 Scriptura
2202 1070 2399 1140 Sacra,
2423 1090 2559 1146 quae
2601 1091 2735 1147 pro-

340 1149 588 1223 ponitur
613 1149 785 1206 nobis
810 1154 1080 1223 respectu
1119 1149 1261 1205 novi
1281 1149 1541 1207 hominis
1569 1156 1630 1207 et
1656 1166 1937 1207 sensuum
1966 1149 2095 1222 ejus
2123 1148 2543 1223 spiritualium,
2576 1150 2731 1209 Heb.

341 1245 398 1283 v.
432 1227 526 1297 14,
553 1227 734 1283 modo
763 1227 874 1283 sub
900 1226 1162 1299 imagine
1191 1226 1346 1285 Solis
1375 1235 1436 1283 et
1463 1227 1835 1284 admirandae
1862 1226 2031 1296 luciS‚
2062 1225 2283 1285 Psalm.
2312 1226 2466 1283 cxix.
2514 1228 2653 1299 105;
2696 1230 2735 1287 2

343 1302 472 1361 Pet.
503 1304 542 1361 i.
575 1303 666 1374 19,
689 1305 871 1360 modo
899 1303 1014 1360 cibi
1036 1303 1366 1362 suavissimi
1393 1312 1454 1363 et
1494 1305 1691 1363 mellis
1725 1304 2068 1373 dulcissimi,
2100 1302 2318 1362 Psalm.
2368 1304 2489 1361 xix.
2544 1308 2636 1376 10,
2678 1315 2739 1364 et

341 1382 497 1439 cxix.
529 1380 663 1452 102,
695 1381 847 1452 1033
878 1380 997 1438 Isa.
1025 1382 1107 1439 lv.
1141 1383 1194 1451 1,
1223 1384 1279 1453 2,
1322 1382 1392 1453 33
1437 1382 1469 1440 1
1502 1381 1630 1441 Pet.
1672 1382 1732 1439 ii.
1782 1382 1839 1452 2,
1868 1382 2049 1438 modo
2097 1382 2297 1439 odoris
2336 1380 2738 1455 fragrantissi-

347 1459 450 1529 mi,
482 1457 654 1517 Cant.
693 1459 732 1515 i.
773 1459 829 1532 3,
859 1460 1040 1516 modo
1082 1460 1243 1517 vocis
1280 1460 1751 1533 jucundissimas,
1798 1459 1841 1517 J
1845 1460 1942 1516 oh.
1972 1478 2033 1516 x.
2056 1458 2152 1529 27,
2185 1461 2217 1518 1
2248 1459 2292 1517 J
2295 1460 2392 1517 oh.
2416 1460 2455 1517 i.
2480 1461 2532 1529 1,
2555 1464 2736 1520 modo

344 1536 534 1611 gladii
561 1536 722 1595 acuti
747 1544 808 1593 et
834 1537 990 1613 ignis
1015 1538 1532 1612 penetrantissimi,
1563 1538 1721 1596 Heb.
1770 1538 1850 1595 iv.
1894 1538 1969 1594 12
1979 1558 1993 1607 3
2044 1535 2087 1593 J
2090 1554 2170 1594 er.
2213 1538 2377 1594 xxiii.
2429 1538 2523 1610 29,
2552 1558 2657 1613 per
2678 1559 2739 1598 se

343 1614 534 1690 ipsam
562 1631 600 1672 a
625 1614 768 1673 novi
793 1615 1054 1673 hominis
1081 1616 1349 1674 sensibus
1375 1616 1550 1674 facile
1577 1615 1964 1690 dignoscitur,
1993 1621 2055 1672 et
2080 1616 2321 1691 propria
2359 1616 2512 1687 luce,
2541 1620 2735 1674 suavi-

343 1698 486 1765 tate,
513 1693 856 1768 fragrantia,
887 1700 948 1751 et
973 1694 1231 1752 efficacia
1256 1695 1729 1769 cognoscendam
1756 1712 1818 1751 se
1833 1692 2078 1771 praebet,
2100 1694 2250 1750 nihil
2273 1701 2344 1752 ut
2370 1710 2521 1769 opus
2548 1695 2622 1752 sit
2648 1714 2742 1753 ar-

345 1778 634 1845 gumenta
660 1772 906 1828 aliunde
931 1772 1298 1847 conquirere.
1381 1772 1546 1829 Hinc
1585 1772 1693 1832 Sol
1725 1772 1977 1846 justitiae
2005 1788 2127 1827 non
2155 1771 2329 1829 citius
2354 1773 2640 1843 exoritur,
2683 1782 2744 1833 et

346 1848 634 1907 micantes
658 1850 722 1905 in
753 1849 956 1907 Verbo
997 1851 1196 1907 radios
1223 1849 1523 1923 diffundit,
1554 1850 1701 1926 quin
1740 1850 1933 1907 fidelis
1960 1848 2167 1906 divino
2192 1850 2333 1907 fidei
2360 1851 2537 1908 oculo
2577 1852 2740 1909 illico

345 1943 488 1983 eum
535 1928 857 1997 intueatur,
901 1934 962 1985 et
1003 1929 1080 1985 ad
1128 1929 1260 2003 ejus
1284 1929 1482 1985 lucem
1508 1928 1755 1997 exultet,
1810 1926 1961 1985 Mal.
1988 1926 2068 1984 iv.
2099 1929 2154 1999 2,
2184 1927 2227 1985 J
2230 1930 2325 1985 oh.
2374 1946 2431 1985 v.
2476 1928 2571 1999 35,
2601 1928 2743 1987 Vox

346 2005 621 2063 amabilis
645 2005 880 2076 Christi,
907 2022 1030 2062 non
1048 2005 1222 2063 citius
1239 2006 1484 2063 auribus
1499 2005 1719 2063 nostris
1746 2006 2001 2074 insonat,
2025 2005 2173 2080 quin
2194 2024 2327 2063 eam
2349 2007 2742 2066 exaudiamus

343 2089 407 2139 et
431 2083 925 2153 internoscemus,
967 2089 1038 2140 ut
1061 2102 1202 2141 oves
1227 2085 1376 2158 eJus,
1406 2082 1449 2140 J
1451 2085 1546 2141 oh.
1595 2102 1655 2141 x.
1698 2082 1775 2146 27
1798 2105 1814 2155 ;
1860 2082 2030 2141 Cant.
2059 2083 2121 2140 ii.
2150 2084 2207 2141 8.
2291 2082 2471 2142 Panis
2498 2086 2655 2157 vitae,
2686 2094 2746 2143 et

349 2161 473 2218 mel
499 2160 842 2217 divinarum
870 2161 1347 2219 consolationum
1375 2178 1498 2217 non
1525 2161 1726 2220 statim
1754 2160 1865 2234 ipsi
1893 2162 2231 2235 apponitur,
2260 2163 2407 2236 quin
2435 2163 2743 2221 confestim

349 2237 530 2294 illum
557 2238 870 2311 deglutiat,
901 2244 962 2294 et
987 2246 1188 2311 gustet
1211 2240 1440 2296 bonum
1465 2241 1582 2297 hoc
1606 2237 1723 2296 Dei
1748 2238 2039 2308 Verbum,
2073 2240 2102 2296 1
2137 2238 2265 2297 Pet.
2294 2240 2355 2295 ii.
2386 2239 2451 2310 3;
2481 2241 2639 2300 Heb.
2663 2242 2741 2300 vi.

351 2314 426 2386 53
461 2314 630 2373 Cant.
659 2316 720 2373 ii.
751 2316 807 2385 3,
836 2321 898 2372 et
917 2314 1182 2374 fructum
1207 2318 1414 2393 palato
1443 2334 1691 2375 suavem
1716 2318 2076 2393 experiatur.
2162 2317 2378 2377 Christi
2406 2318 2744 2379 satisfactio

349 2400 414 2451 et
439 2392 482 2451 J
485 2394 690 2451 ustitia
725 2393 1035 2467 ιῦοὸιστάτη,
1087 2394 1242 2470 Eph.
1271 2414 1328 2453 v.
1361 2397 1414 2471 2,
1464 2413 1587 2453 non
1615 2402 1811 2469 potest
1836 2396 1927 2451 illi
1953 2396 2225 2472 proponi,
2249 2397 2395 2471 quin
2440 2405 2643 2456 currat
2680 2398 2745 2456 in

352 2473 597 2529 odorem
625 2481 1072 2548 unguentorum
1099 2475 1249 2549 ejus,
1281 2474 1453 2533 Cant.
1482 2474 1521 2531 i.
1562 2473 1666 2543 iii„
1707 2480 1769 2531 et
1793 2473 1981 2531 instar
1999 2474 2243 2549 Aquilae
2292 2475 2541 2533 eoelestis
2566 2476 2626 2533 in
2658 2478 2748 2534 di-

347 2550 558 2607 vinum
603 2549 769 2609 istud
811 2557 1004 2629 πὸμο
1039 2552 1204 2610 illico
1247 2553 1507 2622 advolet,
1556 2550 1780 2609 Matth.
1828 2552 1991 2609 xxiv.
2050 2552 2143 2623 28,
2186 2552 2447 2628 denique
2492 2555 2748 2614 coelestis

351 2626 638 2687 Veritatis
665 2630 822 2705 ignis
848 2638 910 2690 et
935 2631 1173 2707 gladius
1198 2649 1320 2687 non
1361 2636 1558 2705 potest
1583 2629 1747 2687 exeri
1786 2637 1847 2686 et
1874 2630 2199 2700 admoveri,
2230 2630 2373 2705 quin
2416 2632 2577 2690 illico
2620 2634 2747 2690 ani-

350 2722 512 2763 mam
531 2706 879 2782 inflammet,
909 2717 970 2768 et
1008 2710 1088 2768 ad
1135 2709 1380 2766 intimos
1419 2709 1615 2767 cordis
1641 2725 1906 2767 recessus
1947 2713 2235 2784 penetret,
2265 2706 2411 2768 Luc.
2440 2710 2602 2767 xxiv.
2650 2712 2748 2783 32,

349 2785 500 2859 quin
527 2785 700 2844 vivus
727 2795 788 2845 et
811 2788 1021 2847 efficax
1046 2788 1156 2845 iste
1186 2787 1300 2845 Dei
1333 2788 1538 2845 Sermo
1562 2804 1623 2844 se
1651 2786 1973 2844 acutiorem
1997 2791 2058 2843 et
2076 2788 2577 2860 penetrantiorem
2598 2806 2750 2863 quo-

353 2862 444 2919 vis
471 2863 677 2935 gladio
704 2866 948 2941 ancipiti
995 2866 1295 2938 exhibeat,
1323 2872 1386 2923 et
1409 2865 1715 2940 pertingat
1740 2880 1931 2937 usque
1956 2864 2035 2920 ad
2063 2862 2411 2920 divisionem
2442 2865 2662 2921 ossium
2690 2874 2749 2923 et

353 2939 612 3011 spiritus,
641 2959 1116 3019 compagumque
1145 2948 1207 3001 et
1225 2944 1650 3015 medullarum,
1672 2941 2083 3016 dijudicetque
2100 2940 2506 3014 cogitationes,
2528 2948 2589 2999 et
2608 2960 2747 3000 con-

353 3016 652 3090 ceptiones
684 3022 897 3091 cordis,
947 3021 1104 3078 Heb.
1133 3021 1216 3077 iv.
1268 3020 1361 3091 12,
1395 3020 1546 3079 Cum
1596 3038 1739 3094 ergo
1778 3018 2084 3093 Scriptura
2125 3036 2187 3075 se
2235 3017 2478 3089 Lucem,
2512 3018 2745 3093 Cibum,

357 3090 606 3163 Vocem,
639 3095 920 3167 Odorem,
953 3098 1170 3172 Ignem
1197 3104 1258 3155 et
1275 3098 1568 3157 Gladium
1583 3104 1773 3169 vocet,
1802 3114 1874 3153 eo
1888 3097 2019 3171 ipso
2039 3096 2279 3154 insitam
2300 3096 2749 3174 ingenitamque

353 3170 479 3227 vim
507 3171 622 3229 sibi
648 3190 774 3231 esse
797 3181 1073 3245 testatur,
1103 3194 1240 3250 quae
1266 3177 1640 3234 luculentum
1670 3176 1763 3233 sui
1810 3181 2233 3249 argumentum
2272 3176 2496 3250 praebet
2522 3176 2595 3233 iis
2623 3196 2750 3235 om-

353 3249 550 3319 nibus,
581 3251 686 3325 qui
714 3270 919 3310 sensus
944 3254 1296 3311 exercitatos
1335 3255 1558 3311 habent
1596 3256 1676 3312 ad
1720 3252 2131 3311 discretionem
2151 3253 2280 3311 veri
2306 3260 2367 3311 et
2407 3253 2563 3327 falsi,
2604 3256 2747 3314 boni

351 3333 414 3383 et
439 3329 600 3387 mali.
687 3330 868 3388 Unde
897 3331 946 3389 si
967 3332 1102 3405 quis
1128 3338 1315 3405 roget,
1333 3350 1456 3407 qua
1492 3333 1723 3390 ratione
1744 3332 2213 3407 persuadeamur
2239 3350 2276 3389 a
2318 3332 2448 3390 Deo
2488 3334 2746 3407 fluxisse,

351 3405 466 3463 nisi
494 3408 574 3464 ad
604 3407 930 3466 Ecclesiam
958 3408 1396 3483 confugiamus,
1427 3411 1673 3485 perinde
1700 3416 1790 3468 est
1816 3428 1885 3467 ac
1912 3410 1965 3467 si
1992 3410 2126 3485 quis
2151 3416 2333 3484 petat,
2360 3410 2540 3469 Unde
2562 3412 2750 3471 disca-

351 3500 488 3541 mus
511 3486 708 3542 lucem
736 3486 1068 3544 discernere
1095 3505 1134 3545 a
1171 3488 1445 3558 tenebris,
1475 3488 1683 3545 album
1710 3506 1749 3545 a
1786 3489 1978 3561 nigro,
2008 3489 2183 3545 dulce
2211 3488 2287 3545 ab
2314 3507 2519 3547 amaro
2545 3512 2559 3549 ε
2602 3490 2745 3548 Non

353 3560 512 3617 enim
535 3563 936 3621 obscuriorem
965 3564 1228 3623 veritatis
1256 3584 1380 3621 sues
1403 3582 1643 3623 sensum
1664 3567 1825 3623 ultro
1850 3566 2156 3639 Scriptura
2174 3584 2297 3640 prae
2326 3584 2387 3622 se
2412 3567 2546 3639 fert,
2566 3586 2745 3641 quam

353 3638 570 3695 coloris
596 3640 691 3695 sui
716 3660 809 3698 res
836 3643 989 3699 alboe
1017 3649 1078 3699 et
1103 3643 1308 3715 nigrae,
1337 3650 1399 3699 et
1426 3642 1652 3718 saporis
1678 3643 1883 3701 dulces
1910 3660 1979 3700 ac
2018 3660 2253 3701 amarae.
2336 3642 2498 3700 Hinc
2527 3646 2750 3717 optime

358 3713 706 3775 Lactantius
731 3720 834 3777 lib.
867 3719 922 3790 3,
955 3719 1126 3777 Insti.
1155 3738 1282 3795 cap.
1314 3721 1368 3791 1,
1401 3727 1436 3755 ‘⁴
1455 3720 1651 3778 Tanta
1676 3727 1766 3778 est
1792 3720 2063 3796 potentia
2088 3720 2371 3791 veritatis,
2401 3728 2471 3778 ut
2498 3722 2749 3795 seipsam

355 3794 630 3867 quamvis
655 3795 718 3853 in
745 3797 924 3855 rebus
950 3797 1184 3871 exiguis
1211 3815 1323 3856 sua
1348 3799 1616 3856 claritate
1657 3798 1997 3856 defendat.”

437 3871 621 3930 XIX.
665 3874 803 3932 Hoc
827 3876 1030 3950 ipsum
1055 3892 1198 3933 vero
1225 3876 1478 3933 ulterius
1504 3876 1841 3933 confirmari
1868 3881 2064 3950 potest
2089 3892 2127 3932 a
2152 3874 2350 3931 simili.
2432 3874 2596 3932 Nam
2618 3876 2665 3933 si
2686 3876 2748 3933 in

353 3966 558 4006 rerum
578 3958 792 4009 natura
817 3954 1058 4010 nullum
1085 3960 1176 4011 est
1201 3954 1498 4025 effectum,
1527 3955 1691 4028 quod
1720 3972 1913 4011 causae
1950 3972 2073 4011 suae
2102 3960 2272 4010 notas
2301 3958 2362 4009 et
2388 3954 2751 4011 characteres

354 4028 650 4101 quosdam
675 4048 797 4088 non
825 4031 1061 4101 referat,
1092 4030 1214 4089 sive
1241 4033 1306 4089 in
1327 4032 1723 4102 naturalibus,
1748 4032 1870 4088 sive
1896 4032 1959 4088 in
1977 4030 2333 4088 voluntariis
2358 4051 2372 4099 ;
2419 4030 2481 4088 Si
2511 4030 2754 4103 singula

356 4104 474 4163 Dei
522 4124 705 4180 opera
729 4108 1110 4167 admirabiles
1157 4108 1399 4186 Opificis
1455 4110 1705 4167 virtutes
1752 4109 2200 4183 conspiciendas
2248 4108 2420 4164 nobis
2466 4108 2751 4181 praebent,

353 4201 616 4257 eumque
667 4186 756 4244 ita
806 4194 1250 4261 repraesentant,
1299 4194 1372 4245 ut
1410 4206 1486 4244 ex
1533 4187 1608 4243 iis
1658 4204 1781 4243 non
1832 4188 2078 4243 obscure
2119 4192 2546 4257 cognoscatur:
2600 4185 2752 4251 Quis

351 4262 672 4320 crediderit
717 4264 1106 4338 scripturam,
1146 4284 1283 4339 quse
1325 4282 1616 4338 magnum
1658 4270 1749 4321 est
1784 4263 1898 4320 Dei
1918 4280 2085 4335 opus,
2110 4262 2283 4317 nulla
2324 4263 2621 4319 Authoris
2658 4266 2752 4320 sui

351 4341 578 4421 ιςιτιὶςια
615 4360 740 4416 prae
782 4361 845 4399 se
869 4343 1072 4401 ferre?
1159 4342 1295 4399 Imo
1336 4359 1408 4397 eo
1436 4341 1805 4397 luculentius
1849 4340 2058 4396 debuit
2098 4356 2161 4394 se
2188 4338 2250 4393 in
2278 4339 2387 4395 illa
2415 4340 2585 4397 nobis
2614 4358 2753 4399 con-

350 4422 765 4494 templandum
823 4421 1121 4490 exhibere,
1178 4420 1342 4493 quod
1398 4418 1463 4473 in
1515 4436 1655 4473 eum
1708 4418 1887 4473 finem
1942 4433 2071 4472 eam
2129 4416 2363 4473 tradere
2414 4419 2626 4493 voluit,
2684 4430 2757 4479 ut

355 4500 664 4571 speculum
706 4507 859 4556 esset
898 4496 1446 4573 splendidissimum
1474 4494 1842 4563 Divinitatis,
1862 4502 1923 4551 et
1963 4492 2101 4550 fidei
2142 4500 2322 4567 atque
2361 4514 2597 4554 morum
2619 4518 2757 4556 nor-

355 4592 458 4631 ma
497 4574 969 4644 indeclinabilis3
1013 4574 1189 4632 Alias
1230 4572 1548 4629 dicendum
1590 4570 1719 4643 erit,
1770 4572 1967 4629 Deum
2015 4572 2111 4627 vel
2160 4588 2281 4627 non
2326 4576 2608 4647 potuisse,
2656 4579 2755 4631 vel

358 4652 621 4709 noluisse
675 4672 736 4709 se
775 4655 840 4709 in
881 4654 990 4709 illa
1031 4652 1377 4725 exprimere.
1483 4648 1666 4716 Quod
1714 4656 2037 4724 utrumque
2092 4666 2209 4706 non
2260 4652 2459 4709 minus
2504 4653 2759 4729 impium
