3234 5192
513 293 633 353 490
1093 305 1173 347 m:
1200 304 1696 347 sarrsrAcrroms
1722 305 1967 349 cnmsn
1995 306 2315 349 vannus.
2509 292 2774 365 [eretur.
2803 310 2930 355 xxv.

512 448 722 527 ponit3
754 449 793 484 “
816 446 956 524 Ipse
982 451 1309 523 peccatum,
1340 453 1402 507 et
1426 465 1536 505 nos
1553 446 1810 520 justitia,
1839 466 1950 507 nec
1989 454 2198 507 nostra
2235 447 2339 506 sed
2369 446 2499 523 Dei,
2529 450 2730 508 necin
2757 453 2928 512 nobis

514 530 617 586 sed
646 527 711 585 in
736 528 883 602 ips0,
914 525 1070 584 sicut
1095 525 1217 601 ipse
1244 531 1571 600 peccatum,
1602 543 1724 583 non
1753 544 1930 583 suum
1957 528 2062 585 sed
2102 531 2396 597 nostrum,
2419 545 2528 585 nec
2551 527 2616 585 in
2643 547 2704 585 se
2732 531 2835 587 sed
2861 531 2926 589 in

514 606 689 663 nobis
715 605 910 664 factus
937 606 1083 663 est.'’
1168 604 1299 662 Ista
1324 603 1446 661 scil.
1476 604 1738 663 mirabili
1764 605 2202 678 permuta-tione
2241 606 2406 663 mala
2431 610 2638 663 nostra
2655 606 2718 663 in
2745 626 2810 665 se
2836 627 2928 666 re-

517 683 676 759 cepit
690 691 761 741 ut
776 684 936 741 bona
964 701 1072 741 sua
1096 682 1271 739 nobis
1296 682 1636 755 largiretur,
1665 682 1886 757 recepit
1911 683 2231 755 miseriam,
2255 689 2326 740 ut
2352 683 2675 757 largiretur
2701 685 2927 745 miseri-

514 762 795 835 cordiam,
848 762 1072 835 recepit
1116 759 1599 819 maledictionem
1662 767 1732 818 ut
1795 760 2222 819 benedictionis
2275 778 2402 819 sure
2457 768 2762 837 compotes
2813 782 2926 823 nos

507 840 745 911 faceret,
769 838 988 914 recepit
1013 845 1283 909 mortem,
1302 844 1375 893 ut
1400 838 1585 895 vitam
1610 838 1922 909 conferret,
1939 840 2160 913 recepit
2183 846 2510 915 peccatum,
2533 847 2604 897 ut
2619 840 2924 914 justitiam

510 917 931 993 impertiretur.
1018 916 1383 991 Quanquam
1430 934 1574 973 vero
1614 918 1744 975 haec
1785 918 2174 975 commutatio
2215 918 2441 992 duplex
2484 918 2642 975 inter
2667 936 2729 975 se
2757 920 2822 977 in
2847 938 2920 977 eo

512 996 860 1054 conveniat:
900 994 1093 1071 primo
1123 995 1286 1069 quod
1316 992 1382 1050 in
1410 1000 1670 1070 utraque
1698 994 1964 1053 alienum
1991 996 2138 1069 quid
2170 996 2391 1070 judicii
2429 995 2622 1053 divini
2669 996 2924 1055 aestima-

512 1074 681 1131 tione
718 1074 781 1131 in
828 1091 1143 1148 personam
1182 1070 1554 1142 transfertur,
1598 1091 1733 1147 quae
1762 1073 2074 1131 translatio
2103 1091 2224 1131 non
2253 1080 2343 1132 est
2358 1072 2577 1147 judicii
2604 1074 2920 1147 aberratio,

514 1153 618 1211 sed
644 1171 717 1210 ea
743 1151 1050 1227 dispositio
1079 1168 1203 1225 qua
1226 1156 1471 1225 propter
1497 1150 1728 1225 aliquid
1755 1151 1833 1208 ab
1863 1150 1983 1209 alio
2010 1151 2344 1226 praestitum
2372 1152 2482 1209 tibi
2507 1151 2788 1209 nonnihil
2813 1155 2922 1211 ad-

512 1229 790 1289 scribitur
816 1248 885 1287 ac
910 1230 961 1287 si
986 1229 1111 1304 ipse
1138 1246 1211 1287 ea
1235 1246 1491 1303 persona
1516 1245 1672 1285 esses
1697 1246 1738 1285 a
1763 1246 1885 1303 qua
1911 1235 2116 1287 ortum
2155 1236 2247 1287 est
2281 1230 2346 1285 id
2392 1228 2638 1300 facturn,
2679 1238 2922 1305 propter

511 1310 822 1383 peccatum
862 1314 1138 1367 nostrum
1174 1324 1337 1365 mors
1371 1304 1607 1364 Christo
1635 1305 1912 1379 imposita
1936 1306 2082 1363 acsi
2108 1313 2421 1381 peccasset,
2449 1314 2510 1364 et
2535 1314 2779 1382 propter
2787 1308 2920 1382 jus-

512 1386 707 1444 titiam
738 1385 956 1445 Christi
982 1386 1111 1443 vita
1135 1390 1197 1442 ct
1221 1383 1540 1441 haereditas
1566 1383 1740 1441 nobis
1759 1383 1980 1441 collata
1995 1402 2064 1443 ac
2085 1384 2133 1441 si
2151 1384 2306 1460 justi
2327 1402 2588 1443 essemus
2606 1386 2918 1460 legemque

514 1464 1025 1539 implevissemus;
1066 1462 1281 1520 deinde
1310 1461 1474 1535 quod
1503 1461 1823 1535 utrobique
1860 1478 2050 1519 nexus
2081 1462 2292 1521 debuit
2318 1480 2444 1521 esse
2469 1462 2625 1521 inter
2650 1464 2760 1519 has
2785 1481 2918 1538 per-

512 1560 703 1612 sonas,
730 1560 873 1599 nam
899 1558 1095 1615 neque
1124 1539 1359 1597 Christo
1394 1538 1686 1612 imputari
1725 1538 2062 1614 potuissent
2105 1546 2348 1614 peccata
2388 1547 2592 1599 nostra
2631 1540 2746 1598 nisi
2785 1548 2918 1599 tum

512 1628 745 1677 naturae
772 1620 1043 1693 ejusdem
1060 1617 1319 1688 vinculo,
1340 1622 1473 1673 tum
1493 1617 1837 1675 voluntaria
1857 1618 2173 1692 sponsione
2191 1617 2501 1678 nobiscum
2521 1618 2724 1675 unitus
2743 1625 2915 1689 esset,

512 1714 707 1771 neque
740 1695 983 1770 justitia
1014 1692 1236 1755 Christi
1262 1694 1433 1751 nobis
1460 1694 1858 1769 imputaretur
1883 1696 1999 1752 nisi
2023 1694 2089 1751 in
2117 1713 2310 1753 unum
2353 1714 2492 1753 cum
2531 1695 2655 1770 ipso
2699 1713 2919 1769 corpus

511 1774 939 1833 coaluissemus
962 1773 1245 1848 ;„'Pamen
1271 1770 1334 1827 in
1362 1789 1433 1828 eo
1454 1771 1637 1845 longe
1655 1772 1960 1842 differunt,
1979 1774 2146 1848 quod
2170 1772 2406 1833 Christo
2429 1772 2742 1848 imputatio
2757 1772 2920 1831 facta

508 1858 603 1909 est
628 1870 703 1909 ex
721 1852 977 1925 justitia,
1020 1849 1193 1909 nobis
1220 1866 1295 1905 ex
1337 1848 1759 1922 misericordia,
1787 1850 1854 1907 in
1878 1850 2055 1907 illum
2094 1859 2406 1925 peccatum
2432 1849 2787 1909 transfertur
2813 1852 2920 1909 sed

516 1930 901 1999 abolendum,
928 1930 993 1987 in
1020 1946 1130 1986 nos
1162 1926 1403 2002 justitia
1432 1928 1536 1985 sed
1565 1930 1990 1999 conservanda,
2020 1928 2084 1985 in
2110 1928 2286 1987 illum
2313 1929 2654 1989 maledictio
2683 1929 2787 1987 sed
2815 1929 2920 1986 ab·

512 2009 827 2079 sorbenda,
856 2007 921 2065 in
947 2026 1059 2066 nos
1084 2004 1419 2064 benedictio
1448 2006 1549 2063 sed
1578 2006 2004 2079 continuanda,
2049 2007 2113 2064 in
2154 2008 2330 2065 illum
2377 2008 2582 2067 sordes
2627 2008 2734 2063 sed
2767 2006 2919 2080 ain-

436 2108 444 2111 ·
511 2086 734 2146 ciendae
775 2088 839 2145 in
881 2086 1273 2161 profundum,
1315 2084 1381 2141 in
1424 2102 1533 2141 nos
1576 2085 1760 2161 vestis,
1799 2102 1957 2142 nova
1995 2084 2397 2160 primogeniti,
2439 2086 2544 2143 sed
2570 2085 2916 2157 induenda3

509 2165 652 2222 hinc
676 2172 767 2224 est
792 2167 957 2239 quod
983 2183 1093 2222 nos
1118 2180 1257 2220 vere
1284 2161 1440 2236 justi
1466 2171 1527 2220 et
1552 2163 1664 2219 filii
1693 2163 1806 2221 Dei
1848 2163 1966 2220 dici
2003 2182 2340 2239 possumus,
2369 2168 2433 2223 at
2457 2181 2581 2219 non
2606 2168 2919 2237 propterea

514 2242 785 2303 Christus
816 2244 911 2299 vel
938 2249 1211 2317 peccator
1238 2241 1335 2297 vel
1361 2242 1522 2299 filius
1548 2241 1674 2313 irae,
1717 2242 1862 2317 quia
1887 2260 1996 2301 nec
2023 2247 2334 2317 peccatum
2359 2258 2435 2297 ex
2461 2258 2524 2299 se
2551 2238 2766 2298 habuit
2806 2257 2916 2301 nec

509 2320 601 2377 ira
629 2321 743 2377 Dei
770 2320 1005 2389 mansit,
1036 2320 1139 2375 sed
1166 2318 1405 2376 transiit
1430 2325 1670 2377 tantum
1695 2338 1872 2394 super
1897 2320 2115 2394 ipsum.

592 2396 869 2454 XXXV.
913 2396 1083 2453 Licet
1117 2412 1259 2452 vero
1287 2396 1423 2453 luce
1449 2396 1782 2455 meridiana
1808 2398 2026 2455 clarius
2067 2398 2303 2472 fulgeat
2335 2398 2434 2458 hic
2461 2396 2719 2455 coelestis
2762 2397 2917 2455 veri-

507 2480 617 2545 tas,
648 2492 771 2531 non
799 2474 1017 2530 desunt
1042 2480 1243 2531 tamen
1271 2491 1380 2531 sua
1406 2474 1759 2533 adversariis
1786 2476 2020 2546 cavilla,
2050 2476 2268 2550 quibus
2295 2494 2430 2533 eam
2456 2476 2771 2535 obscurare
2786 2483 2848 2533 et
2864 2475 2915 2535 si

506 2552 634 2611 fieri
660 2558 859 2626 posset
884 2550 1231 2625 extinguere
1248 2558 1578 2609 conantur:
1623 2551 1823 2609 Aiunt
1847 2572 2023 2627 ergo:
2071 2555 2147 2611 1⁰.
2179 2553 2240 2611 N
2245 2572 2324 2611 on
2351 2571 2522 2628 posse
2550 2572 2626 2611 ex
2651 2571 2722 2611 eo
2749 2555 2915 2628 quod

512 2629 782 2689 Christus
808 2636 1119 2705 peccatum
1144 2627 1365 2685 dicitur
1391 2628 1878 2702 subrogationem
1923 2633 2017 2689 vel
2043 2650 2232 2705 poenae
2261 2631 2359 2689 vel
2394 2649 2660 2706 personae
2688 2630 2915 2704 inferri,

510 2708 655 2783 quia
680 2714 750 2765 ut
770 2718 1070 2783 peccatum
1096 2725 1234 2763 cum
1280 2708 1529 2765 denotat
1564 2707 1964 2779 afflictionem,
1991 2710 2294 2769 interdum
2321 2714 2495 2767 notat
2535 2708 2915 2769 affiictionem

508 2792 745 2847 tantum
762 2785 1057 2861 ejusmodi
1074 2803 1211 2859 quae
1228 2784 1431 2843 delicti
1448 2784 1693 2859 quidem
1709 2786 1968 2862 alicujus
1985 2788 2288 2846 occasione
2307 2787 2566 2863 cuipiam
2584 2788 2914 2862 infligatur,

508 2865 749 2925 interim
770 2872 973 2923 tamen
998 2882 1188 2939 poenae
1208 2863 1447 2939 proprie
1485 2862 1660 2921 dictae
1697 2865 1989 2925 rationem
2025 2884 2150 2923 non
2176 2866 2412 2937 habeat,
2450 2864 2539 2923 ita
2568 2864 2750 2923 etiam
2777 2884 2916 2925 cum

510 2962 619 3018 pro
649 2961 793 3001 voce
821 2948 1095 3001 concreta
1119 2942 1441 3017 peccatoris
1480 2947 1824 3017 usurpatur,
1853 2944 2032 3002 etiam
2059 2962 2200 3001 eum
2234 2944 2340 3019 qui
2367 2944 2656 3001 occasione
2685 2955 2916 3001 tantum

500 3022 724 3097 peccati
750 3021 929 3095 alicuj
936 3040 1007 3079 us
1052 3020 1339 3094 affligitur
1374 3019 1704 3094 significare
1733 3038 1920 3097 posse.
2006 3021 2141 3079 Imo
2183 3028 2252 3079 ut
2277 3022 2413 3096 quis
2457 3029 2766 3112 peccatum
2817 3022 2917 3081 vel

506 3106 779 3174 peccator
805 3099 925 3157 dici
951 3105 1149 3173 queat,
1180 3114 1255 3154 ne
1281 3099 1395 3155 hoc
1414 3097 1660 3173 quidem
1682 3099 1924 3158 omnino
1944 3099 2166 3174 requiri
2188 3106 2258 3157 ut
2285 3099 2526 3159 afflictio
2546 3118 2730 3173 quam
2755 3099 2920 3157 subit

508 3176 709 3233 delicti
736 3176 914 3249 alicuj
922 3193 993 3232 us
1020 3176 1325 3233 occasione
1351 3175 1464 3249 ipsi
1490 3176 1816 3251 infligatur,
1845 3177 1987 3235 satis
2015 3195 2138 3235 esse
2159 3196 2298 3235 eum
2325 3178 2414 3236 ita
2437 3178 2681 3235 tractari
2707 3195 2917 3252 quem-

508 3254 835 3311 admodum
861 3258 1194 3326 peccatores
1222 3253 1463 3311 tractari
1489 3254 1686 3313 solent
1712 3261 1774 3313 et
1807 3262 2126 3327 merentur,
2157 3262 2337 3331 atque
2365 3256 2515 3313 adeo
2563 3254 2627 3312 id
2652 3255 2916 3331 perferre

508 3330 673 3403 quod
696 3329 845 3386 alias
870 3346 1059 3403 poenae
1088 3329 1339 3385 materia
1365 3346 1488 3387 esse
1516 3331 1684 3404 solet,
1715 3332 1797 3390 sic
1817 3350 2021 3390 vocem
2043 3333 2364 3409 peccatoris
2392 3334 2668 3407 usurpari
2697 3334 2729 3391 1
2761 3332 2914 3407 Reg.

506 3407 544 3465 i.
560 3406 653 3475 21,
672 3406 774 3465 ubi
796 3406 1184 3463 Bathsebaad
1196 3405 1512 3479 Davidem,
1530 3410 1563 3441 “
1576 3407 1657 3465 Et
1673 3409 1787 3469 erit
1807 3427 1942 3469 cum
1958 3410 2264 3469 dormierit
2281 3410 2578 3469 Dominus
2593 3430 2763 3469 meus
2779 3411 2915 3469 Rex

506 3504 643 3543 cum
680 3484 951 3560 patribus
998 3483 1121 3541 suis
1166 3491 1227 3541 et
1266 3502 1367 3541 ero
1416 3502 1529 3559 ego
1576 3493 1638 3544 et
1663 3487 1822 3546 filius
1861 3507 2031 3547 meus
2075 3488 2361 3547 Salomon
2407 3490 2802 3563 peccatores,”
2831 3490 2914 3548 id.

504 3572 794 3639 tanquam
818 3568 1155 3637 peccatores
1182 3561 1568 3622 tractabimur
1593 3572 1656 3621 et
1700 3566 2058 3640 perdemur;
2103 3566 2276 3625 Idem
2305 3566 2486 3624 etiam
2513 3585 2822 3625 occurrere
2847 3568 2913 3625 in

502 3660 647 3701 voce
678 3640 926 3719 justitiae
966 3647 1207 3715 peccato
1236 3641 1527 3715 opposita,
1576 3662 1711 3718 quae
1759 3661 1895 3703 cum
1939 3644 2088 3703 alias
2123 3663 2232 3719 pro
2260 3645 2476 3703 effectu
2518 3664 2624 3703 seu
2665 3646 2914 3720 praemio

496 3720 749 3797 justitiae
772 3726 1112 3794 usurpetur,
1140 3717 1213 3775 iis
1240 3736 1479 3797 quoque
1500 3720 1786 3779 tribuitur
1807 3721 1910 3797 qui
1937 3723 2002 3780 id
2031 3724 2194 3798 quod
2223 3722 2372 3781 alias
2388 3723 2640 3797 justitiae
2668 3722 2918 3786 effectus

503 3806 563 3857 et
590 3798 901 3873 praemium
943 3814 1067 3855 esse
1114 3796 1283 3867 solet,
1314 3797 1632 3872 accipiunt,
1677 3817 1785 3857 seu
1827 3800 1932 3874 qui
1959 3800 2234 3857 similiter
2277 3807 2610 3859 tractantur
2635 3808 2705 3859 ut
2739 3801 2912 3875 justi,

503 3878 677 3935 nulla
702 3876 908 3934 habita
932 3874 1165 3935 ratione
1194 3874 1325 3951 ejus
1352 3878 1515 3950 quod
1541 3878 1607 3935 id
1653 3879 1762 3937 fiat
1801 3878 2104 3937 occasione
2127 3878 2386 3951 justitiae
2423 3880 2501 3937 ab
2528 3878 2734 3954 aliquo
2763 3898 2918 3953 prae-

502 3955 675 4027 stitae,
718 3956 816 4013 vel
862 3953 1101 4031 pietatis
1148 3952 1403 4028 alicujus
1430 3956 1882 4029 compensandae
1910 3956 2123 4030 gratia,
2152 3964 2213 4015 et
2239 3957 2395 4015 hanc
2421 3956 2916 4031 significationem

500 4032 724 4109 ubique
750 4034 952 4091 locum
978 4032 1197 4089 habere
1225 4032 1329 4089 ubi
1356 4032 1432 4091 (le
1449 4032 1876 4106 ,iustificatione
1904 4042 2109 4093 nostra
2135 4054 2240 4110 per
2265 4035 2447 4091 fidem
2473 4052 2667 4093 sermo
2694 4040 2799 4093 est.
2831 4036 2914 4095 2⁰.

503 4110 889 4170 contendunt
917 4110 988 4169 E.
1022 4108 1327 4169 Christum
1368 4108 1503 4167 ideo
1546 4112 1664 4169 dici
1704 4111 1932 4169 sactum
1959 4120 2268 4186 peccatum
2295 4112 2436 4188 quia
2462 4119 2754 4187 tanquam
2779 4130 2919 4189 pec-

498 4196 662 4247 cator
687 4190 924 4248 habitus
950 4196 1057 4261 est,
1089 4189 1219 4246 Deo
1244 4188 1332 4245 ita
1374 4188 1754 4261 permittente
1784 4196 1852 4248 ut
1884 4190 1960 4247 ab
2003 4191 2348 4249 hominibus
2389 4190 2576 4249 atroci
2615 4196 2678 4247 et
2701 4190 2918 4249 infami

496 4274 689 4403 giorte
735 4274 1025 4344 tanquam
1067 4265 1383 4326 hominum
1430 4267 1720 4342 pessimus
1761 4267 2146 4327 occideretur.
2191 4268 2290 4328 Sic
2334 4268 2487 4327 Soci.
2536 4270 2579 4327 l.
2616 4268 2658 4326 i.
2689 4286 2738 4325 c.
2767 4268 2824 4341 8,
2853 4276 2920 4328 et

544 4345 673 4401 rell.
704 4362 832 4402 con.
866 4346 1060 4404 Groti.

576 4420 889 4479 XXXVI.
934 4423 1053 4481 Sed
1081 4424 1333 4481 nebulas
1352 4425 1528 4483 hasce
1550 4442 1700 4501 quas
1719 4422 2005 4499 lucifugae
2027 4424 2106 4483 ad
2135 4425 2574 4487 obscurandam
2599 4424 2916 4485 veritatem

494 4494 789 4554 obducere
808 4499 1085 4565 nituntur
1104 4500 1316 4575 fugare
1331 4519 1454 4559 non
1476 4508 1565 4560 est
1584 4501 1840 4559 difficile.
1883 4500 2048 4561 Nam
2075 4503 2149 4560 1⁰.
2171 4503 2358 4577 gratis
2379 4502 2756 4579 supponitur,
2785 4522 2914 4561 non

490 4571 799 4647 probatur,
820 4583 1127 4645 peccatum
1153 4577 1532 4636 afflictionem
1559 4597 1683 4637 non
1712 4587 1937 4651 notare,
1959 4598 2096 4656 quae
2115 4580 2319 4641 delicti
2341 4580 2648 4639 occasione
2675 4580 2916 4655 infliga-
