3234 5192
328 333 553 376 msrur.
600 309 715 392 m]
1223 327 1300 368 ns
1343 325 1537 368 rarnA
1582 323 1856 367 cnmsro.
2305 341 2319 355 .
2625 304 2742 366 365

326 475 512 553 Epist.
542 473 635 532 cii.
668 475 705 506 ‘⁴
728 472 849 530 Res
897 490 1029 549 quse
1078 469 1385 548 significat,
1416 489 1626 528 nomen
1675 467 1885 546 accipit
1929 465 2012 527 rei
2051 464 2236 545 'quarn
2265 467 2558 545 significat
2601 489 2616 544 3
2661 466 2748 527 sio

328 555 577 634 Spiritus
608 555 857 614 Sanctus
882 558 1127 611 vocatur
1152 549 1437 626 columba,
1468 556 1527 608 et
1545 556 1710 627 petra
1732 548 2054 608 Christus.’'
2136 547 2181 608 J
2183 567 2277 606 am
2303 555 2522 624 notum,
2555 567 2744 609 sacra-

324 643 581 696 mentum
622 631 1009 692 Eucharistiae
1054 649 1173 690 non
1218 629 1393 689 modo
1440 649 1569 690 esse
1616 627 1868 708 signum,
1910 627 2070 706 quod
2115 635 2490 706 repraesentat
2535 647 2748 706 eorpus

326 715 557 791 Christi,
586 714 803 793 pignus
830 719 1135 772 externum
1164 717 1225 769 et
1262 709 1512 788 visibile,
1543 709 1703 788 quod
1745 710 1876 788 ejus
1919 708 2345 788 possessionem
2391 709 2746 768 invisibilem

324 804 383 856 et
410 795 766 874 spiritualem
794 792 1112 869 confirmat,
1130 811 1251 850 non
1268 789 1443 850 modo
1470 790 1744 864 medium,
1773 789 1931 868 quod
1957 788 2122 848 illum
2149 789 2319 848 nobis
2339 789 2744 865 communicat,

324 884 385 937 et
409 895 525 954 quo
552 875 645 934 vis
672 875 801 953 ejus
825 873 889 931 in
929 871 1100 932 nobis
1143 871 1437 948 exeritur;
1482 871 1587 930 sed
1633 889 1836 930 omnes
1881 870 2024 930 istas
2053 869 2240 946 σχίσεις
2265 869 2434 946 signi,
2463 869 2744 948 pignoris,

324 964 385 1016 et
408 955 587 1015 medii
612 955 986 1034 conjungere,
1014 952 1079 1010 in
1106 950 1483 1012 similitudine
1511 971 1686 1030 quam
1714 950 1892 1011 habet
1907 969 2040 1010 cum
2059 969 2300 1028 corpore
2328 949 2560 1026 Christi,
2589 948 2750 1010 unde

324 1036 564 1096 dubium
591 1053 719 1095 esse
745 1053 865 1092 non
903 1039 1113 1112 potest,
1144 1032 1285 1111 quin
1328 1051 1537 1110 corpus
1586 1030 1804 1092 Christi
1849 1029 2098 1109 figurate
2141 1029 2632 1111 tantum-‘propter
2657 1031 2746 1090 rei

328 1116 812 1194 significationem
839 1113 1083 1174 dicatur.

413 1195 603 1254 XXI.
650 1196 885 1271 Quarta,
922 1195 1113 1262 Quum
1137 1193 1387 1253 videmia
1398 1197 1718 1270 fiqumtam
1755 1191 2084 1251 locutionem
2105 1191 2388 1268 usurpari
2408 1191 2468 1251 in
2493 1191 2748 1267 subJecu's

327 1275 593 1335 similffius
618 1275 707 1334 iai
728 1277 799 1334 de
826 1293 935 1352 quo
963 1273 1193 1350 questio
1240 1281 1335 1348 est,
1386 1282 1539 1332 certo
1585 1273 1846 1350 colliqes-⁶
1873 1272 2011 1347 licet,
2025 1275 2348 1352 fiyuratam
2373 1272 2432 1331 in
2460 1292 2524 1331 eo
2551 1291 2746 1330 occur-

330 1375 463 1415 rere
491 1355 816 1414 locutionem
832 1378 857 1428 ,·
897 1353 1037 1432 quia
1080 1353 1155 1412 de
1202 1353 1379 1412 simili
1407 1353 1595 1413 simile
1614 1351 1920 1432 judicium,
1949 1371 2060 1412 nec
2085 1351 2338 1411 dubitari
2364 1358 2572 1430 potest,
2601 1352 2744 1430 quin

328 1434 595 1494 homines
622 1433 826 1494 eodem
852 1432 1027 1493 modo
1053 1431 1330 1512 loquendi
1356 1440 1592 1494 utantur
1635 1433 1790 1493 circa
1833 1449 1928 1492 res
1971 1431 2222 1492 easdem.
2307 1433 2402 1492 Ita
2428 1451 2608 1509 quum
2633 1431 2744 1491 cir-

328 1513 607 1576 cumcisio
632 1518 879 1574 vocatur
902 1513 1095 1574 foedus
1124 1513 1253 1584 Dei,
1296 1513 1435 1592 quia
1460 1514 1588 1592 ejus
1614 1521 1742 1572 erat
1778 1511 2028 1590 signum,
2059 1519 2119 1572 et
2146 1511 2358 1591 Agnus
2389 1512 2616 1572 Pascha
2641 1529 2746 1572 seu

326 1595 622 1672 transitus,
652 1595 791 1674 quia
824 1602 949 1654 erat
988 1595 1117 1672 ejus
1156 1593 1525 1671 memoriale3
1567 1613 1746 1672 quum
1773 1592 2044 1654 audimus
2069 1591 2314 1654 Judoeos
2341 1594 2644 1672 loquentes
2669 1593 2748 1654 do

324 1694 491 1754 pane,
522 1693 697 1754 quem
723 1675 1103 1734 comedebant
1128 1674 1189 1733 in
1218 1675 1521 1750 Paschate,
1564 1675 1628 1732 in
1665 1673 1834 1752 cujus
1859 1675 2052 1732 locum
2081 1673 2380 1734 substituit
2410 1673 2470 1734 S.
2501 1691 2743 1750 coenam,

326 1757 415 1815 hic
440 1756 703 1833 estpam's
728 1756 983 1830 miserim,
1028 1775 1192 1832 quem
1234 1755 1441 1814 Patres
1482 1755 1657 1815 vesu-i
1697 1756 2180 1814 manducaverunt
2219 1754 2280 1812 in
2326 1755 2542 1814 deserto
2567 1775 2593 1820 ‚⁰
2643 1755 2746 1812 An

326 1835 536 1895 mir-um
577 1835 871 1895 videbitur
898 1835 1192 1895 Christum
1238 1835 1475 1912 dixisse,
1520 1853 1730 1914 panem
1757 1853 1886 1895 esse
1923 1853 2132 1912 corpus
2173 1853 2358 1912 suum,
2389 1841 2450 1894 et
2477 1834 2744 1904 Paulum,

326 1923 549 2009 petram
576 1934 703 1974 esse
746 1915 1039 1974 Christum
1058 1918 1089 1974 Ρ
1172 1914 1271 1974 Sic
1300 1913 1672 1992 Augustinus
1712 1923 1912 1974 contra
1953 1913 2351 1991 Adimantum,
2382 1935 2508 1992 cap.
2536 1914 2641 1975 xii.
2670 1913 2749 1974 ad

326 1995 738 2055 inveniendum
764 2015 968 2054 verum
996 2013 1230 2054 sensum
1256 1994 1425 2054 istius
1450 1994 1762 2054 locutionis
1789 1995 1994 2070 Mosis‚
2041 1997 2076 2029 “
2091 1995 2342 2072 Sanguis
2369 2003 2460 2054 est
2495 1994 2746 2072 anima,”

324 2076 569 2136 recurrit
596 2075 671 2134 ad
698 2075 967 2152 exempla
1004 2074 1363 2133 locutionum
1401 2073 1798 2150 figuratarum,
1841 2074 1904 2132 in
1943 2075 2155 2153 quibus
2183 2075 2354 2152 signa
2379 2081 2616 2135 sumunt
2639 2094 2744 2134 no-

326 2157 486 2214 mina
512 2173 703 2214 rerum
728 2173 875 2231 quas
902 2153 1249 2232 significant,
1292 2161 1355 2214 et
1394 2153 1497 2214 dat
1536 2153 1636 2214 isti
1663 2153 1943 2215 locutioni
1989 2173 2222 2215 sensum
2269 2155 2746 2234 metaphoricum,

326 2233 553 2294 scilicet
577 2233 735 2311 quod
762 2235 1001 2311 sanguis
1042 2233 1119 2293 sit
1172 2233 1403 2312 signum
1430 2235 1656 2312 enimse,
1727 2235 1826 2294 uia
1854 2233 2072 2294 Paulus
2114 2230 2266 2295 dixit
2303 2236 2462 2314 quod
2511 2238 2548 2270 “
2572 2235 2750 2296 Petra

328 2321 419 2374 est
460 2313 781 2390 Christus,’'
824 2314 963 2391 quia
1001 2313 1167 2374 illum
1208 2314 1589 2394 significabat,
1644 2317 1680 2350 ‘⁸
1757 2323 1784 2375 t
1831 2313 2096 2376 Christus
2147 2335 2268 2376 non
2313 2315 2605 2377 dubitavit
2657 2315 2746 2375 di·-

329 2414 476 2468 cere,
500 2395 633 2453 Hoc
654 2402 745 2454 est
765 2413 975 2474 corpus
1000 2413 1212 2473 meum,
1233 2413 1412 2474 quum
1441 2395 1620 2456 dabat
1648 2396 1880 2474 signum
1909 2396 2164 2475 corporis
2193 2396 2344 2456 sui.''

410 2474 637 2534 XXII.
683 2473 899 2550 Quinta
924 2483 1015 2536 est
1042 2477 1459 2554 chrysostomi,
1490 2477 1593 2556 qui
1619 2477 1820 2536 homil.
1850 2477 1910 2535 in
1938 2477 2066 2536 haec
2091 2477 2288 2554 verbe,
2323 2478 2515 2554 Pater,
2534 2477 2588 2536 εἰ
2603 2497 2746 2554 pos·

328 2555 483 2615 sibile
508 2565 603 2631 est,
635 2555 763 2632 &c.,
793 2555 971 2616 tradit
996 2577 1115 2617 non
1135 2575 1263 2617 esse
1290 2557 1627 2618 haerendum
1655 2557 1718 2616 in
1743 2557 2024 2632 terminis,
2049 2553 2153 2616 sed
2172 2557 2597 2636 respiciendum
2617 2577 2746 2618 esse

330 2655 567 2714 scopum
594 2636 901 2714 loquentis,
926 2657 1160 2698 causam
1188 2645 1249 2697 et
1274 2639 1636 2698 occasionem
1658 2637 1940 2698 sermonis
1959 2638 2103 2714 ejus,
2133 2645 2193 2698 et
2213 2637 2588 2714 quaerendum
2615 2655 2746 2696 sen-

329 2735 457 2776 sum
482 2715 775 2793 latentem,
816 2717 1031 2795 quibus
1069 2716 1339 2778 addimus
1366 2717 1755 2776 conditionem
1783 2725 1844 2776 et
1869 2725 2084 2775 statum
2114 2715 2468 2776 Auditorum
2495 2717 2572 2775 ed
2598 2735 2748 2793 quos

327 2795 396 2855 fit
422 2815 649 2872 serm03
695 2797 749 2856 N
752 2815 845 2856 am
874 2797 925 2856 si
960 2796 1073 2856 ista
1102 2798 1297 2856 omnia
1320 2817 1430 2856 nos
1456 2796 1534 2856 ad
1559 2796 1806 2872 figuram
1825 2795 2063 2870 ducunt,
2088 2794 2330 2854 dubium
2347 2815 2466 2854 non
2487 2804 2578 2854 est
2604 2797 2748 2872 quin

328 2875 577 2954 figurata
605 2877 681 2935 sit
706 2877 941 2935 locutio.
1026 2875 1072 2935 J
1073 2895 1167 2934 am
1196 2876 1247 2934 si
1272 2875 1670 2954 expendamus
1697 2875 1880 2934 verba
1906 2874 2344 2933 sacramentalia
2367 2875 2563 2950 quoad
2601 2874 2750 2932 istas

328 2955 805 3030 circumstantias,
852 2955 1352 3033 deprehendemus<
1390 2972 1630 3048 scopum
1657 2961 1716 3012 et
1742 2952 2118 3012 intentionem
2159 2952 2467 3030 loquentis,
2512 2968 2750 3011 causam

328 3043 389 3094 et
422 3034 785 3093 occasionem
828 3035 1125 3110 sermonis,
1177 3043 1237 3093 et
1283 3031 1721 3111 dispositionem
1765 3052 1834 3091 ac
1875 3040 2092 3092 statum
2131 3033 2460 3092 auditomm
2497 3033 2750 3110 figuram

328 3113 603 3190 exigeret
648 3113 911 3172 Christus
939 3114 1093 3172 enim
1120 3133 1237 3172 non
1264 3113 1443 3173 alium
1472 3112 1583 3172 sibi
1612 3131 1850 3191 scopum
1877 3111 2163 3192 proponit,
2207 3131 2382 3192 quam
2423 3131 2746 3174 sacramen·

326 3201 451 3253 tum
480 3193 617 3253 dare
646 3192 927 3253 Ecclesiae
954 3193 1375 3254 communionis
1423 3211 1543 3253 suae
1587 3211 1720 3252 cum
1763 3193 2070 3268 fidelibus3
2113 3193 2190 3253 ed
2235 3193 2395 3271 quod
2436 3191 2753 3272 requiritur

327 3274 563 3352 quidem
588 3273 897 3354 praesentia
940 3273 1207 3352 quaedam
1244 3275 1474 3352 objecti,
1504 3292 1622 3332 non
1651 3281 1874 3336 tantum
1919 3274 2407 3353 contemplationi,
2439 3275 2544 3334 sed
2571 3274 2746 3334 etiam

328 3355 695 3414 conscientiae
723 3355 990 3433 expositi,
1020 3361 1087 3414 ut
1112 3354 1436 3434 recipiatur,
1462 3353 1567 3414 sed
1591 3373 1710 3414 non
1737 3354 2045 3433 praesentia
2059 3355 2374 3435 corporalis
2394 3355 2589 3434 quoad
2609 3355 2744 3416 sub-

327 3435 614 3510 stantiam,
644 3442 930 3512 quatenus
958 3453 1093 3494 caro
1120 3442 1179 3494 et
1205 3435 1443 3513 sanguis
1468 3435 1752 3514 principia
1768 3443 1904 3495 sunt
1931 3433 2150 3512 salutis,
2180 3436 2340 3514 pacis
2367 3446 2426 3496 et
2451 3436 2609 3513 vitae,
2627 3457 2747 3496 non

326 3512 390 3571 in
417 3533 627 3591 genere
657 3535 844 3574 causae
872 3515 1147 3594 physicae,
1179 3533 1309 3594 quse
1336 3515 1459 3595 agit
1484 3535 1589 3595 per
1615 3524 1948 3576 contactum
1975 3523 2036 3576 et
2062 3517 2456 3578 indistantiam
2483 3517 2616 3593 loci,
2641 3517 2746 3577 sed

328 3593 391 3651 in
418 3613 630 3670 genere
657 3613 847 3654 causae
874 3595 1179 3655 meritoriae
1208 3605 1266 3656 et
1293 3597 1543 3673 moralis,
1606 3617 1698 3656 uae
1719 3604 1988 3675 operatur
2005 3615 2123 3656 non
2151 3596 2324 3657 modo
2351 3615 2529 3676 quum
2558 3596 2742 3672 adest,

330 3673 434 3730 sed
462 3673 637 3732 etiam
664 3691 843 3752 quum
870 3675 1051 3750 abest,
1081 3675 1197 3735 imo
1224 3695 1403 3755 quum
1440 3695 1557 3736 non
1640 3697 1700 3736 m
1721 3683 1884 3737 extat
1901 3678 1960 3736 in
1982 3697 2170 3736 rerum
2191 3686 2416 3737 natura.
2501 3677 2742 3736 Occasio

330 3753 505 3812 etiam
532 3755 813 3814 sermonis
840 3755 951 3816 suit
978 3755 1264 3816 institutio
1296 3758 1355 3818 S.
1400 3777 1580 3816 coenae
1627 3757 1714 3816 in'
1730 3755 1920 3818 locum
1951 3757 2259 3836 paschatis,
2289 3755 2391 3817 ubi
2417 3756 2744 3816 locutiones

326 3831 591 3911 figuratae
632 3836 1011 3896 occurrebant
1054 3837 1249 3897 variae.
1334 3837 1602 3916 Denique
1651 3846 1836 3898 status
1883 3838 2297 3916 discipulorum
2345 3837 2480 3898 talis
2509 3843 2646 3912 emt,
2675 3845 2746 3896 ut

328 3933 445 3972 non
472 3923 711 3992 possent
736 3916 907 3977 aliter
932 3935 1222 3996 exponere
1249 3918 1431 3977 verba
1458 3918 1691 3996 Christi,
1721 3928 1788 3979 ut
1814 3918 1954 3980 alibi
1981 3928 2072 3979 est
2099 3939 2134 3978 a
2161 3918 2330 3979 nobis
2357 3925 2652 3978 ostensum
2679 3916 2742 3974 in

330 3994 591 4054 Institut.
636 3995 861 4057 Elenct.
894 3998 961 4057 P.
992 3997 1114 4058 III.
1145 3998 1284 4058 Loc.
1316 3999 1507 4059 XIX.
1539 3999 1608 4075 Q.
1639 3999 1804 4058 xxvi.

410 4075 670 4136 XXIII.
715 4076 915 4156 Atque
944 4097 1019 4138 ex
1046 4077 1145 4138 his·
1166 4079 1307 4138 satis
1336 4097 1622 4158 superque
1665 4087 1826 4158 patet
1873 4097 2076 4140 sensus
2123 4076 2562 4139 Enuneiationis
2592 4077 2742 4136 Pau·

326 4153 479 4230 linae,
511 4163 571 4215 et
608 4156 883 4234 identitas
928 4160 1053 4237 ejus
1098 4179 1231 4219 cum
1279 4160 1475 4220 verbis
1524 4160 2051 4220 sacramentalibus
2135 4159 2305 4219 Nunc
2352 4157 2552 4235 paucis
2595 4157 2742 4216 ratio

329 4235 786 4312 significationis,
818 4248 878 4298 et
904 4238 1167 4314 mysterii
1192 4240 1255 4298 in
1274 4241 1388 4299 ista
1402 4248 1566 4317 petra
1586 4241 1822 4300 latentis
1843 4249 1931 4300 est
1951 4239 2276 4317 aperienda.
2309 4239 2506 4297 Primo
2531 4237 2741 4297 mirum

329 4315 515 4374 videri
541 4336 660 4378 non
708 4316 885 4378 debet
932 4319 1225 4379 Christum
1270 4320 1332 4378 in
1380 4329 1543 4397 petra
1582 4319 1950 4394 adumbrari;
1995 4337 2127 4378 nam
2156 4319 2330 4378 etiam
2358 4325 2525 4378 extra
2552 4337 2740 4377 sacra·

328 4396 509 4454 menti
534 4398 817 4458 rationem
848 4399 1009 4459 Deus
1052 4399 1369 4476 saepissime
1418 4399 1527 4458 sub
1568 4399 1681 4458 hoc
1733 4400 1996 4478 symbolo
2039 4399 2392 4478 designatur,
2423 4419 2539 4458 non
2567 4398 2744 4458 modo

327 4485 595 4553 respectu
623 4478 731 4554 sui,
754 4487 991 4558 propter
1016 4487 1237 4538 naturae
1281 4499 1401 4538 suae
1450 4487 1722 4539 aeternam
1771 4480 2098 4540 firmitatem
2139 4487 2199 4540 et
2227 4479 2605 4558 durationem,
2637 4480 2741 4540 sed

328 4562 388 4614 et
414 4557 637 4617 ratione
664 4561 867 4636 nostri,
888 4559 1025 4637 quia
1042 4567 1131 4618 est
1157 4577 1263 4617 arx
1284 4567 1343 4618 et
1358 4559 1523 4620 locus
1548 4559 1806 4621 munitus
1835 4559 2114 4620 adversus
2139 4560 2353 4636 hostes,
2389 4559 2541 4621 Psal.
2571 4561 2738 4620 xviii.

328 4639 385 4710 2,
416 4643 476 4695 et
502 4637 671 4698 xxxi.
695 4642 751 4715 3,
772 4648 832 4699 et
858 4639 1139 4700 invictum
1168 4647 1229 4700 et
1252 4639 1549 4702 immobile
1572 4641 1851 4704 Ecclesiae
1873 4641 2326 4721 fundamentum,
2350 4641 2506 4723 quod
2535 4641 2620 4702 illi
2640 4640 2743 4700 dat
