<?xml version="1.0" encoding="UTF-8"?>
<!DOCTYPE html PUBLIC "-//W3C//DTD XHTML 1.0 Transitional//EN"
    "http://www.w3.org/TR/xhtml1/DTD/xhtml1-transitional.dtd">
<html xmlns="http://www.w3.org/1999/xhtml" xml:lang="en" lang="en">
 <head>
  <title>
</title>
<meta http-equiv="Content-Type" content="text/html;charset=utf-8" />
  <meta name='ocr-system' content='tesseract 3.04.00' />
  <meta name='ocr-capabilities' content='ocr_page ocr_carea ocr_par ocr_line ocrx_word'/>
</head>
<body>
  <div class='ocr_page' id='page_1' title='image "./denecessariasec00turrgoog_0040.png"; bbox 0 0 3234 5192; ppageno 0'>
   <div class='ocr_carea' id='block_1_1' title="bbox 465 253 2875 334">
    <p class='ocr_par' dir='ltr' id='par_1_1' title="bbox 465 253 2875 334">
     <span class='ocr_line' id='line_1_1' title="bbox 465 253 2875 334; baseline 0.001 -22"><span class='ocrx_word' id='word_1_1' title='bbox 465 257 539 314; x_wconf 84' lang='lat'>12</span> <span class='ocrx_word' id='word_1_2' title='bbox 1185 275 1264 315; x_wconf 78' lang='lat' dir='ltr'>na</span> <span class='ocrx_word' id='word_1_3' title='bbox 1294 273 1658 316; x_wconf 62' lang='lat' dir='ltr'>necessarus</span> <span class='ocrx_word' id='word_1_4' title='bbox 1688 273 2035 314; x_wconf 69' lang='lat' dir='ltr'>ssesssmns</span> <span class='ocrx_word' id='word_1_5' title='bbox 2542 253 2801 334; x_wconf 74' lang='lat' dir='ltr'>[maru-r.</span> <span class='ocrx_word' id='word_1_6' title='bbox 2834 274 2875 314; x_wconf 84' lang='lat'>1.</span> 
     </span>
    </p>
   </div>
   <div class='ocr_carea' id='block_1_2' title="bbox 453 413 2885 4603">
    <p class='ocr_par' dir='ltr' id='par_1_2' title="bbox 453 413 2885 4603">
     <span class='ocr_line' id='line_1_2' title="bbox 463 413 2875 494; baseline 0 -22"><span class='ocrx_word' id='word_1_7' title='bbox 463 413 666 472; x_wconf 87' lang='lat' dir='ltr'>Achaz</span> <span class='ocrx_word' id='word_1_8' title='bbox 695 415 874 473; x_wconf 85' lang='lat' dir='ltr'>altare</span> <span class='ocrx_word' id='word_1_9' title='bbox 905 416 1328 475; x_wconf 87' lang='lat' dir='ltr'>Damascenum</span> <span class='ocrx_word' id='word_1_10' title='bbox 1371 415 1432 473; x_wconf 91' lang='lat' dir='ltr'>in</span> <span class='ocrx_word' id='word_1_11' title='bbox 1471 415 1689 494; x_wconf 89' lang='lat' dir='ltr'>templo</span> <span class='ocrx_word' id='word_1_12' title='bbox 1723 415 1899 492; x_wconf 84' lang='lat' dir='ltr'>juxta</span> <span class='ocrx_word' id='word_1_13' title='bbox 1924 414 2105 472; x_wconf 89' lang='lat' dir='ltr'>altare</span> <span class='ocrx_word' id='word_1_14' title='bbox 2136 413 2249 472; x_wconf 91' lang='lat' dir='ltr'>Dei</span> <span class='ocrx_word' id='word_1_15' title='bbox 2276 413 2601 489; x_wconf 86' lang='lat' dir='ltr'>collocavit,</span> <span class='ocrx_word' id='word_1_16' title='bbox 2652 417 2689 472; x_wconf 84' lang='lat'><strong>2</strong></span> <span class='ocrx_word' id='word_1_17' title='bbox 2722 415 2875 492; x_wconf 87' lang='lat' dir='ltr'>Reg.</span> 
     </span>
     <span class='ocr_line' id='line_1_3' title="bbox 459 491 2875 573; baseline 0.001 -23"><span class='ocrx_word' id='word_1_18' title='bbox 459 493 583 551; x_wconf 78' lang='lat' dir='ltr'>xvi.</span> <span class='ocrx_word' id='word_1_19' title='bbox 618 496 709 569; x_wconf 89' lang='lat'>11,</span> <span class='ocrx_word' id='word_1_20' title='bbox 746 497 838 553; x_wconf 94' lang='grc'>12.</span> <span class='ocrx_word' id='word_1_21' title='bbox 923 497 1017 555; x_wconf 90' lang='lat' dir='ltr'>Ita</span> <span class='ocrx_word' id='word_1_22' title='bbox 1043 494 1104 553; x_wconf 90' lang='lat' dir='ltr'>in</span> <span class='ocrx_word' id='word_1_23' title='bbox 1149 497 1370 572; x_wconf 87' lang='lat' dir='ltr'>Papatu</span> <span class='ocrx_word' id='word_1_24' title='bbox 1397 495 1472 554; x_wconf 86' lang='lat' dir='ltr'>ad</span> <span class='ocrx_word' id='word_1_25' title='bbox 1493 495 1775 573; x_wconf 84' lang='lat' dir='ltr'>principia</span> <span class='ocrx_word' id='word_1_26' title='bbox 1802 493 2223 553; x_wconf 80' lang='lat' dir='ltr'>Christianismi</span> <span class='ocrx_word' id='word_1_27' title='bbox 2242 501 2331 551; x_wconf 89' lang='lat' dir='ltr'>tot</span> <span class='ocrx_word' id='word_1_28' title='bbox 2355 491 2748 571; x_wconf 86' lang='lat' dir='ltr'>adjunxerunt</span> <span class='ocrx_word' id='word_1_29' title='bbox 2774 492 2875 552; x_wconf 89' lang='lat' dir='ltr'>de—</span> 
     </span>
     <span class='ocr_line' id='line_1_4' title="bbox 459 571 2874 652; baseline 0 -21"><span class='ocrx_word' id='word_1_30' title='bbox 459 573 828 651; x_wconf 84' lang='lat' dir='ltr'>pravationes</span> <span class='ocrx_word' id='word_1_31' title='bbox 855 584 915 634; x_wconf 90' lang='lat' dir='ltr'>et</span> <span class='ocrx_word' id='word_1_32' title='bbox 942 576 1311 652; x_wconf 70' lang='lat' dir='ltr'>corruptelae,</span> <span class='ocrx_word' id='word_1_33' title='bbox 1353 585 1420 634; x_wconf 91' lang='lat' dir='ltr'>ut</span> <span class='ocrx_word' id='word_1_34' title='bbox 1447 594 1583 633; x_wconf 85' lang='lat' dir='ltr'>vere</span> <span class='ocrx_word' id='word_1_35' title='bbox 1611 573 1890 650; x_wconf 87' lang='lat' dir='ltr'>templum</span> <span class='ocrx_word' id='word_1_36' title='bbox 1925 573 2037 631; x_wconf 89' lang='lat' dir='ltr'>Dei</span> <span class='ocrx_word' id='word_1_37' title='bbox 2078 591 2209 630; x_wconf 92' lang='lat' dir='ltr'>cum</span> <span class='ocrx_word' id='word_1_38' title='bbox 2238 571 2425 647; x_wconf 88' lang='lat' dir='ltr'>idolis,</span> <span class='ocrx_word' id='word_1_39' title='bbox 2454 571 2561 630; x_wconf 89' lang='lat' dir='ltr'>lux</span> <span class='ocrx_word' id='word_1_40' title='bbox 2609 591 2741 630; x_wconf 90' lang='lat' dir='ltr'>cum</span> <span class='ocrx_word' id='word_1_41' title='bbox 2786 581 2874 631; x_wconf 80' lang='lat' dir='ltr'>te-</span> 
     </span>
     <span class='ocr_line' id='line_1_5' title="bbox 459 651 2878 728; baseline -0 -17"><span class='ocrx_word' id='word_1_42' title='bbox 459 653 671 728; x_wconf 87' lang='lat' dir='ltr'>nebris,</span> <span class='ocrx_word' id='word_1_43' title='bbox 703 662 761 713; x_wconf 91' lang='lat' dir='ltr'>et</span> <span class='ocrx_word' id='word_1_44' title='bbox 787 655 1004 714; x_wconf 86' lang='lat' dir='ltr'>veritas</span> <span class='ocrx_word' id='word_1_45' title='bbox 1030 675 1162 713; x_wconf 86' lang='lat' dir='ltr'>cum</span> <span class='ocrx_word' id='word_1_46' title='bbox 1209 654 1510 712; x_wconf 84' lang='lat' dir='ltr'>mendacio</span> <span class='ocrx_word' id='word_1_47' title='bbox 1537 653 1866 712; x_wconf 88' lang='lat' dir='ltr'>consociata</span> <span class='ocrx_word' id='word_1_48' title='bbox 1906 651 2186 727; x_wconf 88' lang='lat' dir='ltr'>dicantur,</span> <span class='ocrx_word' id='word_1_49' title='bbox 2230 659 2290 710; x_wconf 88' lang='lat' dir='ltr'>et</span> <span class='ocrx_word' id='word_1_50' title='bbox 2328 651 2412 710; x_wconf 90' lang='lat' dir='ltr'>ita</span> <span class='ocrx_word' id='word_1_51' title='bbox 2450 651 2777 727; x_wconf 84' lang='lat' dir='ltr'>conjuncta,</span> <span class='ocrx_word' id='word_1_52' title='bbox 2807 661 2878 710; x_wconf 90' lang='lat' dir='ltr'>ut</span> 
     </span>
     <span class='ocr_line' id='line_1_6' title="bbox 457 729 2875 810; baseline -0.001 -18"><span class='ocrx_word' id='word_1_53' title='bbox 457 733 619 810; x_wconf 89' lang='lat' dir='ltr'>quod</span> <span class='ocrx_word' id='word_1_54' title='bbox 663 733 881 792; x_wconf 80' lang='lat' dir='ltr'>malum</span> <span class='ocrx_word' id='word_1_55' title='bbox 927 741 1018 792; x_wconf 87' lang='lat' dir='ltr'>est</span> <span class='ocrx_word' id='word_1_56' title='bbox 1064 743 1123 793; x_wconf 91' lang='lat' dir='ltr'>et</span> <span class='ocrx_word' id='word_1_57' title='bbox 1169 734 1404 792; x_wconf 80' lang='lat' dir='ltr'>exitiale</span> <span class='ocrx_word' id='word_1_58' title='bbox 1449 731 1608 808; x_wconf 87' lang='lat' dir='ltr'>quod</span> <span class='ocrx_word' id='word_1_59' title='bbox 1650 730 1933 808; x_wconf 86' lang='lat' dir='ltr'>reliquum</span> <span class='ocrx_word' id='word_1_60' title='bbox 1976 740 2067 792; x_wconf 90' lang='lat' dir='ltr'>est</span> <span class='ocrx_word' id='word_1_61' title='bbox 2112 731 2250 790; x_wconf 86' lang='lat' dir='ltr'>boni</span> <span class='ocrx_word' id='word_1_62' title='bbox 2294 729 2536 790; x_wconf 87' lang='lat' dir='ltr'>suffocet</span> <span class='ocrx_word' id='word_1_63' title='bbox 2577 739 2637 789; x_wconf 92' lang='lat' dir='ltr'>et</span> <span class='ocrx_word' id='word_1_64' title='bbox 2682 730 2875 789; x_wconf 85' lang='lat' dir='ltr'>extin-</span> 
     </span>
     <span class='ocr_line' id='line_1_7' title="bbox 455 809 2873 888; baseline -0.001 -18"><span class='ocrx_word' id='word_1_65' title='bbox 455 821 616 888; x_wconf 87' lang='lat' dir='ltr'>guat.</span> <span class='ocrx_word' id='word_1_66' title='bbox 701 810 901 888; x_wconf 84' lang='lat' dir='ltr'><strong>Atque</strong></span> <span class='ocrx_word' id='word_1_67' title='bbox 927 813 1039 870; x_wconf 91' lang='lat' dir='ltr'>hoc</span> <span class='ocrx_word' id='word_1_68' title='bbox 1065 823 1155 872; x_wconf 89' lang='lat' dir='ltr'>est</span> <span class='ocrx_word' id='word_1_69' title='bbox 1180 811 1488 870; x_wconf 81' lang='lat' dir='ltr'>discrimen</span> <span class='ocrx_word' id='word_1_70' title='bbox 1529 810 1687 886; x_wconf 91' lang='lat' dir='ltr'>quod</span> <span class='ocrx_word' id='word_1_71' title='bbox 1713 809 1863 869; x_wconf 90' lang='lat' dir='ltr'>inter</span> <span class='ocrx_word' id='word_1_72' title='bbox 1888 811 2056 886; x_wconf 88' lang='lat' dir='ltr'>hanc,</span> <span class='ocrx_word' id='word_1_73' title='bbox 2086 818 2146 869; x_wconf 88' lang='lat' dir='ltr'>et</span> <span class='ocrx_word' id='word_1_74' title='bbox 2171 810 2315 869; x_wconf 86' lang='lat' dir='ltr'>alias</span> <span class='ocrx_word' id='word_1_75' title='bbox 2341 809 2516 868; x_wconf 88' lang='lat' dir='ltr'>falsas</span> <span class='ocrx_word' id='word_1_76' title='bbox 2541 809 2873 886; x_wconf 87' lang='lat' dir='ltr'>religiones,</span> 
     </span>
     <span class='ocr_line' id='line_1_8' title="bbox 457 889 2871 968; baseline -0.001 -19"><span class='ocrx_word' id='word_1_77' title='bbox 457 893 725 963; x_wconf 79' lang='lat' dir='ltr'>haercses,</span> <span class='ocrx_word' id='word_1_78' title='bbox 755 900 815 949; x_wconf 88' lang='lat' dir='ltr'>et</span> <span class='ocrx_word' id='word_1_79' title='bbox 843 890 1152 950; x_wconf 72' lang='lat' dir='ltr'>schismata</span> <span class='ocrx_word' id='word_1_80' title='bbox 1178 889 1472 948; x_wconf 84' lang='lat' dir='ltr'>observari</span> <span class='ocrx_word' id='word_1_81' title='bbox 1511 897 1719 966; x_wconf 89' lang='lat' dir='ltr'>potest,</span> <span class='ocrx_word' id='word_1_82' title='bbox 1762 889 1920 968; x_wconf 91' lang='lat' dir='ltr'>quod</span> <span class='ocrx_word' id='word_1_83' title='bbox 1952 891 2342 963; x_wconf 80' lang='lat' dir='ltr'>Hellenismus,</span> <span class='ocrx_word' id='word_1_84' title='bbox 2373 889 2871 963; x_wconf 71' lang='lat' dir='ltr'>Mallumedismus,</span> 
     </span>
     <span class='ocr_line' id='line_1_9' title="bbox 457 967 2874 1046; baseline -0 -18"><span class='ocrx_word' id='word_1_85' title='bbox 457 971 807 1043; x_wconf 65' lang='lat' dir='ltr'>Judaemm,</span> <span class='ocrx_word' id='word_1_86' title='bbox 839 977 898 1027; x_wconf 92' lang='lat' dir='ltr'>et</span> <span class='ocrx_word' id='word_1_87' title='bbox 925 970 976 1028; x_wconf 90' lang='lat' dir='ltr'>si</span> <span class='ocrx_word' id='word_1_88' title='bbox 1015 988 1145 1045; x_wconf 80' lang='lat' dir='ltr'>quae</span> <span class='ocrx_word' id='word_1_89' title='bbox 1188 976 1323 1028; x_wconf 91' lang='lat' dir='ltr'>sunt</span> <span class='ocrx_word' id='word_1_90' title='bbox 1349 970 1477 1026; x_wconf 78' lang='lat' dir='ltr'>aliae</span> <span class='ocrx_word' id='word_1_91' title='bbox 1507 967 1824 1027; x_wconf 84' lang='lat' dir='ltr'>infidelium</span> <span class='ocrx_word' id='word_1_92' title='bbox 1852 969 2179 1046; x_wconf 80' lang='lat' dir='ltr'>religiones,</span> <span class='ocrx_word' id='word_1_93' title='bbox 2220 967 2641 1027; x_wconf 83' lang='lat' dir='ltr'>Christianismi</span> <span class='ocrx_word' id='word_1_94' title='bbox 2668 967 2874 1027; x_wconf 85' lang='lat' dir='ltr'>funda-</span> 
     </span>
     <span class='ocr_line' id='line_1_10' title="bbox 457 1048 2872 1125; baseline 0 -19"><span class='ocrx_word' id='word_1_95' title='bbox 457 1055 656 1106; x_wconf 89' lang='lat' dir='ltr'>menta</span> <span class='ocrx_word' id='word_1_96' title='bbox 699 1055 933 1124; x_wconf 82' lang='lat' dir='ltr'>negent.</span> <span class='ocrx_word' id='word_1_97' title='bbox 1017 1050 1280 1106; x_wconf 73' lang='lat' dir='ltr'>Haereses</span> <span class='ocrx_word' id='word_1_98' title='bbox 1322 1048 1596 1108; x_wconf 77' lang='lat' dir='ltr'>articulos</span> <span class='ocrx_word' id='word_1_99' title='bbox 1645 1049 1966 1125; x_wconf 83' lang='lat' dir='ltr'>singulares</span> <span class='ocrx_word' id='word_1_100' title='bbox 2012 1049 2150 1107; x_wconf 88' lang='lat' dir='ltr'>fidei</span> <span class='ocrx_word' id='word_1_101' title='bbox 2175 1048 2391 1106; x_wconf 74' lang='lat' dir='ltr'>laedant</span> <span class='ocrx_word' id='word_1_102' title='bbox 2416 1055 2475 1106; x_wconf 89' lang='lat' dir='ltr'>et</span> <span class='ocrx_word' id='word_1_103' title='bbox 2499 1055 2872 1124; x_wconf 79' lang='lat' dir='ltr'>pervertant3</span> 
     </span>
     <span class='ocr_line' id='line_1_11' title="bbox 457 1126 2873 1204; baseline 0 -18"><span class='ocrx_word' id='word_1_104' title='bbox 457 1127 772 1186; x_wconf 65' lang='lat' dir='ltr'>Schasmata</span> <span class='ocrx_word' id='word_1_105' title='bbox 799 1126 1094 1188; x_wconf 87' lang='lat' dir='ltr'>charitatis</span> <span class='ocrx_word' id='word_1_106' title='bbox 1111 1127 1406 1187; x_wconf 87' lang='lat' dir='ltr'>vinculum</span> <span class='ocrx_word' id='word_1_107' title='bbox 1429 1129 1697 1188; x_wconf 82' lang='lat' dir='ltr'>solvant:</span> <span class='ocrx_word' id='word_1_108' title='bbox 1742 1127 1840 1186; x_wconf 88' lang='lat' dir='ltr'>sed</span> <span class='ocrx_word' id='word_1_109' title='bbox 1870 1128 1981 1187; x_wconf 90' lang='lat' dir='ltr'>hoc</span> <span class='ocrx_word' id='word_1_110' title='bbox 2007 1127 2537 1187; x_wconf 68' lang='lat' dir='ltr'>Antichristianismi</span> <span class='ocrx_word' id='word_1_111' title='bbox 2558 1127 2873 1204; x_wconf 86' lang='lat' dir='ltr'>proprium,</span> 
     </span>
     <span class='ocr_line' id='line_1_12' title="bbox 458 1205 2872 1285; baseline 0 -21"><span class='ocrx_word' id='word_1_112' title='bbox 458 1213 526 1264; x_wconf 90' lang='lat' dir='ltr'>ut</span> <span class='ocrx_word' id='word_1_113' title='bbox 573 1206 896 1283; x_wconf 89' lang='lat' dir='ltr'>subjectum</span> <span class='ocrx_word' id='word_1_114' title='bbox 943 1208 1203 1283; x_wconf 85' lang='lat' dir='ltr'>retineat,</span> <span class='ocrx_word' id='word_1_115' title='bbox 1249 1209 1372 1267; x_wconf 90' lang='lat' dir='ltr'>sine</span> <span class='ocrx_word' id='word_1_116' title='bbox 1412 1227 1528 1285; x_wconf 91' lang='lat' dir='ltr'>quo</span> <span class='ocrx_word' id='word_1_117' title='bbox 1555 1208 1679 1285; x_wconf 88' lang='lat' dir='ltr'>ipse</span> <span class='ocrx_word' id='word_1_118' title='bbox 1708 1215 1971 1266; x_wconf 82' lang='lat' dir='ltr'>constare</span> <span class='ocrx_word' id='word_1_119' title='bbox 2010 1227 2128 1266; x_wconf 84' lang='lat' dir='ltr'>non</span> <span class='ocrx_word' id='word_1_120' title='bbox 2168 1215 2375 1284; x_wconf 88' lang='lat' dir='ltr'>potest.</span> <span class='ocrx_word' id='word_1_121' title='bbox 2420 1206 2505 1264; x_wconf 92' lang='lat' dir='ltr'>Ut</span> <span class='ocrx_word' id='word_1_122' title='bbox 2549 1205 2702 1264; x_wconf 90' lang='lat' dir='ltr'>enim</span> <span class='ocrx_word' id='word_1_123' title='bbox 2728 1225 2872 1282; x_wconf 84' lang='lat' dir='ltr'>gan—</span> 
     </span>
     <span class='ocr_line' id='line_1_13' title="bbox 460 1284 2871 1366; baseline -0.001 -22"><span class='ocrx_word' id='word_1_124' title='bbox 460 1304 658 1362; x_wconf 77' lang='lat' dir='ltr'>grsena</span> <span class='ocrx_word' id='word_1_125' title='bbox 683 1287 908 1347; x_wconf 88' lang='lat' dir='ltr'>tollitur</span> <span class='ocrx_word' id='word_1_126' title='bbox 947 1287 1204 1366; x_wconf 90' lang='lat' dir='ltr'>corporis</span> <span class='ocrx_word' id='word_1_127' title='bbox 1243 1307 1400 1362; x_wconf 89' lang='lat' dir='ltr'>nece,</span> <span class='ocrx_word' id='word_1_128' title='bbox 1445 1295 1504 1346; x_wconf 89' lang='lat' dir='ltr'>et</span> <span class='ocrx_word' id='word_1_129' title='bbox 1551 1287 1761 1346; x_wconf 86' lang='lat' dir='ltr'>veneni</span> <span class='ocrx_word' id='word_1_130' title='bbox 1802 1286 1964 1345; x_wconf 87' lang='lat' dir='ltr'>nulla</span> <span class='ocrx_word' id='word_1_131' title='bbox 1990 1294 2079 1346; x_wconf 91' lang='lat' dir='ltr'>est</span> <span class='ocrx_word' id='word_1_132' title='bbox 2105 1285 2429 1364; x_wconf 86' lang='lat' dir='ltr'>propinatio</span> <span class='ocrx_word' id='word_1_133' title='bbox 2458 1285 2637 1360; x_wconf 84' lang='lat' dir='ltr'>crudi,</span> <span class='ocrx_word' id='word_1_134' title='bbox 2678 1284 2786 1344; x_wconf 87' lang='lat' dir='ltr'>sed</span> <span class='ocrx_word' id='word_1_135' title='bbox 2808 1285 2871 1342; x_wconf 86' lang='lat' dir='ltr'>in</span> 
     </span>
     <span class='ocr_line' id='line_1_14' title="bbox 455 1363 2869 1444; baseline 0 -21"><span class='ocrx_word' id='word_1_136' title='bbox 455 1365 589 1425; x_wconf 90' lang='lat' dir='ltr'>cibo</span> <span class='ocrx_word' id='word_1_137' title='bbox 617 1367 714 1426; x_wconf 86' lang='lat' dir='ltr'>vel</span> <span class='ocrx_word' id='word_1_138' title='bbox 757 1375 915 1444; x_wconf 87' lang='lat' dir='ltr'>potu,</span> <span class='ocrx_word' id='word_1_139' title='bbox 961 1367 1044 1426; x_wconf 89' lang='lat' dir='ltr'>sic</span> <span class='ocrx_word' id='word_1_140' title='bbox 1070 1368 1232 1426; x_wconf 91' lang='lat' dir='ltr'>nulla</span> <span class='ocrx_word' id='word_1_141' title='bbox 1258 1375 1412 1426; x_wconf 89' lang='lat' dir='ltr'>esset</span> <span class='ocrx_word' id='word_1_142' title='bbox 1432 1365 1781 1426; x_wconf 89' lang='lat' dir='ltr'>Antichristi</span> <span class='ocrx_word' id='word_1_143' title='bbox 1809 1365 1918 1440; x_wconf 86' lang='lat' dir='ltr'>vis,</span> <span class='ocrx_word' id='word_1_144' title='bbox 1950 1365 2062 1424; x_wconf 89' lang='lat' dir='ltr'>nisi</span> <span class='ocrx_word' id='word_1_145' title='bbox 2108 1366 2387 1442; x_wconf 86' lang='lat' dir='ltr'>templum</span> <span class='ocrx_word' id='word_1_146' title='bbox 2425 1364 2537 1422; x_wconf 88' lang='lat' dir='ltr'>Dei</span> <span class='ocrx_word' id='word_1_147' title='bbox 2578 1363 2869 1440; x_wconf 86' lang='lat' dir='ltr'>clamaret,</span> 
     </span>
     <span class='ocr_line' id='line_1_15' title="bbox 457 1442 2667 1523; baseline -0.001 -19"><span class='ocrx_word' id='word_1_148' title='bbox 457 1445 568 1504; x_wconf 88' lang='lat' dir='ltr'>hac</span> <span class='ocrx_word' id='word_1_149' title='bbox 597 1447 787 1522; x_wconf 85' lang='lat' dir='ltr'>specie</span> <span class='ocrx_word' id='word_1_150' title='bbox 815 1447 1028 1523; x_wconf 90' lang='lat' dir='ltr'>populo</span> <span class='ocrx_word' id='word_1_151' title='bbox 1057 1445 1370 1521; x_wconf 87' lang='lat' dir='ltr'>illudendo,</span> <span class='ocrx_word' id='word_1_152' title='bbox 1391 1453 1450 1504; x_wconf 92' lang='lat' dir='ltr'>et</span> <span class='ocrx_word' id='word_1_153' title='bbox 1475 1445 1586 1503; x_wconf 90' lang='lat' dir='ltr'>hoc</span> <span class='ocrx_word' id='word_1_154' title='bbox 1613 1445 1848 1504; x_wconf 84' lang='lat' dir='ltr'>vinculo</span> <span class='ocrx_word' id='word_1_155' title='bbox 1878 1445 2257 1504; x_wconf 84' lang='lat' dir='ltr'>conscientias</span> <span class='ocrx_word' id='word_1_156' title='bbox 2283 1442 2667 1521; x_wconf 83' lang='lat' dir='ltr'>illaqueando.</span> 
     </span>
     <span class='ocr_line' id='line_1_16' title="bbox 543 1521 2871 1602; baseline -0 -20"><span class='ocrx_word' id='word_1_157' title='bbox 543 1524 803 1583; x_wconf 88' lang='lat' dir='ltr'>XXIII.</span> <span class='ocrx_word' id='word_1_158' title='bbox 849 1524 944 1582; x_wconf 81' lang='lat' dir='ltr'>Ex</span> <span class='ocrx_word' id='word_1_159' title='bbox 960 1524 1172 1602; x_wconf 88' lang='lat' dir='ltr'>quibus</span> <span class='ocrx_word' id='word_1_160' title='bbox 1193 1524 1467 1601; x_wconf 84' lang='lat' dir='ltr'>colligere</span> <span class='ocrx_word' id='word_1_161' title='bbox 1495 1523 1649 1598; x_wconf 89' lang='lat' dir='ltr'>licet,</span> <span class='ocrx_word' id='word_1_162' title='bbox 1670 1524 1810 1600; x_wconf 89' lang='lat' dir='ltr'>quid</span> <span class='ocrx_word' id='word_1_163' title='bbox 1832 1523 1905 1584; x_wconf 89' lang='lat' dir='ltr'>de</span> <span class='ocrx_word' id='word_1_164' title='bbox 1928 1524 2193 1582; x_wconf 85' lang='lat' dir='ltr'>Ecclesia</span> <span class='ocrx_word' id='word_1_165' title='bbox 2215 1525 2479 1582; x_wconf 85' lang='lat' dir='ltr'>Romana</span> <span class='ocrx_word' id='word_1_166' title='bbox 2488 1521 2871 1601; x_wconf 80' lang='lat' dir='ltr'>judicandum</span> 
     </span>
     <span class='ocr_line' id='line_1_17' title="bbox 457 1600 2871 1680; baseline -0.001 -19"><span class='ocrx_word' id='word_1_167' title='bbox 457 1602 554 1662; x_wconf 83' lang='lat' dir='ltr'>sit.</span> <span class='ocrx_word' id='word_1_168' title='bbox 638 1603 789 1660; x_wconf 87' lang='lat' dir='ltr'>Nam</span> <span class='ocrx_word' id='word_1_169' title='bbox 812 1622 928 1680; x_wconf 87' lang='lat' dir='ltr'>qua</span> <span class='ocrx_word' id='word_1_170' title='bbox 953 1604 1275 1662; x_wconf 82' lang='lat' dir='ltr'>vocationis</span> <span class='ocrx_word' id='word_1_171' title='bbox 1304 1613 1362 1662; x_wconf 92' lang='lat' dir='ltr'>et</span> <span class='ocrx_word' id='word_1_172' title='bbox 1388 1603 1651 1663; x_wconf 79' lang='lat' dir='ltr'>veritatis</span> <span class='ocrx_word' id='word_1_173' title='bbox 1673 1603 1887 1662; x_wconf 72' lang='lat' dir='ltr'>divinae</span> <span class='ocrx_word' id='word_1_174' title='bbox 1906 1603 2201 1663; x_wconf 83' lang='lat' dir='ltr'>residuum</span> <span class='ocrx_word' id='word_1_175' title='bbox 2223 1602 2412 1662; x_wconf 89' lang='lat' dir='ltr'>adhuc</span> <span class='ocrx_word' id='word_1_176' title='bbox 2434 1600 2655 1680; x_wconf 87' lang='lat' dir='ltr'>aliquid</span> <span class='ocrx_word' id='word_1_177' title='bbox 2681 1611 2773 1661; x_wconf 89' lang='lat' dir='ltr'>est</span> <span class='ocrx_word' id='word_1_178' title='bbox 2808 1602 2871 1659; x_wconf 92' lang='lat' dir='ltr'>in</span> 
     </span>
     <span class='ocr_line' id='line_1_18' title="bbox 461 1680 2868 1760; baseline 0 -21"><span class='ocrx_word' id='word_1_179' title='bbox 461 1700 547 1755; x_wconf 90' lang='lat' dir='ltr'>ea,</span> <span class='ocrx_word' id='word_1_180' title='bbox 565 1680 844 1740; x_wconf 72' lang='lat' dir='ltr'>Ecclesiae</span> <span class='ocrx_word' id='word_1_181' title='bbox 861 1701 1087 1759; x_wconf 90' lang='lat' dir='ltr'>nomen,</span> <span class='ocrx_word' id='word_1_182' title='bbox 1104 1683 1208 1741; x_wconf 88' lang='lat' dir='ltr'>sed</span> <span class='ocrx_word' id='word_1_183' title='bbox 1216 1682 1332 1742; x_wconf 88' lang='lat' dir='ltr'>late</span> <span class='ocrx_word' id='word_1_184' title='bbox 1347 1690 1656 1760; x_wconf 89' lang='lat' dir='ltr'>sumptum,</span> <span class='ocrx_word' id='word_1_185' title='bbox 1672 1702 1787 1741; x_wconf 85' lang='lat' dir='ltr'>non</span> <span class='ocrx_word' id='word_1_186' title='bbox 1804 1692 2073 1760; x_wconf 87' lang='lat' dir='ltr'>putamus</span> <span class='ocrx_word' id='word_1_187' title='bbox 2090 1683 2144 1742; x_wconf 89' lang='lat' dir='ltr'>ei</span> <span class='ocrx_word' id='word_1_188' title='bbox 2164 1682 2427 1742; x_wconf 89' lang='lat' dir='ltr'>absolute</span> <span class='ocrx_word' id='word_1_189' title='bbox 2444 1680 2868 1758; x_wconf 85' lang='lat' dir='ltr'>denegandum.</span> 
     </span>
     <span class='ocr_line' id='line_1_19' title="bbox 460 1761 2871 1840; baseline 0 -23"><span class='ocrx_word' id='word_1_190' title='bbox 460 1761 591 1836; x_wconf 84' lang='lat' dir='ltr'>Qua</span> <span class='ocrx_word' id='word_1_191' title='bbox 617 1779 756 1818; x_wconf 84' lang='lat' dir='ltr'>vero</span> <span class='ocrx_word' id='word_1_192' title='bbox 786 1763 1044 1837; x_wconf 66' lang='lat' dir='ltr'>Papam</span> <span class='ocrx_word' id='word_1_193' title='bbox 1081 1770 1388 1839; x_wconf 89' lang='lat' dir='ltr'>spectatur,</span> <span class='ocrx_word' id='word_1_194' title='bbox 1419 1762 1576 1839; x_wconf 89' lang='lat' dir='ltr'>quod</span> <span class='ocrx_word' id='word_1_195' title='bbox 1613 1769 1705 1820; x_wconf 91' lang='lat' dir='ltr'>est</span> <span class='ocrx_word' id='word_1_196' title='bbox 1736 1763 2003 1821; x_wconf 87' lang='lat' dir='ltr'>accidens</span> <span class='ocrx_word' id='word_1_197' title='bbox 2044 1772 2104 1822; x_wconf 90' lang='lat' dir='ltr'>et</span> <span class='ocrx_word' id='word_1_198' title='bbox 2136 1761 2473 1840; x_wconf 90' lang='lat' dir='ltr'>adjunctum</span> <span class='ocrx_word' id='word_1_199' title='bbox 2500 1761 2776 1819; x_wconf 87' lang='lat' dir='ltr'>adnatum</span> <span class='ocrx_word' id='word_1_200' title='bbox 2810 1769 2871 1819; x_wconf 90' lang='lat' dir='ltr'>et</span> 
     </span>
     <span class='ocr_line' id='line_1_20' title="bbox 461 1839 2871 1918; baseline 0 -20"><span class='ocrx_word' id='word_1_201' title='bbox 461 1839 762 1898; x_wconf 79' lang='lat' dir='ltr'>adhaerens</span> <span class='ocrx_word' id='word_1_202' title='bbox 810 1840 899 1898; x_wconf 91' lang='lat' dir='ltr'>illi</span> <span class='ocrx_word' id='word_1_203' title='bbox 947 1841 1244 1914; x_wconf 73' lang='lat' dir='ltr'>Ecclesiae,</span> <span class='ocrx_word' id='word_1_204' title='bbox 1296 1861 1492 1900; x_wconf 87' lang='lat' dir='ltr'>veram</span> <span class='ocrx_word' id='word_1_205' title='bbox 1543 1842 1867 1900; x_wconf 83' lang='lat' dir='ltr'>Ecclesiam</span> <span class='ocrx_word' id='word_1_206' title='bbox 1923 1861 2050 1900; x_wconf 90' lang='lat' dir='ltr'>esse</span> <span class='ocrx_word' id='word_1_207' title='bbox 2092 1861 2389 1918; x_wconf 84' lang='lat' dir='ltr'>negamus,</span> <span class='ocrx_word' id='word_1_208' title='bbox 2438 1839 2543 1898; x_wconf 89' lang='lat' dir='ltr'>sed</span> <span class='ocrx_word' id='word_1_209' title='bbox 2591 1839 2871 1898; x_wconf 69' lang='lat' dir='ltr'>Ecclesiae</span> 
     </span>
     <span class='ocr_line' id='line_1_21' title="bbox 459 1920 2867 1997; baseline 0.001 -21"><span class='ocrx_word' id='word_1_210' title='bbox 459 1927 698 1995; x_wconf 89' lang='lat' dir='ltr'>pestem,</span> <span class='ocrx_word' id='word_1_211' title='bbox 723 1920 1122 1996; x_wconf 84' lang='lat' dir='ltr'>corruptelam,</span> <span class='ocrx_word' id='word_1_212' title='bbox 1147 1921 1407 1997; x_wconf 85' lang='lat' dir='ltr'>exitium,</span> <span class='ocrx_word' id='word_1_213' title='bbox 1434 1920 1757 1979; x_wconf 86' lang='lat' dir='ltr'>Ecclesiam</span> <span class='ocrx_word' id='word_1_214' title='bbox 1786 1940 1860 1978; x_wconf 87' lang='lat' dir='ltr'>ex</span> <span class='ocrx_word' id='word_1_215' title='bbox 1884 1920 2225 1997; x_wconf 88' lang='lat' dir='ltr'>Apostolica</span> <span class='ocrx_word' id='word_1_216' title='bbox 2250 1929 2311 1980; x_wconf 88' lang='lat' dir='ltr'>et</span> <span class='ocrx_word' id='word_1_217' title='bbox 2328 1921 2655 1979; x_wconf 88' lang='lat' dir='ltr'>Christiana</span> <span class='ocrx_word' id='word_1_218' title='bbox 2676 1920 2867 1996; x_wconf 85' lang='lat' dir='ltr'>Apos-</span> 
     </span>
     <span class='ocr_line' id='line_1_22' title="bbox 461 1998 2866 2076; baseline -0 -19"><span class='ocrx_word' id='word_1_219' title='bbox 461 1998 694 2057; x_wconf 85' lang='lat' dir='ltr'>taticam</span> <span class='ocrx_word' id='word_1_220' title='bbox 743 2006 804 2057; x_wconf 91' lang='lat' dir='ltr'>et</span> <span class='ocrx_word' id='word_1_221' title='bbox 852 1999 1370 2059; x_wconf 85' lang='lat' dir='ltr'>Antichristianam</span> <span class='ocrx_word' id='word_1_222' title='bbox 1425 1999 1661 2058; x_wconf 84' lang='lat' dir='ltr'>faciens.</span> <span class='ocrx_word' id='word_1_223' title='bbox 1746 1999 1875 2075; x_wconf 83' lang='lat' dir='ltr'>Qua</span> <span class='ocrx_word' id='word_1_224' title='bbox 1929 1999 2250 2058; x_wconf 87' lang='lat' dir='ltr'>Ecclesiam</span> <span class='ocrx_word' id='word_1_225' title='bbox 2295 2019 2372 2059; x_wconf 86' lang='lat' dir='ltr'>ex</span> <span class='ocrx_word' id='word_1_226' title='bbox 2418 2008 2663 2076; x_wconf 90' lang='lat' dir='ltr'>utroque</span> <span class='ocrx_word' id='word_1_227' title='bbox 2708 2018 2866 2057; x_wconf 86' lang='lat' dir='ltr'>com·</span> 
     </span>
     <span class='ocr_line' id='line_1_23' title="bbox 459 2076 2867 2156; baseline 0.001 -22"><span class='ocrx_word' id='word_1_228' title='bbox 459 2076 708 2153; x_wconf 84' lang='lat' dir='ltr'>positam</span> <span class='ocrx_word' id='word_1_229' title='bbox 746 2085 805 2136; x_wconf 89' lang='lat' dir='ltr'>et</span> <span class='ocrx_word' id='word_1_230' title='bbox 842 2087 1196 2156; x_wconf 83' lang='lat' dir='ltr'>compactam</span> <span class='ocrx_word' id='word_1_231' title='bbox 1237 2077 1606 2153; x_wconf 87' lang='lat' dir='ltr'>attendimus,</span> <span class='ocrx_word' id='word_1_232' title='bbox 1644 2097 1772 2137; x_wconf 86' lang='lat' dir='ltr'>eam</span> <span class='ocrx_word' id='word_1_233' title='bbox 1814 2079 2233 2156; x_wconf 84' lang='lat' dir='ltr'>moribundam,</span> <span class='ocrx_word' id='word_1_234' title='bbox 2263 2079 2672 2152; x_wconf 85' lang='lat' dir='ltr'>tabescentem,</span> <span class='ocrx_word' id='word_1_235' title='bbox 2700 2087 2867 2154; x_wconf 85' lang='lat' dir='ltr'>peste</span> 
     </span>
     <span class='ocr_line' id='line_1_24' title="bbox 459 2155 2867 2235; baseline 0.001 -22"><span class='ocrx_word' id='word_1_236' title='bbox 459 2155 731 2215; x_wconf 84' lang='lat' dir='ltr'>infectam</span> <span class='ocrx_word' id='word_1_237' title='bbox 761 2165 819 2216; x_wconf 92' lang='lat' dir='ltr'>et</span> <span class='ocrx_word' id='word_1_238' title='bbox 845 2157 1226 2218; x_wconf 86' lang='lat' dir='ltr'>intereuntem</span> <span class='ocrx_word' id='word_1_239' title='bbox 1253 2177 1380 2217; x_wconf 89' lang='lat' dir='ltr'>esse</span> <span class='ocrx_word' id='word_1_240' title='bbox 1409 2157 1675 2216; x_wconf 86' lang='lat' dir='ltr'>dicimus.</span> <span class='ocrx_word' id='word_1_241' title='bbox 1762 2157 1859 2217; x_wconf 87' lang='lat' dir='ltr'>Sic</span> <span class='ocrx_word' id='word_1_242' title='bbox 1886 2177 2065 2235; x_wconf 91' lang='lat' dir='ltr'>quum</span> <span class='ocrx_word' id='word_1_243' title='bbox 2095 2158 2373 2216; x_wconf 70' lang='lat' dir='ltr'>Ecclesiae</span> <span class='ocrx_word' id='word_1_244' title='bbox 2400 2158 2634 2217; x_wconf 87' lang='lat' dir='ltr'>titulum</span> <span class='ocrx_word' id='word_1_245' title='bbox 2662 2175 2867 2216; x_wconf 90' lang='lat' dir='ltr'>conce-</span> 
     </span>
     <span class='ocr_line' id='line_1_25' title="bbox 459 2235 2869 2315; baseline 0.001 -22"><span class='ocrx_word' id='word_1_246' title='bbox 459 2235 595 2294; x_wconf 90' lang='lat' dir='ltr'>dere</span> <span class='ocrx_word' id='word_1_247' title='bbox 623 2235 892 2295; x_wconf 91' lang='lat' dir='ltr'>nolumus</span> <span class='ocrx_word' id='word_1_248' title='bbox 923 2237 1259 2312; x_wconf 88' lang='lat' dir='ltr'>Pontificiis,</span> <span class='ocrx_word' id='word_1_249' title='bbox 1283 2257 1400 2296; x_wconf 92' lang='lat' dir='ltr'>non</span> <span class='ocrx_word' id='word_1_250' title='bbox 1427 2237 1558 2296; x_wconf 91' lang='lat' dir='ltr'>ideo</span> <span class='ocrx_word' id='word_1_251' title='bbox 1587 2236 1825 2314; x_wconf 85' lang='lat' dir='ltr'>aliquod</span> <span class='ocrx_word' id='word_1_252' title='bbox 1851 2237 1979 2314; x_wconf 88' lang='lat' dir='ltr'>ejus</span> <span class='ocrx_word' id='word_1_253' title='bbox 2006 2237 2319 2314; x_wconf 83' lang='lat' dir='ltr'>vestigium</span> <span class='ocrx_word' id='word_1_254' title='bbox 2340 2237 2496 2315; x_wconf 88' lang='lat' dir='ltr'>apud</span> <span class='ocrx_word' id='word_1_255' title='bbox 2516 2256 2616 2296; x_wconf 89' lang='lat' dir='ltr'>eos</span> <span class='ocrx_word' id='word_1_256' title='bbox 2636 2255 2869 2295; x_wconf 87' lang='lat' dir='ltr'>manere</span> 
     </span>
     <span class='ocr_line' id='line_1_26' title="bbox 459 2313 2868 2392; baseline 0.001 -21"><span class='ocrx_word' id='word_1_257' title='bbox 459 2313 796 2390; x_wconf 88' lang='lat' dir='ltr'>inficiamur,</span> <span class='ocrx_word' id='word_1_258' title='bbox 829 2315 932 2374; x_wconf 88' lang='lat' dir='ltr'>sed</span> <span class='ocrx_word' id='word_1_259' title='bbox 958 2326 1025 2374; x_wconf 91' lang='lat' dir='ltr'>ut</span> <span class='ocrx_word' id='word_1_260' title='bbox 1051 2317 1196 2375; x_wconf 88' lang='lat' dir='ltr'>bene</span> <span class='ocrx_word' id='word_1_261' title='bbox 1221 2317 1496 2374; x_wconf 85' lang='lat' dir='ltr'>Calvinus</span> <span class='ocrx_word' id='word_1_262' title='bbox 1536 2317 1576 2375; x_wconf 94' lang='lat' dir='ltr'>l.</span> <span class='ocrx_word' id='word_1_263' title='bbox 1618 2316 1699 2375; x_wconf 84' lang='lat' dir='ltr'>iv.</span> <span class='ocrx_word' id='word_1_264' title='bbox 1746 2316 1937 2375; x_wconf 89' lang='lat' dir='ltr'>Instit.</span> <span class='ocrx_word' id='word_1_265' title='bbox 1981 2320 2037 2391; x_wconf 85' lang='lat'>2,</span> <span class='ocrx_word' id='word_1_266' title='bbox 2068 2337 2115 2374; x_wconf 91' lang='lat' dir='ltr'>s.</span> <span class='ocrx_word' id='word_1_267' title='bbox 2150 2319 2241 2392; x_wconf 85' lang='lat'>12,</span> <span class='ocrx_word' id='word_1_268' title='bbox 2270 2315 2557 2392; x_wconf 86' lang='lat' dir='ltr'>observat,</span> <span class='ocrx_word' id='word_1_269' title='bbox 2591 2318 2868 2374; x_wconf 87' lang='lat' dir='ltr'>“tantum</span> 
     </span>
     <span class='ocr_line' id='line_1_27' title="bbox 458 2393 2869 2472; baseline 0.002 -23"><span class='ocrx_word' id='word_1_270' title='bbox 458 2393 757 2468; x_wconf 88' lang='lat' dir='ltr'>litigamus</span> <span class='ocrx_word' id='word_1_271' title='bbox 783 2393 856 2452; x_wconf 91' lang='lat' dir='ltr'>de</span> <span class='ocrx_word' id='word_1_272' title='bbox 884 2414 1022 2453; x_wconf 82' lang='lat' dir='ltr'>vera</span> <span class='ocrx_word' id='word_1_273' title='bbox 1059 2405 1118 2455; x_wconf 89' lang='lat' dir='ltr'>et</span> <span class='ocrx_word' id='word_1_274' title='bbox 1157 2395 1418 2472; x_wconf 89' lang='lat' dir='ltr'>legitima</span> <span class='ocrx_word' id='word_1_275' title='bbox 1447 2395 1727 2453; x_wconf 74' lang='lat' dir='ltr'>Ecclesiae</span> <span class='ocrx_word' id='word_1_276' title='bbox 1764 2396 2191 2471; x_wconf 87' lang='lat' dir='ltr'>constitutione,</span> <span class='ocrx_word' id='word_1_277' title='bbox 2222 2414 2353 2472; x_wconf 83' lang='lat' dir='ltr'>quse</span> <span class='ocrx_word' id='word_1_278' title='bbox 2380 2396 2441 2453; x_wconf 92' lang='lat' dir='ltr'>in</span> <span class='ocrx_word' id='word_1_279' title='bbox 2468 2395 2869 2454; x_wconf 86' lang='lat' dir='ltr'>communione</span> 
     </span>
     <span class='ocr_line' id='line_1_28' title="bbox 459 2473 2871 2552; baseline 0.001 -22"><span class='ocrx_word' id='word_1_280' title='bbox 459 2478 584 2530; x_wconf 89' lang='lat' dir='ltr'>tum</span> <span class='ocrx_word' id='word_1_281' title='bbox 614 2491 921 2548; x_wconf 86' lang='lat' dir='ltr'>sacrorum,</span> <span class='ocrx_word' id='word_1_282' title='bbox 945 2493 1075 2550; x_wconf 81' lang='lat' dir='ltr'>quse</span> <span class='ocrx_word' id='word_1_283' title='bbox 1103 2475 1271 2551; x_wconf 87' lang='lat' dir='ltr'>signa</span> <span class='ocrx_word' id='word_1_284' title='bbox 1299 2484 1433 2533; x_wconf 88' lang='lat' dir='ltr'>sunt</span> <span class='ocrx_word' id='word_1_285' title='bbox 1459 2473 1848 2551; x_wconf 88' lang='lat' dir='ltr'>professionis,</span> <span class='ocrx_word' id='word_1_286' title='bbox 1873 2483 1996 2534; x_wconf 90' lang='lat' dir='ltr'>tum</span> <span class='ocrx_word' id='word_1_287' title='bbox 2023 2495 2177 2534; x_wconf 78' lang='lat' dir='ltr'>verse</span> <span class='ocrx_word' id='word_1_288' title='bbox 2205 2475 2565 2552; x_wconf 87' lang='lat' dir='ltr'>potissimum</span> <span class='ocrx_word' id='word_1_289' title='bbox 2594 2473 2871 2533; x_wconf 80' lang='lat' dir='ltr'>doctrinae</span> 
     </span>
     <span class='ocr_line' id='line_1_29' title="bbox 461 2551 2868 2632; baseline 0.001 -23"><span class='ocrx_word' id='word_1_290' title='bbox 461 2551 828 2627; x_wconf 74' lang='lat' dir='ltr'>requirimr.”</span> <span class='ocrx_word' id='word_1_291' title='bbox 889 2553 1006 2612; x_wconf 90' lang='lat' dir='ltr'>Hic</span> <span class='ocrx_word' id='word_1_292' title='bbox 1039 2561 1232 2612; x_wconf 89' lang='lat' dir='ltr'>autem</span> <span class='ocrx_word' id='word_1_293' title='bbox 1261 2553 1492 2632; x_wconf 88' lang='lat' dir='ltr'>quando</span> <span class='ocrx_word' id='word_1_294' title='bbox 1521 2552 1594 2612; x_wconf 87' lang='lat' dir='ltr'>de</span> <span class='ocrx_word' id='word_1_295' title='bbox 1624 2555 1945 2613; x_wconf 85' lang='lat' dir='ltr'>secessione</span> <span class='ocrx_word' id='word_1_296' title='bbox 1972 2555 2047 2612; x_wconf 92' lang='lat' dir='ltr'>ab</span> <span class='ocrx_word' id='word_1_297' title='bbox 2078 2553 2340 2612; x_wconf 87' lang='lat' dir='ltr'>Ecclesia</span> <span class='ocrx_word' id='word_1_298' title='bbox 2369 2555 2631 2612; x_wconf 89' lang='lat' dir='ltr'>Romana</span> <span class='ocrx_word' id='word_1_299' title='bbox 2658 2552 2868 2629; x_wconf 85' lang='lat' dir='ltr'>agitur,</span> 
     </span>
     <span class='ocr_line' id='line_1_30' title="bbox 461 2632 2867 2710; baseline 0.001 -22"><span class='ocrx_word' id='word_1_300' title='bbox 461 2638 683 2689; x_wconf 89' lang='lat' dir='ltr'>certum</span> <span class='ocrx_word' id='word_1_301' title='bbox 711 2639 801 2690; x_wconf 89' lang='lat' dir='ltr'>est</span> <span class='ocrx_word' id='word_1_302' title='bbox 827 2651 945 2690; x_wconf 91' lang='lat' dir='ltr'>non</span> <span class='ocrx_word' id='word_1_303' title='bbox 973 2632 1222 2710; x_wconf 88' lang='lat' dir='ltr'>intelligi</span> <span class='ocrx_word' id='word_1_304' title='bbox 1270 2633 1652 2692; x_wconf 86' lang='lat' dir='ltr'>secessionem</span> <span class='ocrx_word' id='word_1_305' title='bbox 1680 2634 1754 2691; x_wconf 88' lang='lat' dir='ltr'>ab</span> <span class='ocrx_word' id='word_1_306' title='bbox 1781 2635 2039 2692; x_wconf 77' lang='lat' dir='ltr'>Ecclesia</span> <span class='ocrx_word' id='word_1_307' title='bbox 2065 2635 2349 2708; x_wconf 88' lang='lat' dir='ltr'>Romana,</span> <span class='ocrx_word' id='word_1_308' title='bbox 2380 2652 2495 2710; x_wconf 88' lang='lat' dir='ltr'>qua</span> <span class='ocrx_word' id='word_1_309' title='bbox 2524 2633 2867 2708; x_wconf 86' lang='lat' dir='ltr'>Christiana,</span> 
     </span>
     <span class='ocr_line' id='line_1_31' title="bbox 469 2708 2867 2789; baseline 0.001 -22"><span class='ocrx_word' id='word_1_310' title='bbox 469 2708 575 2768; x_wconf 90' lang='lat' dir='ltr'>sed</span> <span class='ocrx_word' id='word_1_311' title='bbox 593 2728 710 2786; x_wconf 89' lang='lat' dir='ltr'>qua</span> <span class='ocrx_word' id='word_1_312' title='bbox 736 2712 965 2787; x_wconf 81' lang='lat' dir='ltr'>Papali.</span> <span class='ocrx_word' id='word_1_313' title='bbox 1031 2712 1164 2770; x_wconf 88' lang='lat' dir='ltr'>Non</span> <span class='ocrx_word' id='word_1_314' title='bbox 1190 2731 1306 2789; x_wconf 89' lang='lat' dir='ltr'>qua</span> <span class='ocrx_word' id='word_1_315' title='bbox 1333 2711 1552 2788; x_wconf 87' lang='lat' dir='ltr'>aliquid</span> <span class='ocrx_word' id='word_1_316' title='bbox 1573 2712 1777 2771; x_wconf 83' lang='lat' dir='ltr'>veriet</span> <span class='ocrx_word' id='word_1_317' title='bbox 1802 2713 1943 2772; x_wconf 89' lang='lat' dir='ltr'>boni</span> <span class='ocrx_word' id='word_1_318' title='bbox 1963 2712 2151 2772; x_wconf 88' lang='lat' dir='ltr'>adhuc</span> <span class='ocrx_word' id='word_1_319' title='bbox 2172 2714 2380 2772; x_wconf 87' lang='lat' dir='ltr'>retinet</span> <span class='ocrx_word' id='word_1_320' title='bbox 2396 2733 2431 2770; x_wconf 88' lang='lat' dir='ltr'>a</span> <span class='ocrx_word' id='word_1_321' title='bbox 2450 2721 2612 2789; x_wconf 85' lang='lat' dir='ltr'>parte</span> <span class='ocrx_word' id='word_1_322' title='bbox 2635 2711 2867 2786; x_wconf 87' lang='lat' dir='ltr'>Christi,</span> 
     </span>
     <span class='ocr_line' id='line_1_32' title="bbox 462 2788 2869 2869; baseline 0.001 -22"><span class='ocrx_word' id='word_1_323' title='bbox 462 2788 566 2848; x_wconf 88' lang='lat' dir='ltr'>sed</span> <span class='ocrx_word' id='word_1_324' title='bbox 583 2798 868 2867; x_wconf 87' lang='lat' dir='ltr'>quatenus</span> <span class='ocrx_word' id='word_1_325' title='bbox 887 2791 1096 2850; x_wconf 90' lang='lat' dir='ltr'>mirum</span> <span class='ocrx_word' id='word_1_326' title='bbox 1117 2791 1178 2850; x_wconf 88' lang='lat' dir='ltr'>in</span> <span class='ocrx_word' id='word_1_327' title='bbox 1198 2791 1435 2850; x_wconf 89' lang='lat' dir='ltr'>modum</span> <span class='ocrx_word' id='word_1_328' title='bbox 1461 2799 1731 2868; x_wconf 88' lang='lat' dir='ltr'>corrupta</span> <span class='ocrx_word' id='word_1_329' title='bbox 1758 2801 1847 2851; x_wconf 86' lang='lat' dir='ltr'>est</span> <span class='ocrx_word' id='word_1_330' title='bbox 1874 2800 1933 2852; x_wconf 92' lang='lat' dir='ltr'>et</span> <span class='ocrx_word' id='word_1_331' title='bbox 1958 2791 2281 2851; x_wconf 86' lang='lat' dir='ltr'>adulterata</span> <span class='ocrx_word' id='word_1_332' title='bbox 2300 2811 2403 2869; x_wconf 88' lang='lat' dir='ltr'>per</span> <span class='ocrx_word' id='word_1_333' title='bbox 2423 2791 2869 2850; x_wconf 84' lang='lat' dir='ltr'>Antichristum.</span> 
     </span>
     <span class='ocr_line' id='line_1_33' title="bbox 463 2869 2869 2946; baseline 0 -18"><span class='ocrx_word' id='word_1_334' title='bbox 463 2869 596 2928; x_wconf 87' lang='lat' dir='ltr'>Non</span> <span class='ocrx_word' id='word_1_335' title='bbox 623 2879 715 2930; x_wconf 87' lang='lat' dir='ltr'>est</span> <span class='ocrx_word' id='word_1_336' title='bbox 761 2870 1008 2930; x_wconf 88' lang='lat' dir='ltr'>desertio</span> <span class='ocrx_word' id='word_1_337' title='bbox 1039 2871 1316 2930; x_wconf 72' lang='lat' dir='ltr'>Ecclesiae</span> <span class='ocrx_word' id='word_1_338' title='bbox 1347 2878 1460 2930; x_wconf 84' lang='lat' dir='ltr'>aut</span> <span class='ocrx_word' id='word_1_339' title='bbox 1485 2871 1905 2930; x_wconf 87' lang='lat' dir='ltr'>communionis</span> <span class='ocrx_word' id='word_1_340' title='bbox 1938 2890 2131 2946; x_wconf 76' lang='lat' dir='ltr'>sacrae,</span> <span class='ocrx_word' id='word_1_341' title='bbox 2178 2870 2283 2930; x_wconf 89' lang='lat' dir='ltr'>sed</span> <span class='ocrx_word' id='word_1_342' title='bbox 2327 2870 2577 2930; x_wconf 85' lang='lat' dir='ltr'>desertio</span> <span class='ocrx_word' id='word_1_343' title='bbox 2624 2877 2869 2929; x_wconf 86' lang='lat' dir='ltr'>tantum.</span> 
     </span>
     <span class='ocr_line' id='line_1_34' title="bbox 461 2949 2868 3029; baseline 0 -22"><span class='ocrx_word' id='word_1_344' title='bbox 461 2951 860 3026; x_wconf 83' lang='lat' dir='ltr'>corruptionis,</span> <span class='ocrx_word' id='word_1_345' title='bbox 917 2971 1191 3027; x_wconf 89' lang='lat' dir='ltr'>errorum,</span> <span class='ocrx_word' id='word_1_346' title='bbox 1237 2950 1541 3029; x_wconf 72' lang='lat' dir='ltr'>apostasiae</span> <span class='ocrx_word' id='word_1_347' title='bbox 1589 2959 1651 3010; x_wconf 88' lang='lat' dir='ltr'>et</span> <span class='ocrx_word' id='word_1_348' title='bbox 1696 2949 2067 3010; x_wconf 87' lang='lat' dir='ltr'>discessionis</span> <span class='ocrx_word' id='word_1_349' title='bbox 2106 2950 2273 3009; x_wconf 80' lang='lat' dir='ltr'>factae</span> <span class='ocrx_word' id='word_1_350' title='bbox 2330 2969 2365 3008; x_wconf 90' lang='lat' dir='ltr'>a</span> <span class='ocrx_word' id='word_1_351' title='bbox 2412 2969 2567 3024; x_wconf 86' lang='lat' dir='ltr'>vera,</span> <span class='ocrx_word' id='word_1_352' title='bbox 2612 2949 2868 3026; x_wconf 86' lang='lat' dir='ltr'>antiqua,</span> 
     </span>
     <span class='ocr_line' id='line_1_35' title="bbox 467 3025 2639 3122; baseline 0.001 -38"><span class='ocrx_word' id='word_1_353' title='bbox 467 3025 810 3103; x_wconf 89' lang='lat' dir='ltr'>Apostolica</span> <span class='ocrx_word' id='word_1_354' title='bbox 837 3036 896 3087; x_wconf 91' lang='lat' dir='ltr'>et</span> <span class='ocrx_word' id='word_1_355' title='bbox 924 3031 1224 3090; x_wconf 90' lang='lat' dir='ltr'>Catholica</span> <span class='ocrx_word' id='word_1_356' title='bbox 1250 3030 1364 3088; x_wconf 88' lang='lat' dir='ltr'>fide</span> <span class='ocrx_word' id='word_1_357' title='bbox 1393 3039 1452 3122; x_wconf 78' lang='lat' dir='ltr'>et</span> <span class='ocrx_word' id='word_1_358' title='bbox 1481 3030 1764 3105; x_wconf 87' lang='lat' dir='ltr'>Ecclesia,</span> <span class='ocrx_word' id='word_1_359' title='bbox 1796 3029 2039 3107; x_wconf 85' lang='lat' dir='ltr'>ejusque</span> <span class='ocrx_word' id='word_1_360' title='bbox 2068 3029 2269 3106; x_wconf 87' lang='lat' dir='ltr'>Capite</span> <span class='ocrx_word' id='word_1_361' title='bbox 2298 3029 2548 3122; x_wconf 77' lang='lat' dir='ltr'>ChristO.</span> <span class='ocrx_word' id='word_1_362' title='bbox 2624 3107 2639 3121; x_wconf 40' lang='lat'>⁸</span> 
     </span>
     <span class='ocr_line' id='line_1_36' title="bbox 983 3107 2868 3264; baseline -0.002 -25.295"><span class='ocrx_word' id='word_1_363' title='bbox 983 3107 2868 3264; x_wconf 55' lang='lat' dir='ltr'>{Hmffmmmmffimmmffl</span> 
     </span>
     <span class='ocr_line' id='line_1_37' title="bbox 521 3261 2875 3339; baseline 0.002 -20"><span class='ocrx_word' id='word_1_364' title='bbox 521 3263 653 3332; x_wconf 55' lang='lat' dir='ltr'>aliud</span> <span class='ocrx_word' id='word_1_365' title='bbox 691 3265 752 3308; x_wconf 76' lang='lat' dir='ltr'>ab</span> <span class='ocrx_word' id='word_1_366' title='bbox 786 3262 950 3309; x_wconf 68' lang='lat' dir='ltr'>Eccle-</span> <span class='ocrx_word' id='word_1_367' title='bbox 991 3261 1312 3321; x_wconf 87' lang='lat' dir='ltr'>fnnduntur</span> <span class='ocrx_word' id='word_1_368' title='bbox 1332 3263 1406 3321; x_wconf 91' lang='lat' dir='ltr'>ab</span> <span class='ocrx_word' id='word_1_369' title='bbox 1427 3262 1791 3338; x_wconf 86' lang='lat' dir='ltr'>adversariis,</span> <span class='ocrx_word' id='word_1_370' title='bbox 1822 3266 2105 3325; x_wconf 70' lang='lat' dir='ltr'>discedere</span> <span class='ocrx_word' id='word_1_371' title='bbox 2125 3269 2197 3325; x_wconf 78' lang='lat' dir='ltr'>ab</span> <span class='ocrx_word' id='word_1_372' title='bbox 2213 3267 2488 3339; x_wconf 77' lang='lat' dir='ltr'>Ecclesia,</span> <span class='ocrx_word' id='word_1_373' title='bbox 2512 3275 2567 3324; x_wconf 81' lang='lat' dir='ltr'>et</span> <span class='ocrx_word' id='word_1_374' title='bbox 2590 3265 2875 3324; x_wconf 80' lang='lat' dir='ltr'>discedere</span> 
     </span>
     <span class='ocr_line' id='line_1_38' title="bbox 521 3319 2872 3422; baseline 0.002 -24"><span class='ocrx_word' id='word_1_375' title='bbox 521 3333 596 3366; x_wconf 72' lang='lat'>⁸¹⁸</span> <span class='ocrx_word' id='word_1_376' title='bbox 628 3319 858 3365; x_wconf 74' lang='lat' dir='ltr'>Romana.</span> <span class='ocrx_word' id='word_1_377' title='bbox 986 3342 1057 3399; x_wconf 80' lang='lat' dir='ltr'>ab</span> <span class='ocrx_word' id='word_1_378' title='bbox 1084 3342 1343 3400; x_wconf 76' lang='lat' dir='ltr'>Ecclesia</span> <span class='ocrx_word' id='word_1_379' title='bbox 1371 3343 1654 3400; x_wconf 85' lang='lat' dir='ltr'>Romana.</span> <span class='ocrx_word' id='word_1_380' title='bbox 1700 3342 1851 3400; x_wconf 90' lang='lat' dir='ltr'>Nam</span> <span class='ocrx_word' id='word_1_381' title='bbox 1871 3363 2003 3402; x_wconf 91' lang='lat' dir='ltr'>cum</span> <span class='ocrx_word' id='word_1_382' title='bbox 2021 3345 2301 3420; x_wconf 89' lang='lat' dir='ltr'>Ecclesia,</span> <span class='ocrx_word' id='word_1_383' title='bbox 2375 3345 2563 3422; x_wconf 90' lang='lat' dir='ltr'>roprie</span> <span class='ocrx_word' id='word_1_384' title='bbox 2590 3343 2672 3403; x_wconf 87' lang='lat' dir='ltr'>ita</span> <span class='ocrx_word' id='word_1_385' title='bbox 2697 3343 2872 3418; x_wconf 78' lang='lat' dir='ltr'>dicta,</span> 
     </span>
     <span class='ocr_line' id='line_1_39' title="bbox 466 3367 2875 3500; baseline 0.002 -24"><span class='ocrx_word' id='word_1_386' title='bbox 466 3416 542 3476; x_wconf 89' lang='lat' dir='ltr'>sit</span> <span class='ocrx_word' id='word_1_387' title='bbox 571 3417 816 3476; x_wconf 87' lang='lat' dir='ltr'>societas</span> <span class='ocrx_word' id='word_1_388' title='bbox 844 3418 1099 3478; x_wconf 89' lang='lat' dir='ltr'>omnium</span> <span class='ocrx_word' id='word_1_389' title='bbox 1139 3419 1398 3478; x_wconf 87' lang='lat' dir='ltr'>fidelium</span> <span class='ocrx_word' id='word_1_390' title='bbox 1437 3439 1542 3496; x_wconf 89' lang='lat' dir='ltr'>per</span> <span class='ocrx_word' id='word_1_391' title='bbox 1581 3421 1824 3481; x_wconf 83' lang='lat' dir='ltr'>verbum</span> <span class='ocrx_word' id='word_1_392' title='bbox 1864 3431 1924 3482; x_wconf 88' lang='lat' dir='ltr'>et</span> <span class='ocrx_word' id='word_1_393' title='bbox 1969 3424 2246 3500; x_wconf 87' lang='lat' dir='ltr'>Spiritum</span> <span class='ocrx_word' id='word_1_394' title='bbox 2288 3367 2372 3482; x_wconf 74' lang='lat' dir='ltr'>ad&gt;</span> <span class='ocrx_word' id='word_1_395' title='bbox 2414 3423 2875 3483; x_wconf 85' lang='lat' dir='ltr'>communionem</span> 
     </span>
     <span class='ocr_line' id='line_1_40' title="bbox 465 3495 2875 3580; baseline 0.002 -25"><span class='ocrx_word' id='word_1_396' title='bbox 465 3495 681 3555; x_wconf 87' lang='lat' dir='ltr'>Christi</span> <span class='ocrx_word' id='word_1_397' title='bbox 697 3506 1049 3573; x_wconf 80' lang='lat' dir='ltr'>vocatorum,</span> <span class='ocrx_word' id='word_1_398' title='bbox 1063 3499 1262 3576; x_wconf 90' lang='lat' dir='ltr'>procul</span> <span class='ocrx_word' id='word_1_399' title='bbox 1281 3499 1456 3558; x_wconf 89' lang='lat' dir='ltr'>dubio</span> <span class='ocrx_word' id='word_1_400' title='bbox 1472 3519 1644 3559; x_wconf 91' lang='lat' dir='ltr'>nemo</span> <span class='ocrx_word' id='word_1_401' title='bbox 1662 3509 1869 3578; x_wconf 87' lang='lat' dir='ltr'>potest,</span> <span class='ocrx_word' id='word_1_402' title='bbox 1893 3502 2016 3560; x_wconf 91' lang='lat' dir='ltr'>sine</span> <span class='ocrx_word' id='word_1_403' title='bbox 2037 3502 2399 3580; x_wconf 83' lang='lat' dir='ltr'>gravissimo,</span> <span class='ocrx_word' id='word_1_404' title='bbox 2422 3504 2537 3561; x_wconf 92' lang='lat' dir='ltr'>imo</span> <span class='ocrx_word' id='word_1_405' title='bbox 2555 3501 2875 3560; x_wconf 90' lang='lat' dir='ltr'>certissimo</span> 
     </span>
     <span class='ocr_line' id='line_1_41' title="bbox 463 3575 2878 3658; baseline 0.003 -25"><span class='ocrx_word' id='word_1_406' title='bbox 463 3575 667 3634; x_wconf 88' lang='lat' dir='ltr'>salutis</span> <span class='ocrx_word' id='word_1_407' title='bbox 705 3575 978 3653; x_wconf 88' lang='lat' dir='ltr'>periculo,</span> <span class='ocrx_word' id='word_1_408' title='bbox 1020 3578 1094 3636; x_wconf 87' lang='lat' dir='ltr'>ab</span> <span class='ocrx_word' id='word_1_409' title='bbox 1145 3597 1216 3637; x_wconf 90' lang='lat' dir='ltr'>ca</span> <span class='ocrx_word' id='word_1_410' title='bbox 1265 3578 1576 3654; x_wconf 81' lang='lat' dir='ltr'>discedere,</span> <span class='ocrx_word' id='word_1_411' title='bbox 1635 3580 2099 3658; x_wconf 88' lang='lat' dir='ltr'>quandoquidem</span> <span class='ocrx_word' id='word_1_412' title='bbox 2142 3590 2308 3640; x_wconf 84' lang='lat' dir='ltr'>extra</span> <span class='ocrx_word' id='word_1_413' title='bbox 2346 3602 2474 3641; x_wconf 91' lang='lat' dir='ltr'>eam</span> <span class='ocrx_word' id='word_1_414' title='bbox 2524 3600 2641 3638; x_wconf 91' lang='lat' dir='ltr'>non</span> <span class='ocrx_word' id='word_1_415' title='bbox 2683 3588 2878 3658; x_wconf 85' lang='lat' dir='ltr'>potest</span> 
     </span>
     <span class='ocr_line' id='line_1_42' title="bbox 462 3653 2877 3738; baseline 0.002 -25"><span class='ocrx_word' id='word_1_416' title='bbox 462 3653 588 3714; x_wconf 88' lang='lat' dir='ltr'>dari</span> <span class='ocrx_word' id='word_1_417' title='bbox 629 3655 804 3714; x_wconf 82' lang='lat' dir='ltr'>salus.</span> <span class='ocrx_word' id='word_1_418' title='bbox 893 3656 1010 3715; x_wconf 87' lang='lat' dir='ltr'>Sed</span> <span class='ocrx_word' id='word_1_419' title='bbox 1049 3658 1308 3716; x_wconf 80' lang='lat' dir='ltr'>Ecclesia</span> <span class='ocrx_word' id='word_1_420' title='bbox 1361 3660 1631 3718; x_wconf 82' lang='lat' dir='ltr'>Romana</span> <span class='ocrx_word' id='word_1_421' title='bbox 1672 3679 1803 3718; x_wconf 88' lang='lat' dir='ltr'>cum</span> <span class='ocrx_word' id='word_1_422' title='bbox 1845 3660 1920 3719; x_wconf 91' lang='lat' dir='ltr'>sit</span> <span class='ocrx_word' id='word_1_423' title='bbox 1962 3669 2145 3720; x_wconf 88' lang='lat' dir='ltr'>coetus</span> <span class='ocrx_word' id='word_1_424' title='bbox 2205 3661 2568 3738; x_wconf 89' lang='lat' dir='ltr'>particularis</span> <span class='ocrx_word' id='word_1_425' title='bbox 2606 3659 2877 3736; x_wconf 79' lang='lat' dir='ltr'>visibilis,</span> 
     </span>
     <span class='ocr_line' id='line_1_43' title="bbox 459 3733 2881 3816; baseline 0.002 -23"><span class='ocrx_word' id='word_1_426' title='bbox 459 3754 578 3793; x_wconf 90' lang='lat' dir='ltr'>non</span> <span class='ocrx_word' id='word_1_427' title='bbox 604 3733 776 3794; x_wconf 89' lang='lat' dir='ltr'>modo</span> <span class='ocrx_word' id='word_1_428' title='bbox 803 3743 996 3812; x_wconf 86' lang='lat' dir='ltr'>potest</span> <span class='ocrx_word' id='word_1_429' title='bbox 1039 3736 1162 3795; x_wconf 90' lang='lat' dir='ltr'>sine</span> <span class='ocrx_word' id='word_1_430' title='bbox 1199 3736 1454 3813; x_wconf 87' lang='lat' dir='ltr'>periculo</span> <span class='ocrx_word' id='word_1_431' title='bbox 1493 3737 1698 3814; x_wconf 88' lang='lat' dir='ltr'>deseri,</span> <span class='ocrx_word' id='word_1_432' title='bbox 1731 3738 1835 3798; x_wconf 88' lang='lat' dir='ltr'>sed</span> <span class='ocrx_word' id='word_1_433' title='bbox 1874 3747 1935 3798; x_wconf 88' lang='lat' dir='ltr'>et</span> <span class='ocrx_word' id='word_1_434' title='bbox 1965 3738 2154 3815; x_wconf 85' lang='lat' dir='ltr'>debet,</span> <span class='ocrx_word' id='word_1_435' title='bbox 2186 3739 2235 3798; x_wconf 92' lang='lat' dir='ltr'>si</span> <span class='ocrx_word' id='word_1_436' title='bbox 2253 3739 2336 3798; x_wconf 87' lang='lat' dir='ltr'>ita</span> <span class='ocrx_word' id='word_1_437' title='bbox 2370 3748 2640 3816; x_wconf 90' lang='lat' dir='ltr'>corrupta</span> <span class='ocrx_word' id='word_1_438' title='bbox 2666 3747 2772 3814; x_wconf 84' lang='lat' dir='ltr'>est,</span> <span class='ocrx_word' id='word_1_439' title='bbox 2812 3748 2881 3797; x_wconf 92' lang='lat' dir='ltr'>ut</span> 
     </span>
     <span class='ocr_line' id='line_1_44' title="bbox 458 3813 2880 3894; baseline 0.002 -22"><span class='ocrx_word' id='word_1_440' title='bbox 458 3813 833 3874; x_wconf 86' lang='lat' dir='ltr'>fundamenta</span> <span class='ocrx_word' id='word_1_441' title='bbox 890 3815 1092 3874; x_wconf 85' lang='lat' dir='ltr'>salutis</span> <span class='ocrx_word' id='word_1_442' title='bbox 1132 3814 1194 3874; x_wconf 89' lang='lat' dir='ltr'>in</span> <span class='ocrx_word' id='word_1_443' title='bbox 1235 3836 1304 3874; x_wconf 90' lang='lat' dir='ltr'>ea</span> <span class='ocrx_word' id='word_1_444' title='bbox 1341 3815 1566 3876; x_wconf 90' lang='lat' dir='ltr'>illibata</span> <span class='ocrx_word' id='word_1_445' title='bbox 1605 3837 1722 3876; x_wconf 88' lang='lat' dir='ltr'>non</span> <span class='ocrx_word' id='word_1_446' title='bbox 1763 3825 2033 3876; x_wconf 86' lang='lat' dir='ltr'>maneant</span> <span class='ocrx_word' id='word_1_447' title='bbox 2072 3837 2164 3876; x_wconf 88' lang='lat' dir='ltr'>am</span> <span class='ocrx_word' id='word_1_448' title='bbox 2206 3817 2337 3894; x_wconf 87' lang='lat' dir='ltr'>lius,</span> <span class='ocrx_word' id='word_1_449' title='bbox 2373 3838 2481 3878; x_wconf 89' lang='lat' dir='ltr'>nec</span> <span class='ocrx_word' id='word_1_450' title='bbox 2520 3819 2675 3878; x_wconf 88' lang='lat' dir='ltr'>ullus</span> <span class='ocrx_word' id='word_1_451' title='bbox 2716 3818 2880 3877; x_wconf 82' lang='lat' dir='ltr'>salva</span> 
     </span>
     <span class='ocr_line' id='line_1_45' title="bbox 457 3893 2876 3973; baseline 0.001 -21"><span class='ocrx_word' id='word_1_452' title='bbox 457 3895 810 3954; x_wconf 89' lang='lat' dir='ltr'>conscientia</span> <span class='ocrx_word' id='word_1_453' title='bbox 824 3893 982 3952; x_wconf 91' lang='lat' dir='ltr'>illius</span> <span class='ocrx_word' id='word_1_454' title='bbox 999 3895 1178 3958; x_wconf 78' lang='lat' dir='ltr'>saeris</span> <span class='ocrx_word' id='word_1_455' title='bbox 1199 3895 1475 3955; x_wconf 86' lang='lat' dir='ltr'>interesse</span> <span class='ocrx_word' id='word_1_456' title='bbox 1491 3897 1693 3972; x_wconf 89' lang='lat' dir='ltr'>possit.</span> <span class='ocrx_word' id='word_1_457' title='bbox 1758 3896 1927 3971; x_wconf 89' lang='lat' dir='ltr'>Quod</span> <span class='ocrx_word' id='word_1_458' title='bbox 1944 3915 2083 3973; x_wconf 86' lang='lat' dir='ltr'>ergo</span> <span class='ocrx_word' id='word_1_459' title='bbox 2188 3898 2426 3956; x_wconf 84' lang='lat' dir='ltr'>versarii</span> <span class='ocrx_word' id='word_1_460' title='bbox 2457 3897 2703 3957; x_wconf 87' lang='lat' dir='ltr'>subinde</span> <span class='ocrx_word' id='word_1_461' title='bbox 2718 3897 2876 3956; x_wconf 80' lang='lat' dir='ltr'>voci-</span> 
     </span>
     <span class='ocr_line' id='line_1_46' title="bbox 459 3972 2875 4052; baseline 0.002 -22"><span class='ocrx_word' id='word_1_462' title='bbox 459 3972 729 4048; x_wconf 86' lang='lat' dir='ltr'>ferantur,</span> <span class='ocrx_word' id='word_1_463' title='bbox 775 3973 1018 4032; x_wconf 83' lang='lat' dir='ltr'>salutem</span> <span class='ocrx_word' id='word_1_464' title='bbox 1048 3982 1300 4032; x_wconf 87' lang='lat' dir='ltr'>nostram</span> <span class='ocrx_word' id='word_1_465' title='bbox 1329 3975 1745 4034; x_wconf 86' lang='lat' dir='ltr'>conclamatam</span> <span class='ocrx_word' id='word_1_466' title='bbox 1786 3994 1931 4050; x_wconf 90' lang='lat' dir='ltr'>esse,</span> <span class='ocrx_word' id='word_1_467' title='bbox 1970 3975 2108 4052; x_wconf 90' lang='lat' dir='ltr'>quia</span> <span class='ocrx_word' id='word_1_468' title='bbox 2150 3975 2471 4035; x_wconf 89' lang='lat' dir='ltr'>Ecclesiam</span> <span class='ocrx_word' id='word_1_469' title='bbox 2500 3976 2875 4041; x_wconf 78' lang='lat' dir='ltr'>deseruimus,</span> 
     </span>
     <span class='ocr_line' id='line_1_47' title="bbox 457 4052 2881 4133; baseline 0.001 -23"><span class='ocrx_word' id='word_1_470' title='bbox 457 4052 868 4111; x_wconf 86' lang='lat' dir='ltr'>absurdissime</span> <span class='ocrx_word' id='word_1_471' title='bbox 890 4060 1094 4130; x_wconf 88' lang='lat' dir='ltr'>petunt</span> <span class='ocrx_word' id='word_1_472' title='bbox 1119 4053 1479 4130; x_wconf 88' lang='lat' dir='ltr'>principium,</span> <span class='ocrx_word' id='word_1_473' title='bbox 1499 4064 1559 4113; x_wconf 88' lang='lat' dir='ltr'>et</span> <span class='ocrx_word' id='word_1_474' title='bbox 1585 4053 1946 4114; x_wconf 83' lang='lat' dir='ltr'>confundunt</span> <span class='ocrx_word' id='word_1_475' title='bbox 1972 4055 2397 4132; x_wconf 88' lang='lat' dir='ltr'>distinguenda,</span> <span class='ocrx_word' id='word_1_476' title='bbox 2430 4055 2597 4133; x_wconf 89' lang='lat' dir='ltr'>quasi</span> <span class='ocrx_word' id='word_1_477' title='bbox 2623 4056 2881 4114; x_wconf 82' lang='lat' dir='ltr'>Ecclesia</span> 
     </span>
     <span class='ocr_line' id='line_1_48' title="bbox 457 4131 2877 4211; baseline 0.002 -24"><span class='ocrx_word' id='word_1_478' title='bbox 457 4138 518 4187; x_wconf 93' lang='lat' dir='ltr'>et</span> <span class='ocrx_word' id='word_1_479' title='bbox 545 4131 804 4190; x_wconf 83' lang='lat' dir='ltr'>Ecclesia</span> <span class='ocrx_word' id='word_1_480' title='bbox 829 4135 1098 4191; x_wconf 77' lang='lat' dir='ltr'>Romana</span> <span class='ocrx_word' id='word_1_481' title='bbox 1125 4131 1631 4208; x_wconf 87' lang='lat' dir='ltr'>identificarentur,</span> <span class='ocrx_word' id='word_1_482' title='bbox 1664 4132 1745 4192; x_wconf 83' lang='lat' dir='ltr'>ita</span> <span class='ocrx_word' id='word_1_483' title='bbox 1782 4140 1850 4191; x_wconf 89' lang='lat' dir='ltr'>ut</span> <span class='ocrx_word' id='word_1_484' title='bbox 1889 4151 2059 4191; x_wconf 91' lang='lat' dir='ltr'>nemo</span> <span class='ocrx_word' id='word_1_485' title='bbox 2099 4135 2283 4211; x_wconf 89' lang='lat' dir='ltr'>possit</span> <span class='ocrx_word' id='word_1_486' title='bbox 2322 4135 2396 4192; x_wconf 88' lang='lat' dir='ltr'>ab</span> <span class='ocrx_word' id='word_1_487' title='bbox 2436 4136 2549 4192; x_wconf 89' lang='lat' dir='ltr'>ista</span> <span class='ocrx_word' id='word_1_488' title='bbox 2590 4133 2877 4209; x_wconf 89' lang='lat' dir='ltr'>secedere,</span> 
     </span>
     <span class='ocr_line' id='line_1_49' title="bbox 455 4208 2879 4288; baseline 0.002 -23"><span class='ocrx_word' id='word_1_489' title='bbox 455 4208 597 4282; x_wconf 90' lang='lat' dir='ltr'>quin</span> <span class='ocrx_word' id='word_1_490' title='bbox 625 4208 783 4266; x_wconf 87' lang='lat' dir='ltr'>illam</span> <span class='ocrx_word' id='word_1_491' title='bbox 813 4210 984 4269; x_wconf 90' lang='lat' dir='ltr'>simul</span> <span class='ocrx_word' id='word_1_492' title='bbox 1011 4219 1070 4270; x_wconf 88' lang='lat' dir='ltr'>et</span> <span class='ocrx_word' id='word_1_493' title='bbox 1097 4211 1274 4270; x_wconf 88' lang='lat' dir='ltr'>semel</span> <span class='ocrx_word' id='word_1_494' title='bbox 1302 4211 1545 4270; x_wconf 88' lang='lat' dir='ltr'>deserat.</span> <span class='ocrx_word' id='word_1_495' title='bbox 1658 4212 1802 4271; x_wconf 91' lang='lat' dir='ltr'>Cum</span> <span class='ocrx_word' id='word_1_496' title='bbox 1832 4220 2045 4286; x_wconf 88' lang='lat' dir='ltr'>contra,</span> <span class='ocrx_word' id='word_1_497' title='bbox 2076 4220 2143 4272; x_wconf 90' lang='lat' dir='ltr'>ut</span> <span class='ocrx_word' id='word_1_498' title='bbox 2182 4221 2353 4272; x_wconf 87' lang='lat' dir='ltr'>antea</span> <span class='ocrx_word' id='word_1_499' title='bbox 2378 4213 2615 4288; x_wconf 86' lang='lat' dir='ltr'>dictum,</span> <span class='ocrx_word' id='word_1_500' title='bbox 2645 4221 2879 4272; x_wconf 90' lang='lat' dir='ltr'>conten-</span> 
     </span>
     <span class='ocr_line' id='line_1_50' title="bbox 455 4284 2881 4368; baseline 0.003 -26"><span class='ocrx_word' id='word_1_501' title='bbox 455 4284 678 4358; x_wconf 81' lang='lat' dir='ltr'>damus,</span> <span class='ocrx_word' id='word_1_502' title='bbox 712 4287 1030 4346; x_wconf 87' lang='lat' dir='ltr'>Ecclesiam</span> <span class='ocrx_word' id='word_1_503' title='bbox 1060 4291 1380 4349; x_wconf 86' lang='lat' dir='ltr'>Romanam</span> <span class='ocrx_word' id='word_1_504' title='bbox 1407 4310 1511 4367; x_wconf 89' lang='lat' dir='ltr'>per</span> <span class='ocrx_word' id='word_1_505' title='bbox 1537 4309 1701 4350; x_wconf 86' lang='lat' dir='ltr'>suam</span> <span class='ocrx_word' id='word_1_506' title='bbox 1730 4291 2079 4366; x_wconf 87' lang='lat' dir='ltr'>apostasiam</span> <span class='ocrx_word' id='word_1_507' title='bbox 2124 4291 2403 4350; x_wconf 72' lang='lat' dir='ltr'>Ecclesiae</span> <span class='ocrx_word' id='word_1_508' title='bbox 2440 4311 2593 4350; x_wconf 81' lang='lat' dir='ltr'>verse</span> <span class='ocrx_word' id='word_1_509' title='bbox 2638 4299 2698 4351; x_wconf 86' lang='lat' dir='ltr'>et</span> <span class='ocrx_word' id='word_1_510' title='bbox 2749 4311 2881 4368; x_wconf 89' lang='lat' dir='ltr'>pro-</span> 
     </span>
     <span class='ocr_line' id='line_1_51' title="bbox 453 4362 2882 4446; baseline 0.003 -26"><span class='ocrx_word' id='word_1_511' title='bbox 453 4363 576 4441; x_wconf 88' lang='lat' dir='ltr'>prie</span> <span class='ocrx_word' id='word_1_512' title='bbox 623 4362 702 4420; x_wconf 88' lang='lat' dir='ltr'>ita</span> <span class='ocrx_word' id='word_1_513' title='bbox 745 4362 914 4422; x_wconf 80' lang='lat' dir='ltr'>dictae</span> <span class='ocrx_word' id='word_1_514' title='bbox 941 4368 1170 4426; x_wconf 88' lang='lat' dir='ltr'>nomine</span> <span class='ocrx_word' id='word_1_515' title='bbox 1211 4368 1514 4428; x_wconf 85' lang='lat' dir='ltr'>excidisse.</span> <span class='ocrx_word' id='word_1_516' title='bbox 1620 4368 1717 4427; x_wconf 88' lang='lat' dir='ltr'>Ita</span> <span class='ocrx_word' id='word_1_517' title='bbox 1742 4369 2083 4428; x_wconf 88' lang='lat' dir='ltr'>secessimus</span> <span class='ocrx_word' id='word_1_518' title='bbox 2110 4369 2341 4446; x_wconf 89' lang='lat' dir='ltr'>quidem</span> <span class='ocrx_word' id='word_1_519' title='bbox 2370 4369 2443 4429; x_wconf 89' lang='lat' dir='ltr'>ab</span> <span class='ocrx_word' id='word_1_520' title='bbox 2476 4371 2739 4430; x_wconf 87' lang='lat' dir='ltr'>Ecclesia</span> <span class='ocrx_word' id='word_1_521' title='bbox 2766 4370 2882 4428; x_wconf 89' lang='lat' dir='ltr'>Ro-</span> 
     </span>
     <span class='ocr_line' id='line_1_52' title="bbox 453 4443 2883 4526; baseline 0.002 -26"><span class='ocrx_word' id='word_1_522' title='bbox 453 4461 641 4514; x_wconf 88' lang='lat' dir='ltr'>mana,</span> <span class='ocrx_word' id='word_1_523' title='bbox 672 4448 737 4499; x_wconf 91' lang='lat' dir='ltr'>ut</span> <span class='ocrx_word' id='word_1_524' title='bbox 763 4443 1091 4518; x_wconf 88' lang='lat' dir='ltr'>particulari</span> <span class='ocrx_word' id='word_1_525' title='bbox 1119 4455 1271 4505; x_wconf 83' lang='lat' dir='ltr'>coetu</span> <span class='ocrx_word' id='word_1_526' title='bbox 1299 4448 1532 4521; x_wconf 82' lang='lat' dir='ltr'>visibili,</span> <span class='ocrx_word' id='word_1_527' title='bbox 1564 4447 1702 4524; x_wconf 88' lang='lat' dir='ltr'>quia</span> <span class='ocrx_word' id='word_1_528' title='bbox 1720 4467 1837 4505; x_wconf 91' lang='lat' dir='ltr'>non</span> <span class='ocrx_word' id='word_1_529' title='bbox 1866 4449 2052 4524; x_wconf 84' lang='lat' dir='ltr'>potuit</span> <span class='ocrx_word' id='word_1_530' title='bbox 2088 4451 2439 4508; x_wconf 87' lang='lat' dir='ltr'>conscientia</span> <span class='ocrx_word' id='word_1_531' title='bbox 2478 4451 2607 4526; x_wconf 88' lang='lat' dir='ltr'>ejus</span> <span class='ocrx_word' id='word_1_532' title='bbox 2668 4449 2883 4508; x_wconf 88' lang='lat' dir='ltr'>abomi-</span> 
     </span>
     <span class='ocr_line' id='line_1_53' title="bbox 453 4519 2885 4603; baseline 0.002 -23"><span class='ocrx_word' id='word_1_533' title='bbox 453 4521 717 4580; x_wconf 84' lang='lat' dir='ltr'>nationes</span> <span class='ocrx_word' id='word_1_534' title='bbox 771 4519 935 4595; x_wconf 86' lang='lat' dir='ltr'>ferre,</span> <span class='ocrx_word' id='word_1_535' title='bbox 1001 4523 1106 4580; x_wconf 87' lang='lat' dir='ltr'>sed</span> <span class='ocrx_word' id='word_1_536' title='bbox 1167 4525 1240 4583; x_wconf 90' lang='lat' dir='ltr'>ab</span> <span class='ocrx_word' id='word_1_537' title='bbox 1289 4526 1550 4585; x_wconf 88' lang='lat' dir='ltr'>Ecclesia</span> <span class='ocrx_word' id='word_1_538' title='bbox 1603 4545 1915 4603; x_wconf 89' lang='lat' dir='ltr'>nunquam,</span> <span class='ocrx_word' id='word_1_539' title='bbox 1966 4547 2261 4603; x_wconf 88' lang='lat' dir='ltr'>nunquam</span> <span class='ocrx_word' id='word_1_540' title='bbox 2336 4548 2371 4586; x_wconf 87' lang='lat' dir='ltr'>a</span> <span class='ocrx_word' id='word_1_541' title='bbox 2426 4528 2727 4587; x_wconf 86' lang='lat' dir='ltr'>Catholica</span> <span class='ocrx_word' id='word_1_542' title='bbox 2785 4527 2885 4586; x_wconf 87' lang='lat' dir='ltr'>illa</span> 
     </span>
    </p>
   </div>
  </div>
 </body>
</html>
