3234 5192
308 351 542 393 msrur.
572 328 745 410 xxm]
905 344 985 386 me
1014 342 1364 388 coucoanu
1392 342 1577 385 mun
1627 344 1704 385 nr
1731 343 1963 403 neom,
1991 342 2122 391 nro.
2598 328 2718 397 735

312 508 450 549 nem
480 497 539 549 et
564 492 763 561 fidem,
793 488 896 546 sed
924 486 999 544 de
1028 486 1101 543 iis
1130 486 1264 561 jam
1292 484 1607 543 conversis.
1674 484 1740 544 Si
1761 486 1836 544 de
1865 487 2219 545 Abrahamo
2246 486 2486 549 locutus
2511 488 2725 551 fuisset

314 588 451 627 cum
480 571 743 644 primum
790 586 865 625 ex
914 564 1009 624 Ur
1037 564 1462 622 Chaldaeorum
1509 572 1790 621 evocatus
1835 572 1940 637 est,
1970 568 2177 641 aliqua
2215 584 2354 625 cum
2381 570 2506 626 veri
2534 571 2724 643 specie

314 647 621 705 exclusiva
646 651 841 723 posset
887 642 1167 717 restringi
1214 643 1292 699 ad
1322 659 1502 717 opera
1527 660 1663 717 quae
1700 643 2077 700 vocationem
2125 643 2256 717 ejus
2283 656 2721 720 praecesserant,

316 727 422 783 sed
450 726 723 800 loquitur
767 726 845 781 de
892 740 963 780 eo
998 722 1127 796 jam
1178 738 1461 778 converso
1488 726 1549 778 et
1580 720 1645 777 in
1691 720 1891 777 medio
1918 721 2156 796 pietatis
2183 723 2480 782 curriculo
2509 726 2726 783 consti-

318 810 471 874 tute,
516 804 577 860 in
626 822 749 878 quo
797 802 1007 877 procul
1054 800 1240 857 dubio
1286 800 1484 856 multa
1513 798 1646 873 jam
1691 800 1854 855 bona
1900 817 2080 874 opera
2119 800 2404 873 ediderat,
2433 812 2494 861 et
2521 810 2722 861 tamen

318 900 457 941 cum
505 882 723 958 quaerit
756 880 1051 939 rationem
1084 877 1527 952 justificationis
1568 877 1719 950 ejuS,
1768 878 2124 951 pronunciat
2171 896 2295 935 non
2323 881 2594 955 operanti
2621 882 2724 939 sed

320 960 582 1019 credenti
618 962 799 1018 fidem
846 958 1203 1033 imputatam
1245 955 1430 1013 fuisse
1458 956 1535 1013 ad
1562 954 1604 1012 J
1610 953 1898 1013 ustitiam.
1980 956 2078 1014 Sic
2105 956 2307 1014 David
2335 977 2524 1033 quum
2549 984 2718 1035 μασι·

350 1044 490 1115 πρὶν
515 1039 777 1097 hominis
802 1035 1087 1112 praedicat
1112 1034 1172 1090 in
1196 1034 1539 1093 remissione
1560 1041 1958 1107 peccatorum,
1977 1042 2036 1093 et
2057 1038 2408 1110 deprecatur
2425 1038 2730 1112 judicium

384 1120 457 1189 ei,
488 1116 646 1175 Psal.
670 1116 853 1174 xxxii.
878 1116 929 1186 1,
958 1121 1019 1172 et
1044 1112 1225 1171 cxliii.
1257 1115 1311 1183 2,
1342 1131 1461 1170 non
1491 1112 1760 1186 loquitur
1781 1114 1856 1170 de
1875 1132 1935 1170 se
1957 1122 2027 1170 ut
2047 1114 2274 1171 infideli
2299 1121 2360 1171 et
2387 1116 2728 1190 irregenitO,

320 1199 424 1255 sed
451 1196 615 1253 fideli
634 1196 766 1270 jam
793 1200 854 1251 et
881 1210 1183 1251 conversa
1237 1191 1335 1250 Sic
1364 1190 1592 1249 Paulus
1620 1191 1744 1264 ipse
1773 1210 1892 1249 non
1915 1198 2156 1249 tantum
2171 1193 2248 1250 de
2270 1193 2550 1268 operibus
2577 1213 2732 1269 prae-

322 1274 667 1333 cedentibus
688 1272 1131 1331 conversionem
1154 1288 1327 1327 suam
1341 1269 1512 1327 factis
1533 1270 1592 1325 in
1614 1267 2014 1327 Pharisaismo
2031 1270 2188 1327 dixit
2207 1289 2280 1329 ea
2299 1272 2516 1330 ducere
2544 1292 2604 1330 se
2626 1275 2728 1330 de·

322 1354 605 1411 trimenta
630 1359 691 1409 et
715 1370 825 1426 pro
852 1349 1045 1406 nihilo
1072 1348 1310 1419 habere,
1340 1349 1444 1405 sed
1472 1353 1532 1405 et
1558 1348 1636 1404 de
1672 1348 1899 1405 caeteris
1925 1349 2204 1407 omnibus
2232 1368 2367 1424 quae
2397 1352 2474 1409 ab
2503 1352 2631 1426 ipso
2661 1360 2732 1411 ut

326 1431 665 1491 Christiano
676 1428 964 1504 proficisci
984 1432 1287 1502 poterant3
1304 1434 1624 1501 postquam
1641 1427 1800 1482 enim
1818 1426 2114 1498 dixit,ver.
2128 1427 2182 1501 7,
2206 1434 2378 1502 “quoe
2393 1430 2544 1487 mihi
2560 1438 2734 1489 erant

328 1511 497 1567 lucra
516 1509 666 1565 duxi
682 1510 970 1565 damnum
990 1512 1235 1579 propter
1258 1504 1619 1575 Christum,'’
1637 1505 1892 1579 loquens
1919 1506 1980 1561 in
2007 1507 2286 1580 praesenti
2307 1507 2522 1583 inquit,
2572 1508 2734 1567 ἐλλιὶ

329 1590 493 1665 pauiu
514 1613 573 1660 γι
600 1590 814 1663 ἡγοῦμαι
831 1584 1014 1663 ζημίαι
1031 1581 1162 1655 εἶναι,
1181 1601 1301 1640 non
1322 1589 1578 1653 tantum,
1604 1582 1729 1640 Illa
1747 1583 1980 1657 abjici0‚
2005 1591 2039 1617 “
2061 1586 2164 1641 sed
2185 1586 2365 1643 etiam
2381 1586 2511 1645 haec
2533 1588 2736 1647 omnia

328 1675 542 1743 reputo
561 1669 849 1725 damnum
871 1666 1057 1734 esse,”
1089 1667 1212 1732 δια,
1237 1660 1396 1719 Phil.
1426 1660 1509 1718 iii.
1541 1662 1598 1719 8.
1646 1661 1896 1733 QuintO,
1917 1662 1980 1719 id
2009 1662 2207 1737 ipsum
2227 1664 2405 1721 etiam
2427 1666 2735 1739 colligitur

329 1745 767 1804 evidentissime
794 1760 870 1801 ex
896 1760 1075 1818 scopo
1105 1740 1292 1817 Epist.
1322 1742 1401 1798 ad
1423 1740 1557 1799 Gal.
1576 1746 1639 1797 et
1665 1746 1826 1797 statu
1855 1740 2200 1814 quaestionis
2224 1760 2406 1818 quam
2432 1745 2736 1820 persequi-

333 1831 436 1884 tur
464 1824 693 1883 Paulus
715 1844 730 1894 ;
772 1840 966 1897 neque
1010 1821 1170 1878 enim
1216 1819 1469 1897 quaestio
1512 1825 1647 1876 erat
1689 1836 1768 1875 an
1812 1819 1954 1877 solis
1997 1821 2275 1893 operibus
2303 1827 2442 1879 ante
2467 1824 2646 1879 fidem
2675 1832 2737 1883 et

330 1904 459 1961 sine
489 1901 723 1962 Christo
751 1908 991 1975 possent
1013 1898 1342 1973 justificari,
1372 1898 1535 1972 quod
1583 1899 2016 1973 pertendebant
2058 1897 2100 1955 J
2104 1900 2264 1959 udaei
2292 1899 2394 1975 qui
2424 1899 2466 1957 J
2473 1901 2737 1959 ustitiam

332 1999 503 2038 suam
531 1998 731 2037 coram
760 1980 891 2035 Deo
918 1978 1179 2035 stabilire
1217 1977 1584 2049 satagebant,
1635 1975 1741 2033 sed
1777 1994 1854 2033 an
1885 1994 2069 2051 opera
2095 1980 2518 2053 conjungenda
2545 1986 2738 2037 essent

332 2076 469 2116 cum
496 2059 613 2115 fide
643 2057 703 2112 in
733 2056 985 2113 articulo
1015 2055 1058 2111 J
1063 2053 1489 2122 ustificationis,
1531 2055 1694 2126 quod
1743 2054 2039 2126 urgebant
2081 2053 2632 2131 Pseudo-Apostoli
2675 2063 2738 2114 et

331 2136 433 2194 alii
460 2136 595 2193 falsi
624 2134 839 2190 fratres
882 2132 924 2190 J
928 2133 1274 2189 udaizantes
1297 2151 1313 2200 ;
1342 2147 1483 2186 nam
1511 2136 1742 2186 certum
1767 2137 1858 2186 est
1884 2148 1959 2186 ex
1985 2131 2132 2188 serie
2159 2133 2444 2190 orationis
2471 2139 2532 2189 et
2557 2151 2736 2207 scopo

332 2214 597 2289 epistolae
626 2230 728 2269 eos
754 2212 1037 2267 adversus
1059 2226 1213 2283 quos
1242 2209 1509 2282 disputat
1526 2207 1741 2280 Apost.
1771 2225 1895 2264 non
1921 2207 2104 2265 fuisse
2132 2227 2318 2283 puros
2344 2207 2387 2266 J
2392 2211 2614 2281 udaeOS,
2635 2214 2738 2269 sed

332 2293 485 2349 tales
512 2290 615 2366 qui
646 2286 1164 2347 Christianismum
1192 2284 1441 2361 professi
1470 2284 1693 2359 Legem
1715 2303 1855 2342 cum
1881 2284 2233 2361 Evangelio,
2261 2288 2416 2345 vires
2443 2289 2740 2349 humanas

334 2388 468 2429 cum
495 2368 693 2443 gratia
719 2366 852 2437 Dei,
882 2382 1065 2439 opera
1088 2382 1227 2422 cum
1252 2365 1370 2420 fide
1397 2363 1459 2419 in
1489 2362 1531 2420 J
1534 2362 1948 2421 ustificationis
1987 2366 2231 2439 negotio
2257 2366 2391 2441 conj
2401 2384 2622 2440 ungere
2649 2369 2741 2426 ni-

333 2449 641 2517 tebantur3
670 2462 811 2502 nam
838 2443 887 2501 si
934 2462 1071 2501 cum
1099 2443 1317 2518 apertis
1353 2440 1395 2499 J
1398 2441 1588 2500 udaeis
1618 2459 1712 2497 res
1741 2442 1832 2498 illi
1858 2441 2084 2513 fuisset,
2113 2444 2312 2502 minus
2338 2445 2532 2503 solida
2558 2453 2618 2504 et
2645 2448 2740 2505 fir-

333 2545 435 2585 ma
460 2527 811 2583 viderentur
838 2522 1121 2597 pleraque
1142 2520 1273 2595 ejus
1300 2526 1654 2595 argumenta
1671 2536 1861 2595 quum
1883 2519 1969 2577 ita
1995 2524 2319 2595 concludit,
2361 2530 2399 2557 “
2417 2523 2466 2581 si
2492 2542 2601 2599 per
2630 2525 2744 2583 Le·

336 2624 474 2681 gem
502 2604 544 2662 J
548 2602 773 2673 ustitia,
805 2600 875 2660 E.
908 2600 1177 2659 Christus
1202 2599 1424 2657 frustra
1448 2606 1724 2656 mortuus
1767 2600 1914 2669 est,''
1946 2600 2081 2659 Gal.
2111 2601 2171 2660 ii.
2202 2602 2296 2673 21,
2339 2608 2375 2637 “
2399 2602 2447 2659 si
2473 2620 2550 2659 ex
2579 2602 2742 2678 Lege

335 2682 673 2753 haereditaS,
704 2681 774 2740 E.
806 2698 925 2737 non
954 2697 1029 2736 ex
1076 2678 1525 2753 promissione,”
1558 2674 1694 2734 Gal.
1719 2676 1801 2732 iii.
1830 2676 1921 2745 18,
1953 2680 2077 2749 &c.,
2106 2681 2268 2754 quod
2299 2682 2464 2737 haud
2492 2689 2741 2755 gravate

340 2760 677 2820 concessuri
702 2764 875 2815 erant
902 2757 944 2814 J
950 2756 1126 2826 udaei,
1151 2756 1253 2812 sed
1274 2773 1412 2811 cum
1430 2754 1716 2811 adversus
1737 2753 2160 2813 semi-{Iudaeos
2187 2764 2248 2814 et
2275 2756 2744 2817 Pseudo-Chris-

336 2841 533 2897 tianos
561 2838 843 2911 disputet,
872 2833 1210 2890 firmissima
1236 2839 1326 2889 est
1350 2831 1521 2888 istius
1537 2830 1876 2905 argumenti
1903 2835 2262 2905 consecutiO,
2292 2834 2436 2909 quia
2461 2854 2536 2891 ne
2563 2836 2738 2893 mini-

332 2934 435 2973 ma
463 2916 705 2990 quidem
732 2911 909 2969 officii
937 2929 975 2968 a
1004 2910 1239 2968 Christo
1278 2908 1530 2984 praestiti
1570 2927 1708 2983 pars
1735 2908 1952 2965 nostris
1979 2910 2434 2987 quibuscunque
2461 2912 2742 2987 operibus

336 2994 523 3051 tribui
548 2997 745 3067 potest
771 2990 914 3063 quin
937 2988 1132 3062 gratia
1158 2987 1389 3045 desinat
1415 3004 1539 3044 esse
1565 2986 1775 3059 gratia.

422 3072 500 3129 X.
547 3070 747 3140 Sexte,
776 3068 825 3125 si
858 3084 982 3123 non
1023 3066 1423 3123 excludantur
1460 3065 1666 3121 omnia
1702 3064 1948 3122 omnino
1977 3083 2162 3140 opera
2187 3066 2368 3125 etiam
2395 3075 2742 3129 renatorum

338 3168 474 3224 quae
501 3150 681 3205 fidem
710 3151 1065 3221 sequuntur,
1108 3160 1229 3199 non
1272 3142 1493 3217 poterit
1518 3150 1790 3200 constare
1817 3143 2128 3202 antithesis
2155 3164 2338 3221 quam
2365 3146 2540 3204 toties
2567 3156 2745 3223 urget

340 3227 570 3285 Paulus
608 3226 765 3283 inter
804 3224 928 3280 duo
966 3222 1207 3291 foedera,
1239 3220 1462 3295 Legale
1490 3226 1550 3277 et
1579 3219 2032 3295 Evangelicum,
2075 3231 2147 3282 ut
2185 3225 2364 3299 plane
2391 3224 2657 3286 ἇσῦστιτα
2684 3235 2746 3285 et

336 3303 827 3379 incompatibilia,
858 3301 1004 3376 quia
1030 3300 1091 3356 in
1122 3300 1227 3357 illo
1257 3297 1597 3357 obedientia
1623 3298 1882 3374 propria,
1909 3300 1971 3357 in
2003 3303 2116 3361 hac
2143 3303 2340 3361 aliena
2359 3310 2419 3361 et
2447 3304 2744 3381 imputata

331 3384 748 3459 justificamur,
780 3380 953 3437 Rom.
982 3379 1061 3437 iv.
1092 3378 1148 3449 6,
1177 3385 1239 3436 et
1264 3396 1343 3449 x„
1390 3376 1525 3436 Gal.
1554 3376 1637 3434 iii.
1672 3377 1764 3449 12,
1807 3377 1966 3436 Phil.
1995 3379 2097 3455 iii„
2141 3400 2248 3457 per
2279 3382 2434 3440 illud
2461 3383 2525 3440 in
2553 3385 2742 3455 nobis,

337 3480 445 3537 per
472 3462 632 3518 istud
660 3460 723 3516 in
755 3456 1011 3527 Christo,
1040 3458 1078 3513 2
1109 3456 1241 3515 Cor.
1265 3475 1321 3514 v.
1350 3456 1445 3513 21.
1502 3454 1546 3512 J
1548 3472 1648 3512 am
1675 3474 1816 3513 vero
1845 3456 1892 3514 si
1919 3474 2026 3532 per
2053 3477 2234 3534 opera
2261 3459 2438 3517 etiam
2452 3461 2744 3535 justifica-

338 3557 476 3597 mur
492 3540 555 3595 in
574 3538 795 3595 foedere
811 3535 1039 3611 gratiae,
1061 3534 1273 3610 utique
1294 3552 1603 3609 perperam
1617 3533 1832 3608 Apost.
1857 3535 2020 3593 hunc
2027 3536 2472 3609 justificationis
2493 3542 2742 3597 modum

340 3624 633 3691 tanquam
666 3614 904 3672 foederis
932 3612 1175 3686 Legalis
1214 3612 1523 3688 proprium
1564 3618 1906 3670 constanter
1935 3612 2299 3689 Evangelico
2339 3616 2617 3687 detraxit,
2659 3617 2743 3675 sic

342 3696 503 3752 enim
529 3712 649 3752 non
680 3694 879 3750 minus
906 3692 1017 3748 sub
1043 3690 1377 3764 Evangelio
1406 3706 1588 3764 quam
1616 3690 1730 3746 sub
1753 3689 1914 3763 Lege
1935 3708 2042 3765 per
2062 3710 2244 3767 opera
2259 3693 2742 3767 justificaremur.

346 3772 632 3847 Septim0,
644 3772 694 3829 si
716 3789 787 3828 ea
804 3771 924 3827 fuit
942 3768 1119 3826 Pauli
1142 3768 1435 3826 sententia
1456 3785 1591 3841 quae
1615 3766 1708 3823 illi
1729 3768 2018 3826 tribuitur
2037 3770 2113 3827 ab
2132 3770 2529 3843 Adversariis,
2542 3774 2742 3830 exclu-

344 3850 527 3907 dendi
555 3849 780 3907 scilicet
806 3855 1039 3906 tantum
1062 3864 1244 3922 opera
1270 3855 1500 3904 naturae
1522 3852 1583 3901 et
1602 3851 1744 3902 ante
1763 3847 1961 3917 fidem,
1982 3848 2202 3904 mirum
2225 3856 2314 3905 est
2333 3850 2499 3924 quod
2522 3851 2740 3925 Apost.

344 3929 521 3986 toties
560 3934 683 3986 tam
726 3927 945 3984 diserte
984 3931 1045 3982 et
1085 3931 1427 3982 constanter
1450 3924 1632 3980 fidem
1660 3924 1910 4000 opponit
1937 3926 2231 3999 operibus,
2259 3944 2572 3999 nunquam
2598 3946 2742 3987 vero

346 4026 528 4082 opera
554 4015 803 4075 παίω-ας,
828 4005 1092 4081 operibus·
1115 4002 1343 4079 qratioe,
1374 4003 1535 4076 quod
1564 4008 1766 4059 tamen
1793 4001 2065 4077 inprimis
2089 4003 2322 4061 fecisset
2347 4006 2424 4062 ad
2448 4006 2579 4079 ejus
2606 4025 2745 4080 pro-

344 4085 607 4159 positum
632 4084 709 4140 ad
732 4083 1147 4141 declinandam
1166 4081 1455 4139 invidiam
1477 4095 1600 4156 qua
1618 4080 1853 4152 gravari
1875 4082 2120 4151 solebat,
2143 4100 2284 4139 nam
2304 4082 2490 4157 ipsius
2509 4083 2745 4141 Adver-

348 4162 487 4219 sarii
515 4162 645 4236 ejus
672 4161 1003 4219 doctrinam
1032 4178 1107 4217 ex
1134 4178 1205 4217 eo
1231 4159 1607 4234 potissimum
1635 4160 1946 4215 traducere
1975 4160 2264 4231 solebant,
2305 4162 2478 4235 quasi
2511 4162 2746 4221 laxaret

347 4241 612 4297 habenas
654 4239 814 4296 carni
858 4245 919 4295 et
960 4245 1339 4313 peccatorum
1380 4242 1533 4294 esset
1572 4236 1856 4311 pulvinar
1897 4238 2224 4310 gratuitam
2247 4244 2628 4313 peccatorum
2653 4258 2745 4298 re-

348 4318 687 4375 missionem
716 4316 1147 4391 promittend03
1178 4316 1227 4373 si
1253 4315 1455 4391 itaque
1477 4314 1822 4372 credidisset
1835 4314 1880 4371 J
1881 4314 2336 4373 ustificationem
2355 4317 2483 4375 fieri
2509 4336 2584 4375 ex
2605 4337 2744 4393 ope-

345 4396 516 4453 ribus
542 4395 769 4469 gratiae,
792 4412 992 4451 nonne
1018 4394 1281 4469 proclive
1308 4393 1399 4449 illi
1425 4392 1637 4449 fuisset
1657 4394 2010 4467 respondere
2037 4410 2098 4449 se
2127 4412 2243 4451 non
2273 4412 2493 4468 negare
2521 4395 2744 4471 simpli-

342 4474 489 4531 citer
515 4473 557 4531 J
560 4472 1017 4531 ustificationem
1060 4490 1134 4529 ex
1178 4471 1473 4546 operibus,
1524 4472 1628 4526 sed
1669 4476 1907 4528 tantum
1945 4488 2020 4527 ex
2052 4472 2328 4546 operibus
2355 4480 2590 4530 naturae
2619 4475 2744 4532 sine

338 4552 457 4609 fide
483 4551 672 4622 factiS,
715 4550 867 4609 Cum
895 4568 1036 4608 vero
1063 4550 1239 4609 toties
1264 4556 1392 4607 tam
1416 4548 1634 4606 diserte
1659 4554 1721 4606 et
1747 4555 2084 4607 constanter
2111 4549 2326 4624 Apost.
2355 4550 2400 4609 J
2407 4550 2745 4611 ustificatio·

341 4648 480 4687 nem
504 4630 642 4688 fidei
672 4629 899 4688 tribuat
924 4635 985 4686 et
1010 4627 1241 4687 adimat
1268 4626 1561 4703 operibus,
1592 4627 1766 4685 nulla
1791 4644 2063 4703 unquam
2091 4628 2362 4688 adhibita
2397 4630 2742 4705 exceptione
