3234 5192
538 345 654 406 566
1096 361 1174 400 ns
1203 360 1679 402 sarxsuc‘rroms
1707 361 1943 402 cumen
1972 361 2291 402 vem-rus.
2472 339 2734 423 [msru‘r.
2766 359 2958 401 xvm.

543 524 648 562 cus
675 501 1012 562 sustinendo
1039 501 1232 561 locum
1259 511 1318 561 et
1345 501 1532 560 vicem
1560 501 1743 578 ipsius
1768 501 2021 560 hominis
2046 522 2151 579 pro
2180 521 2248 560 eo
2276 502 2536 560 moritur.
2596 501 2803 578 Neque
2834 502 2961 560 alia

540 583 618 642 'de
647 603 837 657 causa,
873 582 1024 640 Heb.
1054 582 1135 640 ix.
1159 587 1254 656 22,
1287 581 1497 640 dicitur
1526 584 1562 614 ‘⁶'
1585 581 1710 639 sine
1732 582 2031 658 sanguinis
2052 581 2329 640 effusione
2356 601 2475 638 non
2502 580 2627 638 fieri
2653 581 2957 640 remissio-

543 663 736 738 nem,’'
763 664 876 722 nisi
903 663 1038 738 quia
1066 662 1390 720 condonare
1427 681 1544 718 non
1570 671 1761 738 potest
1793 661 1951 720 Deus
1980 662 2102 720 sine
2131 661 2347 738 praevia
2374 659 2782 734 satisfactione,
2814 681 2959 737 quae

543 753 784 802 mortem
808 743 1122 800 violentam
1149 751 1208 800 et
1227 741 1562 818 judicialem
1603 760 1708 817 per
1734 741 2073 818 sanguinem
2123 741 2489 817 designatum
2526 741 2816 816 peccatori
2848 740 2955 798 de-

540 822 721 881 bitam
752 821 1074 880 necessario
1111 820 1380 898 postulat.
1425 820 1623 878 Tertio
1668 821 1811 877 m'tus
1851 821 2211 896 impositionis
2257 840 2524 878 manuum
2570 824 2843 897 usurpari
2889 821 2959 878 in

543 903 722 962 sacris
748 902 877 961 istis
903 900 1126 975 solitus,
1151 901 1302 958 clare
1324 899 1468 958 illud
1485 899 1673 976 ipsum
1698 900 2029 975 confirmat3
2060 900 2132 959 de
2154 919 2269 976 quo
2293 899 2483 958 Levit.
2513 899 2549 958 i.
2580 903 2636 973 4,
2666 911 2727 958 et
2749 899 2955 958 Exod.

541 983 710 1039 xxix.
747 985 837 1055 10,
869 989 930 1039 et
955 980 1096 1038 alibi
1111 999 1228 1038 non
1255 979 1451 1038 semel.
1497 980 1613 1038 Cur
1640 981 1792 1038 enim
1822 979 2124 1038 tenebatur
2148 978 2247 1038 ille
2284 979 2387 1055 qui
2422 978 2700 1038 offerebat
2725 979 2826 1037 vel
2847 999 2960 1056 per

532 1081 604 1136 =se
634 1061 728 1120 vel
758 1081 858 1130 per
905 1057 1260 1118 sacerdotem
1281 1079 1514 1116 manum
1543 1059 1718 1136 capiti
1744 1058 1997 1118 victimis
2034 1059 2371 1136 imponere?
2416 1058 2593 1117 fiebat
2630 1058 2780 1116 illud
2819 1060 2953 1135 qui·

541 1141 674 1199 dem
693 1141 768 1200 ad
797 1141 1070 1218 majorem
1092 1141 1175 1197 rei
1193 1139 1374 1215 ipsius
1393 1139 1898 1212 consecrationem,
1930 1149 1995 1198 ut
2010 1147 2281 1198 testatum
2310 1139 2474 1198 fieret
2493 1158 2596 1215 per
2615 1139 2764 1196 hanc
2782 1164 2953 1218 κως.-

541 1223 692 1280 θισίιι
719 1221 934 1278 animal
963 1219 1089 1277 Deo
1111 1239 1336 1278 sacrum
1364 1227 1424 1277 et
1457 1219 1753 1296 proprium
1800 1218 1941 1293 fieri,
1972 1218 2077 1276 sed
2102 1215 2464 1295 potissimum
2511 1219 2953 1276 substitutionem

539 1302 792 1360 victimas
819 1301 948 1359 loco
975 1299 1293 1376 peccatoris
1321 1298 1614 1372 innuebat,
1646 1309 1705 1356 et
1724 1299 2158 1357 translationem
2195 1309 2389 1356 reatus
2416 1297 2490 1356 ab
2518 1297 2631 1356 isto
2656 1297 2733 1355 ad
2760 1298 2947 1371 illam,

541 1381 690 1439 Inde
707 1391 951 1457 portare
967 1389 1210 1455 peccata
1237 1378 1353 1435 imo
1381 1388 1439 1436 et
1457 1388 1753 1454 peccatum
1781 1388 1839 1436 et
1874 1379 2167 1436 execratio
2210 1379 2338 1454 ipsa
2365 1378 2679 1436 dicebatur.
2724 1377 2951 1451 Quarto

528 1472 894 1537 peccatorum
915 1460 1178 1533 consessio
1227 1477 1356 1534 quae
1385 1459 1729 1534 exigebatur
1757 1458 1851 1515 vel
1873 1477 1908 1515 a
1934 1457 2231 1516 sacerdote
2266 1456 2360 1515 vel
2390 1477 2425 1514 a
2464 1456 2696 1534 populo,
2726 1456 2801 1514 de
2830 1477 2951 1534 qua

542 1541 668 1598 Lev
697 1583 712 1598 .
741 1541 863 1599 xvi.
911 1542 1006 1611 21,
1053 1539 1110 1595 in
1161 1537 1542 1613 descriptione
1588 1538 1845 1596 solennis
1888 1547 1947 1596 et
1993 1537 2370 1596 anniversarii
2420 1537 2567 1594 sacri
2614 1536 2943 1614 expiatorii,

541 1623 579 1652 “
599 1619 866 1695 Imponet
893 1637 1099 1675 manus
1130 1617 1326 1674 Aaron
1357 1624 1415 1674 et
1443 1615 1810 1675 confitebitur
1836 1637 2035 1674 omnes
2064 1616 2399 1692 iniquitates
2424 1617 2675 1674 filiorum
2706 1617 2945 1674 Istaev’

539 1697 692 1772 Quid
720 1699 802 1756 ita
819 1699 848 1754 P
887 1709 954 1754 ut
981 1697 1105 1755 scil.
1135 1695 1410 1753 devoluta
1436 1695 1496 1752 in
1524 1715 1649 1752 eam
1681 1695 2142 1771 significarentur
2183 1706 2421 1772 peccata
2460 1697 2653 1753 omnia
2678 1715 2813 1772 quae
2840 1717 2945 1754 ex·

536 1777 750 1854 pianda
776 1785 955 1850 erant,
987 1785 1045 1833 et
1089 1794 1285 1832 eorum
1334 1774 1600 1850 purgatio
1629 1775 1703 1832 ab
1732 1776 1858 1851 ipsa
1885 1777 2122 1834 victima
2148 1777 2265 1852 peti
2305 1777 2654 1834 innueretur.
2747 1775 2951 1853 Hujus

537 1856 914 1916 confessionis
941 1853 1096 1932 apud
1127 1853 1391 1912 Gentiles
1419 1873 1586 1912 usum
1616 1854 1675 1911 in
1706 1855 1885 1913 sacris
1906 1856 2085 1915 fuisse
2108 1855 2278 1915 docet
2304 1875 2411 1914 nos
2440 1856 2618 1914 Alex.
2638 1855 2713 1913 ab
2742 1856 2945 1931 Alex.,

535 1936 575 1995 l.
606 1937 684 1995 iv.
716 1956 764 1995 c.
799 1939 891 2011 17,
941 1939 976 1968 ‘⁴
1001 1935 1146 1992 Rem
1193 1933 1448 1991 divinam
1473 1933 1727 1993 facturus
1754 1935 1829 1994 ad
1858 1955 2021 1994 suam
2054 1932 2359 1993 levandam
2391 1935 2619 2011 culpam
2661 1935 2841 1994 debet
2880 1955 2948 1994 se

535 2016 796 2094 inprimis
823 2037 985 2075 reum
1013 2015 1204 2074 dicere
1233 2023 1291 2072 et
1318 2033 1489 2072 uoxae
1519 2015 1795 2091 poenitere
1834 2036 1903 2074 ac
1932 2015 2097 2073 fateri
2142 2013 2510 2087 admissum,''
2544 2013 2651 2072 &c.
2723 2015 2947 2088 Quinto

534 2097 648 2156 huc
677 2097 814 2156 facit
841 2097 1016 2157 etiam
1044 2095 1146 2153 illa
1173 2093 1276 2152 ἱνα
1296 2095 1523 2153 Divinoe
1550 2096 1871 2169 deprecatio
1899 2114 2029 2171 quae
2057 2095 2117 2152 in
2139 2114 2279 2152 casu
2305 2093 2601 2152 homicidii
2638 2093 2761 2151 fieri
2792 2095 2945 2153 sole·

533 2177 650 2251 bat,
685 2179 856 2236 Deut.
887 2177 1010 2234 xxi.
1059 2178 1114 2234 8.
1201 2175 1350 2232 Nam
1405 2174 1697 2232 homicida
1743 2195 1858 2232 non
1913 2184 2157 2252 repert0,
2215 2175 2463 2250 populus
2517 2173 2617 2250 qui
2671 2173 2945 2233 confosso

529 2258 830 2333 proximus
857 2265 996 2329 erat,
1027 2254 1246 2331 pecude
1277 2273 1426 2312 caesa
1452 2253 1653 2312 debuit
1690 2254 1942 2330 purgari,
1993 2273 2065 2311 ne
2110 2253 2409 2330 sauguinis
2456 2252 2679 2324 innoxii
2714 2262 2946 2312 reatum

533 2335 722 2407 ferret,
755 2334 968 2409 alioqui
999 2353 1113 2390 non
1141 2342 1368 2408 poterat
1395 2342 1548 2390 terra
1575 2334 1795 2409 expiari
1824 2355 1859 2390 a
1887 2331 2167 2409 sanguine
2212 2333 2395 2391 effuso
2432 2333 2543 2391 nisi
2574 2352 2676 2410 per
2701 2334 2946 2410 sangui-

533 2431 662 2470 nem
695 2411 973 2486 effusoris,
1004 2421 1069 2469 ut
1104 2411 1203 2468 lex
1231 2411 1314 2468 ait
1346 2411 1514 2468 Num.
1545 2431 1731 2470 xxxv.
1762 2415 1859 2470 33.
1943 2412 2061 2471 Cur
2095 2431 2253 2488 vern,
2298 2413 2348 2469 si
2396 2412 2521 2470 sola
2559 2411 2669 2470 Dei
2716 2411 2947 2471 miseri-

532 2491 730 2549 cordia
775 2491 994 2566 absque
1047 2490 1168 2546 ulla
1215 2489 1606 2548 satisfactione
1659 2501 1854 2548 reatus
1900 2492 2009 2549 iste
2064 2491 2191 2549 tolli
2246 2492 2433 2568 potuit
2458 2495 2487 2550 ?
2532 2492 2647 2550 Sed
2690 2491 2946 2569 populus

532 2570 796 2647 agnoscit
846 2570 955 2628 hoc
1000 2568 1192 2627 offerri
1235 2567 1574 2626 sacrificium
1620 2569 1693 2626 ad
1740 2571 2057 2628 tollendum
2100 2581 2339 2645 reatum,
2370 2573 2589 2648 Eapia,
2620 2571 2941 2648 inquiebat,

521 2653 799 2728 populum
823 2659 991 2722 tuum,
1013 2651 1187 2722 Deua,
1213 2648 1568 2726 acceptando
1585 2649 1879 2707 victimam
1904 2649 2172 2722 oblatam,
2194 2662 2253 2709 et
2280 2671 2347 2709 ne
2364 2651 2597 2727 imputes
2611 2653 2945 2727 sanquinem

530 2731 886 2804 innocentem,
917 2727 1316 2789 demonstrans
1337 2725 1461 2788 scil.
1491 2728 1641 2788 banc
1668 2729 1963 2788 victimam
1992 2730 2191 2806 populi
2207 2730 2393 2788 vicem
2415 2731 2601 2789 bacin
2628 2743 2789 2808 parte
2810 2750 2941 2790 sus-

530 2813 712 2872 tinere
741 2811 816 2870 ad
845 2811 1164 2870 tollendum
1191 2819 1410 2868 reatum
1441 2810 1542 2886 qui
1571 2809 1921 2886 caeteroquin
1950 2809 2065 2867 illis
2093 2810 2397 2886 impositus
2436 2811 2653 2869 fuisset.

611 2891 758 2950 VII.
807 2893 987 2952 Sexto
1029 2891 1277 2967 denique
1320 2892 1540 2963 effictus
1587 2889 1829 2948 istorum
1872 2888 2281 2946 sacrificiorum
2322 2889 2433 2949 hoc
2480 2890 2696 2949 evincit
2736 2889 2939 2949 claris-

531 2973 692 3047 sime,
725 2973 974 3048 eaepiatio
1001 2971 1127 3030 scil.
1165 2981 1224 3028 et
1253 2970 1430 3028 litatio
1475 2989 1604 3047 quse
1633 2969 1693 3026 in
1722 2970 1838 3028 illis
1882 2968 2006 3026 fieri
2036 2969 2259 3027 solebat
2282 2991 2296 3042 ;
2340 2988 2477 3028 nam
2500 2971 2550 3028 si
2572 2989 2799 3028 sacrum
2826 2970 2941 3029 rite

527 3061 822 3128 peractum
871 3061 1010 3126 erat,
1061 3059 1120 3109 et
1167 3049 1404 3109 victima
1453 3050 1576 3107 Deo
1622 3049 1920 3108 dicebatur
1960 3047 2330 3124 acceptabilis
2366 3051 2518 3122 της-ὑ,
2552 3049 2695 3108 Lev.
2724 3050 2762 3108 i.
2793 3053 2849 3124 3,
2872 3061 2943 3110 et

529 3129 745 3188 oblatio
773 3131 834 3186 in
862 3130 1095 3188 odorem
1126 3129 1292 3186 bonae
1320 3129 1620 3204 fragantiae
1648 3143 1765 3183 rma:
1792 3144 1879 3183 nra
1914 3127 2056 3185 Lev.
2087 3127 2124 3185 i.
2160 3130 2251 3200 13,
2290 3132 2379 3201 17,
2410 3135 2470 3186 et
2506 3128 2767 3188 remissio
2796 3148 2941 3205 pec-

529 3208 644 3266 cati
672 3227 802 3265 cum
829 3208 1168 3266 liberatione
1195 3207 1280 3265 rei
1308 3208 1672 3283 sequebatur,
1703 3205 1856 3263 unde
1884 3206 2098 3284 passim
2116 3207 2177 3265 in
2207 3207 2350 3267 Lev.
2374 3207 2452 3264 iv.
2481 3229 2559 3282 v„
2591 3207 2719 3282 δια,
2749 3208 2941 3284 legas,

527 3284 807 3360 Ezzpiahit
833 3305 952 3343 eum
981 3287 1246 3343 sacerdos
1277 3295 1331 3343 et
1355 3286 1664 3343 remittetur
1684 3284 1751 3342 ei.
1822 3285 1952 3344 Hoc
1982 3287 2173 3345 Graeci
2192 3293 2485 3367 ωλλκςιῒι,
2512 3288 2706 3346 Latini
2732 3289 2943 3347 Litas-e

528 3365 818 3437 dixerunt,
851 3365 974 3422 scil.
1025 3364 1318 3422 Sacrificio
1345 3364 1452 3422 rite
1476 3374 1707 3440 peracto
1738 3363 1929 3421 Deum
1958 3365 2200 3442 placare.
2252 3367 2385 3425 Non
2412 3368 2601 3426 omnis
2628 3367 2729 3445 qui
2754 3369 2941 3426 sacri-

526 3444 679 3519 ficat,
705 3443 874 3502 etiam
898 3442 1028 3502 litat
1051 3465 1064 3518 ;
1099 3441 1339 3501 Plautus
1361 3443 1420 3499 in
1445 3443 1689 3500 Poenulo
1722 3443 1757 3474 “
1776 3442 1825 3500 si
1856 3443 2109 3504 Hercule
2127 3446 2283 3506 istud
2306 3465 2559 3523 unquam
2581 3447 2795 3506 factum
2824 3458 2941 3524 est,

526 3535 667 3586 tunc
694 3522 930 3601 Jupiter
955 3521 1129 3582 faciat
1155 3531 1220 3580 ut
1249 3541 1474 3598 semper
1521 3521 1837 3580 sacrificem
1866 3532 1924 3582 et
1952 3545 2245 3602 nunquam
2274 3526 2435 3585 litem
2460 3531 2508 3586 :”
2542 3525 2942 3588 sacrificando

521 3605 752 3664 veniam
782 3603 1108 3681 quaerimus,
1140 3600 1242 3660 sed
1270 3601 1490 3660 litando
1519 3602 1909 3679 impetramus,
1940 3612 2006 3663 ut
2031 3604 2179 3664 bene
2202 3605 2425 3664 Nonius
2454 3607 2741 3664 observat.
2787 3605 2939 3665 Por-

523 3704 590 3744 ro
618 3685 857 3745 effectus
884 3684 994 3742 iste
1023 3682 1248 3741 duabus
1277 3682 1518 3740 vocibus
1547 3691 1612 3740 ut
1640 3681 1949 3759 plurimum
1978 3685 2319 3760 exprimitur
2345 3685 2501 3762 apud
2532 3686 2813 3744 Hebraeos
2840 3705 2939 3744 aa:

522 3774 581 3825 et
609 3785 761 3838 Nun,
793 3783 922 3840 quoe
950 3762 1061 3822 etsi
1109 3761 1430 3839 promiscue
1474 3769 1824 3839 usurpentur
1850 3781 1953 3838 pro
1981 3764 2232 3840 expiare,
2264 3763 2508 3841 placare,
2540 3765 2935 3840 reconciliare,

521 3843 890 3922 peculiariter
931 3852 1124 3901 tamen
1165 3841 1322 3920 prior
1362 3841 1593 3900 videtur
1640 3862 1947 3917 personam
2004 3845 2307 3922 respicere,
2356 3845 2642 3922 posterior
2680 3865 2799 3904 rem
2841 3843 2935 3920 ip-

523 3945 644 3983 sam
674 3933 732 3982 et
776 3923 1007 3996 factum,
1040 3921 1196 3999 quod
1243 3941 1344 3998 per
1384 3920 1683 3980 luitionem
1713 3941 1899 3998 poenae
1929 3923 2343 3981 succedaneam
2380 3924 2665 4001 expiatur.
2736 3923 2939 3982 Graeci

519 4004 706 4064 tribus
753 4003 1117 4080 potissimum
1163 4000 1462 4060 vocabulis
1510 4000 1739 4060 duobus
1784 4000 1911 4059 istis
1958 4002 2439 4080 respondentibus
2476 4003 2807 4062 describere
2834 4023 2933 4062 so·

519 4081 680 4142 lent:
729 4085 781 4140 1.
825 4101 928 4158 per
953 4082 1168 4154 ἱλασ-μὸν
1207 4079 1586 4157 placationem
1615 4090 1674 4140 et
1708 4081 2167 4157 propitiationem
2198 4104 2212 4157 ;
2258 4087 2313 4140 2.
2346 4102 2447 4159 per
2471 4087 2773 4162 “hereph
2814 4089 2929 4162 ῥαι-

517 4169 705 4238 τινμὶυ,
752 4162 1004 4238 ἁγνισμὸν,
1051 4164 1240 4235 ἄφιε-υ,
1277 4161 1691 4238 purgationem,
1722 4160 2113 4236 remissionem,
2144 4163 2630 4240 sanctificationem
2654 4186 2669 4238 ς
2716 4167 2772 4222 3.
2822 4182 2935 4239 per

514 4242 860 4322 αἰπολῶ-ςυστ,
886 4244 1335 4318 redemptionem,
1365 4240 1763 4299 liberationem
1789 4262 1803 4314 ;
1850 4240 2063 4316 quibus
2090 4241 2351 4319 apposite
2402 4243 2779 4318 designantur
2805 4252 2931 4302 tres

514 4324 803 4399 praeeipue
831 4324 1022 4398 σχέο-υς
1042 4322 1450 4381 sacrificiorum
1474 4343 1488 4396 ;
1520 4319 1914 4378 referebantur
1940 4321 2153 4398 quippe
2181 4323 2265 4379 ad
2289 4323 2493 4395 Deum,
2518 4325 2602 4379 ad
2608 4331 2927 4397 peccatum,

515 4405 599 4459 ad
623 4401 911 4471 hominem,
942 4402 1017 4459 ad
1049 4403 1238 4461 Deum
1264 4409 1330 4459 ut
1379 4401 1465 4458 ira
1493 4397 1713 4459 offensa
1746 4403 2098 4476 placaretur,
2129 4403 2213 4459 ad
2242 4409 2533 4476 peccatum
2578 4411 2643 4460 ut
2672 4401 2929 4460 admissa

513 4481 685 4556 culpa
713 4479 1058 4552 expiaretur,
1090 4484 1174 4538 ad
1197 4482 1469 4538 hominem
1495 4489 1560 4538 ut
1589 4499 1834 4555 persona
1860 4499 1959 4536 rea
1986 4481 2216 4538 veniam
2245 4482 2577 4556 impetraret
2602 4491 2662 4539 et
2688 4501 2722 4538 a
2750 4499 2927 4556 poeua

512 4560 866 4618 liberaretur.
948 4558 1085 4617 Tria
1131 4579 1272 4637 ergo
1300 4576 1404 4634 per
1445 4559 1558 4618 ista
1585 4558 1865 4617 sacrificia
1890 4558 2316 4632 obtinebantur,
2351 4560 2466 4619 Dei
2478 4561 2755 4636 placatio,
2784 4579 2925 4637 pec·

511 4637 628 4698 cati
655 4636 920 4712 expiatio,
968 4636 1218 4696 hominis
1265 4639 1535 4715 liberatio,
1567 4637 1671 4696 sed
1698 4646 1965 4696 neutrum
1994 4658 2069 4696 ex
2118 4640 2211 4698 his
2238 4639 2425 4699 tribus
2452 4637 2701 4698 obtineri
2732 4641 2933 4717 potuit
