3234 5192
329 338 567 381 nxsrur.
596 325 751 397 xlm]
922 338 1001 382 ns
1029 336 1524 379 simenem-roms
1552 336 1798 379 cnms‘rr
1827 334 2146 378 vsmnrs.
2627 322 2749 389 487

326 478 557 537 dictum
598 477 781 537 fuisse
822 478 1053 539 factum
1100 477 1351 535 tradunt
1376 484 1446 533 ut
1487 476 1662 535 nobis
1701 477 1970 537 debitum
2014 476 2402 537 maledictum
2439 478 2742 551 aboleret;

328 557 594 615 Athana.
624 557 700 615 de
739 558 915 633 passi.
961 563 1023 615 et
1064 573 1211 625 cru„
1241 560 1278 589 “
1302 553 1551 613 Poenam
1592 561 1860 613 nostram
1901 555 2248 613 solvendam
2291 554 2354 613 in
2396 573 2459 614 se
2485 558 2744 633 suscepit

326 634 471 709 quia
496 634 691 693 factus
719 643 809 695 est
834 654 943 710 pro
963 632 1135 693 nobis
1156 632 1499 691 maledictio
1516 634 1575 703 ;''
1599 632 1886 707 Augusti.
1905 639 2112 689 contra
2133 632 2356 704 Felici„
2377 638 2414 667 “
2435 638 2740 709 quomodo

324 712 701 786 suscipiendo
728 720 983 771 mortem
1008 708 1304 771 interfecit
1328 716 1602 781 mortem,
1630 710 1714 769 sic
1739 710 2118 785 suscipiendo
2143 711 2534 771 maledictum
2561 713 2744 771 solvit

324 790 711 848 maledictum
723 793 780 862 ;''
807 790 1045 849 Eusebi.
1072 787 1328 863 caesari„
1362 792 1396 824 “
1416 788 1731 849 Execratio
1752 807 1860 863 pro
1879 788 2051 846 nobis
2066 786 2278 862 factus,
2301 789 2741 848 execrationem

324 886 459 942 quae
488 869 662 926 nobis
688 870 1018 927 debebatur
1044 870 1124 927 ad
1165 866 1425 941 seipsum
1464 866 1768 925 attraxit.”
1852 867 1942 924 At
1969 869 2297 927 secundum
2325 867 2738 939 Adversarius,

324 950 573 1003 eatenus
615 953 855 1005 tantum
902 948 1123 1005 dicitur
1164 944 1361 1003 factus
1405 944 1744 1001 maledictio
1788 944 1932 1019 quia
1979 945 2340 1020 supplicium
2381 944 2570 1003 crucis
2595 946 2742 1003 tulit

322 1025 488 1097 quod
517 1025 627 1083 sub
657 1026 821 1100 Lege
862 1025 983 1083 fuit
1028 1043 1066 1081 a
1110 1022 1241 1083 Deo
1284 1022 1690 1094 maledictum,
1720 1022 1860 1079 licet
1901 1029 2170 1097 respectu
2210 1022 2429 1082 Christi
2453 1024 2738 1081 maledic-

322 1100 503 1159 tionis
529 1103 820 1161 rationem
846 1121 969 1161 non
997 1100 1312 1171 habuerit;
1355 1100 1500 1175 quid
1547 1116 1690 1157 vero
1734 1107 1824 1159 est
1863 1099 1988 1157 vim
2013 1101 2207 1159 facere
2234 1100 2428 1159 verbis
2457 1099 2741 1176 Apostoli

320 1177 371 1237 si
398 1180 512 1237 hoc
540 1198 663 1237 non
690 1188 780 1238 est
802 1184 824 1240 ἓ
864 1199 1009 1239 nam
1036 1179 1199 1253 quod
1241 1179 1603 1252 pertendunt
1641 1176 1822 1235 iidem
1859 1178 2230 1252 Apostolum
2257 1178 2320 1235 in
2347 1179 2740 1237 execrationis

322 1274 468 1313 voce
495 1264 780 1331 argutum
806 1276 929 1317 esse
956 1256 1233 1327 voluisse,
1257 1256 1412 1313 absit
1430 1262 1501 1313 ut
1520 1254 1806 1325 dicamus,
1829 1254 2147 1330 indignum
2167 1263 2321 1315 esset
2339 1264 2510 1315 tanto
2541 1255 2739 1331 Apos-

322 1334 448 1391 tolo
475 1334 684 1391 ludere
710 1335 775 1393 in
802 1354 867 1395 re
896 1342 1020 1393 tam
1047 1333 1217 1405 seria,
1246 1340 1306 1391 et
1330 1333 1538 1391 inanes
1554 1350 1770 1391 vocum
1791 1351 1968 1391 sonos
1994 1340 2230 1409 captare
2257 1334 2363 1391 ubi
2389 1333 2741 1407 gravissima

322 1428 523 1467 rerum
549 1418 883 1471 tractantur
908 1418 1244 1482 momenta;
1289 1411 1412 1468 imo
1440 1428 1515 1467 ex
1541 1410 1628 1467 rei
1668 1410 1919 1468 veritate
1946 1412 2184 1469 locutus
2224 1417 2331 1483 est,
2373 1418 2434 1469 et
2459 1411 2740 1471 maledic-

322 1487 549 1545 tionem
576 1489 773 1564 ipsum
800 1490 1028 1549 factum
1052 1489 1236 1547 fuisse
1264 1489 1409 1547 dicit
1435 1489 1580 1564 quia
1600 1488 1783 1547 sensit
1803 1488 2087 1579 quicquid
2109 1488 2543 1561 maledictionis
2575 1489 2740 1548 Deus

321 1566 387 1623 in
413 1574 745 1640 peccatores
772 1568 1191 1626 interminatus
1232 1566 1469 1625 fuerat:
1511 1584 1634 1623 non
1683 1583 1825 1641 ergo
1872 1566 2056 1641 hujus
2095 1566 2529 1626 maledictionis
2557 1586 2740 1627 causa

320 1645 425 1702 sed
452 1645 793 1718 symbolum
820 1645 939 1703 fuit
967 1644 1151 1717 Crux,
1179 1663 1373 1721 neque
1414 1644 1553 1702 ideo
1599 1642 1872 1703 Christus
1913 1644 2265 1703 maledictus
2305 1644 2426 1702 fuit
2451 1646 2740 1719 quoniam

320 1721 385 1779 in
414 1740 583 1779 cruce
609 1724 911 1799 pependit,
941 1724 1043 1781 sed
1072 1724 1209 1781 ideo
1227 1721 1512 1798 pependit
1537 1721 1683 1796 quia
1708 1722 1827 1779 suit
1853 1723 2206 1781 maledictus
2232 1729 2293 1781 et
2319 1740 2558 1781 omnem
2585 1723 2739 1781 iram

322 1799 437 1857 Dei
462 1800 526 1857 in
554 1818 615 1859 se
642 1802 857 1859 vadem
885 1818 1351 1877 sponsoremque
1378 1806 1654 1859 nostrum
1677 1800 1858 1859 sensit
1877 1800 2150 1873 effusam,
2174 1806 2244 1859 ut
2271 1800 2482 1859 Hiero.
2511 1800 2574 1859 in
2601 1819 2652 1859 c.
2682 1800 2738 1872 3,

322 1878 399 1937 ad
433 1878 567 1937 Gal.
597 1880 747 1937 bene
776 1880 1067 1938 observat.

404 1954 611 2014 XXX.
656 1958 712 2015 2.
743 1957 1154 2015 Falsissimum
1200 1961 1455 2015 mortem
1497 1955 1687 2014 crucis
1738 1954 1975 2015 Christo
2017 1955 2306 2017 inflictam
2348 1958 2739 2016 execrationis

322 2033 615 2093 rationem
642 2053 766 2091 non
792 2034 1071 2092 habuisse
1094 2056 1109 2105 ;
1152 2034 1318 2091 Nam
1344 2035 1455 2091 etsi
1474 2040 1746 2107 respectu
1771 2034 2040 2090 fidelium
2069 2034 2382 2091 benedicta
2407 2052 2545 2091 vere
2574 2035 2654 2092 sit
2681 2044 2742 2093 et

318 2111 599 2185 pretiosa,
629 2112 775 2185 quia
798 2130 874 2169 ex
899 2112 1305 2175 funestissima
1329 2111 1539 2167 mortis
1564 2109 1776 2166 arbore
1797 2110 2168 2167 dulcissimos
2196 2109 2335 2167 vitae
2361 2110 2592 2169 fructus
2619 2113 2742 2169 col-

322 2188 585 2259 ligimus,
616 2195 816 2245 tamen
843 2193 1115 2263 respectu
1146 2186 1366 2247 Christi
1392 2186 1773 2245 maledictam
1799 2185 1981 2245 fuisse
2022 2186 2156 2261 quis
2183 2204 2403 2261 negare
2429 2187 2738 2261 sustineat,

322 2265 543 2323 diserte
561 2266 623 2323 id
647 2271 899 2323 testante
922 2264 1151 2340 Spiritu
1177 2264 1414 2339 SanctO,
1437 2266 1630 2323 sinon
1652 2265 1852 2339 quoad
1872 2264 2181 2321 terminum
2201 2270 2262 2322 et
2279 2266 2506 2337 exitum,
2528 2266 2742 2328 saltem

326 2344 529 2417 quoad
558 2362 791 2401 causam
818 2349 879 2401 et
906 2354 1314 2419 aryumentum
1336 2346 1360 2403 ἓ
1420 2342 1503 2403 Et
1518 2360 1661 2401 sane
1677 2361 1784 2401 cur
1803 2349 1970 2401 tanto
1992 2344 2070 2401 ad
2095 2341 2298 2401 Crucis
2316 2344 2742 2419 cogitationem

324 2422 569 2481 horrore
596 2422 756 2481 filius
782 2421 885 2481 ille
913 2422 1029 2481 Dei
1056 2423 1363 2499 perculsus
1384 2422 1611 2493 fuisset,
1630 2422 1717 2480 ita
1738 2428 1808 2479 ut
1829 2420 2237 2479 consolatione
2264 2420 2446 2479 etiam
2473 2424 2743 2495 angelica

324 2499 668 2574 indiguerit,
699 2518 807 2557 cur
842 2507 1013 2560 tanta
1055 2520 1193 2560 cum
1219 2501 1521 2559 anxietate
1548 2500 1746 2558 calicis
1770 2500 1946 2559 istius
1973 2499 2322 2559 amarissimi
2349 2500 2742 2560 remotionem

326 2578 506 2635 etiam
534 2599 673 2638 cum
714 2579 1039 2654 lachrymis
1085 2589 1146 2638 et
1186 2581 1547 2639 clamoribus
1593 2580 1943 2655 deprecatus
1987 2586 2154 2648 esset,
2183 2577 2232 2635 si
2259 2577 2414 2635 nihil
2439 2578 2558 2635 nisi
2583 2595 2744 2636 mor-

325 2663 445 2713 tem
473 2675 819 2733 corpoream
848 2676 1030 2733 quam
1056 2660 1315 2733 gregarii
1341 2659 1613 2720 homines
1641 2657 1746 2713 alii
1774 2654 2073 2713 innumeri
2092 2672 2215 2712 non
2242 2661 2582 2715 constanter
2609 2661 2742 2716 tan-

325 2740 473 2805 tum,
502 2738 607 2793 sed
635 2755 773 2793 cum
798 2736 1025 2810 gaudio
1053 2744 1115 2795 et
1140 2736 1509 2793 exultatione
1538 2734 1877 2803 adiverunt,
1903 2732 2194 2791 vidisset?
2276 2731 2470 2789 Aliud
2502 2732 2574 2791 Ε.
2603 2750 2742 2806 pro-

325 2813 611 2870 culdubio
639 2813 795 2870 vidit
821 2820 881 2869 et
906 2812 1049 2871 tulit
1074 2814 1139 2871 in
1166 2831 1239 2871 ea
1269 2813 1539 2871 Christus
1566 2816 1806 2885 propter
1833 2810 1996 2883 quod
2024 2814 2193 2865 tanto
2221 2814 2388 2865 metu
2415 2815 2476 2867 et
2501 2808 2744 2867 tristitia

326 2891 593 2963 dejectus
619 2889 753 2960 fuit,
784 2889 907 2947 scil,
936 2890 1086 2949 iram
1114 2891 1305 2965 ipsam
1334 2889 1449 2947 Dei
1475 2895 1536 2944 et
1561 2884 2044 2943 maledictionem
2081 2902 2218 2941 cum
2245 2902 2368 2958 qua
2393 2884 2488 2941 illi
2513 2891 2742 2943 certau-

327 2968 475 3021 dum
500 2967 636 3023 fuit.
668 2967 722 3023 3.
755 2966 1007 3025 Frustra
1032 2967 1130 3023 hic
1156 2968 1497 3040 exemplum
1514 2970 1848 3037 martyrum
1877 2962 2129 3019 affertur
2155 2960 2326 3037 quasi
2353 2962 2562 3019 eadem
2589 2970 2746 3021 esset

327 3042 481 3099 ratio
522 3043 732 3099 mortis
776 3043 1045 3117 ipsorum
1084 3050 1147 3101 et
1193 3042 1432 3113 Christi,
1462 3048 1527 3098 at
1569 3041 1826 3113 longum
1865 3039 2178 3115 latumque
2225 3038 2542 3096 discrimen
2587 3038 2744 3099 inter

328 3127 645 3194 utramque
672 3120 1001 3193 inter'cedit,
1030 3128 1101 3178 ut
1142 3138 1219 3177 ex
1255 3121 1389 3194 jam
1430 3117 1603 3177 dictis
1645 3116 1875 3193 liquere
1920 3120 2134 3190 potest,
2165 3122 2226 3173 et
2263 3134 2339 3175 ex
2385 3116 2651 3177 dicendis
2677 3118 2742 3175 in

330 3198 714 3273 sequentibus
742 3198 959 3259 clarius
987 3200 1186 3257 adhuc
1212 3197 1458 3273 patebit,
1488 3212 1628 3256 nam
1657 3194 1912 3253 istorum
1937 3194 2230 3271 supplicia
2255 3194 2366 3253 etsi
2390 3194 2768 3286 gravissima¹

328 3276 393 3333 in
420 3294 666 3352 corpore
693 3282 895 3335 tamen
922 3277 1247 3347 haerebant,
1276 3282 1341 3333 at
1370 3274 1588 3334 Christi
1610 3272 1847 3331 dolores
1868 3278 1928 3329 et
1955 3272 2251 3331 cruciatus
2277 3290 2380 3331 cor
2404 3273 2590 3355 ipsius
2615 3275 2746 3337 ani-

328 3372 609 3431 mamque
638 3354 1001 3427 transfixere,
1030 3354 1122 3411 illi
1150 3354 1514 3413 extrinsecus
1543 3350 1824 3426 patiendo
1852 3350 2099 3409 interius
2125 3351 2347 3409 divinae
2373 3352 2582 3427 gratiae
2609 3371 2744 3412 rore

326 3440 388 3491 et
415 3434 733 3494 dulcedine
760 3434 1195 3502 recreabantur,
1213 3440 1279 3491 at
1301 3430 1571 3491 Christus
1592 3448 1630 3489 a
1652 3428 1829 3487 Patre
1849 3446 1912 3485 se
1931 3429 2280 3490 derelictum
2302 3430 2573 3505 queritur
2601 3430 2747 3509 quia

328 3512 405 3569 ad
434 3518 737 3571 momenta
763 3512 1043 3585 quaedam
1076 3511 1375 3569 influxum
1416 3507 1617 3569 solatii
1657 3514 1717 3564 et
1740 3506 1951 3580 gaudii
1978 3505 2072 3565 illi
2098 3507 2426 3567 substraxit
2452 3515 2522 3565 ut
2547 3516 2748 3585 posset

328 3606 532 3663 poenas
562 3608 767 3647 omnes
815 3590 988 3647 nobis
1035 3590 1266 3647 debitas
1311 3589 1489 3659 serre,
1539 3585 1798 3660 denique
1842 3583 2064 3643 Christi
2111 3604 2275 3645 mors
2313 3584 2578 3660 juridica
2627 3586 2746 3645 fuit

330 3673 391 3723 et
414 3668 665 3742 poenalis
708 3667 787 3723 ad
829 3667 1233 3741 placationem
1275 3665 1541 3725 numinis
1590 3671 1652 3722 et
1691 3662 1914 3739 peccati
1965 3662 2365 3743 expiationem
2411 3662 2652 3733 inflicta,
2680 3669 2746 3721 at

329 3742 586 3801 istorum
613 3763 1011 3819 nequaquam,
1035 3748 1137 3805 sed
1164 3746 1243 3805 ad
1270 3742 1684 3803 testimonium
1703 3740 1970 3799 veritatis
1986 3746 2047 3799 et
2072 3740 2542 3815 explorationem
2569 3741 2742 3811 fidei;

330 3824 492 3879 unde
518 3822 661 3881 licet
686 3822 1005 3881 crudeliter
1024 3822 1584 3883 excarnificarentur
1604 3826 1666 3877 et
1686 3818 2118 3876 adhiberentur
2145 3819 2221 3876 ad
2251 3836 2352 3875 eos
2381 3820 2748 3893 torquendos

328 3899 535 3973 gladii,
566 3901 777 3971 aculei,
807 3901 1081 3973 flammae,
1112 3900 1429 3971 craticulae‚
1457 3899 1795 3978 θημομιχιίι,
1837 3896 2078 3975 aliaque
2119 3896 2325 3973 priscae
2375 3894 2746 3957 crudelitatis

329 3976 741 4049 instrumenta,
770 3979 1001 4038 nullius
1028 3988 1229 4039 tamen
1256 3978 1533 4051 martyris
1560 3994 1721 4037 mors
1761 3973 1920 4033 dieta
1958 3992 2230 4051 uuquam
2254 3972 2374 4033 fuit
2399 3990 2534 4031 cum
2564 3974 2749 4033 male-

330 4055 509 4129 dicto,
540 4056 683 4131 quia
708 4074 831 4115 non
856 4056 976 4116 fuit
1002 4058 1325 4133 conjuncta
1350 4074 1485 4113 cum
1514 4072 1694 4113 sensu
1730 4052 1834 4111 irae
1862 4050 2101 4131 divinae,
2121 4056 2190 4109 ut
2215 4068 2374 4108 mors
2406 4049 2640 4121 Christi,
2671 4052 2748 4109 de

328 4132 473 4206 ipsis
524 4152 839 4208 nunquam
890 4135 1113 4209 legitur
1156 4152 1257 4192 eos
1283 4133 1471 4191 factos
1513 4132 1696 4191 fuisse
1749 4149 1860 4207 pro
1903 4128 2077 4187 nobis
2121 4127 2604 4189 maledictionem
2646 4130 2744 4191 vel

328 4217 571 4287 peccata
598 4218 803 4270 nostra
828 4212 1054 4286 tulisse,
1083 4220 1155 4271 ut
1181 4213 1255 4269 de
1287 4208 1523 4269 Christo
1552 4226 1736 4285 quam
1764 4206 2085 4282 saepissime
2113 4204 2346 4263 dicitur.

414 4289 665 4347 XXXI.
698 4290 803 4348 Ad
830 4290 1101 4349 Tertium
1128 4290 1305 4363 Resp.
1343 4286 1732 4347 falsissimum
1771 4302 1896 4343 esse
1976 4285 2101 4341 uod
2141 4289 2488 4363 supponunt
2515 4283 2750 4358 quoties

333 4367 563 4426 Paulus
584 4367 645 4425 in
674 4368 789 4425 hac
814 4368 1065 4443 epistola
1084 4369 1182 4426 vel
1208 4366 1271 4424 in
1294 4365 1429 4425 aliis
1449 4368 1524 4423 de
1546 4364 1710 4439 Lege
1731 4369 1792 4421 et
1812 4363 1888 4420 de
1902 4360 1949 4418 li
1991 4360 2253 4418 eratione
2271 4362 2347 4419 ab
2366 4362 2496 4438 ejus
2514 4379 2750 4425 execra-

330 4446 493 4505 tione
515 4447 659 4521 agit,
687 4448 817 4505 haec
844 4448 925 4505 ad
952 4446 995 4505 J
998 4448 1205 4503 udaeos
1225 4446 1522 4501 duntaxat
1543 4442 1848 4519 respicere,
1871 4457 2013 4497 nam
2032 4438 2362 4499 innumeris
2383 4440 2752 4513 argumentis

332 4523 701 4585 contrarium
728 4524 919 4583 evinci
943 4530 1159 4599 posset,
1188 4528 1249 4581 et
1267 4523 1460 4579 velex
1480 4540 1552 4579 eo
1571 4518 1876 4577 luculente
1896 4522 2061 4593 patet
2087 4518 2249 4595 quod
2277 4518 2491 4593 Apost.
2521 4536 2644 4577 non
2672 4518 2748 4575 de

334 4604 497 4679 Lege
526 4610 761 4662 tantum
790 4602 1190 4661 coeremoniali
1238 4618 1373 4677 quse
1422 4598 1664 4675 propria
1701 4596 1820 4657 fuit
1852 4594 2216 4693 :ludaeorum
2254 4596 2557 4675 loquatur,
2587 4598 2750 4673 quod
