3234 5192
555 316 678 377 434
1022 298 1045 313 ⁸
1062 330 1143 375 nn
1174 329 1939 395 sarxsncmomscnmsrr
1967 326 2388 372 Nscsssrnrn.
2551 312 2816 391 [nrsrur.
2845 323 2962 369 xn-

556 470 785 553 debitas
812 471 1041 549 ferrent,
1074 474 1237 533 Deus
1262 493 1367 551 per
1392 474 1731 551 prophetam
1759 474 1910 532 hanc
1935 470 2363 549 improbitatem
2389 468 2654 545 coarguit
2679 476 2739 527 et
2767 476 2960 527 osten-

558 554 647 613 dit
671 572 789 613 non
816 572 943 613 esse
971 574 1074 614 cur
1100 554 1215 612 alio
1244 554 1473 631 culpam
1500 554 1847 613 transferant
1874 553 1971 611 vel
1997 550 2281 626 derivent,
2310 550 2448 627 quia
2489 549 2651 607 Deus
2691 549 2852 626 juste
2899 550 2964 609 in

558 652 659 693 eos
687 644 955 694 exerceat
980 634 1297 694 vindictam
1326 653 1526 709 suam;
1558 634 1726 711 quasi
1773 633 2008 706 diceret,
2053 632 2183 707 Ego
2232 649 2349 688 non
2395 648 2465 689 eo
2497 629 2632 706 jure
2659 627 2962 689 vobiscum

558 733 727 789 agam
756 732 871 791 quo
898 734 1129 791 possem
1155 722 1393 791 peccata
1418 721 1721 791 parentum
1749 713 1811 771 in
1837 732 1945 772 vos
1986 710 2463 785 animadvertere,
2513 708 2655 768 satis
2701 708 2762 765 in
2791 708 2961 769 vobis

557 812 859 869 noxarum,
890 794 1033 853 satis
1060 802 1149 853 est
1176 794 1481 853 criminum
1507 802 1575 853 ut
1600 793 1806 852 merito
1833 810 2036 870 poenas
2061 791 2221 849 luere
2259 789 2553 865 debeatis3
2599 788 2804 865 Itaque
2832 789 2962 849 vult

558 893 659 933 eos
686 874 747 931 in
774 892 895 932 rem
922 882 1264 951 praesentem
1292 873 1577 933 deducere
1606 882 1666 933 et
1692 873 1768 932 ad
1795 892 1924 931 eam
1951 870 2370 931 confessionem
2397 868 2632 946 adigere
2659 876 2726 928 ut
2749 887 2958 944 agnos-

558 961 694 1015 cant
722 953 912 1011 Deum
938 954 1000 1011 in
1028 952 1149 1012 suis
1170 952 1411 1029 judiciis
1429 953 1656 1030 justum
1684 972 1828 1028 esse,
1859 970 2036 1029 seque
2065 951 2207 1011 satis
2233 970 2362 1009 esse
2388 956 2680 1025 nocentes,
2711 948 2962 1025 seposita

557 1033 735 1093 etiam
762 1033 949 1091 omnis
986 1032 1207 1110 peccati
1244 1033 1417 1091 alieni
1444 1032 1842 1111 imputatione,
1892 1041 1959 1092 ut
2001 1050 2100 1090 eas
2143 1049 2289 1106 quas
2323 1030 2450 1106 jam
2495 1028 2752 1106 perpessi
2798 1036 2962 1087 erant

560 1132 761 1189 peenas
788 1121 848 1171 et
874 1112 1172 1189 graviores
1198 1113 1373 1171 etiam
1399 1114 1604 1173 merito
1633 1114 1875 1173 luerent.
1961 1112 2056 1169 Ita
2097 1130 2215 1169 non
2262 1109 2434 1168 docet
2469 1108 2612 1185 quid
2637 1108 2960 1167 necessario

562 1192 673 1251 sibi
702 1192 777 1251 sit
804 1192 1149 1267 faciendum,
1180 1192 1285 1251 sed
1311 1192 1453 1271 quid
1480 1191 1670 1252 facere
1695 1192 1878 1251 libere
1907 1190 2245 1265 decreverit,
2283 1208 2402 1247 non
2429 1208 2570 1265 erga
2597 1206 2814 1261 omnes,
2857 1188 2960 1247 sed

562 1272 887 1349 specialiter
904 1292 1045 1349 erga
1071 1272 1114 1333 J
1116 1272 1315 1333 udaeos
1342 1292 1473 1331 cum
1500 1272 1714 1350 quibus
1741 1272 1882 1349 agit,
1911 1292 1980 1330 ac
2005 1269 2245 1348 proinde
2291 1268 2510 1327 nullius
2557 1276 2645 1327 est
2691 1267 2960 1345 ponderis

561 1352 717 1431 quod
744 1372 820 1411 ex
849 1353 958 1412 hoc
986 1353 1114 1412 loco
1142 1352 1422 1413 adversus
1452 1352 1920 1412 substitutionem
1947 1351 2164 1429 petitur
2189 1356 2610 1427 argumentum.

590 1487 597 1493 .
642 1432 914 1492 XLVII.
957 1433 1158 1511 Pergit
1194 1441 1389 1491 tamen
1414 1432 1780 1491 adversarius
1809 1441 1866 1490 et
1893 1430 2283 1490 truculentum
2311 1448 2438 1487 esse
2465 1428 2564 1503 ait,
2595 1434 2654 1486 et
2679 1427 2957 1505 injustum

560 1511 926 1571 innocentem
968 1512 1145 1589 plecti
1169 1532 1275 1590 pro
1303 1524 1563 1587 nocente,
1610 1513 1748 1588 quia
1767 1510 1998 1588 justitia
2025 1510 2207 1568 sontis
2235 1508 2416 1586 ipsius
2443 1507 2799 1585 punitionem
2829 1527 2958 1585 pos·

562 1591 725 1666 tulet,
756 1600 815 1650 et
843 1592 1007 1651 Deus
1034 1592 1159 1669 ipse
1200 1600 1445 1651 testetur
1492 1612 1553 1651 se
1602 1592 1758 1651 nolle
1787 1591 1884 1649 vel
1927 1598 2152 1649 sontem
2199 1588 2519 1663 absolvere,
2549 1588 2646 1646 vel
2673 1587 2956 1647 insontem

560 1670 852 1729 damnare.
937 1671 1113 1729 Vah!
1156 1679 1454 1731 tantumne
1485 1672 1597 1731 Dei
1625 1692 1766 1748 erga
1791 1690 1900 1729 nos
1927 1688 2178 1729 amorem
2223 1677 2456 1745 tamque
2499 1667 2820 1726 mirabilem
2849 1667 2962 1725 Dei

562 1748 1049 1826 dispensationem
1097 1749 1456 1809 crudelitatis
1503 1760 1563 1810 et
1609 1750 1912 1829 injustitioe
1959 1748 2314 1809 insimulari!
2411 1748 2722 1825 Scripturas
2767 1756 2960 1806 tamen

562 1829 687 1887 haec
716 1848 835 1887 vox
862 1836 952 1887 cst
980 1829 1271 1888 Christum
1299 1850 1404 1907 pro
1432 1831 1601 1889 nobis
1627 1840 1926 1908 peccatum
1976 1838 2036 1889 et
2081 1829 2310 1909 mdes,
2357 1826 2573 1887 factum
2621 1846 2768 1902 esse,
2795 1837 2854 1885 et
2901 1828 2963 1886 in

561 1928 693 1967 eum
723 1928 922 1969 omnes
942 1916 1173 1969 nostras
1198 1909 1531 1986 iniquitates
1560 1911 1852 1987 conjectas
1877 1930 2023 1985 esse,
2069 1909 2257 1969 dicam
2285 1928 2424 1985 ergo
2452 1906 2564 1984 ipsi
2591 1907 2804 1965 scribat
2835 1906 2966 1983 Spi-

562 1988 698 2047 ritui
730 1988 943 2049 Sancto
972 1989 1073 2067 qui
1100 1990 1226 2049 haec
1254 1990 1541 2066 enunciat,
1574 1999 1634 2050 et
1664 1990 1791 2049 Deo
1819 1990 1921 2067 qui
1947 1990 2074 2049 haec
2102 1988 2402 2047 decrevit?
2449 1987 2555 2046 sed
2581 1987 2626 2047 J
2631 1987 2826 2045 ustitia
2849 1986 2962 2045 Dei

560 2068 703 2128 satis
731 2068 980 2148 seipsam
1008 2069 1263 2129 tuebitur
1290 2070 1592 2129 adversius
1613 2070 1824 2149 impuri
1852 2069 2103 2128 hominis
2129 2067 2537 2145 blasphemias.
2604 2065 2680 2125 10.
2715 2066 2778 2126 Si
2805 2066 2964 2144 quod

561 2150 833 2226 supponit
860 2170 1063 2213 verum
1092 2158 1246 2211 esset
1274 2150 1433 2211 abso,
1462 2158 1522 2210 et
1550 2150 1782 2228 simpli„
1813 2170 1932 2209 non
1958 2150 2150 2208 minus
2186 2148 2465 2226 injustum
2492 2145 2641 2205 foret
2669 2146 2958 2205 Christum

558 2228 865 2289 dirissimis
890 2230 1068 2307 affligi
1096 2231 1463 2306 cruciatibus,
1494 2230 1755 2309 adeoque
1783 2229 1956 2289 morti
1981 2229 2108 2287 fieri
2137 2228 2470 2301 obnoxium,
2502 2226 2739 2304 quinon
2759 2245 2958 2303 pecca-

558 2310 663 2383 vit,
694 2309 745 2367 si
773 2329 912 2368 vero
938 2311 1219 2387 injustum
1246 2331 1364 2369 non
1390 2310 1503 2369 fuit
1530 2311 1824 2370 Christum
1851 2308 2142 2367 hominem
2187 2306 2718 2366 innocentissimum
2759 2304 2960 2365 crude·

558 2386 779 2447 lissimo
816 2389 1018 2447 mortis
1067 2390 1349 2466 supplicio
1376 2389 1526 2448 affici
1556 2390 1680 2449 sine
1709 2390 1829 2448 ullo
1858 2389 1956 2447 vel
1984 2389 2076 2447 sui
2103 2389 2199 2447 vel
2227 2387 2402 2446 alieni
2427 2386 2650 2463 peccati
2677 2394 2960 2463 respectu,

559 2473 625 2524 ut
652 2468 916 2543 agnoscit
945 2467 1326 2544 adversarius,
1358 2488 1461 2527 cur
1485 2468 1768 2547 injustum
1797 2470 1907 2528 erit
1934 2468 2182 2528 eunde'm
2208 2487 2245 2526 a
2275 2466 2400 2526 Deo
2428 2466 2598 2525 nobis
2627 2484 2960 2543 sponsorem

558 2545 774 2620 datum,
806 2554 865 2605 et
891 2546 1145 2623 peccatis
1190 2548 1489 2607 hominum
1538 2556 1810 2607 onustum
1853 2568 1958 2625 per
2003 2548 2262 2607 divinam
2299 2546 2734 2623 imputationem
2761 2564 2964 2623 poenas

558 2625 729 2684 nobis
756 2624 982 2685 debitas
1008 2626 1071 2684 in
1098 2646 1267 2686 eruce
1294 2627 1498 2686 tulisse
1518 2631 1547 2687 Ρ
1629 2626 1708 2687 2⁰.
1741 2627 1921 2686 Fallit
1947 2635 2007 2687 et
2033 2627 2254 2686 fallitur
2283 2626 2345 2683 in
2373 2646 2442 2685 eo
2471 2626 2630 2703 quod
2655 2625 2956 2685 «Iustitiam

557 2725 785 2783 semper
810 2714 1034 2766 sontem
1061 2706 1253 2785 ipsum
1277 2707 1569 2785 postulare
1598 2717 1848 2783 censeat,
1898 2715 1960 2767 at
1987 2706 2240 2765 vidimus
2281 2714 2452 2765 antea
2478 2705 2800 2765 necessario
2827 2704 2956 2782 qui—

556 2785 689 2845 dem
715 2786 779 2845 id
805 2786 1041 2865 exigere
1069 2806 1295 2865 semper
1339 2796 1405 2847 ut
1453 2795 1754 2865 peccatum
1801 2788 2089 2865 puniatur,
2141 2786 2244 2845 sed
2286 2805 2404 2845 non
2431 2786 2556 2863 pari
2595 2784 2957 2865 necessitatis

556 2865 742 2943 gradu
761 2866 946 2945 ipsius
972 2868 1291 2945 peccatoris
1316 2888 1547 2945 poenam
1574 2867 1868 2946 postulare
1897 2866 2039 2945 quin
2079 2865 2390 2943 aliquando
2417 2885 2492 2925 ex
2523 2863 2636 2925 Dei
2661 2864 2955 2924 liberrimo

554 2946 917 3025 beneplacito
944 2947 1084 3008 ordo
1112 2948 1211 3007 ille
1238 2948 1529 3008 immutari
1555 2948 1758 3025 possit.

636 3028 948 3087 XLVIII.
978 3026 1059 3088 3⁰.
1091 3028 1366 3088 Fatemur
1391 3048 1509 3087 non
1530 3036 1745 3088 temere
1763 3034 1822 3086 et
1849 3025 1974 3086 sine
2002 3044 2177 3085 causa
2198 3025 2566 3085 innocentem
2585 3024 2956 3101 plectendum

556 3126 684 3167 esse
710 3126 817 3184 pro
842 3115 1104 3183 nocente,
1152 3107 1256 3167 sed
1282 3108 1488 3185 positis
1536 3108 1709 3167 certis
1756 3104 2184 3166 conditionibus
2226 3105 2375 3164 illud
2421 3106 2566 3164 citra
2611 3104 2958 3183 injustitiam

554 3204 726 3261 posse
753 3186 877 3244 fieri
898 3187 1316 3246 contendimus.
1377 3187 1575 3247 Primo
1596 3188 1648 3246 si
1668 3188 1944 3247 innocens
1963 3186 2102 3243 vitae
2123 3205 2242 3245 suae
2259 3186 2336 3245 sit
2355 3185 2570 3245 arbiter
2590 3184 2954 3260 et.dominus,

556 3270 749 3339 potest
774 3264 929 3321 enim
958 3265 1031 3323 de
1058 3284 1129 3324 ea
1153 3286 1259 3343 pro
1284 3266 1459 3325 libitu
1486 3274 1756 3342 statuere,
1786 3273 1846 3325 et
1873 3266 1996 3325 sine
2024 3266 2366 3343 cujusquam
2409 3264 2764 3343 praejudiciO.
2850 3264 2958 3323 Se-

558 3340 748 3399 cundo
777 3342 829 3400 si
854 3342 1059 3403 volens
1085 3352 1145 3403 et
1170 3344 1323 3403 ultro
1364 3344 1567 3404 offerat
1594 3364 1657 3404 se
1685 3346 1746 3403 in
1773 3344 1982 3405 vadem
2029 3365 2134 3421 pro
2177 3345 2536 3419 nocentibus,
2587 3344 2959 3421 ipsorumque

556 3428 779 3479 reatum
808 3430 1011 3499 sponte
1038 3422 1097 3481 in
1128 3442 1191 3481 se
1216 3422 1471 3500 recipiat,
1502 3432 1561 3483 et
1588 3424 1935 3503 supplicium
1959 3424 2172 3484 lubens
2196 3424 2383 3500 adeat,
2413 3424 2634 3483 volenti
2662 3424 2814 3483 enim
2835 3442 2958 3481 non

556 3500 625 3559 fit
651 3499 882 3577 injuria.
962 3502 1160 3561 Tertio
1189 3503 1239 3561 si
1264 3501 1443 3584 λίντςον
1468 3502 1758 3563 sufficiens
1784 3512 2057 3582 praestare
2096 3504 2282 3581 possit
2322 3524 2428 3582 pro
2471 3504 2544 3563 iis
2590 3523 2696 3581 pro
2743 3502 2960 3581 quibus

556 3579 854 3659 fidejubet,
884 3580 1029 3641 alias
1055 3580 1279 3643 inutilis
1304 3582 1453 3643 foret
1479 3584 1614 3643 talis
1643 3584 1994 3645 substitutio.
2056 3584 2274 3659 Quarto
2303 3584 2352 3643 si
2371 3584 2601 3643 interim
2621 3603 2740 3643 non
2757 3591 2958 3661 pereat

556 3662 618 3719 in
646 3662 946 3740 supplici0,
978 3661 1083 3721 sed
1108 3662 1293 3740 possit
1317 3664 1563 3741 propriis
1590 3664 1814 3724 viribus
1853 3684 1932 3723 ex
1959 3683 2028 3722 eo
2055 3684 2368 3741 emergere,
2397 3664 2541 3723 alias
2566 3662 2960 3723 memorabilis

557 3741 721 3801 fieret
744 3742 963 3802 mundo
1004 3742 1215 3822 injuria
1240 3764 1357 3822 qua
1382 3744 1612 3803 homine
1641 3744 1739 3823 pio
1787 3752 1846 3804 et
1889 3753 2089 3804 sancto
2117 3764 2309 3804 carere
2337 3750 2656 3821 cogeretur.
2741 3742 2962 3817 Quinto

559 3822 608 3881 si
635 3822 820 3900 possit
847 3831 1070 3883 sontem
1114 3822 1305 3901 ipsum
1330 3844 1437 3903 pro
1462 3843 1579 3903 quo
1608 3824 1890 3885 satisfacit
1931 3822 2008 3882 ad
2053 3823 2350 3883 meliorem
2393 3824 2619 3901 frugem
2663 3822 2956 3896 reducere,

557 3902 702 3961 alias
728 3902 1041 3981 impunitas
1069 3912 1128 3963 et
1154 3904 1431 3980 peccandi
1477 3904 1713 3964 licentia
1738 3904 2034 3963 videretur
2078 3902 2266 3981 magis
2313 3904 2534 3981 augeri,
2579 3910 2639 3963 et
2681 3920 2958 3979 magnum

560 3982 711 4042 bono
737 3982 970 4061 publico
998 3983 1405 4044 detrimentum
1433 3984 1734 4044 accederet
1780 3983 1920 4043 dum
1968 3982 2212 4043 sublatis
2239 3982 2381 4041 viris
2407 3981 2792 4061 integerrimis
2817 4000 2958 4041 con-

558 4070 925 4123 servarentur
950 4063 1013 4121 in
1038 4064 1165 4141 ejus
1192 4062 1504 4141 perniciem
1546 4063 1706 4122 cives
1743 4063 1923 4123 noxii.
2009 4062 2192 4123 Sexto
2221 4063 2271 4121 si
2297 4062 2385 4121 illi
2427 4082 2672 4140 quorum
2719 4062 2960 4121 interest

554 4141 617 4200 in
644 4142 707 4203 id
734 4143 1111 4219 consentiant,
1142 4162 1275 4201 nam
1304 4144 1355 4202 si
1381 4144 1425 4203 J
1428 4142 1583 4203 udex
1608 4144 1794 4202 nollet
1812 4141 2114 4202 admittere
2137 4142 2606 4202 substitutionem
2625 4160 2742 4201 non
2761 4150 2963 4220 posset

555 4221 814 4300 legitime
840 4222 982 4281 fieri.
1066 4222 1333 4301 Denique
1354 4222 1405 4282 si
1430 4222 1709 4283 innocens
1737 4223 1814 4282 sit
1839 4221 2102 4300 ejusdem
2129 4230 2351 4281 naturae
2371 4242 2504 4281 cum
2527 4230 2708 4299 sonte,
2738 4222 2961 4297 absque

556 4320 627 4359 eo
654 4302 809 4361 enim
835 4302 999 4378 soret,
1050 4322 1159 4362 nec
1184 4310 1486 4380 peccatum
1512 4302 1575 4361 in
1601 4302 1804 4362 eadem
1851 4309 2058 4361 natura
2104 4321 2233 4380 quae
2282 4298 2548 4381 pecca'vit
2591 4303 2960 4381 plecteretur,

558 4398 665 4438 nec
690 4382 812 4439 ulla
838 4380 965 4440 dari
1002 4390 1201 4459 posset
1219 4382 1315 4442 vel
1362 4402 1549 4461 poenas
1574 4383 1676 4442 vel
1721 4381 2127 4443 satisfactionis
2169 4382 2513 4441 communie.
2597 4382 2796 4459 Atque
2842 4380 2966 4439 huc

560 4456 702 4515 facit
718 4459 875 4533 quod
892 4460 1301 4538 Adversarius,
1332 4462 1434 4521 lib.
1452 4463 1534 4522 iii.
1564 4462 1638 4523 de
1658 4462 1856 4523 Serva,
1888 4484 1940 4522 c,
1961 4464 2056 4538 10,
2075 4462 2341 4540 agnoscit
2362 4464 2581 4540 “posse
2607 4462 2797 4520 aliena
2823 4478 2964 4537 pec·

560 4535 891 4677 gataplictuii
915 4538 1204 4643 imputari,
1234 4541 1285 4599 si
1311 4541 1650 4603 alterutrum
1694 4564 1772 4605 ex
1807 4542 1936 4603 istis
1978 4541 2208 4603 duobus
2233 4541 2404 4618 adsit,
2435 4542 2532 4603 vel
2579 4540 2834 4601 Imitatio
2861 4540 2972 4599 vel

608 4633 823 4693 onJunc
872 4635 925 4674 0.
