3234 5192
560 256 679 313 224
1519 268 1597 312 1213
1626 270 1808 312 numo
1837 270 2020 313 vira-2.
2628 252 2895 334 [msrur.
2925 278 2972 319 1.

558 416 597 447 ‘⁸
618 434 725 474 nos
756 412 1034 493 Spiritum
1061 432 1097 473 a
1126 414 1252 474 Deo
1274 413 1583 492 accepisse,
1612 420 1682 473 ut
1707 430 2128 492 cognoscamus
2155 428 2226 471 ea
2251 430 2383 489 quae
2404 412 2576 473 nobis
2597 413 2734 475 data
2761 426 2896 479 sunt
2923 440 2964 478 a

555 494 745 554 Deo.''
788 499 844 553 2.
890 494 1039 570 Quia
1062 492 1267 555 fideles
1294 502 1535 573 possunt
1562 494 1710 553 scire
1732 512 1794 553 se
1832 512 1959 553 esse
1987 492 2140 551 filios
2170 492 2298 567 Dei,
2349 511 2491 570 ergo
2535 500 2595 553 et
2632 496 2847 557 electos
2902 508 2967 559 et

551 574 703 634 libro
730 575 868 633 vitae
897 575 1236 653 adscriptos.
1280 576 1465 633 Nemo
1494 574 1864 652 adoptionem
1890 573 2040 631 hanc
2062 572 2323 632 obtinere
2341 582 2534 650 potest
2560 574 2675 634 nisi
2701 596 2777 635 ex
2804 578 2958 637 elec-

551 654 744 733 tione;
792 657 828 688 “
848 656 1013 713 Idem
1046 654 1294 732 Spiritus
1336 662 1581 715 testatur
1622 672 1755 713 cum
1797 652 2002 731 spiritu
2047 660 2264 728 nostre,
2293 671 2401 711 nos
2441 672 2570 713 esse
2607 655 2760 715 filios
2787 656 2964 733 Dei‚”

555 734 725 793 Rom.
754 733 877 793 viii.
913 738 1005 794 16.
1077 738 1133 811 3.
1180 734 1329 809 Quia
1372 742 1619 813 possunt
1675 733 1822 793 scire
1851 752 1911 792 se
1939 733 2155 792 habere
2202 733 2385 791 vitam
2431 741 2723 811 aeternam,
2756 739 2794 772 “
2812 737 2964 798 Haec

550 815 757 892 scripsi
783 813 953 873 vobis
981 811 1349 874 credentibus
1376 816 1439 871 in
1466 832 1677 873 nomen
1724 812 1862 871 Filii
1891 812 2020 889 Dei,
2051 821 2118 872 ut
2145 813 2343 872 sciatis
2379 832 2488 873 vos
2515 814 2728 875 habere
2771 817 2958 877 vitam

551 902 842 970 aeternam,
896 903 955 953 et
1006 902 1073 953 ut
1100 894 1347 953 credatis
1390 894 1452 951 in
1479 912 1690 952 nomen
1741 892 1880 951 Filii
1909 892 2076 970 Dei,''
2114 892 2306 970 inquit
2340 894 2386 953 J
2387 894 2481 953 oh.
2541 896 2638 954 1⁸³.
2667 916 2718 955 c.
2747 915 2806 955 v.
2835 917 2962 959 ver.

558 977 651 1033 13.
738 973 911 1032 Unde
964 982 1159 1033 autem
1212 974 1338 1033 vita
1376 982 1593 1033 aeterna
1645 972 1760 1031 nisi
1814 991 1890 1031 ex
1942 973 2091 1032 libro
2145 974 2283 1032 vitae
2303 975 2332 1031 ’τ’
2412 977 2470 1033 4.
2515 973 2664 1048 Quia
2715 988 2964 1053 possunt

552 1054 700 1112 scire
728 1072 791 1111 se
820 1052 1067 1129 credere,
1100 1054 1239 1113 dum
1266 1052 1413 1112 fides
1440 1062 1573 1113 actu
1625 1052 1844 1111 reflexo
1871 1051 2054 1112 fertur
2099 1052 2162 1111 in
2209 1072 2373 1112 suam
2421 1054 2955 1135 apprehensionem,

552 1135 590 1167 ‘⁴
608 1132 764 1192 Novi
792 1132 886 1192 cui
913 1132 1312 1204 crediderim‚”
1354 1133 1546 1210 inquit
1594 1133 1829 1208 Paulus,
1861 1136 1898 1190 2
1927 1132 2077 1192 Tim.
2107 1132 2146 1191 i.
2179 1135 2273 1192 12.
2319 1134 2356 1166 ‘⁴
2378 1133 2502 1192 Nos
2523 1134 2870 1196 credidimus
2897 1147 2960 1198 et

548 1212 817 1271 novimus
844 1220 903 1273 te
925 1232 1051 1273 esse
1080 1214 1372 1273 Christum
1392 1213 1608 1273 Filium
1639 1212 1812 1288 Dei‚”
1843 1212 2110 1290 inquiunt
2131 1212 2417 1289 discipuli,
2448 1213 2494 1272 J
2495 1214 2588 1272 oh.
2617 1213 2697 1273 vi.
2729 1218 2824 1275 69.
2877 1218 2956 1278 Et

545 1294 591 1353 J
593 1293 686 1352 oh.
728 1312 853 1372 cap.
908 1294 969 1352 ii.
1003 1297 1099 1353 1⁸⁰.
1129 1312 1251 1353 ver.
1282 1296 1337 1369 5,
1386 1296 1423 1327 “
1444 1317 1740 1370 γινοηομυ
1767 1294 1840 1350 ὅτι
1869 1316 2142 1369 ιγνυκαμιν
2169 1317 2332 1367 aevw,
2363 1294 2766 1369 cognoscimus
2794 1297 2953 1373 quod

544 1372 815 1432 novimus
843 1373 1091 1451 ipsum.'’
1176 1374 1263 1434 At
1287 1374 1434 1433 fides
1462 1382 1552 1433 est
1598 1394 1676 1433 ex
1702 1373 2024 1448 vocatione,
2053 1373 2284 1431 vocatio
2313 1392 2388 1431 ex
2429 1372 2952 1453 praedestinatione,

544 1453 700 1513 unde
729 1453 829 1530 qui
856 1454 1023 1514 novit
1051 1474 1113 1513 se
1142 1454 1391 1527 credere,
1422 1472 1595 1512 nosse
1624 1452 1799 1512 etiam
1827 1452 2000 1511 debet
2029 1472 2090 1511 se
2119 1472 2246 1511 esse
2275 1452 2540 1512 electum.

622 1532 979 1591 XXXVII.
1024 1536 1080 1593 5.
1126 1534 1262 1593 Huc
1289 1533 1429 1592 facit
1454 1533 1718 1611 inprimis
1745 1535 1991 1591 calculus
2015 1532 2115 1591 ille
2143 1534 2318 1607 albus,
2357 1552 2531 1609 quem
2575 1552 2637 1592 se
2685 1532 2952 1594 daturum

540 1610 768 1671 Victori
795 1612 1101 1688 pollicetur
1129 1614 1409 1686 Christus,
1457 1612 1518 1669 in
1563 1630 1680 1689 quo
1727 1632 1927 1671 nomen
1965 1632 2168 1672 novum
2213 1612 2642 1671 inscribendum
2669 1622 2775 1689 cst,
2807 1620 2964 1691 quod

542 1710 704 1749 nemo
730 1692 884 1750 novit
906 1693 1018 1750 nasi
1042 1693 1141 1768 qui
1184 1694 1412 1768 accepit,
1445 1691 1634 1769 Apoc.
1657 1692 1718 1749 ii.
1753 1694 1846 1750 17.
1891 1692 2040 1749 Nam
2080 1692 2205 1751 sive
2232 1694 2478 1749 calculus
2503 1694 2661 1751 albus
2687 1694 2958 1771 respiciat

540 1769 613 1827 ad
636 1770 989 1846 judiciorum
1016 1790 1250 1846 morem,
1282 1772 1343 1829 in
1370 1771 1582 1848 quibus
1631 1770 1854 1829 calculo
1883 1770 2016 1830 albo
2043 1790 2177 1830 reus
2205 1771 2631 1848 absolvebatur,
2662 1781 2788 1833 atro
2814 1793 2955 1835 vero

540 1857 600 1909 et
626 1850 795 1927 nigro
823 1850 1328 1927 condemnabatur,
1360 1870 1476 1928 quo
1503 1850 1794 1929 pertinent
1820 1851 1923 1910 illa
1950 1850 2122 1910 Ovid.
2155 1851 2606 1930 Metamorphos.
2640 1854 2733 1911 15.

1058 2012 1192 2069 Mos
1220 2019 1347 2069 erat
1370 2011 1632 2087 antiquis,
1657 2010 1849 2085 ‚nimia
1875 2011 2124 2087 atrisque
2151 2011 2388 2086 capillis,

1060 2092 1173 2148 His
1201 2092 1478 2149 damnare
1505 2110 1649 2166 reos,
1680 2091 1791 2147 illis
1811 2091 2094 2150 absolvere
2121 2094 2308 2167 culpa.

540 2248 711 2308 Unde
738 2268 865 2307 mos
893 2247 1133 2308 notandi
1160 2248 1357 2309 felices
1385 2248 1511 2307 dies
1528 2248 1664 2308 albo
1680 2248 1881 2326 lapillo
1908 2247 2140 2308 videtur
2163 2268 2444 2324 manasse,
2476 2256 2537 2308 et
2571 2248 2655 2309 ita
2692 2250 2949 2311 fidelium

532 2330 804 2386 absolutio
832 2346 1035 2404 coram,
1056 2328 1182 2387 Deo
1210 2328 1564 2406 designatur,
1595 2328 1668 2388 de
1697 2348 1814 2406 qua
1841 2329 2121 2404 Christus,
2145 2329 2192 2388 J
2193 2329 2287 2389 oh.
2317 2350 2374 2389 v.
2405 2332 2502 2387 24.
2571 2329 2709 2389 Sive
2725 2331 2948 2391 alludat

532 2407 609 2464 ad
640 2408 883 2466 Comitia
908 2415 1187 2483 veterum,
1217 2408 1278 2466 in
1306 2409 1534 2486 quibus,
1564 2416 1632 2468 ut
1659 2409 1930 2469 observat
1953 2409 2247 2485 Erasmus,
2268 2428 2478 2468 nomen
2498 2410 2644 2487 ejus,
2675 2410 2769 2470 cui
2789 2410 2947 2471 fave-

531 2486 719 2562 batur,
740 2488 965 2546 calculo
991 2488 1428 2565 inscribebatur,
1459 2498 1526 2548 ut
1552 2488 1636 2546 ita
1662 2488 1916 2566 dignitas
1953 2487 2202 2547 filiorum
2249 2489 2360 2547 Dei
2401 2488 2702 2566 indicetur,
2733 2490 2836 2568 qui
2855 2510 2946 2549 re-

531 2586 637 2643 ges
665 2576 723 2626 et
742 2567 1069 2627 sacerdotes
1110 2568 1238 2627 Deo
1264 2568 1429 2643 fiunt,
1463 2567 1650 2646 Apoc.
1679 2568 1718 2627 i.
1750 2570 1786 2627 5
1811 2590 1826 2644 ;
1871 2568 1994 2627 sive
2006 2568 2254 2645 denique
2281 2568 2357 2628 ad
2393 2570 2704 2629 certamina
2739 2570 2949 2629 solem-

528 2646 627 2705 nia
657 2646 992 2707 Graecorum
1020 2648 1305 2727 respiciat,
1336 2648 1398 2707 iu
1424 2649 1654 2727 quibus,
1687 2648 1740 2707 si
1779 2647 2018 2707 Arethae
2047 2648 2396 2709 credendum
2443 2655 2550 2725 est,
2581 2649 2948 2710 vincentibus

527 2728 785 2787 calculus
813 2728 981 2787 albus
1007 2728 1070 2785 in
1098 2729 1331 2806 signum
1359 2728 1617 2789 victoriae
1660 2727 1922 2804 dabatur,
1954 2736 2020 2787 ut
2058 2728 2170 2788 hac
2195 2729 2416 2789 ratione
2443 2729 2630 2805 gloria
2658 2737 2720 2789 et
2743 2730 2946 2789 trium—

525 2808 677 2885 phus
740 2808 879 2867 fidei
918 2808 1177 2868 victricis
1241 2810 1632 2883 adumbretur,
1678 2816 1898 2868 certum
1941 2816 2032 2867 est
2075 2827 2418 2885 quocunque
2465 2808 2638 2869 modo
2685 2820 2948 2869 sumatur

525 2908 724 2947 nomen
750 2889 900 2948 illud
926 2909 1143 2965 novum,
1176 2889 1333 2967 quod
1358 2889 1459 2949 isti
1487 2888 1710 2948 calculo
1732 2887 2162 2948 inscribendum
2183 2888 2409 2963 dicitur,
2438 2886 2621 2968 (quod
2647 2908 2764 2949 non
2784 2890 2945 2949 aliud

523 2976 715 3045 potest
736 2988 880 3045 esse,
901 2988 1074 3047 quam
1095 2988 1306 3029 nomen
1328 2970 1642 3047 gloriosum
1644 2970 1766 3048 fllia·
1782 2970 1901 3027 Dei
1925 2976 1982 3028 et
1997 2968 2165 3045 regni
2181 2968 2459 3028 coelorum
2477 2969 2741 3045 benedis,
2763 2970 2939 3047 quod,

526 3048 641 3106 Isa.
681 3049 784 3107 lvi.
816 3052 871 3124 5,
912 3050 1124 3107 dicitur
1148 3068 1349 3109 nomen
1388 3051 1583 3108 melius
1629 3050 2072 3129 quamfiliorum
2113 3050 2454 3128 etfiliarum,
2485 3049 2558 3107 de
2585 3070 2702 3125 quo
2735 3053 2765 3108 1
2797 3050 2939 3111 Joh.

524 3126 605 3185 iii.
654 3129 708 3200 1,
762 3126 951 3204 Apoc.
996 3127 1144 3186 xxii.
1193 3133 1250 3205 4,
1294 3132 1349 3204 5,
1381 3136 1441 3187 et
1479 3130 1561 3187 iii.
1597 3128 1718 3209 12,)
1749 3128 2048 3205 cognitum
2097 3148 2224 3188 esse
2271 3128 2586 3206 recipienti,
2593 3159 2608 3208 3
2631 3130 2770 3188 licet
2795 3130 2943 3189 alios

522 3204 719 3263 lateat.
808 3205 927 3263 Sed
971 3206 1083 3264 hoc
1129 3226 1431 3285 perperam
1474 3214 1534 3267 et
1579 3207 1730 3267 falso
1779 3208 2080 3283 diceretur,
2111 3207 2162 3266 si
2203 3228 2312 3268 nec
2339 3209 2572 3285 adoptio
2599 3228 2707 3269 nec
2735 3210 2943 3269 electio

522 3284 793 3359 cuiquam
826 3283 1086 3343 fidelium
1133 3287 1367 3363 cognita
1413 3306 1541 3345 esse
1588 3293 1802 3364 posset.
1888 3286 2166 3360 Quamvis
2213 3288 2365 3347 enim
2413 3308 2531 3347 non
2577 3288 2939 3366 diffiteamur,

519 3362 838 3439 perfectmn
863 3362 1032 3422 istius
1057 3365 1455 3440 promissionis
1492 3365 1974 3443 complementum
2012 3366 2219 3426 futurae
2245 3368 2382 3429 vitae
2409 3370 2706 3444 reservari,
2737 3369 2802 3428 in
2825 3390 2944 3447 qua

519 3442 789 3500 absoluto
816 3460 987 3501 cursu
1009 3450 1207 3503 nostro
1234 3452 1295 3503 et
1341 3445 1634 3504 decertato
1682 3445 1836 3504 bono
1884 3446 2212 3525 certamine,
2263 3448 2606 3508 absolvendi
2655 3468 2853 3509 sumus
2901 3470 2940 3509 a

520 3520 768 3597 Christe,
798 3529 859 3581 et
884 3521 1050 3600 regni
1077 3524 1354 3583 coelorum
1380 3524 1776 3584 haereditatem
1797 3534 1857 3585 et
1874 3544 2143 3586 coronam
2170 3528 2325 3605 vitae,
2347 3536 2418 3588 ut
2441 3528 2699 3589 victorias
2727 3538 2939 3589 nostrae

514 3612 761 3683 βςαιβων,
806 3604 1131 3679 accepturi;
1180 3624 1298 3663 non
1324 3604 1656 3683 negandum
1697 3612 1890 3665 tamen
1933 3615 2023 3667 est
2063 3606 2124 3663 in
2171 3608 2280 3667 hac
2327 3609 2466 3683 vita,
2507 3609 2568 3665 in
2595 3629 2711 3685 qua
2737 3609 2940 3669 fideles

512 3702 618 3762 per
644 3683 891 3760 gratiam
920 3682 1033 3741 Dei
1078 3703 1197 3742 non
1240 3683 1413 3745 modo
1456 3684 1740 3763 incipiunt
1781 3685 2031 3763 vincere,
2075 3687 2180 3746 sed
2233 3688 2406 3747 etiam
2435 3693 2731 3769 ὁπιςηκῧο-ι,
2766 3690 2935 3750 Rom.

511 3762 637 3821 viii.
667 3765 763 3839 34,
794 3762 870 3823 ad
898 3782 1097 3823 eorum
1126 3765 1395 3824 solatium
1414 3765 1539 3842 jam
1568 3765 1843 3842 inchoari,
1873 3786 2052 3843 quum
2081 3766 2379 3828 intimatur
2403 3769 2467 3827 in
2487 3769 2758 3829 cordibus
2783 3770 2937 3847 ipso-

512 3862 643 3902 rum
666 3844 953 3903 sententia
982 3843 1196 3903 Christi
1224 3845 1577 3906 absolutoria
1623 3853 1684 3905 et
1711 3846 1945 3923 adoptio
1965 3848 2026 3906 in
2055 3846 2128 3905 iis
2147 3866 2252 3925 per
2276 3848 2552 3925 Spiritum
2577 3850 2933 3927 obsignatur,

513 3923 687 3983 Rom.
717 3924 841 3983 viii.
876 3926 969 3998 16,
1003 3924 1136 3983 Gal.
1166 3925 1246 3983 iv.
1279 3928 1335 3984 6.

591 4002 986 4063 XXXVIII.
1032 4006 1087 4063 6.
1134 4004 1299 4063 Idem
1360 4004 1533 4064 etiam
1562 4005 1839 4065 evincunt
1905 4018 2232 4088 πλιςοφοςιι,
2306 4016 2599 4083 muudum,
2665 4030 2929 4085 ηυχηπς,

510 4107 672 4164 agam,
702 4108 849 4179 χιιςιι
895 4098 1245 4161 amanam-05,
1278 4093 1338 4144 et
1382 4084 1607 4162 similia,
1655 4104 1788 4163 quae
1823 4085 2092 4147 fidelibus
2133 4087 2351 4165 passim
2377 4089 2726 4148 tribuuntur.
2803 4090 2933 4165 Quo

507 4172 679 4240 pacto
708 4184 863 4225 emm
890 4184 1089 4243 pacem
1119 4165 1332 4225 habere
1352 4175 1590 4243 possent
1616 4166 1773 4243 apud
1813 4165 2020 4243 Deum,
2051 4166 2148 4225 vel
2177 4167 2412 4244 gloriari
2438 4168 2502 4225 in
2527 4168 2670 4247 ipso,
2700 4168 2799 4228 vel
2825 4188 2927 4227 ex-

506 4242 693 4302 ultare
716 4244 930 4321 gaudio
958 4244 1239 4305 ineffabili
1266 4254 1325 4305 et
1353 4246 1606 4322 glorioso
1630 4269 1646 4323 3
1691 4265 1808 4323 qua
1833 4246 2053 4306 ratione
2074 4244 2287 4305 fiducia
2311 4247 2416 4307 illa
2441 4256 2500 4307 et
2525 4250 2698 4326 plena
2723 4248 2929 4307 certio-

506 4321 671 4397 rati0,
701 4342 805 4400 per
832 4344 1005 4401 quam
1026 4325 1101 4383 ad
1122 4326 1393 4386 thronum
1420 4327 1624 4405 gratiae
1649 4350 1785 4401 μετ-ι
1805 4331 2077 4407 wama-mc
2097 4326 2396 4403 accedunt,
2421 4328 2480 4386 in
2507 4328 2650 4405 ipsis
2678 4328 2927 4403 daretur,

508 4400 559 4459 si
580 4410 859 4477 perpetuo
880 4414 1037 4464 metu
1058 4414 1117 4465 et
1139 4406 1497 4466 dubitatione
1518 4407 1892 4484 agitarentur,
1936 4425 2043 4466 nec
2059 4406 2172 4465 nisi
2189 4408 2636 4485 conjecturalem
2664 4415 2724 4467 et
2743 4408 2926 4467 incer-

506 4486 627 4537 tam
656 4480 1047 4556 opinationem
1066 4486 1267 4561 gratiae
1298 4488 1409 4545 Dei
1436 4494 1676 4563 possent
1703 4486 2025 4563 consequi?
2066 4484 2166 4544 Ad
2187 4487 2498 4564 specialem
2513 4486 2926 4547 revelationem

504 4558 601 4617 hic
628 4559 955 4637 confugere,
984 4564 1151 4639 quasi
1178 4566 1473 4642 persuasio
1501 4566 1603 4625 illa
1646 4586 1960 4644 paucorum
1989 4567 2350 4644 quorundam
2381 4576 2440 4628 et
2469 4586 2642 4647 supra
2669 4586 2926 4627 commu-
