3234 5192
479 320 593 379 526
1086 316 1165 373 nn
1194 332 1672 375 sarrsracrroms
1699 332 1936 374 cunum
1965 334 2283 375 vanrm'rn.
2469 316 2733 397 [msru‘r.
2763 340 2889 381 xvx.

468 479 633 557 plum
658 474 955 547 habemus,
990 476 1077 533 “a
1104 473 1375 533 cornibus
1402 474 1764 533 unicornium
1805 474 2086 535 exaudias
2119 474 2273 552 me,”
2302 474 2381 536 id.
2411 496 2506 536 me
2533 477 2608 537 ab
2637 478 2711 539 iis
2737 479 2884 540 libe-

470 557 671 619 rand0.
758 555 856 614 Sic
900 555 1027 613 lxx.
1073 574 1151 613 ex
1193 553 1485 613 idiotismo
1532 554 1930 625 Hebraeorum,
1973 556 2020 616 J
2022 575 2099 613 er.
2143 556 2308 614 xxvi.
2353 558 2410 631 9,
2465 558 2496 623 ἡ
2542 562 2697 624 πόλις
2745 559 2883 627 αὕτη

472 637 855 709 ἰρημωθῆσεται
884 637 995 691 ἀπὸ
1023 632 1408 709 κατοικούντων,
1437 636 1472 665 “
1494 634 1634 707 urbs
1661 634 1775 694 ista
1801 634 2158 695 desolabitur
2183 636 2258 693 ab
2278 635 2734 715 habitantibus,”
2765 660 2882 699 non

470 718 583 777 hoc
612 734 785 775 sensu
812 714 969 790 quod
996 713 1259 773 desolent
1284 733 1411 773 eam
1439 712 1794 773 habitatores
1835 715 1962 793 ipsi,
1992 715 2098 774 sed
2125 724 2190 774 ut
2217 716 2511 777 desoletur
2539 718 2620 777 ita
2645 727 2711 778 ut
2737 720 2882 779 nulli

470 798 588 859 sint
604 796 975 863 habitatores,
998 793 1154 869 quod
1174 800 1378 852 notant
1398 793 1654 853 Hebraea
1679 814 1773 853 :v-
1802 818 1933 871 ran,
1964 815 2070 853 nec
2097 795 2267 853 aliter
2289 796 2524 871 Paulus,
2553 798 2674 857 Col.
2696 799 2755 861 ii.
2781 802 2878 874 20,

472 882 517 935 εἰ
546 878 825 933 ἀπεθάνετε
866 890 948 929 συν
974 882 1180 950 Χριστῷ
1225 875 1335 930 ἀπό
1376 875 1473 931 νῶν
1496 876 1763 951 στοιχειῶν
1791 896 1878 931 του
1908 879 2120 949 κόσμου,
2168 878 2203 908 “
2229 875 2291 934 Si
2329 878 2541 937 mortui
2579 880 2717 937 estis
2747 898 2876 938 cum

472 958 700 1017 Christo
730 953 803 1013 ab
847 952 1146 1013 elementis
1172 952 1433 1028 mundi,”
1474 953 1521 1013 J
1524 953 1848 1013 ustinianus
1890 954 2257 1033 παραφράζει,
2293 959 2328 988 “
2351 957 2550 1015 mundi
2577 958 2877 1019 elementis

468 1037 637 1099 liberi
664 1034 805 1095 estis
832 1041 893 1093 ct
918 1032 1153 1093 soluti.''
1232 1036 1290 1089 4.
1326 1032 1509 1111 Syrus
1548 1033 1832 1111 interpres
1872 1034 2116 1093 eandem
2144 1054 2346 1094 vocem
2374 1056 2477 1114 per
2501 1047 2718 1095 metum
2747 1038 2873 1099 red·

470 1117 636 1191 didit,
668 1116 805 1174 lieet
833 1113 986 1171 enim
1034 1113 1329 1188 syntaxim
1356 1113 1656 1191 perturbet
1699 1123 1760 1173 et
1785 1113 1965 1174 verba
1993 1117 2104 1171 ἀπὸ
2134 1116 2418 1180 εὐλαζείας
2445 1136 2482 1174 a
2507 1117 2700 1177 verbis
2727 1138 2874 1197 prae-

469 1196 809 1257 cedentibus
836 1192 1155 1269 separando
1184 1212 1313 1254 cum
1343 1193 1718 1269 sequentibus
1753 1203 2076 1269 connectat,
2107 1195 2281 1253 vertit
2309 1203 2502 1254 tamen
2529 1202 2697 1257 ambr-n
2717 1220 2773 1273 va
2803 1218 2874 1257 esc

468 1287 633 1336 metu.
680 1275 821 1349 Quae
852 1272 1043 1331 omnia
1070 1272 1393 1331 luculenter
1417 1274 1666 1351 probant
1693 1282 1912 1333 metum
1953 1275 2105 1333 inter
2132 1274 2356 1351 agoniae
2385 1274 2552 1335 istius
2579 1286 2774 1353 partes
2801 1278 2875 1336 ab

468 1357 681 1435 Apost.
708 1360 1071 1413 numeratum
1100 1371 1245 1411 esse.

549 1437 635 1497 X.
684 1434 801 1495 Sed
820 1434 931 1491 hoc
948 1432 1159 1491 clarius
1176 1432 1365 1491 adhuc
1384 1430 1672 1491 evincitur
1697 1452 1773 1491 ex
1790 1432 1972 1491 altera
1992 1432 2096 1490 illa
2117 1452 2262 1493 voce
2280 1454 2408 1511 quae
2431 1435 2585 1511 apud
2605 1432 2872 1495 Marcum

464 1526 526 1577 et
554 1517 773 1575 Lucam
801 1512 1051 1571 occurrit
1094 1530 1225 1571 cum
1268 1510 1480 1569 dicitur
1524 1512 1973 1585 ἐκδαμξῆσασθαι,
2005 1532 2140 1571 nam
2183 1521 2248 1571 ut
2275 1512 2493 1582 ὃαμίος
2537 1514 2757 1591 aliquid
2785 1526 2872 1575 est

462 1596 771 1676 plusquam
799 1600 1003 1665 metus,
1032 1592 1192 1650 nimi.
1215 1598 1403 1649 metus
1415 1611 1545 1650 cum
1566 1592 1819 1667 horrore,
1850 1592 1932 1651 ita
1961 1592 2282 1660 ἑκθάμῖησις
2309 1593 2558 1653 intendit
2579 1595 2864 1671 significa-

460 1678 679 1737 tionem
710 1676 797 1729 τοῦ
824 1671 1147 1741 Βαμᾱεῒσθαι
1174 1690 1351 1747 quum
1378 1671 1461 1729 ita
1486 1671 1819 1747 percellitur
1839 1672 2064 1731 animus
2081 1682 2148 1731 ut
2193 1692 2338 1748 pene
2367 1672 2536 1731 detur
2582 1674 2644 1731 in
2669 1682 2867 1751 stupo-

465 1775 587 1815 rem
614 1774 683 1813 ac
711 1770 873 1812 mens
902 1750 1207 1828 eripiatur;
1253 1761 1341 1809 est
1382 1749 1536 1810 enim
1585 1751 1842 1811 omnium
1879 1750 2216 1810 facultatum
2245 1758 2318 1809 esc
2361 1752 2865 1813 vehementissimo

462 1844 523 1895 et
548 1833 825 1893 acerrimo
854 1830 993 1887 mali
1019 1830 1117 1889 vel
1158 1830 1459 1905 praesentis
1500 1831 1605 1889 ‘vel
1652 1830 1832 1889 futuri
1870 1850 2042 1891 sensu
2070 1830 2507 1909 obstupefactiO,
2559 1831 2716 1909 quod
2743 1834 2867 1893 fieri

464 1916 613 1975 solet
638 1914 699 1972 in
728 1910 919 1971 subita
946 1911 1043 1969 vel
1062 1909 1229 1987 gravi
1254 1909 1451 1986 aliqua
1467 1911 1965 1987 consternatione3
1995 1912 2104 1969 hoc
2135 1910 2442 1988 HomeruS,
2469 1912 2640 1973 Iliad.
2662 1934 2735 1990 0.,
2767 1934 2868 1973 ex-

464 1994 662 2074 primit
688 2012 819 2053 cum
840 1990 939 2065 ait,

1004 2108 1323 2179 sso'tsshssno'oev,
1356 2112 1454 2164 καὶ
1480 2087 1694 2169 oro‘wroe}
1721 2111 1817 2165 imo
1845 2114 2055 2187 χλωρὸν
2083 2110 2190 2174 δέος
2221 2108 2346 2185 εἷλε,

990 2190 1405 2267 Obstupueram
1430 2198 1483 2247 et
1509 2208 1697 2247 omnes
1716 2192 1974 2265 pallidus
1996 2191 2163 2248 timor
2189 2192 2334 2267 cepit
2353 2215 2376 2263 ,-

462 2351 631 2427 Quod
658 2349 943 2427 Virgilius
970 2347 1239 2422 reddidit,

984 2508 1327 2581 Obstupuere
1354 2506 1533 2563 animi
1550 2507 1877 2582 yelidusque
1893 2528 2008 2584 per
2035 2510 2151 2568 ima
2181 2509 2431 2568 cucurrit

986 2588 1130 2647 Ossa
1158 2594 1385 2644 tremor.

414 2773 426 2783 p
462 2708 635 2769 Unde
662 2706 891 2776 ὃαμῦεῒν
918 2704 1184 2765 derivant
1210 2725 1245 2763 a
1272 2705 1432 2771 Stia-m
1460 2703 1618 2781 quod
1635 2712 1725 2762 est
1743 2712 1964 2785 stupeo,
1990 2708 2257 2784 admiror,
2282 2707 2559 2769 attonitus
2587 2726 2746 2783 sum3
2779 2710 2862 2767 sic

456 2788 615 2867 quod
643 2792 678 2847 2
708 2788 862 2846 Sam.
910 2786 1057 2845 xxii.
1088 2789 1143 2861 5,
1192 2785 1405 2844 dicitur
1458 2784 1735 2862 χειμάρξοι
1785 2788 2010 2857 ἀνομίας
2037 2790 2354 2863 ἐθάμῦησαν,
2405 2787 2467 2845 id
2497 2787 2650 2847 Psal.
2695 2789 2860 2847 xviii.

456 2874 513 2944 4,
544 2878 633 2929 est
662 2865 946 2947 ἐτάραξαν,
978 2868 1059 2925 ita
1085 2865 1345 2925 redditur
1392 2885 1511 2924 vox
1532 2888 1654 2925 im:
1678 2885 1852 2942 quam
1882 2866 2025 2925 alias
2067 2868 2194 2926 lxx.
2245 2874 2479 2927 vertunt
2507 2868 2858 2947 ἐκταράττειν,

456 2949 878 3020 καταπλήττειν,
912 2948 1142 3026 ‹rs-coceii,
1190 2946 1268 3006 id.
1310 2946 1670 3026 perturbare,
1703 2955 2006 3021 exterrere,
2055 2948 2452 3025 circumayere,
2502 2947 2656 3006 unde
2685 2972 2859 3011 mnu:

458 3031 756 3106 φοζεςισμο)
783 3038 1045 3103 terrores,
1080 3028 1235 3087 Psal.
1264 3026 1537 3086 lxxxviii.
1574 3031 1667 3103 16,
1697 3026 1744 3086 J
1745 3026 1838 3085 ob.
1868 3026 1948 3084 vi.
1979 3030 2034 3084 4.

537 3109 657 3167 XI.
706 3108 1023 3184 Utriusque
1050 3127 1189 3165 vero
1218 3116 1276 3165 et
1304 3107 1553 3167 tristitiae
1598 3118 1657 3167 et
1699 3106 1924 3165 timoris
1971 3105 2430 3183 magnitudinem
2478 3106 2722 3165 ulterius
2759 3106 2854 3164 de—

451 3195 777 3245 monstrant
816 3186 1094 3262 adjuncta
1134 3186 1267 3261 duo,
1312 3190 1489 3245 sudor
1514 3187 1850 3263 sanquinem
1897 3193 1956 3244 et
1983 3188 2229 3261 Angelus
2259 3186 2552 3245 Christum
2593 3187 2857 3245 corrobo-

450 3284 623 3338 rans;
671 3266 761 3323 De
788 3266 974 3342 primo
1004 3266 1085 3323 ita
1133 3266 1377 3342 scriptor
1432 3286 1608 3339 sacer,
1644 3267 1786 3325 Luc.
1811 3265 1956 3324 xxii.
1989 3270 2084 3339 44,
2138 3270 2237 3323 καὶ
2263 3270 2525 3343 γενόμενος
2554 3267 2601 3321 ἐν
2630 3270 2854 3343 ἀγωνία,

454 3344 787 3421 ἔκτενέστεςον
814 3344 1159 3421 προσηύχετο,
1188 3345 1385 3420 ἐγένετο
1418 3344 1467 3401 δὲ
1508 3348 1531 3401 o‘
1572 3347 1720 3423 legam
1749 3348 1913 3402 αὐτοῦ
1949 3346 2064 3402 ὦσε)
2090 3344 2308 3423 Semta
2337 3348 2570 3413 αἵματος
2607 3346 2859 3401 aaronem}

454 3445 606 3488 vome
634 3425 719 3479 ἐπὶ
747 3426 839 3489 τὴν
866 3424 980 3500 γὴν,
1049 3424 1183 3480 “Et
1218 3424 1343 3499 ipse
1391 3425 1740 3485 constitutus
1767 3423 1828 3483 in
1855 3445 2043 3502 agone
2083 3426 2362 3485 intentius
2389 3424 2604 3499 orabat,
2637 3432 2696 3481 et
2732 3433 2856 3483 erat

452 3503 630 3565 sudor
676 3505 804 3582 ejus
833 3504 983 3562 sicut
1010 3503 1199 3579 grumi
1226 3504 1525 3579 sanguinis
1548 3504 1881 3565 decidentes
1911 3506 1971 3563 in
1991 3507 2260 3565 terram.''
2311 3506 2566 3584 Θςόμΰος,
2597 3524 2850 3581 grumas,

450 3586 679 3664 proprie
708 3592 797 3645 est
822 3584 905 3643 rei
933 3583 997 3641 in
1022 3602 1196 3642 unam
1244 3602 1491 3643 massam
1522 3595 1804 3645 concretae
1833 3585 2095 3661 frustum,
2137 3585 2348 3645 dicitur
2377 3588 2487 3641 ἀπό
2526 3587 2612 3641 τοῦ
2640 3583 2853 3663 θρέψαι

450 3668 480 3724 ὅ
505 3668 611 3723 ἐστι
630 3664 821 3741 τῆξαι,
852 3672 999 3723 teste
1046 3663 1333 3739 Eustath.,
1364 3663 1519 3723 unde
1546 3664 1766 3743 §genem
1787 3667 2040 3736 αἵμανος,
2065 3667 2211 3733 αἷμα
2256 3668 2511 3741 πεπηγὸς,
2543 3674 2607 3723 ut
2651 3664 2852 3723 Varin.

449 3746 642 3806 reddit
668 3745 823 3824 apud
853 3745 1049 3805 Diosc.
1078 3744 1181 3802 lib.
1202 3743 1284 3801 iii.
1314 3764 1439 3821 cap.
1470 3748 1566 3819 44,
1588 3754 1648 3804 et
1671 3746 1930 3821 Hesych.
1960 3744 2179 3822 θρόμῖοι
2229 3744 2373 3813 αἷμα
2404 3747 2567 3821 παχὺ
2617 3748 2854 3821 πεπηγὸς

450 3826 519 3891 ὡς
538 3825 726 3899 βοῦνοι,
751 3826 989 3901 sanguis
1016 3844 1245 3883 crassus
1286 3832 1589 3883 concretus
1637 3826 1820 3883 instar
1847 3844 2198 3901 grumorum.
2283 3823 2438 3898 Quid
2463 3843 2635 3901 porro
2663 3823 2736 3882 de
2761 3845 2851 3881 su-

448 3910 587 3965 dore
614 3906 724 3965 hoc
750 3906 1039 3982 sanquinis
1066 3903 1434 3963 statuendum
1464 3905 1541 3962 sit
1584 3924 1700 3963 non
1729 3913 1955 3964 constat
1983 3904 2134 3963 inter
2181 3902 2400 3963 doctos.
2489 3904 2683 3962 Primo
2732 3923 2850 3963 cer-

446 3995 571 4045 tum
619 3994 709 4045 est
757 3987 909 4044 hunc
954 3984 1303 4043 versiculum
1339 4004 1375 4041 a
1402 3984 1720 4043 temerariis
1767 3984 2176 4043 nonnullorum
2220 3984 2514 4061 unguibus
2563 3983 2852 4060 quondam

446 4066 624 4125 fuisse
652 4086 897 4139 erasum,
928 4064 1075 4124 adeo
1102 4073 1169 4123 ut
1196 4063 1256 4121 in
1282 4064 1483 4121 multis
1510 4063 1808 4123 codicibus
1825 4072 1948 4123 tum
1977 4065 2184 4142 graecis
2201 4072 2324 4123 tum
2351 4063 2549 4123 latinis
2569 4062 2731 4123 nulla
2757 4063 2854 4121 vel

446 4146 675 4205 sudoris
716 4145 1019 4222 sanguinei
1046 4146 1143 4204 vel
1174 4142 1393 4219 Angeli
1437 4143 1813 4202 confortantis
1835 4144 1998 4203 fieret
2024 4144 2258 4218 menti0,
2289 4151 2355 4202 ut
2383 4142 2655 4203 observat
2687 4142 2852 4202 Hila-

444 4226 581 4299 riuS‚
612 4226 713 4283 lib.
742 4246 802 4284 x.
832 4226 907 4283 dc
936 4225 1092 4299 Trin,
1124 4232 1183 4283 et
1212 4224 1375 4281 Hier.
1404 4222 1506 4281 lib.
1537 4223 1595 4281 ii.
1629 4231 1830 4282 contra
1852 4224 2171 4301 Pelagium,
2205 4232 2262 4283 et
2291 4244 2365 4281 ex
2393 4223 2465 4281 iis
2489 4224 2766 4281 Erasmus
2795 4231 2854 4281 et

448 4305 651 4367 Sixtus
704 4304 993 4381 Senensis,
1028 4305 1183 4364 Bibl.
1231 4304 1271 4363 l.
1302 4302 1341 4362 i.
1372 4323 1421 4361 c.
1462 4306 1557 4378 22,
1588 4302 1763 4381 idque
1806 4304 1880 4362 ab
1927 4304 1999 4363 iis
2041 4304 2362 4381 praestitum
2417 4303 2595 4363 fuisse
2623 4302 2852 4379 potissi·

440 4402 599 4441 mum
628 4384 785 4459 quod
815 4384 1021 4443 Ariani
1050 4386 1423 4444 abuterentur
1449 4384 1561 4441 hoc
1588 4384 1718 4442 loco
1747 4384 1822 4443 ad
1857 4384 2268 4443 detrahendam
2321 4383 2552 4442 Christo
2581 4382 2854 4441 divinita·

440 4470 577 4535 tem,
607 4462 877 4538 quodque
905 4464 1047 4540 ipsis
1074 4465 1369 4523 videretur
1395 4464 1519 4523 fieri
1548 4484 1666 4523 non
1692 4484 1862 4543 posse
1905 4472 1974 4524 ut
2001 4464 2060 4522 in
2087 4464 2398 4523 humanam
2441 4463 2656 4521 Christi
2685 4472 2853 4523 natu·

439 4560 563 4599 ram
590 4539 885 4628 divinitati
912 4544 1289 4619 personaliter
1337 4544 1555 4603 unitam
1614 4552 1732 4605 tam
1761 4545 1968 4622 ingens
1998 4544 2385 4603 consternatio
2416 4542 2684 4617 caderet;
2735 4542 2854 4605 Sed

438 4630 801 4681 temerariam
828 4619 945 4679 imo
974 4624 1315 4701 sacrilegam
1340 4622 1581 4683 istorum
1610 4622 1910 4683 audaciam
1940 4624 2145 4684 merito
2175 4642 2528 4697 execramur,
2575 4642 2706 4681 cum
2737 4644 2850 4681 coe-
