3234 5192
367 354 593 396 msr‘ur.
626 334 760 415 νη]
1111 354 1186 391 ns
1219 352 1510 394 nAr'risno
1539 354 1714 395 suuis
1746 355 1818 393 m·
1850 356 2047 396 sums.
2679 344 2793 399 337

366 498 584 557 exiliis
607 516 802 556 rursus
833 495 1117 570 exeundO,
1158 495 1403 555 dabatur
1447 496 1760 555 descensus
1803 506 1860 556 et
1905 517 2195 571 ascensus,
2245 498 2411 575 cujus
2460 500 2791 577 exemplum

365 588 526 638 extat
554 580 611 636 in
634 577 916 649 eunuehO,
952 577 1086 634 Act.
1117 576 1238 634 viii.
1264 579 1358 651 38,
1392 580 1487 635 39.
1575 578 1845 651 Quinimo
1895 588 1959 637 ut
2006 599 2108 655 per
2158 579 2321 636 illum
2368 580 2559 653 ritum,
2612 601 2790 657 quum

366 660 840 736 immergerentur
867 657 1034 733 aquis
1063 656 1254 715 obruti
1282 666 1340 715 et
1387 658 1552 734 quasi
1603 659 1830 735 sepulti,
1880 668 1937 717 et
1968 659 2197 717 Christo
2226 658 2335 735 ipsi
2364 660 2789 736 quodammodo

365 739 700 817 consepulti,
735 756 1046 813 rursusque
1076 756 1252 813 quum
1283 748 1659 815 emergerent,
1708 760 1737 797 e
1786 740 2087 816 sepulchro
2138 740 2381 798 excitari
2424 740 2787 817 videbantur,

366 828 424 879 et
452 840 582 879 cum
613 821 841 879 Christo
869 836 1170 893 resurgere
1201 817 1554 893 dicebantur,
1582 820 1750 877 Rom.
1784 821 1861 877 vi.
1886 824 1941 895 4,
1969 824 2022 895 5,
2047 820 2169 877 Col.
2202 820 2260 877 ii.
2296 821 2367 877 12
2390 842 2403 894 ;
2450 820 2544 878 Ita
2566 821 2625 877 in
2646 821 2786 899 bap-

365 902 536 959 tismo
567 902 830 959 Mosa‘ico
859 898 1140 957 habemus
1171 897 1594 958 immersionem
1624 908 1682 958 et
1730 900 2123 973 emersionem,
2155 900 2332 976 illam,
2365 900 2504 958 dum
2525 901 2585 958 in
2612 902 2787 960 maris

364 981 712 1059 profundum
741 977 1185 1051 descendebant,
1219 980 1388 1036 istam
1416 998 1572 1054 ver0,
1605 980 1743 1037 dum
1790 981 2199 1056 egrederentur
2228 989 2286 1039 et
2314 980 2387 1038 ad
2415 981 2579 1039 littus
2610 1001 2783 1060 oppo-

368 1063 540 1119 situm
571 1062 920 1137 evaderent3
980 1058 1080 1115 illa
1123 1060 1340 1134 mortis,
1373 1059 1497 1118 haee
1525 1062 1959 1119 resurrectionis
1988 1061 2097 1119 fuit
2146 1062 2377 1138 imago;
2422 1069 2786 1122 transeuntes

367 1142 518 1200 enim
563 1162 666 1218 per
713 1143 888 1201 maris
933 1138 1191 1215 fundum,
1243 1140 1385 1216 quid
1429 1140 1667 1198 aberant
1715 1162 1751 1198 a
1796 1148 1994 1216 morte,
2027 1141 2341 1199 evadentes
2368 1162 2507 1199 vero
2536 1143 2596 1200 in
2624 1143 2787 1202 littus

367 1223 711 1299 oppositum,
743 1242 932 1281 nonne
963 1227 1124 1277 erant
1151 1221 1318 1298 quasi
1339 1240 1412 1278 ex
1442 1221 1685 1279 mortuis
1726 1221 2019 1279 redivivi?
2104 1222 2329 1279 Rursus
2356 1229 2423 1280 ut
2449 1222 2509 1279 in
2542 1224 2787 1282 transitu

365 1302 540 1360 maris
571 1302 852 1361 Isra'elitae
881 1302 1194 1377 salvantur,
1221 1301 1493 1377 AEgyptii
1522 1320 1663 1357 vero
1691 1310 1968 1378 pereunt;
2012 1300 2167 1359 idem
2195 1320 2367 1375 mare,
2393 1302 2550 1377 quod
2576 1302 2786 1360 libera-

369 1382 544 1439 tionis
572 1382 681 1440 fuit
707 1382 958 1440 medium
985 1379 1116 1455 illis,
1147 1382 1274 1440 istis
1303 1382 1368 1439 fit
1397 1381 1598 1439 mortis
1628 1388 1686 1438 et
1714 1381 1877 1439 exitii
1908 1400 2097 1438 causa.
2184 1381 2315 1438 Hoc
2344 1381 2533 1457 ipsum
2556 1381 2616 1438 in
2643 1382 2785 1459 bap-

371 1462 542 1519 tismo
571 1462 876 1520 observare
905 1462 1084 1535 libet;
1128 1462 1282 1521 idem
1304 1462 1627 1537 baptismus
1656 1460 1756 1537 qui
1804 1480 1909 1517 nos
1940 1460 2143 1534 salvat,
2191 1469 2445 1518 veterem
2474 1457 2783 1537 hominem,

369 1542 535 1619 quasi
563 1542 802 1601 alterum
837 1543 1194 1601 Pharaonem
1223 1562 1354 1601 cum
1383 1550 1504 1599 toto
1533 1541 1807 1600 vitiorum
1838 1541 2096 1599 exercitu
2144 1541 2203 1597 in
2248 1542 2392 1598 mari
2436 1541 2608 1599 rubro
2644 1542 2785 1601 San-

368 1623 561 1700 guinis
593 1623 804 1682 Christi
834 1621 1124 1701 extinguit
1152 1632 1210 1683 et
1238 1622 1560 1697 mortificat,
1586 1624 1801 1679 “vetus
1830 1630 2025 1679 noster
2052 1622 2223 1679 homo
2252 1642 2383 1679 eum
2413 1620 2641 1681 Christo
2661 1642 2787 1681 cru-

273 1716 281 1719 “
370 1704 577 1763 eifixus
606 1704 752 1779 est,''
789 1704 956 1762 Rom.
987 1704 1063 1761 vi.
1097 1706 1152 1779 3,
1178 1706 1232 1761 6.
1269 1704 1420 1761 Dum
1452 1703 1513 1759 in
1543 1710 1783 1760 mortem
1816 1702 2031 1759 Christi
2048 1702 2423 1778 baptizamur,
2458 1702 2623 1759 Idem
2655 1722 2783 1761 san-

374 1785 506 1861 guis
546 1786 646 1862 qui
677 1804 785 1843 nos
814 1785 1060 1859 redimit,
1088 1792 1146 1843 et
1164 1785 1318 1841 viam
1348 1783 1422 1841 ad
1446 1783 1653 1840 coslum
1677 1782 1846 1841 nobis
1875 1782 2074 1859 aperit,
2116 1782 2269 1841 Heb.
2300 1804 2359 1840 x.
2396 1784 2488 1855 19,
2520 1785 2615 1857 20,
2650 1784 2789 1841 Dia-

367 1864 566 1923 bolum
619 1874 678 1924 et
731 1873 1030 1942 peccatum
1085 1864 1291 1941 perdit,
1353 1867 1512 1941 “per
1566 1872 1807 1921 mortem
1864 1864 2153 1922 destruxit
2208 1883 2339 1921 eum
2388 1863 2489 1939 qui
2537 1864 2789 1923 habebat

369 1944 671 2021 imperium
694 1945 954 2019 mortis,'’
990 1946 1141 2002 Heb.
1173 1945 1232 2002 ii.
1269 1948 1358 2019 14,
1391 1954 1450 2002 et
1476 1944 1536 2001 in
1566 1964 1735 2001 cruce
1762 1943 2140 2020 triumphavit
2168 1944 2240 2002 de
2272 1943 2699 2021 Principatibus
2728 1950 2788 2001 et

370 2025 782 2099 Potestatibus,
836 2024 959 2082 Col.
988 2025 1048 2081 ii.
1083 2026 1174 2081 15.
1263 2023 1436 2082 Unde
1487 2024 1785 2101 Chrysost.
1834 2023 2093 2101 apposite
2139 2024 2199 2081 in
2242 2028 2272 2082 1
2308 2024 2436 2082 Cor.
2468 2044 2528 2082 x.
2558 2032 2695 2082 tom.
2728 2028 2783 2096 5,

369 2125 538 2163 serm.
571 2106 666 2177 51,
703 2106 738 2137 “
763 2104 1066 2161 Transitus
1093 2104 1191 2160 ille
1221 2102 1560 2161 Judaeorum
1590 2104 1769 2162 futuri
1814 2104 2085 2182 baptismi
2133 2112 2309 2181 typus
2352 2112 2495 2175 erat,
2539 2124 2676 2161 nam
2702 2104 2785 2162 ibi

369 2204 521 2260 aqua
549 2184 722 2242 ethic
751 2203 919 2259 aqua,
953 2183 1276 2241 Lavacrum
1303 2182 1416 2257 hic,
1449 2191 1506 2241 et
1533 2184 1615 2240 ibi
1642 2184 1901 2261 pelagus,
1935 2204 2133 2243 omnes
2152 2186 2247 2242 hic
2268 2184 2331 2241 in
2358 2202 2567 2260 aquam
2594 2184 2785 2261 ingre-

371 2263 625 2332 diuntur,
657 2274 714 2321 et
741 2264 823 2321 ibi
851 2282 1067 2321 omnes.
1143 2263 1237 2321 Ibi
1265 2263 1498 2341 quidem
1525 2264 1757 2323 liberati
1785 2273 1919 2324 sunt
1947 2285 2022 2324 ex
2051 2266 2337 2343 AEgyptO,
2367 2264 2463 2322 hic
2492 2273 2683 2322 autem
2712 2264 2788 2323 ab

370 2342 725 2418 Idololatria,
759 2342 838 2401 ibi
867 2344 1100 2421 quidem
1131 2344 1356 2403 Pharao
1379 2344 1729 2420 submersus,
1751 2345 1849 2404 hic
1870 2354 2059 2405 autem
2086 2345 2384 2415 DiaboluS,
2408 2344 2491 2403 ibi
2514 2345 2789 2423 AEgyptii

371 2422 724 2499 interierunt,
756 2424 849 2483 hic
887 2432 1078 2483 autem
1122 2434 1292 2484 vetus
1335 2426 1508 2484 homo
1558 2446 1689 2483 eum
1738 2427 1990 2502 peccatis
2039 2426 2385 2485 defoditur.’'
2470 2426 2593 2484 Nec
2624 2426 2791 2485 aliter

371 2503 718 2563 Ambrosius
747 2506 818 2564 de
847 2506 919 2565 iis
948 2506 1046 2583 qui
1089 2506 1390 2565 initiantur
1426 2506 1737 2584 mysteriiS,
1786 2527 1909 2584 cap.
1951 2511 2006 2583 3,
2042 2510 2077 2539 ‘⁴
2102 2506 2383 2565 Advertis
2411 2506 2566 2583 quod
2596 2507 2657 2565 in
2684 2506 2786 2565 illo
2848 2526 2861 2539 ·

371 2584 752 2645 Hebraeorum
801 2588 1046 2647 transitu
1095 2595 1232 2647 tunc
1283 2587 1432 2645 sacri
1482 2586 1859 2661 Baptismatis
1908 2588 2096 2663 figura
2137 2589 2511 2663 praecesserit,
2564 2587 2623 2643 in
2673 2606 2787 2663 quo

375 2666 698 2743 AEgyptius
719 2668 906 2745 periit,
931 2667 1282 2726 etHebraeus
1311 2667 1514 2741 evasit,
1542 2666 1683 2740 quid
1713 2666 1865 2723 enim
1896 2666 2055 2724 aliud
2073 2666 2331 2741 quotidie
2361 2668 2421 2722 in
2448 2668 2558 2723 hoc
2586 2668 2784 2724 Sacra-

366 2756 562 2805 mento
590 2747 877 2822 docemur,
909 2747 1023 2805 nisi
1050 2748 1206 2823 quod
1235 2747 1405 2821 culpa
1432 2745 1727 2819 mergitur,
1760 2752 1818 2802 et
1877 2765 2033 2803 error
2074 2744 2350 2818 aboletur,
2382 2746 2567 2821 pietas
2594 2755 2789 2803 autem

365 2836 425 2885 et
452 2827 781 2884 innocentia
807 2835 931 2884 tota
956 2826 1330 2902 permansit.''
1419 2825 1502 2882 Ut
1528 2822 1690 2878 nulla
1718 2823 1831 2878 alia
1858 2824 1955 2880 via
1977 2823 2259 2880 Israelitis
2286 2832 2425 2881 tunc
2447 2825 2789 2897 suppetebat

369 2905 638 2963 elabendi
667 2924 742 2962 ex
771 2906 1038 2961 manibus
1065 2904 1320 2962 hostium
1359 2903 1472 2959 nisi
1494 2920 1598 2978 per
1618 2920 1808 2975 mare;
1876 2902 1969 2959 Ita
1994 2901 2317 2976 baptismus
2359 2921 2465 2959 nos
2508 2901 2714 2976 salvat,
2752 2906 2781 2959 1

371 2984 495 3041 Pet.
518 2984 601 3040 iii.
634 2986 728 3055 21,
761 2991 819 3040 et
849 2982 971 3039 sola
990 2984 1172 3057 janua
1201 2989 1304 3054 est,
1353 3000 1456 3056 per
1498 2997 1669 3056 quam
1717 2979 1780 3036 in
1828 2980 2149 3037 Ecclesiam
2203 2980 2575 3057 ingredimur,
2620 2989 2679 3039 et
2725 2982 2787 3038 in

368 3063 831 3119 communionem
865 3062 1204 3118 Sanctorum
1234 3060 1558 3136 recipimur.

453 3140 667 3200 XXV.
715 3142 939 3198 Rursus
977 3148 1042 3198 ut
1089 3138 1274 3198 Israel
1321 3139 1468 3196 nihil
1513 3137 1759 3196 eontulit
1804 3140 1880 3197 ad
1918 3139 2008 3198 sui
2050 3138 2465 3216 liberationem,
2525 3144 2630 3205 sed
2676 3146 2787 3207 fuit

369 3230 593 3280 tantum
617 3228 906 3298 spectator
932 3228 990 3279 et
1011 3220 1176 3279 testis
1195 3219 1475 3294 miraculi,
1520 3220 1554 3251 “
1582 3218 1743 3277 State
1773 3227 1831 3278 et
1858 3220 2112 3296 videte,’'
2146 3220 2331 3297 inquit
2362 3222 2575 3302 Moses,
2633 3229 2668 3261 “
2693 3248 2783 3287 sa·

368 3302 549 3361 lutem
592 3321 766 3378 quam
811 3302 970 3359 Deus
998 3300 1171 3359 hodie
1200 3300 1370 3359 vobis
1400 3299 1638 3359 daturus
1661 3308 1765 3376 est,
1796 3320 1930 3358 nam
1960 3301 2080 3379 ipse
2109 3302 2392 3379 pugnabit
2419 3324 2523 3381 pro
2553 3308 2783 3385 vobi3,'’

377 3381 485 3441 Sto.
517 3382 707 3442 Exod.
752 3402 854 3440 xv,
899 3384 992 3441 13.
1080 3381 1174 3439 Ita
1204 3380 1566 3458 Redemptio,
1611 3400 1783 3457 quam
1814 3381 1875 3438 in
1905 3380 2132 3440 Christo
2175 3385 2595 3464 consequimur,
2640 3409 2784 3467 opus

369 3472 458 3522 est
498 3483 653 3522 mere
697 3462 977 3537 divinum,
1022 3461 1096 3519 ad
1138 3460 1295 3537 qnod
1336 3462 1483 3519 nihil
1509 3460 1732 3519 viribus
1778 3462 1992 3520 nostris
2021 3463 2386 3540 contulimuS,
2440 3468 2543 3525 sed
2592 3470 2785 3547 quoad

353 3552 554 3602 -totum
577 3543 780 3601 virtuti
821 3550 879 3601 et
907 3541 1108 3619 gratiae
1139 3542 1353 3600 Christi
1391 3550 1690 3619 acceptum
1732 3542 2030 3601 ferendum
2060 3553 2185 3602 cst:
2232 3544 2373 3603 Cum
2419 3548 2571 3606 enim
2614 3550 2781 3608 undi-

369 3643 598 3701 quaque
625 3623 828 3681 mortis
895 3622 1345 3701 praesentissima
1387 3622 1562 3680 facies
1597 3632 1912 3699 appareret,
1963 3643 2070 3681 nec
2112 3623 2234 3681 ulla
2276 3626 2479 3685 salutis
2510 3628 2568 3685 in
2612 3630 2781 3688 nobis

371 3722 504 3780 spes
545 3711 714 3776 esset,
761 3703 871 3761 Ille
939 3703 1096 3761 solus
1150 3702 1211 3760 in
1254 3702 1466 3761 abditis
1512 3702 1821 3779 Sapientiae
1863 3704 2149 3762 thesauris
2206 3704 2361 3761 viam
2415 3705 2640 3767 invenit
2680 3730 2784 3786 per

369 3804 526 3842 mare
567 3782 741 3857 istud,
788 3783 943 3861 quod
983 3784 1152 3841 nobis
1207 3790 1330 3842 erat
1376 3783 1738 3860 impervium.
1824 3783 2004 3842 Porro
2046 3794 2111 3843 ut
2152 3785 2361 3860 triplex
2410 3788 2677 3846 transitus
2706 3789 2779 3847 ad

367 3864 600 3940 plenam
641 3863 884 3923 salutem
913 3863 1072 3923 fideli
1119 3864 1476 3922 necessarius
1519 3872 1623 3939 est,
1668 3864 1887 3942 primus
1915 3884 1951 3921 a
1990 3874 2155 3922 reatu
2198 3873 2257 3923 ct
2301 3865 2779 3928 condemnatione

368 3943 446 4002 ad
497 3944 827 4017 Justitiam;
859 3944 1029 4003 Alter
1069 3965 1103 4003 a
1129 3944 1387 4003 servitute
1439 3944 1663 4020 peceati
1716 3944 1792 4001 ad
1834 3945 2137 4002 libertate-m
2194 3944 2428 4021 gratiae;
2475 3947 2705 4007 Tertius
2746 3970 2783 4009 a

369 4024 598 4083 miseria
624 4032 684 4084 et
723 4034 900 4083 morte
923 4024 998 4083 ad
1008 4026 1338 4100 felicitatem
1367 4032 1424 4082 et
1447 4024 1645 4083 vitam:
1676 4024 1787 4083 Ille
1832 4024 1933 4101 qui
1977 4024 2044 4081 fit
2071 4045 2174 4101 per
2194 4024 2686 4103 justificationem,
2718 4029 2780 4087 in

367 4124 484 4181 qua
531 4106 691 4163 Deus
732 4106 974 4164 transire
1015 4106 1153 4164 facit
1200 4112 1502 4182 peccatum
1541 4113 1803 4163 nostrum
1846 4124 1881 4161 a
1920 4103 2105 4180 nobis,
2166 4104 2305 4163 Mic.
2351 4105 2451 4163 vii.
2509 4108 2599 4182 18,
2650 4116 2716 4167 ut
2744 4130 2780 4167 a

369 4193 522 4244 statu
553 4193 746 4244 reatus
787 4194 1146 4244 transeamus
1201 4184 1278 4243 ad
1326 4193 1540 4243 statum
1583 4186 1801 4262 gratiae,
1848 4184 1969 4243 Iste
2010 4203 2113 4260 per
2160 4186 2672 4263 regenerationem,
2716 4190 2778 4247 in

367 4285 484 4341 qua
505 4274 864 4325 transeamus
893 4286 928 4323 a
956 4266 1236 4324 servitute
1277 4264 1353 4322 ad
1392 4264 1719 4323 libertatem
1759 4264 2009 4321 filiorum
2052 4264 2179 4339 Dei,
2213 4265 2381 4323 Rom.
2413 4264 2491 4323 vi.
2541 4270 2631 4342 17,
2682 4272 2774 4345 18,

369 4345 486 4405 Hic
513 4366 653 4405 vero
696 4346 756 4403 in
797 4354 981 4404 morte
1009 4366 1112 4422 per
1139 4344 1633 4422 glorificationem,
1666 4345 1725 4402 in
1754 4363 1869 4420 qua
1895 4344 2199 4402 transitum
2228 4344 2470 4404 facimus
2499 4346 2571 4406 de
2592 4358 2775 4410 morte
2854 4404 2869 4419 ,

366 4425 443 4483 ad
483 4426 684 4485 vitam.
773 4426 867 4483 Ita
908 4425 1122 4502 triplex
1147 4426 1258 4483 iste
1301 4422 1578 4482 transitus
1606 4424 1667 4479 in
1708 4422 1995 4499 baptismo
2036 4432 2233 4482 nostro
2276 4424 2649 4504 obsignatur,.
2677 4430 2779 4507 qui

369 4505 626 4583 sigillum
668 4513 757 4564 est
796 4504 1149 4565 remissionis
1176 4510 1559 4581 peccatorum,
1597 4511 1656 4561 et
1698 4502 2166 4563 sanctificationis
2209 4507 2489 4584 sanguine
2542 4509 2773 4585 Christi,

369 4592 428 4644 ct
455 4586 668 4663 pignus
697 4594 924 4645 aeternae
955 4583 1406 4662 glorificationiS,
1437 4592 1502 4642 ut
1531 4584 1589 4641 in
1618 4603 1687 4641 eo
1714 4584 1862 4642 bene
1891 4585 2133 4643 transire
2163 4584 2421 4645 dicamur
2448 4609 2483 4647 a
2509 4598 2670 4649 reatu
2702 4591 2777 4650 ad

362 4666 666 4741 justitiam,
712 4686 748 4723 a
775 4666 1050 4725 servitute
1090 4664 1166 4724 ad
1212 4665 1554 4740 libertatem,
1587 4685 1623 4723 a
1650 4672 1831 4723 morte
1861 4664 1935 4723 ad
1974 4664 2169 4741 vitam,
2222 4666 2373 4725 unde
2404 4669 2444 4727 J
2451 4670 2543 4727 ob.
2588 4691 2643 4729 v.
2678 4675 2771 4745 24,

2490 4768 2533 4806 Y
