3234 5192
278 382 513 423 uratur.
544 366 659 435 nn]
1114 384 1341 424 xosrua
1368 384 1447 423 An
1478 384 1760 423 sconsam
1789 382 2056 423 nouum.
2625 362 2702 419 85

266 521 499 580 menica
524 542 563 581 a
592 522 919 583 Pontificiis
946 522 1128 599 relati,
1172 525 1431 585 sanctio:
1472 524 1631 601 quod
1671 525 1746 583 ab
1791 524 1975 598 Irene,
2023 522 2236 581 Leonis
2277 522 2386 580 IV.
2415 521 2609 595 vidua,
2641 528 2702 578 et

270 602 657 661 Constantino
681 605 808 681 ejus
834 604 973 670 filio.
996 604 1273 663 adversus
1300 606 1599 681 synodum
1645 604 2354 679 constantinopolitanam,
2377 620 2528 659 anno
2559 604 2692 674 754,

268 682 383 739 snb
428 682 815 742 Constantino
844 692 1013 742 antea
1060 693 1486 761 congregatam,
1546 685 1607 743 in
1630 704 1744 760 qua
1797 683 2114 759 imaginum
2144 682 2334 740 cultus
2389 680 2694 737 damnatus

270 760 483 836 fuerat,
540 761 729 839 primo
779 763 1277 841 Constantinopoli
1330 765 1630 837 indictum,
1689 782 1826 821 mox
1885 763 2136 821 Nicaeam
2193 760 2532 820 translatum
2562 758 2688 817 fuit.

272 840 349 897 In
394 860 511 917 quo
568 842 881 918 decretum,
939 843 1221 901 referente
1278 844 1517 918 Zonara,
1553 848 1589 878 ‘⁸
1609 868 1704 909 τις
1742 866 1932 907 nnnc
1973 848 2154 907 :imm
2194 845 2560 921 «gn-numidae
2601 864 2690 897 aaa

268 916 516 996 πίω-σοι,
548 924 889 981 venerabiles
915 923 1183 999 imayines
1209 926 1543 982 adorandas
1571 934 1626 982 et
1650 926 1910 981 colendas
1952 942 2083 980 asse.
2139 923 2234 981 Sic
2263 921 2485 979 scilicet
2511 918 2691 977 ambi·

268 1001 597 1059 tiosissima
625 1001 876 1077 foemina,
908 1002 1225 1079 imaginum
1254 1004 1483 1077 cultrix,
1514 1002 1922 1081 promovendae
1945 1002 2304 1077 idololatriae,
2326 999 2574 1061 simulet
2601 1018 2690 1057 as-

272 1080 527 1139 serendo
554 1081 667 1139 sibi
694 1082 935 1159 imperio
964 1102 1037 1140 ex
1072 1082 1359 1141 devinctis
1415 1082 1527 1141 sibi
1568 1082 1909 1157 idololatris,
1953 1102 2070 1139 non
2112 1080 2271 1139 aliud
2311 1080 2566 1138 medium
2593 1098 2692 1155 ap-

270 1161 395 1217 tius
418 1159 658 1236 invenit,
684 1181 859 1238 quam
880 1162 1249 1221 indictionem
1274 1163 1511 1240 Synodi,
1537 1163 1597 1220 in
1635 1182 1750 1239 qua
1767 1172 1834 1221 ut
1851 1162 2077 1220 facilius
2105 1161 2228 1220 voti
2249 1180 2484 1237 compos
2511 1158 2692 1233 fieret,

274 1240 585 1297 Tarasium
616 1240 863 1299 Laicum
912 1242 1311 1317 secretarium,
1357 1242 1467 1301 sibi
1511 1241 1970 1300 addictissimum
2019 1250 2077 1299 et
2111 1260 2386 1316 magnum
2441 1239 2692 1297 iconola-

276 1328 449 1393 tram,
479 1320 542 1377 in
570 1320 761 1379 locum
794 1321 962 1379 Pauli
991 1322 1356 1397 Patriarchae,
1414 1322 1662 1398 insignis
1715 1320 1980 1397 praesulis
2025 1319 2441 1389 inconomachi,
2475 1319 2693 1375 substi-

272 1399 408 1457 tuit.
457 1400 669 1458 Fateor
695 1400 831 1459 huic
856 1401 1309 1479 Pseudosynodo
1358 1402 1611 1459 mascule
1641 1420 1702 1459 se
1730 1400 2067 1477 opposuisse
2097 1400 2366 1458 Carolum
2411 1398 2692 1473 Magnum

278 1478 344 1535 in
374 1478 705 1553 Occidente,
738 1500 869 1539 cum
924 1481 983 1537 in
1033 1481 1349 1558 capitulari
1404 1500 1525 1555 suo,
1584 1480 1744 1558 quod
1771 1478 2018 1539 triennio
2067 1488 2198 1556 post
2253 1486 2501 1555 quatuor
2529 1476 2693 1534 libris

278 1557 607 1633 adornavit,
652 1559 755 1617 ubi
782 1578 1025 1618 nervose
1054 1569 1113 1619 et
1140 1561 1323 1619 solide
1352 1560 1563 1620 refellit
1590 1578 1950 1638 quaecunque
1972 1578 2007 1617 a
2036 1558 2088 1616 N
2093 1558 2290 1617 icsenis
2329 1555 2590 1635 patribus
2619 1555 2694 1613 ad

278 1637 505 1695 cultum
560 1638 879 1715 imaginum
919 1639 1169 1699 adducta
1209 1649 1388 1699 erant.
1474 1640 1646 1715 Quod
1696 1647 1996 1717 tantopere
2036 1638 2152 1698 urit
2191 1636 2572 1709 adversarios,
2631 1644 2696 1695 ut

278 1716 411 1775 ansi
442 1717 557 1775 sint
584 1718 733 1777 illud
758 1719 819 1777 in
846 1720 1061 1778 crimen
1090 1720 1221 1779 falsi
1248 1740 1552 1795 arcessere,
1578 1731 1852 1795 tanquam
1883 1719 2161 1795 scriptum
2187 1717 2424 1794 aliquod
2453 1722 2696 1783 ὑποβολι-

282 1822 437 1874 μαιη
464 1798 537 1855 ab
593 1798 789 1875 aliquo
836 1800 1175 1859 nostratium
1232 1799 1549 1859 obtrusum.
1630 1800 1848 1857 Verum
1905 1798 2296 1875 impudentem
2352 1797 2696 1855 calumniam

280 1878 399 1934 viri
434 1878 591 1937 docti
620 1878 847 1955 jamdiu
892 1879 1253 1953 detexerunt,
1284 1880 1535 1938 indicato
1578 1880 1750 1937 simul
1779 1887 1838 1938 et
1878 1879 2068 1937 evicto
2109 1878 2328 1936 editore
2373 1876 2698 1951 Pontificio,

282 1957 329 2016 J
334 1957 561 2016 ohanne
588 1958 805 2016 Tilleto
834 1958 1121 2036 Episcopo
1153 1958 1459 2017 Meldensi.
1500 1960 1652 2017 Tum
1675 1958 1848 2017 etiam
1874 1958 1936 2016 in
1966 1958 2223 2017 Concilio
2255 1955 2698 2015 Francofurten-

282 2036 341 2095 si
368 2046 754 2095 trecentorum
779 2038 1774 2117 Episcoporum‚quodcongregavit
1805 2058 1958 2095 anno
1977 2040 2110 2111 794,
2145 2038 2330 2113 inquo
2359 2044 2552 2113 patres
2589 2036 2699 2111 Sy·

280 2116 425 2173 nodi
451 2116 700 2175 Nicaenae
717 2118 907 2193 quoad
936 2119 1153 2177 cultum
1178 2118 1491 2195 imaginum
1520 2137 1792 2195 expresse
1815 2116 2106 2189 damnant,
2131 2125 2190 2174 et
2212 2116 2392 2173 solius
2425 2114 2534 2172 Dei
2561 2115 2701 2172 ado·

282 2196 569 2255 rationem
598 2198 882 2255 sanciunt.
927 2198 1095 2272 Quod
1116 2198 1512 2257 confirmatum
1532 2198 1640 2255 fuit
1668 2198 1728 2255 in
1761 2196 2000 2274 Synodo
2031 2195 2338 2253 Parisiensi
2369 2196 2476 2253 sub
2507 2194 2699 2251 Ludo-

284 2275 423 2334 vico
456 2276 577 2349 Pio,
611 2276 802 2335 Caroli
827 2277 908 2337 M.
938 2278 1076 2350 filio,
1108 2298 1259 2335 anno
1282 2280 1417 2352 825,
1450 2278 1543 2335 cui
1572 2296 1873 2335 assensum
1902 2275 2270 2353 praebuerunt
2296 2276 2482 2333 Jonas
2510 2275 2697 2330 Aure-

286 2356 556 2413 lianensis
584 2357 917 2433 Episcopus,
968 2359 1324 2433 Αροὸανάω,
1376 2358 1727 2431 Walaftidus
1774 2358 1998 2431 Strabo,
2049 2356 2398 2413 Hincmanss
2425 2353 2702 2411 Rhemen·

282 2435 365 2493 sis
386 2436 721 2512 Episcopus,
744 2436 957 2513 aliique
986 2437 1197 2514 plures.
1286 2437 1403 2495 Sed
1428 2438 1553 2496 haec
1608 2436 1803 2495 omnia
1854 2456 1970 2495 non
1999 2434 2363 2509 obstiterunt,
2396 2432 2704 2509 quominus

286 2514 557 2573 Ecclesia
586 2516 849 2573 Romana
902 2516 1199 2593 Synodum
1233 2516 1770 2575 Pseudo-nieaenam
1813 2516 2107 2593 receperit,
2139 2524 2198 2573 et
2227 2514 2548 2573 Concilium
2575 2512 2703 2571 Tri-

286 2594 595 2653 dentinum
624 2604 826 2671 postea
853 2616 979 2654 eam
1008 2596 1412 2673 approbaverit
1440 2606 1499 2655 et
1526 2596 1966 2655 confirmaverit.

376 2674 630 2732 XVIII.
666 2674 948 2750 Secund0,
983 2676 1300 2735 Concilium
1334 2676 2032 2753 Constantinopolitanum
2058 2674 2188 2749 IV.,
2213 2693 2366 2732 anno
2387 2674 2524 2748 869,
2549 2671 2708 2749 quod

290 2762 565 2813 censetur
594 2774 629 2811 a
662 2754 943 2813 Romanis
972 2754 1205 2815 Oecum.
1236 2756 1438 2830 VIII.,
1470 2756 1533 2813 in
1560 2776 1677 2832 quo
1707 2755 2004 2813 Adrianus
2027 2754 2112 2812 11.
2137 2753 2358 2811 cultum
2385 2752 2704 2827 imaginum

288 2834 521 2892 curavit
576 2832 767 2893 denuo
822 2835 1141 2911 approbari,
1184 2843 1243 2894 et
1294 2836 1539 2895 restitui.
1627 2833 2007 2893 Memoranda
2060 2832 2342 2908 imprimis
2372 2840 2522 2905 sunt,
2573 2848 2706 2907 quoe

291 2913 531 2972 Canone
588 2912 710 2972 111.
780 2924 981 2972 extant
1036 2915 1230 2991 verba,
1306 2918 1341 2949 “
1364 2916 1599 2974 Sacram
1653 2914 1964 2990 imaginem
2023 2910 2260 2969 Domini
2313 2908 2498 2967 nostri
2557 2908 2598 2965 J
2603 2926 2708 2966 esu

293 2992 515 3052 Christi
541 2992 769 3051 adorari
790 2994 1151 3054 decrevimus
1180 3014 1345 3071 aequo
1372 2996 1589 3051 honore
1639 3012 1770 3051 cum
1817 2992 1967 3048 libro
1997 2998 2324 3047 sanctorum
2355 2986 2706 3063 Evangelio-

290 3074 483 3130 rum.’'
572 3072 755 3131 Paulo
796 3084 928 3149 post
968 3073 1301 3150 imprecatio
1343 3072 1665 3148 concipitur
1692 3072 1753 3128 in
1781 3090 1929 3143 eum,
1973 3068 2074 3145 qui
2103 3087 2219 3125 non
2261 3066 2464 3125 adorat
2502 3065 2708 3142 imagi-

292 3172 429 3211 nem
473 3152 707 3227 Christi,
754 3156 789 3185 “
812 3154 925 3228 Qui
966 3173 1085 3212 non
1126 3154 1329 3213 adorat
1370 3151 1680 3229 imaginem
1724 3149 1938 3209 Christi
1985 3146 2319 3223 salvatoris,
2348 3166 2466 3205 non
2513 3146 2711 3205 videat

295 3232 507 3291 faciem
536 3232 751 3291 Christi
778 3232 839 3293 in
868 3233 1122 3292 secundo
1148 3235 1277 3311 ejus
1304 3231 1618 3304 adventu,''
1666 3238 1726 3289 et
1753 3229 1983 3303 ibidem,
2035 3232 2070 3263 ‘⁴
2093 3228 2456 3287 Veneremur
2485 3235 2544 3286 et
2571 3226 2709 3285 ado-

294 3331 495 3371 ramus
535 3311 845 3389 imaginem
890 3312 1095 3372 Matris
1137 3314 1319 3390 ipsius
1360 3310 1693 3388 impollutae,
1739 3317 1797 3368 et
1841 3310 1900 3367 S.
1935 3306 2296 3385 Angelorum
2343 3316 2402 3367 et
2457 3307 2710 3365 omnium

302 3391 667 3450 Sanctorum.
713 3392 825 3466 Qui
838 3392 1007 3451 aliter
1024 3394 1304 3465 sanciunt,
1320 3392 1435 3450 sint
1452 3391 1814 3449 anathema.”
1853 3388 2066 3461 Terti0,
2089 3387 2412 3447 Concilium
2423 3386 2712 3445 Tridenti-

294 3489 459 3529 nnm.
548 3470 830 3545 Quamvis
851 3472 1023 3546 enim,
1044 3473 1226 3530 instar
1248 3472 1539 3548 Apollinis
1562 3474 1742 3543 λοξιου,
1763 3470 1858 3526 hic
1879 3478 1944 3527 ut
1985 3467 2120 3526 alibi
2157 3466 2448 3544 ambiguis
2481 3476 2539 3524 et
2570 3466 2713 3524 obli·

298 3549 433 3627 quIS
462 3550 747 3611 studuerit
774 3552 835 3609 in
862 3552 974 3610 hoc
994 3552 1235 3611 articulo
1265 3550 1476 3623 verbis-1,
1508 3560 1574 3609 ut
1616 3560 1920 3625 utramque
1947 3546 2409 3606 dissentientium
2453 3545 2714 3621 opinion·

298 3650 410 3703 em,
440 3638 559 3689 tam
588 3650 787 3689 eorum
829 3630 929 3708 qui
970 3640 1194 3691 tantum
1234 3631 1541 3689 relativum
1580 3631 1799 3689 cultum
1841 3626 2142 3704 urgebant,
2173 3644 2348 3702 quam
2389 3642 2586 3683 eorum
2615 3624 2718 3699 qui

301 3708 699 3770 adorationem
728 3712 1075 3789 objectivam
1104 3710 1181 3769 ad
1208 3710 1489 3787 imagines
1530 3710 1687 3787 ipsas
1715 3708 1991 3767 directam
2033 3706 2358 3777 tuebantur,
2393 3703 2590 3760 Canon
2628 3710 2714 3759 ta—

301 3808 453 3863 men,
499 3810 673 3867 quem
725 3790 797 3849 de
841 3790 1075 3863 honore,
1120 3798 1179 3849 et
1224 3790 1591 3848 veneratione
1639 3788 1958 3864 imaginum
2012 3784 2222 3844 Sessi0.
2268 3782 2483 3839 XXV.
2515 3780 2714 3854 edidit,

302 3878 501 3928 exerte
530 3878 595 3928 ut
617 3871 743 3947 jam
772 3869 915 3943 dixi,
964 3869 1355 3928 confirmando
1390 3868 1714 3927 Concilium
1745 3868 1794 3924 N
1802 3868 2044 3925 icaenum
2075 3864 2178 3937 II.,
2211 3862 2378 3938 cujus
2417 3860 2710 3950 decretum

302 3947 606 4025 profitetur
654 3969 717 4007 se
762 3949 1049 4025 amplecti,
1082 3948 1221 4007 satis
1251 3956 1497 4007 testatur
1542 3968 1660 4006 non
1709 3948 1882 4005 aliam
1931 3944 2110 4005 fuisse
2163 3941 2275 4019 ipsi
2331 3948 2715 3999 sententlamz

306 4030 343 4061 “
363 4027 661 4104 Imagines
716 4029 947 4103 Christi,
995 4028 1261 4104 Deiparse
1307 4028 1583 4103 Virginis,
1630 4036 1688 4085 et
1727 4028 1970 4085 aliorum
2031 4025 2370 4084 Sanctorum
2398 4019 2458 4076 in
2487 4017 2718 4094 templis

304 4108 623 4185 praesertim
652 4108 968 4183 habendas,
1000 4117 1061 4166 et
1106 4108 1452 4179 retinendae,
1485 4109 1682 4183 eisque
1721 4106 1980 4164 debitum
2023 4105 2317 4173 honorem,
2365 4107 2425 4157 et
2479 4116 2718 4155 venera·

302 4186 523 4245 tionem
552 4187 1007 4264 impertiendam,
1038 4206 1155 4245 non
1183 4186 1339 4263 quod
1368 4188 1636 4246 credatur
1663 4188 1850 4244 inesse
1879 4183 2074 4260 aliqua
2093 4182 2153 4238 in
2181 4181 2252 4237 iis
2288 4177 2581 4251 divinitae,
2613 4173 2722 4235 &m

310 4265 427 4324 Sed
448 4268 721 4343 quoniam
749 4267 951 4341 honos,
982 4267 1083 4345 qui
1125 4267 1209 4325 eis
1250 4266 1573 4341 exhibetur,
1617 4265 1863 4324 refertur
1889 4263 1962 4321 ad
1989 4270 2298 4339 prototypa
2334 4276 2463 4333 qnae
2492 4256 2608 4314 illae
2635 4276 2722 4315 re·

302 4354 671 4422 praesentant,
702 4355 767 4404 ut
794 4366 897 4423 per
922 4346 1205 4424 imagines
1232 4364 1379 4425 quas
1406 4347 1747 4416 osculamur,
1777 4351 1836 4401 et
1883 4360 2074 4399 coram
2103 4337 2312 4414 quibus
2341 4344 2514 4414 caput
2541 4336 2726 4415 aperi-

306 4444 455 4500 muS,
502 4425 796 4484 Christum
837 4426 1157 4499 adoremus,
1204 4436 1263 4485 et
1308 4427 1565 4499 sanctos,
1598 4442 1842 4500 quorum
1882 4422 1999 4479 illae
2027 4418 2462 4477 similitudinem
2499 4426 2726 4493 gerunt,

304 4522 682 4579 veneremur3
727 4504 789 4562 id
815 4506 973 4581 quod
1015 4506 1419 4579 Conciliorum,
1464 4502 1780 4581 praesertim
1823 4520 1960 4558 vero
2005 4497 2270 4557 secundae
2319 4498 2572 4556 Nicaenae
2620 4498 2727 4574 Sy-

304 4583 447 4641 nodi
469 4583 715 4644 decretis
734 4596 937 4643 contra
956 4594 1385 4663 oppugnatores
1401 4582 1718 4659 imaginum
1733 4589 1820 4639 est
1838 4579 2178 4639 sancitum.’'
2204 4578 2438 4654 Quarto,
2458 4577 2731 4651 Thomas,

306 4662 411 4739 qni
452 4664 671 4722 cultum
714 4664 897 4723 latriae
938 4665 1099 4741 ligno
1159 4664 1347 4723 crucis
1388 4662 1585 4721 deberi
1627 4682 1704 4719 ex
1761 4659 1974 4719 celebri
2014 4660 2248 4735 hymno,
2294 4658 2394 4733 qui
2436 4656 2732 4715 Sabbatho
