3234 5192
896 1017 1435 1102 DISPUTATIO
1518 1015 2084 1091 THEOLOGICA
2181 1025 2188 1030 '

273 1325 409 1415 DE
489 1319 1343 1416 SATISFACTIONIS
1435 1315 1866 1412 CHRISTI
1953 1315 2670 1410 NECESSITATE.

1136 1639 1349 1708 PARS
1429 1639 1838 1708 SECUNDA.

756 2049 1168 2130 Respondeate
1194 2051 1443 2110 Davum
1475 2049 1782 2122 Gnuano,
1810 2047 2210 2112 Neocomomi.

271 2223 289 2230 ·
352 2210 406 2270 1.
448 2207 871 2286 Disputatione
890 2205 1253 2282 praecedenti
1278 2205 1353 2264 de
1390 2203 1808 2284 satisfactionis
1841 2203 2062 2264 Christi
2088 2206 2419 2264 necessitate
2441 2207 2676 2281 egimus

264 2289 753 2357 uvantum-uas,
782 2291 843 2342 et
868 2283 1142 2360 pluribus
1188 2283 1575 2358 argumentis,
1623 2290 1754 2342 tum
1781 2300 1820 2340 a
1845 2287 2086 2356 natura,
2133 2290 2266 2342 tum
2289 2303 2332 2342 a
2355 2286 2672 2346 voluntate

271 2368 387 2430 Dei
414 2365 631 2446 petitis,
661 2365 1131 2423 demonstratam
1176 2379 1311 2420 eam
1362 2363 1674 2432 dedimus;
1719 2360 1880 2432 Quia
1925 2379 2067 2422 vero
2113 2363 2506 2424 saluberrima
2547 2366 2678 2426 haec

270 2445 543 2514 doctrina
566 2452 629 2503 et
646 2443 779 2522 jam
806 2439 953 2500 olim
979 2458 1020 2497 a
1037 2441 1195 2500 male
1220 2439 1447 2500 feriatis
1474 2441 1819 2500 hominibus
1847 2439 2203 2516 impugnata
2242 2447 2351 2516 est,
2375 2441 2676 2504 et‘etiam-

272 2544 423 2584 num
468 2522 649 2582 hodie
692 2541 731 2580 a
773 2517 1262 2596 pestilentissimis
1297 2519 1587 2580 haereticis
1635 2519 1816 2577 variis
1861 2525 2353 2594 argumentorum
2395 2521 2681 2581 arietibus

278 2601 633 2673 concutitur,
662 2618 796 2676 quae
824 2596 939 2656 nisi
967 2598 1363 2674 expediantur
1388 2598 1503 2674 piis
1550 2595 1834 2656 studiosis
1881 2597 2193 2672 negotium
2237 2596 2524 2658 facessere
2553 2619 2688 2674 pos-

273 2687 422 2752 sent,
452 2679 587 2738 ideo
609 2677 779 2754 quod
806 2693 917 2734 nos
942 2694 1127 2752 supra
1150 2674 1413 2735 facturos
1440 2676 1790 2750 recepimus,
1821 2691 2032 2732 eorum
2073 2678 2334 2738 ὼεισκιυὸι
2361 2695 2500 2735 cum
2524 2679 2686 2736 bono

278 2757 409 2817 Deo
436 2759 551 2816 hac
578 2755 999 2832 Disputatione
1026 2752 1282 2812 breviter
1308 2753 1708 2828 aggredimur.

356 2834 451 2894 ΙΙ.
497 2835 890 2922 Quaecunque
916 2837 1121 2889 autem
1148 2829 1245 2886 hic
1270 2831 1347 2888 ab
1391 2828 1749 2888 adversariis
1777 2836 2169 2904 opponuntur
2195 2832 2274 2888 ad
2321 2837 2440 2890 tres
2467 2833 2684 2892 classes

273 2918 527 2990 possunt
550 2927 855 2968 revocari:
902 2905 980 2964 In
1008 2907 1203 2982 prima
1227 2907 1497 2964 evincere
1543 2910 1838 2964 conantur
1891 2903 2092 2962 Deum
2132 2926 2304 2982 posse
2341 2909 2684 2970 condonare

278 2994 517 3066 peccata
542 2989 767 3060 absque
790 2982 1214 3044 satisfactione.
1298 2983 1375 3042 In
1402 2982 1671 3040 secunda
1710 2999 1832 3038 non
1879 2985 2120 3040 tantum
2163 3001 2333 3058 posse
2359 3003 2466 3059 per
2511 2993 2688 3044 natu-

280 3084 428 3136 ram,
454 3065 559 3122 sed
588 3062 770 3122 etiam
794 3061 933 3120 velle
958 3077 1034 3117 ex
1058 3059 1315 3130 decreto,
1349 3065 1537 3134 atque
1577 3057 1952 3116 voluntatem
1999 3059 2170 3120 illam
2194 3061 2368 3120 nobis
2393 3061 2460 3120 in
2505 3065 2690 3126 verbo

154 3213 159 3218 ,
283 3140 643 3219 patefecisse.
727 3138 807 3198 In
833 3137 1009 3198 tertia
1032 3154 1157 3194 non
1185 3137 1367 3196 modo
1394 3151 1567 3212 posse
1594 3141 1656 3194 et
1680 3135 1856 3206 velle,
1883 3135 1988 3194 sed
2016 3157 2088 3194 no
2106 3159 2279 3214 poseo
2303 3139 2540 3216 quidem
2561 3162 2691 3201 coa-

286 3220 542 3279 trarium
562 3218 693 3290 sine
722 3216 926 3292 aliqua
950 3213 1264 3290 injustitiae
1291 3221 1353 3272 et
1380 3211 1746 3272 crudelitatis
1773 3213 1928 3274 labe.
1988 3211 2198 3276 Prima
2231 3218 2494 3278 ostendit
2521 3221 2694 3280 satis·

284 3297 609 3358 factionem
634 3294 805 3356 vadis
830 3299 1062 3352 naturae
1090 3290 1309 3350 divinae
1328 3309 1562 3352 summe
1588 3289 1956 3352 misericordi
1982 3311 2317 3372 repugnare
2341 3303 2406 3356 et
2430 3317 2549 3358 mn
2576 3320 2694 3360 esse

290 3375 711 3448 necessariam;
756 3371 1031 3432 Secunda
1058 3371 1309 3427 eandem
1339 3367 1630 3444 rei-'tagari
1657 3370 1958 3429 voluntati
1984 3379 2046 3430 et
2073 3375 2306 3451 salsam
2349 3394 2478 3436 esse
2503 3377 2696 3441 docet.

291 3455 494 3516 Tertia
518 3454 584 3512 in
609 3453 804 3528 ipsam
829 3449 946 3509 Dei
960 3447 1269 3522 justitiam
1284 3448 1537 3507 arietare
1562 3453 1748 3524 atque
1763 3449 1914 3508 adeo
1936 3451 2194 3528 iniquam
2217 3471 2345 3513 esse
2367 3457 2695 3516 contendit.

375 3531 509 3592 111.
542 3529 725 3600 Quod
752 3527 833 3586 ad
859 3525 1115 3602 primam
1136 3525 1223 3584 sic
1249 3525 1343 3586 illi
1368 3524 1820 3600 ratiocinantur,
1850 3525 1916 3588 Si
1941 3531 2270 3591 necessaria
2293 3538 2448 3592 esset
2476 3532 2697 3594 Christi

295 3607 637 3676 satisfactio,
666 3625 737 3664 eo
762 3603 1143 3684 potissimum
1166 3603 1409 3665 nomine
1434 3603 1762 3664 necessaria
1788 3613 1944 3667 esset
1969 3611 2134 3684 quod
2173 3608 2252 3668 sit
2277 3610 2342 3668 in
2371 3609 2502 3670 Deo
2521 3611 2701 3685 justi-

292 3688 382 3746 tia
406 3685 687 3761 quaedam
712 3685 1056 3766 iam-gomma
1099 3687 1160 3740 et
1185 3680 1543 3742 vindicatrix
1582 3681 1676 3740 ini
1709 3684 2042 3744 essentialis
2070 3706 2206 3766 quae
2233 3706 2354 3748 non
2383 3690 2570 3762 possit
2593 3691 2701 3748 ad·-

295 3763 532 3824 mittere
584 3769 966 3839 peccatorum
1022 3759 1429 3822 remissionem
1472 3759 1602 3819 sine
1659 3761 1885 3834 praevia
1929 3765 2195 3838 quadam
2259 3765 2700 3830 satisfactione:

298 3842 389 3900 At
412 3840 638 3900 falsum
657 3847 763 3912 est,
790 3839 1093 3918 inquiunt,
1110 3839 1242 3898 dari
1260 3839 1445 3899 talem
1464 3837 1764 3914 justitiam
1777 3839 1844 3898 in
1865 3839 1996 3902 Deo
2017 3861 2154 3918 quae
2171 3843 2262 3900 illi
2277 3843 2356 3902 sit
2374 3845 2700 3917 natural-im

302 3919 355 3980 1.
385 3918 531 3996 qnia
556 3919 722 3994 quod
768 3917 900 3980 Deo
924 3924 1021 3976 est
1045 3917 1355 3976 essentiale
1381 3916 1780 3978 necessarium
1807 3925 1899 3979 est
1931 3925 1995 3979 et
2017 3939 2142 3980 non
2168 3927 2364 3996 potest
2385 3938 2511 3980 non
2532 3939 2699 3996 esseg

294 4003 358 4058 at
382 3997 499 4056 ista
514 3995 755 4072 justitia
778 3997 979 4074 potuit
1006 4013 1129 4054 non
1156 4011 1299 4066 esse,
1322 4001 1473 4070 puta
1508 3995 1561 4055 si
1607 4001 1888 4054 creatura
1919 3998 2217 4072 peccatrix
2241 3999 2416 4056 nulla
2453 3997 2698 4072 fuifflen

300 4075 355 4134 2.
400 4073 704 4132 naturalia
742 4074 807 4134 in
836 4074 966 4134 Deo
992 4092 1115 4132 non
1137 4079 1278 4132 sunt
1304 4071 1637 4144 contraria3
1680 4079 1746 4132 at
1777 4075 2185 4136 misericordia
2207 4081 2272 4134 et
2291 4076 2532 4150 justitia
2557 4085 2701 4138 sunt

298 4151 631 4222 contrariae,
660 4151 824 4212 illins
870 4151 1031 4212 enim
1055 4159 1147 4210 est
1187 4151 1441 4224 salvare,
1472 4149 1656 4210 istius
1697 4151 2001 4212 destruere
2029 4161 2091 4212 et
2114 4155 2398 4228 perdere;
2439 4155 2494 4212 3.
2538 4157 2702 4230 quod

296 4239 387 4292 est
413 4231 711 4305 inaequale
730 4237 793 4290 et
816 4229 1063 4308 suscipit
1088 4228 1281 4307 magis
1327 4235 1388 4289 et
1412 4228 1611 4288 minus
1639 4246 1762 4286 non
1789 4238 1881 4289 est
1900 4233 1982 4288 de
2021 4229 2277 4292 essentia
2303 4230 2436 4304 Dei,
2461 4231 2612 4308 quia
2635 4232 2699 4292 in

298 4309 433 4368 Deo
460 4309 663 4368 omnia
700 4315 846 4368 sunt
880 4307 1154 4380 infinita3
1195 4313 1260 4366 at
1286 4306 1694 4368 misericordia
1717 4313 1779 4366 et
1793 4305 2038 4382 justifia
2061 4309 2212 4368 tales
2237 4315 2396 4380 sunt,
2423 4328 2568 4368 nam
2593 4312 2700 4386 qui

294 4389 523 4446 multus
549 4393 639 4446 est
664 4386 1085 4458 misericordia,
1112 4383 1333 4444 dicitur
1358 4384 1567 4444 tardus
1592 4384 1671 4442 ad
1695 4383 1868 4458 iram,
1888 4389 1996 4461 qui
2013 4386 2314 4462 justitiam
2331 4387 2394 4446 in
2419 4397 2700 4464 quartam

295 4470 533 4524 tantum
560 4465 1010 4540 generationem
1034 4463 1245 4534 exerit,
1288 4461 1451 4522 idem
1498 4461 1668 4522 Deus
1691 4461 2124 4540 benignitatem
2144 4471 2212 4524 ct
2235 4463 2700 4530 misericordiam

295 4545 375 4600 ad
402 4543 783 4602 millesimam
809 4559 1002 4620 usque
1030 4539 1317 4613 extendit,
1342 4537 1537 4600 Exod.
1556 4559 1658 4600 xx.
1677 4543 1735 4614 5,
1755 4543 1810 4600 6.
1844 4541 1909 4601 Si
1922 4542 2162 4618 justitia
2175 4551 2332 4604 esset
2349 4547 2700 4618 essentialis,

296 4626 428 4682 tum
450 4621 786 4684 necessario
813 4619 1087 4682 omnium
1112 4625 1353 4698 peccata
1378 4618 1619 4679 deberet
1661 4621 1994 4698 aequalibus
2033 4623 2290 4700 plectere
2335 4626 2544 4700 poenis,
2591 4644 2704 4690 nec
