3234 5192
361 413 589 455 nrsrur.
622 394 781 475 vnn]
1096 411 1324 453 sos-ran
1353 412 1431 451 ΑΒ
1460 412 1740 453 sconssu
1771 376 2038 453 nonnus.
2657 400 2768 456 187

360 575 485 613 cam
512 573 681 614 nemo
710 552 927 614 dixerit
954 552 1145 613 locum
1174 553 1269 613 hic
1297 552 1509 612 habere
1537 551 1764 627 debere,
1795 561 1862 613 ut
1901 574 2008 613 nec
2035 554 2394 632 personalem
2423 562 2482 613 et
2507 553 2770 615 localem.

360 635 507 693 Nam
536 634 618 693 ita
644 635 843 695 Judaei
872 633 1152 692 increduli
1182 642 1239 692 et
1267 633 1489 711 profani
1546 634 1936 693 succedebant
1965 635 2077 711 piis
2103 635 2380 711 patribus,
2412 635 2551 693 dum
2579 635 2653 693 ab
2682 636 2767 713 ip-

356 714 437 773 sis
464 714 693 774 oriundi
736 722 917 773 erant.
1007 714 1223 773 Scribas
1250 723 1311 773 et
1354 712 1632 771 Pharisaei
1677 714 2062 774 succedebant
2104 715 2258 773 veris
2286 713 2635 788 doctoribus,
2666 716 2768 791 qui

355 802 549 853 tamen
578 794 914 853 seductores
952 803 1115 851 erant
1148 802 1209 852 et
1251 793 1513 851 veritatis
1542 793 1740 851 hostes
1769 794 2048 854 acerrimi.
2137 795 2232 853 Sic
2263 795 2468 851 Ariani
2497 794 2766 853 succede-

356 872 499 933 bant
528 872 917 943 Orthodoxis3
964 872 1047 933 sic
1092 873 1345 933 tenebrae
1390 872 1523 947 luci,
1576 873 1812 931 morbus
1863 873 2110 947 sanitati,
2159 883 2440 951 tyrannus
2485 874 2582 951 pio
2612 874 2766 951 prin-

356 952 471 1030 cipi
518 953 797 1013 succedit.
884 952 1021 1011 Sola
1068 972 1209 1031 ergo
1256 953 1353 1010 hic
1399 954 1666 1011 successio
1695 954 1845 1031 fidei
1885 962 1944 1012 et
1983 955 2253 1011 doctrinm
2280 953 2632 1013 attendenda
2659 962 2763 1030 est,

350 1032 568 1109 absque
598 1053 713 1110 qua
740 1041 961 1091 caeterae
990 1052 1189 1091 omnes
1218 1032 1610 1091 successiones
1631 1052 1796 1090 vanae
1827 1042 1961 1091 sunt
1988 1041 2047 1091 ct
2073 1033 2356 1093 exitiales
2403 1036 2438 1067 “
2463 1033 2764 1093 Cathedrae

352 1114 639 1173 successio
683 1113 829 1171 nihil
857 1113 1238 1172 successionis
1266 1120 1473 1189 praeter
1515 1130 1726 1170 nomen
1755 1113 1946 1185 habet,
1977 1112 2078 1171 sed
2119 1113 2272 1171 idem
2302 1112 2588 1171 sentiendi
2635 1133 2762 1172 suc-

352 1192 537 1251 cessio
567 1193 929 1265 veritatem,'’
956 1192 1144 1268 inquit
1172 1192 1417 1268 Gregor.
1440 1191 1713 1249 Nazianz.
1739 1191 1800 1249 in
1819 1192 2030 1249 Matth.
2061 1192 2226 1250 xxiii.
2315 1193 2411 1250 Illi
2441 1193 2672 1251 demum
2701 1194 2762 1251 in

354 1271 631 1329 cathedra
660 1272 845 1329 Mosis
874 1271 1092 1346 sedent,
1122 1271 1224 1349 qui
1269 1271 1589 1331 doctrinam
1637 1272 1820 1329 Mosis
1848 1270 2095 1345 doccnt;
2139 1292 2247 1331 nec
2275 1272 2490 1331 habent
2518 1273 2761 1331 haeredi-

355 1358 533 1408 tatem
564 1350 739 1425 Petri,
778 1351 879 1427 qui
898 1350 1071 1409 fidem
1114 1352 1239 1427 ejus
1269 1370 1384 1409 non
1426 1359 1642 1410 tenent.
1727 1350 2006 1424 Quamvis
2035 1370 2174 1427 ergo
2207 1352 2468 1411 Ecclesia
2499 1352 2762 1410 Romana

355 1430 776 1490 successionem
805 1431 904 1489 vel
940 1430 1315 1507 personalem,
1348 1431 1440 1489 vel
1476 1431 1720 1489 localem
1765 1430 2022 1503 haberet,
2053 1430 2264 1489 frustra
2291 1441 2460 1505 esset,
2489 1432 2604 1489 nisi
2632 1451 2760 1491 suc-

353 1509 669 1569 cessionem
700 1508 973 1569 doctrinae
1002 1519 1059 1571 ct
1103 1510 1382 1584 veritatis,
1414 1530 1529 1587 qua
1576 1511 1760 1588 ipsam
1799 1510 2036 1569 destitui
2062 1510 2472 1587 pertendimuS,
2503 1511 2759 1569 haberet.

352 1588 443 1648 Ne
475 1590 601 1667 jam
642 1590 900 1649 dicamus
929 1591 1351 1649 successionem
1380 1592 1552 1649 etiam
1580 1590 1940 1666 personalem
1979 1590 2294 1666 saepissime
2333 1590 2393 1648 in
2425 1592 2648 1668 Papatu
2676 1590 2757 1648 in·

347 1677 661 1745 terruptam
692 1689 821 1729 esse
842 1690 945 1747 per
973 1670 1285 1729 schismata
1312 1680 1370 1729 et
1398 1670 1638 1729 dissidia
1665 1668 1967 1745 horrenda,
1999 1670 2211 1747 quibus
2238 1670 2541 1743 laboravit,
2573 1680 2632 1729 et
2657 1688 2762 1748 per

350 1748 720 1809 simoniacam
759 1752 1049 1809 variorum
1082 1749 1427 1808 Pontificum
1476 1751 1537 1807 in
1570 1750 1780 1809 Sedem
1807 1750 1968 1808 illam
1995 1749 2336 1826 pestilentiae
2365 1750 2758 1826 intrusionem,

348 1848 477 1905 quae
505 1829 735 1888 inanem
763 1849 889 1889 esse
918 1830 1173 1907 ipsorum
1202 1829 1273 1888 de
1304 1829 1666 1888 successione
1689 1848 1805 1887 non
1838 1830 2158 1907 interrupta
2176 1830 2576 1907 gloriationem
2599 1830 2758 1889 evin-

350 1916 504 1967 cunt.
592 1908 709 1967 Sed
753 1909 803 1967 si
850 1910 1006 1986 apud
1048 1930 1155 1968 nos
1205 1910 1548 1987 Apostolica
1594 1910 1857 1969 doctrina
1903 1909 2182 1968 retinetur
2227 1910 2466 1982 illibata,
2499 1930 2602 1968 cur
2629 1930 2756 1969 suc-

348 1988 623 2047 cessionis
638 1990 974 2066 prssjudicio
997 2010 1239 2066 gravare
1262 2009 1369 2047 nos
1382 1989 1600 2063 volunt,
1623 2008 1752 2047 cum
1772 2008 1950 2066 penes
1965 2008 2074 2047 nos
2100 2009 2240 2048 vera
2260 1998 2318 2049 et
2338 1989 2615 2067 legitima,
2641 2009 2758 2048 non

345 2086 522 2145 penes
550 2068 723 2145 ipsos,
758 2070 833 2127 sit
878 2070 1185 2127 successio.
1267 2068 1436 2143 Quod
1466 2069 1515 2127 si
1548 2088 1762 2145 negare
1803 2068 1988 2127 velint
2032 2068 2364 2143 adversarii,
2395 2069 2472 2127 ad
2509 2088 2755 2129 examen

347 2146 621 2207 doctrinae
648 2148 1001 2208 veniendum
1024 2149 1148 2223 erit,
1178 2149 1336 2225 quod
1356 2158 1519 2207 tanto
1546 2148 1840 2206 molimine
1869 2148 2180 2225 refugiunt.

347 2264 547 2315 Quanta
568 2268 633 2312 s„
664 2280 827 2313 new,-
949 2228 1139 2287 XIII.
1184 2228 1283 2285 Ad
1312 2228 1653 2287 vocationem
1696 2248 1835 2287 vero
1876 2238 2127 2287 nostram
2155 2224 2312 2304 quod
2339 2226 2562 2300 attinet,
2593 2228 2756 2287 varia

404 2326 525 2370 sitas
572 2328 825 2371 uaestionls
868 2317 1019 2384 sunt,
1050 2327 1179 2384 quae
1208 2308 1301 2366 hic
1330 2308 1529 2386 reponi
1558 2307 1790 2368 debent.
1876 2308 2088 2382 Primo,
2113 2326 2410 2386 perperam
2439 2317 2497 2367 et
2518 2308 2643 2367 sine
2664 2328 2755 2365 ra-

404 2383 463 2486 }‚0
500 2446 553 2486 to
602 2387 825 2430 ⁰⁰⁸²¹⁰¹¹⁰
866 2388 1023 2447 tione
1050 2397 1203 2447 notae
1247 2388 1569 2448 vocationis
1613 2396 1826 2447 nostrae
1873 2398 2162 2465 petuntur,
2193 2408 2300 2447 nec
2329 2388 2480 2447 enim
2509 2386 2758 2447 multum

444 2454 499 2487 ⁸⁸
555 2456 680 2487 rum.
866 2468 1055 2543 refert,
1086 2477 1151 2526 ut
1178 2468 1425 2546 populus
1453 2468 1525 2526 de
1552 2488 1624 2527 ea
1649 2468 1918 2545 inquirat,
1939 2468 2111 2526 modo
2139 2468 2227 2526 illi
2255 2477 2479 2527 constet
2507 2468 2578 2527 de
2608 2468 2760 2526 veri-

343 2554 460 2605 tate
488 2546 783 2622 doctrinae,
816 2568 990 2625 quam
1030 2550 1420 2626 proponimus.
1508 2548 1660 2607 Sane
1707 2550 1756 2606 si
1785 2548 1957 2607 fidem
1993 2558 2248 2607 nostram
2291 2548 2574 2607 vellemus
2614 2568 2753 2625 pen·

341 2624 476 2685 dere
505 2646 541 2685 a
567 2628 869 2687 vocatione
899 2636 1211 2705 pastorum,
1241 2648 1475 2687 necesse
1505 2637 1659 2687 esset
1687 2628 1760 2687 de
1781 2627 1939 2686 illius
1961 2627 2206 2687 veritate
2233 2628 2566 2705 persuaderi
2590 2650 2604 2703 3
2650 2629 2754 2687 sed

341 2705 455 2765 alia
482 2705 656 2785 longe
686 2716 775 2767 est
802 2728 965 2767 mens
1002 2716 1215 2767 nostra.
1300 2708 1423 2766 Nec
1465 2708 1617 2765 enim
1665 2708 1748 2767 sic
1775 2707 2155 2784 procedimus,
2190 2708 2415 2765 vocatio
2443 2718 2640 2766 nostra
2668 2716 2758 2768 est

340 2785 616 2863 legitima,
650 2806 788 2865 ergo
817 2787 1079 2846 doctrina
1106 2796 1305 2847 nostra
1346 2807 1487 2847 vera
1523 2796 1629 2861 est,
1678 2796 1738 2846 et
1783 2786 2058 2845 audiendi
2086 2806 2303 2846 sumus.
2391 2786 2508 2845 Sed
2535 2796 2751 2863 contra,

340 2864 603 2925 doctrina
628 2876 827 2925 nostra
852 2888 993 2925 vera
1018 2875 1141 2942 est3
1186 2886 1326 2945 ergo
1368 2866 1642 2925 audiendi
1685 2877 1836 2940 sunt,
1867 2866 1970 2943 qui
2013 2886 2140 2924 eam
2186 2866 2412 2941 docent,
2443 2874 2509 2924 ut
2535 2867 2752 2925 veritas

338 2945 631 3005 missionis
659 2956 719 3005 et
745 2947 1023 3006 Ecclesiae
1050 2947 1301 3024 pendeat
1327 2967 1362 3004 a
1390 2946 1634 3005 veritate
1663 2946 1956 3019 doctrinae,
1986 2964 2104 3003 non
2153 2953 2368 3003 contra.
2455 2946 2576 3003 Nec
2599 2945 2752 3003 enim

340 3022 489 3082 falsa
534 3035 723 3102 potest
766 3046 893 3087 esse
943 3028 1224 3102 Ecclesia,
1278 3046 1407 3103 quae
1452 3044 1652 3083 veram
1701 3034 1760 3083 et
1809 3025 2118 3083 salutarem
2169 3023 2384 3082 Christi
2431 3024 2753 3083 doctrinam

341 3103 565 3179 retinet,
596 3106 732 3165 licet
771 3106 845 3166 de
884 3116 1094 3166 caetero
1136 3108 1365 3165 vocatio
1394 3115 1688 3181 pastorum
1726 3103 1946 3181 aliquid
1987 3104 2177 3162 minus
2223 3104 2468 3163 ordinati
2497 3103 2753 3164 haberet.

342 3182 420 3243 Et
448 3191 513 3243 ut
540 3185 914 3245 ministerium
962 3196 1051 3247 est
1090 3194 1323 3263 propter
1364 3185 1702 3259 doctrinam,
1745 3204 1862 3242 non
1910 3183 2173 3243 doctrina
2218 3194 2452 3261 propter
2496 3183 2756 3244 ministe-

337 3264 503 3339 rium,
575 3264 657 3325 ita
731 3266 1163 3343 inquisitionem
1242 3265 1545 3323 ministerii
1622 3264 1946 3342 praecedere
2017 3264 2192 3323 debet
2255 3264 2552 3342 inquisitio
2617 3262 2754 3325 doc-

338 3344 519 3403 trinae.
620 3344 790 3420 Quod
836 3340 963 3405 non'
1002 3346 1133 3405 ideo
1182 3366 1217 3403 a
1258 3344 1427 3404 nobis
1470 3344 1697 3421 dicitur,
1750 3344 1916 3421 quasi
1969 3344 2346 3421 quaestionem
2389 3346 2538 3403 hanc
2582 3345 2753 3423 plane

336 3421 603 3483 fidelibus
656 3426 920 3485 inutilem
971 3434 1030 3485 et
1078 3446 1195 3484 non
1248 3426 1633 3484 necessariam
1693 3444 2045 3500 censeamus,
2100 3424 2372 3503 (fatemur
2443 3425 2595 3485 enim
2644 3427 2756 3485 hoc

336 3522 452 3561 non
506 3524 709 3581 parum
764 3504 1083 3565 conducere
1156 3505 1228 3563 ad
1294 3506 1432 3563 boni
1496 3506 1718 3565 ordinis
1781 3505 2295 3581 conservationem,
2353 3514 2412 3565 et
2465 3506 2752 3582 legitimo·

335 3601 459 3640 rum
509 3592 803 3661 pastorum
853 3605 888 3644 a
934 3584 1095 3644 falsis
1149 3594 1207 3644 et
1260 3584 1601 3645 adulterinis
1655 3585 2085 3664 discretionem)
2133 3585 2236 3644 sed
2289 3594 2512 3644 tantum
2568 3597 2634 3643 ut
2661 3606 2754 3646 os·

336 3662 656 3737 tendamus,
714 3664 1042 3741 primariam
1094 3674 1194 3723 aut
1250 3666 1597 3742 praecipuam
1649 3686 1776 3725 esse
1827 3684 1944 3723 non
1996 3664 2223 3738 debere,
2285 3684 2416 3741 quae
2471 3682 2578 3722 nos
2637 3666 2750 3733 sol-

332 3740 523 3801 licitos
580 3743 807 3819 habeat,
883 3744 987 3803 sed
1046 3744 1441 3804 secundariam
1494 3753 1720 3803 tantum
1787 3753 1846 3803 et
1901 3744 2092 3803 minus
2164 3742 2556 3820 principalem,
2623 3764 2752 3820 quae

336 3830 621 3898 supponat
642 3842 867 3901 semper
887 3844 1039 3883 verse
1069 3823 1345 3882 doctrinae
1369 3824 1820 3901 inquisitionem.
1899 3824 2014 3882 Illa
2041 3824 2192 3883 enim
2213 3832 2434 3881 tantum
2463 3824 2756 3883 necessitas

335 3902 565 3976 ordinis,
599 3902 721 3962 sine
750 3924 866 3980 quo
896 3904 1052 3963 salus
1100 3911 1291 3982 potest
1338 3904 1626 3979 obtineri3
1672 3904 1774 3963 sed
1815 3904 1928 3963 ista
1969 3912 2058 3962 est
2093 3904 2386 3961 necessitas
2413 3904 2595 3974 medii,
2629 3903 2752 3961 sine

374 4000 449 4040 uo
497 4002 613 4040 non
663 3984 1031 4060 pervenimus
1078 3984 1155 4042 ad
1203 3984 1465 4043 salutem.
1554 3983 1840 4057 Secund0,
1871 3984 2076 4041 merito
2117 3991 2385 4058 suspecta
2425 3980 2593 4039 nobis
2626 4002 2754 4041 esse

333 4000 508 4120 debet
552 4061 677 4120 haec
726 4063 941 4140 agendi
986 4064 1150 4139 rati0,
1183 4083 1314 4123 cum
1359 4072 1626 4123 auctores
1673 4063 1886 4122 habeat
1928 4061 2270 4134 Pharisaeos,
2329 4061 2428 4137 qui
2483 4062 2566 4119 ita
2619 4082 2750 4120 cum

334 4137 564 4199 Christo
625 4162 797 4219 agere
858 4143 1122 4203 solebant
1168 4152 1233 4203 ut
1281 4144 1341 4202 in
1390 4143 1519 4220 ejus
1566 4142 1931 4201 vocationem
1985 4160 2102 4199 non
2157 4140 2336 4198 semel
2379 4140 2750 4215 inquirerent.

335 4220 371 4251 ‘⁴
396 4218 523 4292 Qua
572 4223 971 4297 auctoritate,'’
1019 4223 1303 4300 inquiunt,
1358 4224 1568 4282 Matth.
1620 4222 1745 4280 xxi.
1793 4224 1890 4295 23,
1945 4223 1980 4253 ‘⁴
2001 4220 2144 4279 sacis
2191 4218 2320 4293 ista,
2371 4227 2430 4277 et
2471 4219 2603 4295 quis
2647 4220 2752 4279 tibi

330 4297 493 4358 dedit
520 4300 689 4359 istam
718 4302 1117 4361 auctoritatem
1140 4304 1205 4362 ?¹’
1290 4302 1503 4377 Terti0,
1538 4301 1877 4361 Pontificios
1925 4298 2158 4356 minime
2207 4298 2462 4356 omnium
2511 4298 2756 4359 decebat

330 4378 479 4438 hanc
506 4380 887 4457 quaestionem
929 4382 1095 4441 nobis
1137 4400 1385 4455 movere,
1432 4400 1605 4457 quam
1647 4380 1823 4455 longe
1863 4378 2074 4455 potiori
2101 4378 2234 4453 jure
2278 4378 2338 4435 in
2368 4379 2524 4457 ipsos
2549 4399 2753 4457 possu-

335 4476 465 4517 mus
513 4470 883 4538 retorquere;
926 4461 1235 4521 ostendant
1276 4462 1429 4519 enim
1472 4470 1531 4519 et
1578 4458 1690 4536 ipsi
1735 4458 1991 4517 vicissim
2030 4458 2352 4517 vocationis
2394 4480 2512 4518 suae
2550 4462 2750 4519 verita-

330 4544 463 4613 tem,
508 4560 623 4617 qua
664 4542 1005 4601 auctoritate
1050 4540 1377 4615 Pontifices,
1418 4538 1772 4613 cardinales,
1821 4536 2178 4611 Sacerdotes,
2211 4536 2320 4597 Sco.
2350 4540 2490 4599 talia
2517 4560 2758 4599 munera

330 4620 659 4697 usurparint
707 4630 767 4681 et
810 4630 1134 4695 exerceant,
1186 4640 1430 4698 quorum
1474 4618 1637 4679 nulla
1685 4617 1990 4691 institutio,
2043 4617 2268 4678 nullum
2317 4620 2646 4698 exemplum
2695 4621 2758 4677 in

336 4696 630 4775 Scriptura
657 4710 849 4777 potest
878 4699 1274 4776 deprehendi?
