3234 5192
356 383 585 425 msru‘r.
618 364 707 446 x.]
1252 383 1329 422 nn
1360 384 1662 425 suari-:xrs
1694 384 1880 424 ,ι-εκεο.
2649 363 2766 420 375

352 523 565 600 fecerit,
598 545 727 585 cum
758 526 997 586 materia
1024 546 1059 584 a
1090 525 1216 584 Deo
1260 545 1377 584 non
1406 526 1577 586 fuerit
1605 545 1897 605 expressa,
1929 545 2036 582 nec
2061 523 2118 582 ei
2148 522 2472 600 significata
2490 526 2520 582 ¹?
2605 523 2766 581 Deus

348 604 577 665 dixerat
625 606 963 683 simpliciter
990 605 1064 664 ad
1097 607 1319 664 Mosem
1346 629 1360 664 :
1394 609 1428 640 “
1479 611 1545 685 -ῤ
1578 620 1679 684 qm·
1695 620 1803 668 niz-9
1833 605 1923 663 fac
1957 603 2065 662 tibi
2093 612 2416 680 serpentem
2443 603 2762 678 urentem,'’

346 704 468 744 ver..
500 688 557 744 8.
580 695 647 744 et
673 686 745 744 de
777 687 942 746 Mose
971 685 1185 744 dieitur
1206 707 1324 745 ver.
1356 689 1411 761 9,
1442 699 1604 747 r-sv'm
1634 698 1729 745 πέντε
1759 697 1874 745 τιν’τε
1907 697 2040 760 ξος-νε,
2073 694 2131 742 et
2151 685 2288 743 fecit
2311 684 2508 742 Moses
2531 703 2760 760 serpen-

346 773 463 824 tem
520 768 803 826 aeneum.''
888 766 1263 843 Respondent
1322 765 1556 824 Hebraei
1610 761 2018 822 diversimode.
2101 767 2176 823 R.
2207 765 2438 822 Salomo
2481 765 2758 822 rationem

346 844 509 905 ducit
535 866 570 904 a
597 847 891 907 notatione
942 846 1205 905 Nominis
1231 869 1245 906 ε
1292 850 1327 878 “
1347 847 1479 906 Non
1524 843 1740 902 dictum
1790 842 1903 919 ipsi
1951 843 2116 919 fuit‚”
2144 844 2350 922 inquit,
2403 847 2438 878 ‘⁶
2459 851 2524 904 ut
2545 864 2619 902 ex
2649 863 2760 904 aere

346 925 577 1000 faceret,
608 927 711 986 sed
742 929 939 986 Moses
966 927 1249 1004 cogitavit
1270 935 1328 985 et
1356 927 1523 1000 dixit,
1575 925 1738 982 Deus
1764 932 1936 983 vocat
1984 944 2114 983 eum
2157 938 2288 998 zei-:³3
2331 943 2462 982 eum
2508 943 2648 1001 ergo
2675 925 2756 982 fa-

345 1005 533 1064 eiam”
562 1027 637 1064 ex
670 1010 706 1040 ‘⁸
730 1021 835 1070 ι-νυ·
846 1028 901 1070 ru
930 1027 1005 1066 ex
1028 1007 1199 1080 aere,’'
1229 1007 1303 1066 ob
1330 1024 1541 1065 vocum
1562 1003 1897 1063 affinitatem
1919 1012 1978 1063 et
1997 1003 2476 1063 convenientiam.
2569 1005 2757 1064 Nach-

348 1086 609 1144 manides
650 1095 815 1164 putat
865 1089 1091 1146 Mosem
1122 1087 1181 1146 id
1209 1087 1341 1144 ideo
1368 1087 1590 1160 fecisse,
1620 1093 1688 1144 ut
1718 1087 1752 1118 “
1775 1084 1883 1142 hac
1931 1085 2153 1144 ratione
2202 1103 2438 1162 serpens
2485 1086 2594 1144 istc
2622 1086 2759 1144 arti--

346 1165 552 1225 ficialis
580 1169 827 1226 colorem
870 1168 1109 1226 haberet
1150 1167 1431 1244 serpentis
1477 1164 1774 1239 naturalis,
1807 1172 1865 1224 et
1905 1172 2068 1224 tanto
2093 1164 2302 1224 melius
2346 1185 2478 1224 eum
2506 1165 2758 1240 referret,

343 1265 463 1305 non
518 1247 733 1306 vidisse
782 1267 897 1325 qua
949 1249 1169 1308 ratione
1218 1248 1387 1306 aliter
1438 1252 1634 1325 posset
1687 1245 1926 1321 implere
1963 1253 2311 1322 praeceptum
2363 1245 2474 1304 Dei
2530 1245 2602 1304 de
2631 1259 2756 1323 φῶ,

346 1345 519 1402 quam
562 1325 825 1386 faciendo
870 1336 1192 1404 serpentem
1221 1347 1460 1402 aeneum,
1490 1345 1626 1385 nam
1647 1325 1742 1384 hic
1782 1324 1958 1384 refert
1997 1325 2432 1384 similitudinem
2475 1326 2758 1403 serpentis

348 1405 569 1464 urentis
634 1408 729 1466 vel
784 1407 989 1484 igniti3
1044 1427 1177 1467 cum
1227 1417 1523 1486 serpentes
1576 1405 1751 1483 igniti
1817 1403 1933 1464 sint
1986 1405 2294 1465 rubicundi
2370 1405 2554 1464 instar
2628 1407 2758 1464 aeris

346 1485 444 1544 vel
489 1486 667 1564 cupri.
773 1487 897 1546 Alii
937 1507 1054 1546 non
1108 1488 1315 1546 minori
1372 1489 1595 1547 ratione
1637 1486 1747 1544 hoc
1787 1484 2004 1545 factum
2049 1485 2254 1546 volunt
2293 1494 2528 1564 propter
2567 1485 2755 1563 fulgo·

345 1585 469 1625 rem
513 1567 643 1626 aeris
683 1567 865 1644 politi,
910 1577 976 1627 ut
1010 1567 1203 1628 radios
1252 1569 1367 1628 huc
1408 1569 1547 1628 illuc
1583 1565 1976 1642 diffundendO,
2022 1566 2379 1626 commodius
2433 1575 2628 1644 posset
2665 1585 2754 1624 as-

343 1646 459 1722 pici
508 1655 625 1705 tam
668 1667 702 1706 a
737 1649 1017 1726 proximis
1054 1669 1228 1728 quam
1270 1669 1307 1708 a
1346 1648 1599 1708 remotis.
1732 1645 2044 1724 Utcunque
2083 1647 2176 1721 sit,
2217 1655 2436 1706 certum
2492 1665 2618 1706 esse
2657 1646 2756 1704 de-

344 1725 458 1803 bet,
504 1727 749 1804 Mosem,
810 1729 912 1806 qui
956 1728 1064 1788 fuit
1104 1729 1393 1806 Propheta
1445 1729 1573 1802 Dei,
1618 1735 1678 1786 ct
1723 1745 1828 1804 per
1862 1746 2222 1804 consequens
2275 1727 2603 1802 Sela-meuc,
2662 1727 2756 1787 hic

344 1826 461 1866 non
515 1809 747 1886 proprio
785 1809 1065 1869 arbitratu
1111 1810 1421 1888 quicquam
1466 1809 1674 1886 egisse,
1727 1806 1831 1866 sed
1879 1827 1954 1866 ex
2005 1807 2118 1866 Dei
2157 1807 2431 1868 mandato
2480 1809 2604 1868 sive
2652 1827 2752 1866 ex·

342 1887 543 1964 plicito
598 1896 657 1946 et
702 1898 959 1964 externe,
1004 1890 1128 1950 sive
1176 1890 1457 1968 implicito
1498 1899 1557 1948 et
1600 1888 1846 1948 interno.
1925 1889 2106 1946 Porro
2150 1889 2286 1965 quia
2323 1889 2504 1966 quaeri
2543 1896 2751 1966 potest,

342 1967 495 2026 unde
525 1976 743 2027 tantam
771 1970 901 2028 seris
930 1971 1171 2046 copiam,
1202 1990 1333 2047 quae
1359 1968 1760 2046 requirebatur
1786 1967 1862 2026 ad
1899 1967 2180 2046 serpentis
2233 1969 2403 2028 istius
2443 1967 2751 2030 confectio·

342 2067 491 2124 nem,
522 2049 623 2126 qui
652 2049 857 2125 ingens
878 2069 1005 2108 esse
1028 2049 1229 2108 debuit
1254 2049 1331 2107 ad
1357 2048 1670 2108 faciliorem
1719 2057 1808 2106 tot
1852 2048 2178 2126 myriadum
2222 2048 2614 2109 Israelitarum
2663 2068 2752 2108 as-

340 2136 590 2205 pectum,
621 2129 833 2188 habere
876 2129 1129 2206 potuerit
1166 2130 1365 2188 Moses
1391 2131 1419 2188 Ρ
1462 2128 1824 2206 Responderi
1869 2137 2078 2206 potest,
2134 2149 2250 2188 non
2305 2129 2537 2188 aliunde
2578 2129 2756 2189 fuisse

340 2206 759 2284 advehendam,
792 2209 896 2267 sed
922 2229 999 2268 ex
1024 2209 1171 2283 loco,
1202 2210 1261 2267 in
1290 2229 1407 2286 quo
1434 2209 1821 2268 castrametati
1860 2218 2024 2268 erant
2071 2218 2208 2269 tunc
2261 2209 2552 2286 temporis,
2609 2209 2755 2288 peti-

343 2294 461 2345 tam
490 2287 687 2363 fuisse,
718 2288 985 2347 nimirum
1015 2309 1089 2347 ex
1116 2291 1375 2349 Pkevone
1403 2310 1507 2350 seu
1524 2291 1808 2365 Phuvone,
1840 2289 1940 2366 qui
1967 2290 2130 2348 locus
2152 2297 2274 2348 erat
2304 2289 2576 2366 Idumeae,
2625 2290 2754 2348 aeris

342 2365 555 2426 fodinis
582 2368 755 2427 valde
784 2369 1045 2446 insignis,
1076 2379 1143 2430 ut
1170 2371 1481 2430 observant
1500 2379 1724 2430 veteres
1751 2370 2054 2448 loquentes
2081 2369 2154 2429 de
2175 2369 2352 2430 variis
2377 2369 2750 2448 Martyribus,

339 2446 417 2506 ad
444 2449 680 2508 metalla
708 2451 933 2509 Phevon
961 2451 1143 2528 caesis,
1172 2460 1239 2511 ut
1262 2452 1475 2510 Euseb.
1508 2451 1569 2510 li.
1616 2451 1738 2510 viii.
1782 2451 1982 2510 histor.
2011 2471 2060 2510 c.
2097 2455 2188 2526 13,
2219 2459 2278 2510 et
2313 2451 2666 2510 Athanasius
2692 2452 2753 2510 in

338 2529 509 2605 epist.
538 2529 615 2588 ad
646 2529 950 2590 Solitarios
978 2541 1189 2608 narrat,
1222 2533 1575 2610 Eutychium
1605 2532 1681 2591 ad
1709 2532 2007 2590 metallum
2037 2531 2212 2591 fuisse
2241 2531 2498 2606 missum,
2530 2552 2638 2591 nec
2659 2551 2753 2590 so-

340 2607 460 2668 lum
516 2609 592 2668 ad
620 2611 933 2686 metallum,
966 2612 1069 2671 sed
1118 2613 1191 2671 ad
1242 2613 1539 2672 metallum
1564 2613 1824 2670 Phevon.
1909 2612 1988 2670 Et
2015 2612 2226 2670 clarius
2270 2611 2664 2688 Hieronymus
2692 2610 2754 2669 in

344 2687 532 2766 Locis,
568 2693 604 2724 “
624 2691 886 2765 Fevon,’'
916 2692 1121 2769 inquit,
1157 2697 1393 2751 “castra
1428 2691 1678 2750 filiorum
1725 2691 1961 2750 Israelis
2009 2691 2070 2749 in
2115 2690 2380 2750 deserto:
2423 2690 2532 2750 fuit
2559 2699 2754 2750 autem

339 2771 631 2845 quondam
660 2771 867 2830 civitas
898 2771 1225 2849 Principum
1260 2773 1468 2847 Edem,
1518 2791 1672 2830 nunc
1701 2771 1928 2829 viculus
1957 2771 2018 2828 in
2061 2770 2306 2844 desertO,
2339 2771 2438 2828 ubi
2476 2771 2606 2828 aeris
2634 2789 2753 2827 me-

336 2850 479 2908 talla
506 2850 904 2909 damnatorum
958 2851 1255 2928 suppliciis
1299 2850 1709 2924 effodiuntur,”
1761 2847 1868 2908 Sto.
1955 2850 2028 2908 In
2067 2868 2134 2906 eo
2179 2857 2370 2907 autem
2398 2849 2526 2908 loeo
2575 2849 2753 2908 fuisse

340 2929 633 2989 Israelitas
662 2938 925 3006 constat;
970 2930 1107 2991 lieet
1134 2930 1288 2988 enim
1314 2931 1511 2988 Moses
1539 2929 1776 3006 praecise
1805 2947 1922 2986 non
1950 2927 2122 3002 dicat,
2143 2929 2204 2985 in
2225 2947 2340 3004 quo
2368 2926 2498 2985 loco
2527 2936 2752 2988 erectus

336 3007 509 3067 fuerit
536 3009 645 3068 iste
674 3028 927 3086 serpens,
959 3021 1151 3068 tamen
1181 3009 1477 3085 colligitur
1502 3026 1619 3066 non
1669 3007 1912 3065 obscure
1939 3026 2015 3064 ex
2061 3025 2146 3081 ec,
2171 3007 2326 3083 quod
2355 3005 2496 3066 dicit
2525 3007 2751 3066 Isra‘e'li·

335 3097 427 3146 tas
455 3086 589 3146 inde
616 3088 904 3165 profectos
933 3097 1121 3148 castra
1150 3089 1411 3165 posuisse
1461 3088 1521 3145 in
1568 3086 1779 3162 oboth,
1829 3086 2002 3145 Num.
2051 3087 2174 3144 xxi.
2205 3089 2295 3162 10,
2319 3087 2442 3162 jam
2471 3107 2548 3145 ex
2577 3087 2750 3147 Num.

336 3167 547 3226 xxxiii.
614 3171 711 3243 43,
764 3176 991 3227 constat
1046 3168 1203 3246 quod
1251 3187 1327 3228 ex
1386 3170 1422 3200 “
1447 3167 1730 3226 Phuvone
1782 3166 2026 3244 profecti
2080 3175 2269 3226 castra
2320 3177 2638 3244 posuerunt
2690 3168 2751 3228 in

336 3247 586 3308 Oboth.'’

336 3368 589 3426 Serpentis
603 3369 816 3415 Erectio.
942 3331 1027 3389 X.
1074 3331 1217 3389 Post
1245 3329 1525 3408 serpentis
1570 3329 1986 3389 confectionem
2026 3329 2286 3406 sequitur
2323 3330 2450 3408 ejus
2497 3331 2747 3406 Erectrb,

858 3431 1033 3489 quam
1058 3411 1217 3470 Deus
1244 3410 1505 3488 praecipit
1533 3410 1706 3486 Mosi,
1729 3419 1795 3470 ut
1821 3410 1898 3470 ad
1925 3410 2050 3488 ejus
2079 3419 2372 3489 aspectum
2411 3420 2750 3472 sanarentur

336 3494 514 3552 morsi
541 3515 576 3554 a
598 3491 997 3572 serpentibus:
1044 3494 1079 3526 “
1110 3492 1229 3550 Fae
1276 3492 1386 3551 tibi
1434 3499 1756 3568 serpentem
1797 3501 2078 3566 urentem,
2107 3498 2238 3555 οὐ,
2259 3517 2348 3556 επις
2369 3505 2458 3565 nb,
2494 3491 2571 3551 Et
2597 3512 2748 3570 pone

334 3593 466 3634 eum
490 3595 663 3652 super
681 3571 965 3652 lignum,”
995 3571 1089 3632 vel
1112 3572 1171 3629 in
1192 3571 1433 3650 lignum,
1458 3573 1588 3630 “Et
1616 3572 1726 3630 erit
1741 3571 2070 3650 quicunque
2098 3590 2322 3630 morsus
2349 3568 2536 3646 fuerit,
2561 3583 2622 3631 et
2648 3572 2747 3630 ad-

334 3655 593 3730 spexerit
618 3655 799 3729 illum,
848 3661 984 3712 tunc
1012 3652 1230 3710 vivet.’'
1314 3651 1449 3711 Vox
1498 3669 1553 3709 o:
1596 3651 1984 3711 diversimode
2012 3651 2272 3710 redditur
2307 3651 2380 3708 ab
2412 3651 2746 3728 Interpreti-

334 3733 463 3792 bus.
546 3733 795 3808 Quidam
823 3733 1029 3792 volunt
1047 3733 1264 3810 siquam
1291 3732 1387 3792 hic
1431 3733 1741 3809 designari,
1773 3741 1830 3790 et
1857 3732 2022 3791 reddi
2051 3733 2110 3791 in
2135 3731 2369 3808 signum,
2421 3739 2487 3789 ut
2514 3731 2590 3789 sit
2617 3730 2748 3790 vice

335 3813 506 3890 signi,
530 3824 595 3872 ut
622 3811 713 3872 ’ἢν
768 3823 1018 3892 ponatur
1069 3832 1175 3890 pro
1201 3808 1311 3874 ka«.
1366 3812 1450 3872 sic
1502 3813 1702 3890 Syrus,
1737 3812 1910 3871 Aben
1959 3813 2128 3887 Ezra,
2177 3811 2589 3886 Hieronymus,
2647 3811 2749 3887 qui

330 3903 634 3971 exponunt
674 3899 773 3958 ras
817 3895 875 3952 in
901 3894 1155 3970 siqnum:
1201 3891 1318 3952 Sed
1344 3893 1535 3952 minus
1555 3893 1872 3968 commode,
1921 3892 2060 3969 quia
2097 3910 2215 3949 non
2243 3897 2360 3948 tam
2411 3889 2750 3967 designatur

330 3973 463 4032 finis
492 3973 813 4043 erectionis,
842 3993 1016 4052 quam
1042 3973 1249 4032 modus
1278 3974 1374 4031 vel
1401 3973 1744 4049 subjectum,
1784 3973 1848 4030 in
1874 3991 1988 4050 quo
2017 3970 2232 4031 elevari
2261 3969 2478 4042 debuit,
2509 3979 2574 4030 ut
2602 3990 2744 4047 prae-

332 4054 545 4132 positio
572 4057 663 4116 ’·-πο
694 4054 847 4114 clare
875 4053 1110 4114 evincit.
1196 4053 1475 4128 Quamvis
1502 4053 1654 4111 enim
1685 4053 1786 4111 illa
1807 4051 2088 4130 serpentis
2125 4049 2270 4109 aenei
2297 4049 2518 4126 effigies
2544 4069 2748 4109 revera

330 4133 505 4194 fuerit
546 4133 776 4210 signum
804 4155 873 4194 ac
900 4144 1075 4212 typus
1118 4134 1351 4192 Messiae
1396 4132 1787 4210 crucifigendi,
1834 4141 1902 4192 ut
1943 4152 2019 4190 ex
2059 4130 2385 4206 Evangelio
2414 4129 2743 4208 colligitur3

330 4215 393 4273 id
420 4224 615 4274 tamen
642 4235 757 4274 non
788 4223 902 4274 tam
932 4234 1008 4273 ex
1036 4214 1165 4274 istis
1192 4213 1403 4288 verbiS,
1436 4233 1610 4290 quam
1660 4233 1735 4271 ex
1761 4221 1885 4271 tota
1937 4211 2021 4270 rei
2065 4209 2389 4269 narratione
2433 4210 2746 4286 colligitur.

333 4295 455 4354 Nec
483 4295 663 4354 verba
691 4294 849 4354 aliud
896 4295 1123 4370 docent,
1168 4313 1339 4370 quam
1390 4292 1549 4369 quod
1597 4291 1816 4368 effigies
1845 4292 1946 4349 illa
1973 4311 2009 4349 a
2053 4291 2221 4350 Mose
2249 4289 2312 4348 in
2345 4290 2579 4349 sublimi
2607 4292 2742 4368 poni

330 4374 615 4448 debuerit,
644 4385 711 4435 ut
740 4377 846 4435 toti
874 4375 1088 4453 populo
1118 4374 1429 4450 conspicua
1454 4379 1625 4444 esset,
1658 4391 1828 4447 super
1875 4371 2106 4430 excelsa
2153 4370 2348 4447 aliqua
2375 4369 2537 4429 trabe
2567 4373 2742 4431 collo-

333 4467 499 4516 cata:
547 4455 719 4515 Unde
749 4455 1061 4533 Cajetanus
1117 4462 1270 4512 recte
1325 4452 1650 4510 versionem
1700 4451 1858 4508 illam
1915 4450 2277 4527 Hieronymi,
2328 4454 2485 4528 “pro
2514 4451 2741 4530 sign0,'’

332 4535 719 4612 reprehendit,
747 4539 783 4569 ‘⁸
800 4536 991 4595 Juxta
1020 4533 1351 4604 Hebraeum,
1382 4551 1533 4609 pone
1561 4551 1693 4589 eum
1740 4550 1912 4607 super
1938 4531 2230 4607 perticam,
2261 4531 2407 4589 nihil
2427 4530 2638 4592 dicitur
2671 4533 2744 4593 de

334 4616 519 4692 signo,
552 4615 655 4674 sed
681 4615 963 4674 locandus
993 4632 1165 4691 super
1191 4612 1441 4690 stipitem
1481 4611 1738 4686 ligneum
1788 4611 2130 4688 decernitur,
2175 4630 2294 4670 non
2341 4632 2480 4692 ergo
2511 4632 2746 4692 serpens

328 4706 387 4752 et
420 4695 639 4771 lignum
688 4695 860 4770 idem,
914 4694 1015 4754 sed
1064 4713 1236 4771 super
1288 4691 1509 4768 lignum
1543 4693 1834 4770 serpens.”
1921 4691 2122 4770 Longe
2179 4693 2532 4752 commodius
2561 4695 2659 4752 alii
2690 4717 2744 4754 ω
