3234 5192
309 321 541 361 msrcr.
573 299 646 382 1.]
1053 320 1278 360 xos‘rna
1311 322 1389 360 Aa
1423 323 1699 362 acetssra
1732 325 1995 364 nonan.
2658 316 2726 372 17

303 461 734 522 scelestissimis
763 461 892 538 ejus
921 461 1224 520 conatibus
1251 462 1587 521 obsistendo
1608 467 1637 522 P
1681 464 1768 522 Ea
1794 464 1904 524 fuit
1930 467 2155 542 piorum
2185 469 2472 544 conditio;
2521 481 2721 532 sterte-

301 541 446 601 bant
477 543 756 601 Rectores
787 541 1084 616 Ecclesiae,
1115 541 1231 600 imo
1261 542 1371 618 ipsi
1391 561 1629 619 gregem
1653 542 1865 603 Christi
1896 547 2103 605 misere
2120 549 2472 609 seducebant
2494 563 2551 610 et
2570 553 2723 612 hosti

299 621 623 682 tradebant.
705 620 860 695 Quid
887 621 1096 680 mirum
1119 641 1276 698 erg0,
1307 621 1357 680 si
1385 621 1604 698 fideles,
1637 623 1917 683 divinitus
1938 626 2176 685 excitati
2198 627 2257 685 in
2278 631 2722 705 praesentissimo

299 701 413 760 hoc
453 701 712 779 periculo
755 709 814 760 et
855 720 1094 760 summae
1135 701 1496 760 necessitatis
1537 722 1693 774 casu,
1740 703 1852 760 sibi
1894 705 2179 781 salutique
2230 727 2348 766 suae
2396 713 2721 786 prospicere

301 790 436 841 ante
466 782 660 840 omnia
687 780 880 840 conati
909 781 1042 854 sint,
1074 779 1396 838 desertores
1437 791 1496 840 et
1535 782 1864 858 perduelles
1894 784 2229 860 deserendO,
2261 797 2325 846 ut
2373 788 2545 847 fidem
2574 792 2717 850 inte-

301 869 578 920 meratam
621 879 890 938 supremo
934 859 1188 936 Principi
1229 869 1288 918 et
1329 861 1484 918 Duci
1527 861 1758 919 Christo
1800 869 2257 925 conservarent?
2342 867 2459 926 Sed
2500 869 2571 928 de
2626 870 2717 930 his

299 950 504 1018 postea
543 941 746 1014 fusius,
791 959 922 998 cum
963 938 1036 998 de
1078 940 1374 998 Vocatione
1416 942 1877 1014 Refer-matorum
1918 943 2329 1020 disputandum
2370 947 2521 1021 erit;
2564 969 2717 1010 nunc

301 1020 490 1079 obiter
515 1030 748 1080 notasse
777 1019 1038 1094 sufficiat,
1081 1039 1198 1076 non
1241 1019 1496 1096 potuisse
1539 1021 2002 1081 reformationem
2044 1024 2118 1082 ab
2146 1025 2219 1082 iis
2264 1029 2573 1104 expectari,
2614 1031 2715 1107 qui

301 1099 732 1160 deformitatum
761 1107 820 1158 et
847 1099 1300 1176 corruptelarum
1329 1101 1711 1159 maximarum
1754 1101 1851 1160 vel
1892 1113 2123 1162 autores
2172 1116 2353 1181 erant,
2385 1108 2479 1166 vel
2508 1127 2712 1185 appro-

299 1179 548 1240 batores.
633 1183 690 1239 5.
736 1179 1000 1256 Denique
1029 1180 1210 1256 gratis
1239 1199 1465 1254 semper
1493 1181 1833 1258 supponitur
1860 1182 2004 1240 tales
2033 1183 2247 1243 abusus
2276 1195 2333 1244 et
2360 1189 2715 1265 corruptelas

297 1279 418 1318 non
443 1259 639 1334 fuisse,
678 1267 912 1337 propter
947 1277 1092 1336 quas
1121 1257 1505 1318 secedendum
1539 1259 1729 1318 fuerit.
1828 1261 1961 1320 Hoc
1990 1261 2179 1338 ipsum
2212 1266 2363 1323 enim
2394 1277 2482 1326 est
2509 1295 2568 1326 το
2602 1295 2708 1350 nge·

299 1338 500 1415 νέμων,
531 1340 696 1415 cujus
724 1339 1072 1397 contrarium
1097 1338 1418 1397 rationibus
1447 1339 1625 1397 variis
1638 1339 1881 1414 jamjam
1912 1359 2109 1399 sumus
2136 1344 2449 1420 probaturi,
2482 1369 2555 1406 ex
2584 1351 2709 1426 qui-

299 1419 416 1477 bus
444 1417 728 1477 constabit
753 1437 956 1477 causas
985 1417 1290 1477 secedendi
1332 1417 1500 1476 nobis
1540 1439 1659 1476 nou
1700 1418 1877 1476 fuisse
1920 1428 2161 1495 tantum,
2206 1421 2305 1480 vel
2343 1443 2531 1484 mores
2574 1427 2711 1486 cleri

301 1497 779 1575 corruptissimos,
811 1499 910 1575 qui
937 1507 1130 1558 tamen
1158 1497 1356 1558 multis
1382 1497 1590 1574 ingens
1634 1497 1967 1556 scandalum
2015 1500 2369 1576 praebebant,
2401 1505 2495 1562 vel
2538 1503 2709 1566 disci-

296 1577 474 1654 plinae
501 1577 710 1637 laxatae
737 1578 930 1637 varios
969 1578 1202 1652 abusus,
1247 1577 1344 1636 vel
1385 1597 1606 1636 errores
1648 1585 1873 1636 tantum
1915 1579 2195 1655 quosdam
2226 1581 2387 1640 leves
2414 1592 2473 1641 et
2502 1585 2708 1644 tolera·

297 1657 462 1733 biles,
495 1657 598 1717 sed
618 1657 994 1736 gravissimos
1021 1666 1080 1716 et
1107 1658 1430 1717 teterrimos
1459 1657 1800 1734 complures,
1832 1677 1979 1734 quos
2020 1660 2291 1737 amplecti
2332 1662 2427 1721 vel
2454 1664 2711 1740 profiteri

295 1737 422 1806 sine
449 1737 654 1797 salutis
680 1737 982 1814 dispendio
1007 1757 1126 1796 non
1153 1747 1500 1814 poteramus.

377 1817 673 1876 XXXII.
739 1817 870 1875 Hoc
931 1819 1120 1894 ipsum
1161 1837 1299 1875 vero
1343 1825 1406 1876 ut
1461 1816 1937 1894 demonstremus,
2003 1823 2053 1880 1.
2098 1820 2172 1879 de
2212 1823 2499 1882 erroribus
2554 1826 2709 1886 circa

277 1899 462 1974 fidem
501 1895 826 1970 dicendum,
872 1906 1180 1973 antequam
1219 1897 1296 1954 ad
1337 1897 1556 1955 cultum
1599 1906 1658 1955 et
1700 1898 1959 1974 regimen
2015 1899 2453 1962 descendamus.
2565 1905 2705 1964 Tale

297 1985 490 2036 autem
517 1977 686 2037 nobis
713 1985 838 2036 esto
865 1977 1182 2054 principale
1209 1985 1631 2052 argumentum.
1716 1977 1817 2036 Ab
1858 1978 2103 2038 ecclesia
2140 1981 2426 2058 haeretica,
2472 1992 2531 2042 et
2577 2004 2706 2061 quae

295 2057 644 2135 multiplices
683 2077 906 2116 errores
946 2057 1221 2133 capitales
1263 2065 1322 2115 et
1362 2055 1823 2116 fundamentales
1864 2058 2039 2134 fovet,
2084 2062 2409 2120 necessario
2438 2063 2705 2123 secedere

293 2145 589 2212 tenemur;
633 2145 696 2196 at
739 2136 1000 2195 Ecclesia
1045 2137 1310 2194 Romana
1350 2136 1484 2194 talis
1531 2145 1659 2210 est;
1704 2155 1845 2214 ergo
1886 2138 1961 2196 ab
2002 2158 2073 2197 ea
2112 2140 2495 2200 secedendum
2538 2144 2706 2204 nobis

293 2215 417 2276 fuit.
503 2218 696 2295 Major
733 2224 900 2288 extra
938 2216 1388 2276 controversiam
1429 2225 1519 2274 est
1559 2217 1763 2292 posita,
1808 2217 2275 2294 quandoquidem
2316 2220 2477 2280 nulla
2516 2232 2708 2300 potest

293 2315 420 2355 esse
448 2296 776 2356 communio
801 2297 917 2354 luci
944 2317 1076 2355 cum
1111 2295 1378 2368 tenebris,
1409 2296 1640 2354 veritati
1668 2317 1801 2356 cum
1827 2296 2147 2374 mendacio,
2180 2299 2409 2358 Christo
2432 2320 2561 2359 cum
2592 2303 2703 2363 Be-

291 2375 408 2451 lial,
441 2381 476 2434 2
509 2377 639 2436 Cor.
681 2375 762 2434 vi.
809 2379 900 2450 14,
950 2379 1041 2449 15,
1091 2379 1182 2450 16,
1227 2385 1287 2434 et
1327 2395 1419 2434 res
1459 2376 1586 2451 ipsa
1626 2375 1897 2452 loquitur,
1943 2377 2187 2436 salutem
2230 2379 2541 2440 consistere
2588 2401 2706 2442 non

291 2473 460 2531 posse
503 2457 744 2516 subruto
785 2455 914 2531 ejus
955 2454 1345 2514 fundamento.
1431 2454 1604 2514 Unde
1646 2455 1863 2516 Paulus
1910 2457 2201 2516 hominem
2248 2459 2599 2538 haereticum,
2646 2472 2705 2522 et

291 2536 391 2612 qui
429 2555 602 2596 sanos
643 2555 936 2595 sermones
979 2535 1215 2594 Domini
1257 2535 1437 2594 nostri
1478 2535 1522 2594 J
1524 2555 1629 2594 esu
1670 2537 1885 2596 Christi
1927 2545 1985 2596 et
2026 2537 2345 2597 doctrinam
2388 2540 2705 2602 secundum

291 2615 562 2692 pietatem
595 2636 713 2675 non
754 2616 978 2690 retinet,
1009 2614 1208 2691 fugere
1236 2615 1420 2692 jubet,
1457 2618 1486 2672 l
1519 2615 1668 2675 Tim.
1712 2616 1790 2674 vi.
1822 2619 1877 2690 3,
1908 2620 1965 2692 4,
1998 2619 2053 2692 5,
2084 2626 2143 2676 et
2185 2623 2219 2676 2
2251 2619 2454 2678 Thess.
2484 2621 2565 2680 iii.
2611 2625 2702 2682 14.

292 2694 452 2772 Ergo
479 2704 604 2755 tota
647 2697 722 2755 lis
763 2703 852 2754 est
893 2695 966 2754 de
1007 2695 1244 2770 minore,
1289 2701 1354 2754 ut
1393 2694 1702 2771 probemus
1744 2695 1891 2754 tales
1932 2716 2059 2756 esse
2104 2697 2381 2758 Romanae
2426 2701 2703 2762 Ecclesiae

291 2793 528 2852 errores,
581 2777 682 2852 qui
727 2774 1164 2834 fundamentum
1206 2775 1394 2850 ipsum
1437 2774 1641 2833 salutis
1682 2787 2036 2852 oppugnent,
2081 2785 2139 2835 et
2178 2777 2425 2836 haeresin
2474 2779 2703 2842 faciant.

295 2853 426 2913 Hoc
454 2865 645 2915 autem
675 2854 842 2915 facile
871 2855 1060 2914 evinci
1087 2855 1315 2931 poterit,
1347 2853 1398 2912 si
1438 2863 1496 2912 et
1538 2854 1973 2914 fundamentum
2016 2857 2205 2932 ipsum
2247 2859 2601 2933 respicimus,
2646 2871 2705 2918 et

817 2934 1250 2994 Pontificiorutn
1277 2933 1430 2991 circa
1457 2933 1600 2991 illud
1636 2934 1975 2992 doctrinam.
2079 2937 2533 2994 Fundamentum
2570 2939 2701 2996 reli-

293 2997 567 3102 Qffi‘ssntffss
590 3001 772 3104 gfff*
815 3015 1005 3092 gionis
1034 3033 1212 3090 quum
1233 3012 1496 3086 dicimus,
1527 3012 1909 3088 intelligimus
1950 3011 2267 3070 doctrinam
2298 3033 2541 3090 omnem,
2572 3037 2702 3093 quae

705 3091 716 3102 “
815 3095 897 3154 ita
924 3092 1000 3153 ad
1029 3093 1272 3152 salutem
1302 3091 1524 3149 creditu
1551 3099 1610 3148 et
1638 3091 1795 3148 factu
1820 3088 2144 3150 necessaria
2170 3101 2275 3167 est,
2308 3103 2372 3152 ut
2398 3093 2617 3172 absque
2634 3117 2703 3158 ea

295 3189 464 3229 nemo
519 3170 750 3232 adultus
792 3173 1010 3232 servari
1067 3171 1265 3250 possit.
1351 3170 1493 3246 Quae
1535 3189 1655 3228 vox
1698 3190 1733 3228 a
1781 3169 1825 3229 J
1828 3169 2009 3229 udaeis
2053 3171 2236 3248 primo
2278 3183 2367 3232 est
2406 3187 2699 3254 usurpata,

293 3251 396 3328 qui
447 3251 738 3329 praecipua
783 3252 1081 3330 religionis
1137 3252 1412 3328 dogmata
1465 3249 1578 3309 hoc
1641 3250 1873 3310 nomine
1929 3250 2233 3329 designare
2297 3254 2577 3333 solebant,
2636 3268 2703 3318 ut

287 3332 666 3390 Maimom‘des
705 3333 870 3392 initio
923 3332 1268 3391 nobilissimi
1309 3330 1514 3408 operis,
1544 3329 1704 3408 quod
1744 3353 1797 3386 -m
1846 3331 2072 3407 dicitur,
2118 3353 2187 3391 eo
2229 3353 2369 3392 usus
2422 3345 2513 3395 est
2559 3361 2700 3400 *enm

289 3435 418 3484 vm,
443 3410 504 3469 id
525 3420 630 3486 est,
637 3412 1453 3487 fiandamenmmfhndamenti,
1471 3420 1524 3470 et
1538 3415 1797 3470 columna
1812 3412 2101 3486 sapientioe
2116 3414 2233 3470 ἠως
2250 3425 2342 3489 est,
2359 3425 2421 3472 ut
2438 3417 2695 3492 sciamuS,

287 3493 443 3566 quod
457 3493 531 3548 sit
549 3493 954 3568 Eram-imum,
981 3493 1087 3568 ἄση
1119 3512 1256 3551 mox
1285 3490 1360 3549 ab
1382 3490 1689 3567 Apostolis
1716 3490 1791 3549 ad
1818 3492 2096 3567 mysteria
2126 3493 2485 3571 Evangelica
2512 3505 2697 3555 trans-

285 3569 406 3629 lata
432 3579 540 3646 est,
594 3574 623 3628 l
672 3573 804 3633 Cor.
847 3573 930 3631 iii.
980 3575 1070 3646 11,
1117 3571 1267 3648 Eph.
1313 3571 1372 3630 ii.
1425 3573 1520 3644 20,
1567 3570 1722 3629 Heb.
1766 3571 1845 3628 vi.
1901 3574 1952 3629 1.
2038 3571 2127 3630 Ea
2168 3593 2325 3648 ver0,
2370 3583 2435 3633 ut
2475 3586 2693 3650 notum,

285 3651 680 3728 metaphorica
705 3660 812 3725 est,
843 3661 902 3711 et
929 3651 1004 3710 ab
1033 3650 1292 3710 aedificiis
1334 3651 1532 3728 petita,
1579 3649 1729 3708 sicut
1756 3651 1909 3708 enim
1936 3651 2049 3710 ista
2076 3651 2295 3728 absque
2323 3653 2697 3714 fundamento

285 3738 437 3788 stare
465 3749 584 3788 non
611 3740 870 3809 possunt,
902 3731 1004 3790 sed
1033 3739 1306 3790 corruunt
1346 3730 1520 3803 illico,
1552 3729 1633 3788 ita
1674 3728 1891 3804 fideles,
1922 3730 2025 3806 qui
2066 3739 2201 3790 sunt
2248 3731 2454 3791 domus
2484 3733 2613 3806 Dei,
2663 3738 2691 3792 1

287 3809 416 3868 Cor.
445 3809 528 3868 iii.
556 3813 648 3885 16,
681 3819 834 3870 stare
861 3819 1172 3888 nequeunt.
1195 3811 1311 3869 nisi
1347 3809 1623 3868 doctrinae
1666 3809 1763 3868 isti
1806 3809 2043 3868 salutari
2084 3819 2356 3888 tanquam
2386 3821 2563 3888 petrae
2594 3813 2695 3872 im-

283 3889 486 3948 mobili
513 3890 848 3966 innitantur,
877 3891 952 3950 ab
993 3910 1176 3967 eaque
1217 3896 1629 3962 sustentantur,
1675 3889 1819 3947 Mat.
1863 3889 1962 3947 vii.
1994 3893 2089 3964 24,
2131 3893 2227 3948 25.
2313 3889 2693 3963 Quemadmo-

285 3968 422 4028 dum
451 3989 590 4028 vero
618 3972 816 4049 reliyio
847 3971 1176 4030 Christiana
1201 3968 1426 4029 duabus
1481 3968 1744 4046 partibus
1780 3969 2143 4045 potissimum
2192 3969 2529 4044 absolvitur,
2572 3973 2697 4048 fide

282 4057 342 4107 et
360 4051 528 4124 cultu,
558 4051 790 4110 veritate
811 4059 870 4110 et
888 4052 1114 4127 pietate,
1161 4049 1298 4107 hinc
1339 4049 1469 4108 duae
1517 4057 1711 4125 partes
1754 4048 1923 4108 istius
1970 4047 2329 4116 fundamenti
2378 4048 2557 4124 vulgo
2606 4071 2693 4110 re·

283 4137 626 4189 censentur:
667 4131 864 4204 altera,
895 4151 1024 4208 quae
1033 4129 1183 4208 fidei
1206 4131 1474 4206 doymata
1501 4126 1917 4205 complectitur,
1959 4136 2018 4187 et
2060 4148 2189 4204 quae
2216 4129 2531 4202 Evanyelio
2559 4149 2695 4188 con·

283 4207 515 4284 tinetur,
566 4209 764 4284 altera,
810 4230 940 4286 quse
989 4229 1208 4268 morum
1251 4217 1544 4286 proecepta
1573 4207 1767 4283 tradit,
1798 4216 1858 4266 et
1898 4209 2052 4282 Leye
2080 4205 2454 4280 describitur;
2500 4207 2600 4266 illa
2626 4215 2695 4270 ul

280 4289 548 4368 suenus)
588 4297 648 4349 et
687 4289 991 4364 credenda,
1035 4290 1150 4350 ista
1189 4309 1328 4348 vero
1375 4291 1443 4346 τὸ
1484 4289 1745 4366 πρακτικὰ
1786 4297 1845 4345 et
1885 4285 2147 4344 facienda
2184 4286 2470 4363 proponit.
2556 4289 2697 4364 Quae

283 4387 420 4446 ergo
463 4370 524 4429 in
565 4389 740 4429 unam
781 4369 879 4428 vel
919 4369 1174 4442 alteram,
1219 4369 1316 4428 vel
1356 4377 1659 4444 utramque
1700 4365 2060 4425 fundamenti
2100 4364 2269 4423 istius
2310 4377 2529 4444 partem
2558 4369 2692 4430 doe-

281 4449 434 4508 trina
473 4448 766 4528 impingit,
777 4449 1230 4524 fiandamentalis
1259 4467 1426 4508 error
1467 4446 1695 4519 dicitur,
1740 4465 1871 4503 cum
1898 4463 2015 4520 quo
2044 4443 2201 4504 salus
2242 4447 2555 4508 consistere
2596 4469 2696 4510 ne-

283 4527 424 4604 quit.
729 4563 736 4573 ·

2290 4625 2323 4662 s

624 4665 668 4678 w
