3234 5192
472 310 591 371 200
1274 335 1354 379 ns
1382 338 1744 383 messanam
1773 340 2122 383 sncsssronn
2472 318 2731 402 [nrsrur.
2761 314 2898 383 vm.

474 470 533 529 id
562 480 650 531 est
678 472 985 551 doctrinas,
1016 496 1133 537 non
1160 478 1392 555 quidem
1422 480 1686 541 absolute
1705 481 2006 541 hiereticas
2032 489 2092 540 et
2127 481 2408 557 exitiales,
2455 478 2566 559 (sic
2591 481 2746 539 enim
2775 501 2893 540 ser-

474 552 600 611 vari
627 572 743 611 non
764 556 1026 636 possent)
1070 556 1176 617 sed
1197 579 1392 635 vanas,
1424 561 1681 619 curiosas
1722 570 1781 621 et
1821 561 2074 637 inutiles,
2115 562 2548 639 heterogeneas,
2591 569 2652 619 et
2689 580 2893 637 parum

474 633 889 708 respondentes
916 636 1276 697 fundamenti
1317 642 1684 716 praestantiae.
1768 642 1930 700 Bene
1952 661 2091 719 ergo
2111 642 2247 700 hinc
2275 641 2642 715 concluseris,
2673 640 2733 697 in
2761 640 2894 698 sinu

479 710 759 771 Ecclesiae
788 734 956 790 posse
1006 716 1132 775 dari
1176 719 1322 777 tales
1366 718 1652 795 doctores,
1703 721 1804 798 qui
1851 741 1969 779 non
2015 723 2125 781 rite
2152 742 2256 799 per
2299 721 2492 779 omnia
2517 720 2772 778 muneris
2803 719 2894 778 sui

476 800 669 866 partes
697 792 1011 869 impleant;
1056 795 1159 855 sed
1206 798 1356 856 male
1400 798 1644 877 colliges
1671 801 2132 860 communionem
2175 802 2289 860 coli
2315 820 2484 878 posse
2513 820 2644 858 cum
2671 799 2761 875 iis,
2791 799 2894 876 qui

478 880 672 929 errant
699 872 1219 935 fundamentaliter.

560 950 881 1009 XXXIV.
926 952 1061 1012 Hoc
1087 963 1282 1015 tamen
1308 956 1479 1016 tertio
1508 958 1774 1020 evincere
1803 969 2084 1021 conantur
2109 980 2184 1020 ex
2212 958 2668 1019 Lullia-anorum
2696 976 2889 1017 exem·

478 1028 595 1104 plo.
630 1104 643 1121 ο
678 1029 829 1087 Nam
858 1030 909 1089 si
937 1052 1069 1091 cum
1095 1034 1213 1093 illis
1241 1038 1684 1113 syneretismum
1710 1040 1856 1099 inire
1895 1060 2014 1101 non
2049 1060 2398 1115 recusamus,
2429 1039 2530 1116 qui
2555 1058 2675 1098 non
2701 1038 2896 1097 minus

480 1119 735 1185 gravlter
762 1120 955 1183 errant
979 1113 1042 1170 in
1069 1115 1311 1174 articulo
1335 1116 1407 1175 de
1448 1138 1613 1177 coena
1633 1119 1971 1197 Pontificiis,
2015 1120 2218 1198 quidni
2237 1120 2552 1199 poterimus
2579 1117 2742 1177 illum
2763 1137 2894 1175 cum

483 1188 803 1247 Pontificiis
828 1192 1045 1267 pariter
1070 1194 1215 1253 inire
1232 1198 1263 1253 ¹?
1306 1196 1472 1257 Licet
1500 1219 1638 1259 vero
1667 1200 1739 1259 de
1767 1200 1880 1259 hoc
1905 1207 2248 1277 argumento
2273 1198 2539 1276 quaedam
2572 1198 2698 1274 jam
2739 1197 2896 1256 dicta

484 1267 615 1343 sint,
652 1269 817 1346 Disp.
848 1270 969 1330 ΙΙΙ.
1000 1272 1110 1332 Th.
1140 1278 1236 1348 22,
1268 1273 1397 1351 &c.,
1441 1278 1577 1355 quia
1602 1288 1798 1339 tamen
1843 1279 1990 1337 nihil
2033 1279 2210 1339 ferme
2258 1287 2364 1354 est,
2414 1278 2574 1355 quod
2615 1277 2806 1351 toties,
2837 1284 2900 1334 et

481 1356 643 1407 tanto
672 1369 803 1407 cuin
829 1349 1031 1411 ardore
1058 1372 1095 1411 a
1120 1354 1497 1416 missionariis
1524 1367 1583 1418 et
1623 1359 1752 1419 aliis
1791 1360 2100 1437 pontificiae
2127 1358 2545 1418 communionis
2570 1356 2904 1416 hominibus

483 1427 659 1520 objici
688 1429 871 1489 soleat
898 1440 957 1489 et
984 1434 1195 1511 urgeri,
1226 1435 1371 1495 adeo
1390 1445 1453 1496 ut
1480 1436 1615 1497 hinc
1638 1438 1814 1497 animi
1841 1438 2059 1516 injusto
2081 1446 2140 1497 et
2159 1438 2437 1515 pertinaci
2464 1438 2526 1495 in
2555 1438 2625 1495 E.
2657 1438 2730 1495 R.
2759 1436 2898 1495 odio

485 1509 704 1601 incensi
726 1529 831 1568 nos
858 1510 1231 1590 insimulent;
1277 1523 1341 1573 ut
1368 1516 1469 1592 qui
1496 1517 1570 1575 ab
1598 1536 1668 1576 ea
1696 1519 2078 1577 secessionem
2108 1516 2429 1589 fecerimus,
2459 1515 2599 1573 etin
2625 1535 2694 1573 ea
2721 1515 2894 1592 perti-

484 1597 701 1647 naciter
728 1608 1177 1667 perseveremua
1208 1614 1339 1665 cum
1367 1614 1485 1653 non
1513 1596 1898 1655 detrectemus
1935 1596 2392 1655 Lutheranorum
2417 1594 2896 1667 communionem,

484 1688 521 1724 a
546 1668 757 1744 quibus
784 1670 941 1729 haud
967 1673 1157 1732 minus
1200 1681 1396 1732 tamen
1436 1675 1647 1751 justas,
1697 1676 2002 1752 minusque
2045 1673 2284 1732 idoneas
2310 1673 2561 1731 rationes
2589 1672 2897 1731 secedendi

484 1745 793 1808 habemus:
824 1771 1053 1827 aequum
1080 1761 1170 1813 est
1196 1761 1263 1811 ut
1290 1753 1363 1811 de
1388 1753 1500 1813 hoc
1528 1756 1702 1815 etiam
1730 1755 1903 1831 paulo
1929 1754 2158 1832 plenius
2185 1771 2444 1829 agamus.
2529 1751 2724 1809 Primo
2753 1751 2894 1811 fate-

486 1846 615 1885 mur
658 1837 857 1887 votum
896 1832 1005 1890 hoc
1049 1832 1227 1891 fuisse
1273 1852 1501 1909 semper
1542 1833 2025 1909 Reformatorum,
2055 1840 2122 1891 ut
2142 1832 2602 1891 communionem
2629 1831 2818 1889 colere
2838 1839 2900 1891 et

413 1977 419 1983 ,
488 1909 931 1983 syncretismum
960 1911 1105 1971 inire
1141 1920 1379 1989 possent
1418 1932 1550 1971 cum
1594 1914 2075 1987 Protestantibus,
2104 1912 2208 1989 qui
2233 1928 2444 1971 nomen
2470 1930 2507 1969 a
2533 1930 2756 1971 summo
2786 1910 2900 1970 Dei

487 1987 614 2045 viro
642 1989 899 2051 Luthero
927 1991 1135 2051 ducere
1156 1991 1361 2067 solent,
1382 2000 1447 2051 ut
1474 1992 1678 2052 infelix
1699 1992 1848 2051 illud
1872 1991 2176 2052 dissidium
2203 1991 2519 2065 tolleretur,
2547 2009 2662 2067 quo
2689 1990 2898 2050 mirum

488 2078 767 2143 quantum
804 2071 1157 2131 renascentis
1185 2071 1476 2147 evangelii
1504 2073 1843 2151 propagatio
1871 2080 1960 2131 est
1985 2071 2248 2145 inhibita,
2293 2070 2536 2129 infirmis
2563 2069 2898 2129 scandalum

488 2149 813 2225 praebitum,
844 2162 903 2210 et
930 2150 1195 2211 hostibus
1207 2150 1468 2210 veritatis
1484 2152 1821 2229 insultandi,
1841 2161 1902 2211 et
1918 2152 1991 2211 de
2009 2150 2267 2211 dissidiis
2282 2150 2496 2210 nostris
2506 2150 2900 2226 triumphandi

489 2227 625 2287 data
652 2238 742 2289 est
760 2249 939 2306 ansa3
984 2240 1156 2307 atque
1184 2230 1243 2289 in
1272 2250 1405 2289 eum
1448 2230 1622 2291 finem
1669 2230 2042 2291 fraternitatis
2089 2230 2352 2291 dextram
2377 2248 2496 2289 non
2517 2230 2696 2289 semel
2714 2229 2900 2305 parati

490 2308 720 2370 fuerunt
746 2310 1039 2388 porrigere
1066 2310 1155 2385 iis,
1185 2310 1286 2387 qui
1314 2310 1517 2369 eodem
1542 2312 1706 2389 pacis
1731 2320 1790 2371 et
1815 2310 2112 2404 charitatis
2132 2310 2324 2369 studio
2351 2318 2674 2387 agerentur.
2720 2308 2906 2386 Cujus

490 2388 717 2465 insigne
741 2390 1131 2448 testimonium
1148 2409 1275 2449 esse
1292 2398 1483 2467 potest
1500 2391 1796 2451 decretum
1815 2390 2040 2469 Synodr
2058 2389 2522 2449 Carentoniensis
2539 2407 2690 2446 anno
2725 2389 2900 2463 1631,

492 2467 565 2525 de
594 2487 709 2544 quo
738 2469 909 2527 toties
936 2470 1153 2527 mentio
1180 2469 1306 2528 fieri
1332 2470 1482 2531 solet
1508 2470 1583 2529 ab
1610 2470 1975 2531 adversariis.
2037 2468 2154 2529 Sed
2195 2469 2269 2527 ab
2296 2469 2422 2545 ipso
2453 2467 2903 2527 Reformationis

492 2556 749 2625 tempore
777 2568 895 2607 non
935 2549 1113 2607 semel
1153 2550 1265 2611 hoc
1308 2569 1371 2609 se
1416 2558 1615 2628 optare
1664 2550 1846 2609 nostri
1894 2556 2030 2609 sunt
2067 2548 2327 2627 professi,
2353 2556 2412 2606 et
2439 2548 2575 2606 data
2601 2547 2902 2607 occasione

494 2627 736 2686 consilia
774 2628 991 2689 irenica
1029 2637 1334 2704 urserunt;
1378 2630 1536 2706 quod
1562 2630 1824 2689 fecerunt
1857 2628 2119 2706 inprimis
2147 2628 2293 2686 varii
2319 2628 2608 2705 principes
2634 2635 2694 2687 et
2739 2628 2900 2687 theo—

494 2707 617 2783 logi
647 2708 981 2783 Reformati,
1013 2717 1077 2767 ut
1104 2709 1292 2785 patuit
1317 2709 1597 2787 imprimis
1627 2730 1703 2769 ex
1741 2710 2032 2787 legatione
2073 2727 2248 2785 quam
2287 2708 2349 2765 in
2377 2727 2508 2765 eum
2535 2707 2708 2765 finem
2739 2705 2901 2765 insti—

496 2787 610 2848 tuit
640 2788 931 2847 Henricus
974 2788 1085 2847 IV.
1134 2808 1271 2847 vere
1318 2808 1583 2865 magnuS,
1631 2798 1770 2849 tunc
1817 2808 1924 2847 rex
1971 2789 2264 2863 Navarrae,
2287 2794 2348 2845 et
2375 2786 2563 2845 adhuc
2590 2794 2802 2861 noster,
2827 2786 2904 2843 ad

496 2866 784 2946 principes
814 2868 1140 2928 Germaniae
1168 2887 1220 2926 a.
1256 2869 1427 2943 1583,
1475 2870 1830 2947 approbante
1864 2868 2101 2945 Synodo
2125 2867 2490 2926 vitriacensi.
2575 2866 2653 2923 Et
2679 2884 2793 2923 non
2823 2866 2910 2925 ita

496 2947 721 3025 pridem
768 2968 841 3007 ex
872 2948 1053 3007 celeb.
1082 2948 1197 3005 viri
1223 2947 1267 3008 J
1270 2948 1364 3006 oh.
1411 2949 1609 3008 Dursei
1649 2948 1963 3024 laboribus,
1994 2949 2094 3025 qui
2136 2966 2281 3025 opus
2328 2946 2438 3004 hoc
2467 2944 2904 3004 saluberrimum

496 3048 711 3105 magno
724 3028 917 3088 studio
927 3036 987 3087 et
1006 3026 1297 3087 indefessa
1313 3028 1617 3105 diligentia
1633 3046 1973 3107 promovere
1993 3036 2233 3086 conatus
2254 3034 2360 3097 est,
2372 3024 2694 3084 luculenter
2704 3024 2904 3101 liquet.

500 3108 624 3167 Nec
650 3107 881 3166 difficile
908 3116 1062 3166 esset
1090 3108 1408 3184 ostendere,
1432 3108 1646 3168 *ulnus
1672 3110 1784 3167 hoc
1809 3128 1928 3167 non
1955 3128 2082 3167 esse
2131 3104 2568 3179 immedicabile,
2613 3123 2740 3161 cum
2773 3123 2908 3163 con-

501 3207 705 3247 sensus
747 3186 856 3245 iste
897 3187 1365 3264 evangelicorum
1392 3207 1507 3247 non
1538 3189 1717 3248 semel
1743 3188 1917 3247 fuerit
1937 3188 2132 3247 initus.
2217 3185 2302 3246 Ut
2330 3204 2404 3243 ex
2433 3184 2721 3259 colloquio
2751 3184 2908 3241 Mar-

502 3266 778 3343 purgensi
800 3267 949 3325 inter
996 3266 1310 3327 Lutheram
1332 3277 1391 3327 et
1434 3268 1767 3345 Zuinglium
1811 3277 1871 3326 et
1897 3266 2060 3343 alios,
2089 3266 2290 3325 habito
2319 3284 2372 3323 a.
2406 3265 2579 3338 1529,
2628 3271 2804 3338 patet,
2847 3262 2912 3321 in

499 3365 615 3422 quo
642 3345 905 3421 agnitum
931 3345 1057 3421 fuit,
1088 3346 1149 3404 in
1176 3348 1397 3407 caeteris
1425 3348 1694 3406 omnibus
1721 3346 2006 3425 capitibus
2033 3363 2374 3405 consensum
2402 3362 2546 3417 esse,
2585 3342 2912 3401 dissensum

502 3434 724 3484 tantum
756 3426 815 3481 in
842 3426 1015 3484 unico
1056 3427 1299 3486 articulo
1340 3427 1413 3486 de
1456 3447 1624 3485 coena
1672 3426 1926 3500 Domini,
1969 3444 2152 3502 eoque
2191 3444 2310 3481 non
2351 3432 2511 3496 toto;
2556 3421 2638 3480 sic
2686 3420 2747 3478 in
2775 3440 2910 3479 con-

504 3513 684 3563 ventu
706 3504 1238 3582 VVittembergensi,
1269 3526 1421 3565 anno
1454 3510 1627 3583 1536,
1673 3506 1820 3564 Maii
1841 3508 1937 3581 21,
1967 3504 2077 3564 fuit
2120 3504 2263 3563 inita
2309 3501 2616 3561 concordia
2658 3500 2718 3557 in
2757 3519 2909 3559 com-

506 3585 669 3643 muni
692 3582 939 3643 formula
966 3584 1038 3643 de
1066 3604 1136 3642 ea
1163 3605 1198 3642 a
1236 3586 1648 3646 Melanchtone
1679 3586 1908 3663 scripta,
1941 3593 2000 3643 et
2041 3583 2365 3660 subscripta
2392 3602 2429 3640 a
2456 3580 2742 3656 theologis
2769 3580 2906 3639 utri·

506 3684 689 3740 usque
735 3665 933 3742 partis,
982 3664 1082 3741 qui
1112 3664 1193 3723 ibi
1220 3665 1474 3725 aderant.
1558 3666 1786 3740 Quibus
1833 3665 1982 3723 adde
2027 3684 2156 3740 quae
2193 3663 2252 3720 in
2281 3668 2572 3719 conventu
2603 3659 2914 3719 Sweinfur-

508 3744 675 3817 tensi,
704 3764 757 3802 a.
792 3746 965 3819 1532,
991 3744 1525 3822 W'ittembergensi,
1554 3765 1607 3804 a.
1633 3748 1807 3819 1536,
1832 3742 2231 3815 Smalcaldico,
2255 3762 2306 3801 a.
2335 3741 2508 3813 1537,
2529 3739 2746 3799 etinter
2767 3738 2914 3798 Sax-

509 3844 649 3883 ones
672 3832 735 3882 et
764 3824 1072 3883 Helvetios
1098 3832 1229 3883 acta
1256 3834 1392 3883 sunt
1418 3844 1471 3885 a.
1504 3828 1680 3899 1537,
1729 3834 1789 3883 et
1837 3826 2008 3897 1538,
2055 3822 2159 3881 ubi
2204 3822 2328 3898 ipse
2377 3818 2666 3879 Lutherus
2696 3819 2818 3879 suis
2842 3816 2919 3877 ad

512 3904 818 3962 Helvetios
847 3903 1015 3980 datis,
1054 3906 1079 3960 1
1117 3904 1257 3963 Dec.
1288 3924 1340 3962 a.
1375 3908 1548 3981 1537,
1572 3924 1774 3983 pacem
1795 3912 1984 3980 urget,
2016 3910 2077 3961 et
2103 3909 2302 3979 optare
2329 3919 2391 3958 se
2420 3918 2779 3975 summopere
2801 3908 2916 3957 tes·

511 3992 704 4043 tatur:
790 3986 828 4016 ‘⁴
852 3984 1039 4041 Erunt
1088 3992 1205 4041 tam
1254 3983 1409 4061 apud
1452 4004 1560 4043 vos
1606 4004 1782 4061 quam
1829 3982 1986 4061 apud
2012 4001 2120 4041 nos
2147 3978 2343 4057 aliqui,
2373 3979 2586 4056 quibus
2613 3976 2922 4037 concordia

509 4062 635 4121 haec
662 4083 865 4140 parum
890 4062 1242 4141 probabitur,
1267 4062 1371 4123 sed
1392 4072 1659 4141 suspecta
1684 4064 1810 4123 erit.
1897 4062 1962 4121 Si
2003 4070 2195 4120 tamen
2233 4079 2340 4118 nos
2381 4059 2666 4136 utrinque,
2711 4057 2922 4134 quibus

513 4144 614 4201 illa
642 4142 800 4201 cordi
830 4152 934 4218 est,
980 4142 1129 4202 serio
1178 4142 1494 4219 seduloque
1538 4142 1900 4216 instabimus,
1947 4140 2430 4200 clementissimus
2461 4139 2622 4198 Deus
2662 4145 2721 4195 et
2751 4137 2924 4195 Pater

512 4223 711 4299 utique
742 4222 987 4299 gratiam
1017 4241 1181 4280 suam
1202 4222 1379 4295 dabit,
1411 4232 1477 4281 ut
1504 4230 1563 4281 et
1600 4221 1701 4281 alii
1747 4221 2024 4300 paulatim
2045 4220 2366 4295 mitescant,
2397 4227 2456 4278 et
2483 4237 2648 4295 aquae
2675 4215 2922 4274 turbidae

514 4302 875 4361 considant.''
960 4300 1039 4361 Et
1081 4310 1298 4380 postea,
1330 4304 1369 4335 ‘⁴
1390 4302 1738 4378 Cumprimis
1763 4322 1904 4360 vero
1931 4301 2144 4359 obnixe
2171 4320 2280 4359 vos
2305 4306 2541 4376 rogatos
2567 4296 2721 4367 volo,
2751 4295 2832 4353 ita
2853 4294 2928 4353 de

518 4402 609 4438 me
638 4381 1001 4457 existimetis,
1032 4390 1305 4459 tanquam
1336 4382 1409 4440 de
1437 4401 1523 4456 eo,
1556 4382 1652 4440 cui
1681 4401 1774 4440 res
1801 4389 1924 4439 tota
1953 4400 2174 4439 summe
2204 4380 2280 4438 sit
2305 4378 2485 4451 cordi,
2507 4376 2722 4453 quique
2743 4392 2924 4449 quan-

517 4470 642 4519 tum
698 4461 931 4519 omnino
980 4482 1235 4520 mearum
1284 4463 1393 4520 erit
1432 4462 1662 4534 virium,
1687 4462 1830 4521 nihil
1853 4480 2052 4520 eorum
2079 4460 2189 4519 sim
2216 4458 2663 4527 intermissurus,
2692 4472 2822 4528 quae
2849 4451 2926 4511 ad

518 4539 883 4598 concordiam
912 4542 1361 4617 promovendam
1430 4542 1777 4601 ertinebunt.
1830 4542 2012 4600 Novit
2036 4539 2098 4600 id
2121 4540 2300 4611 Deus,
2330 4554 2500 4613 quem
2529 4542 2734 4593 testem
2763 4532 2927 4591 invo-

521 4640 589 4679 co
618 4638 791 4697 super
818 4620 1065 4678 animam
1096 4622 1342 4695 meam,'¹
1432 4640 1482 4679 c.
1524 4620 1672 4679 Tum
1698 4621 1770 4681 de
1788 4620 1976 4698 capite
2003 4628 2374 4679 controverso
2393 4624 2590 4691 agens,
2651 4612 2926 4671 “Verum
