3234 5192
557 316 673 383 738
1122 332 1200 376 ns
1242 334 1589 377 cosconius
1633 334 1816 377 num
1859 335 1933 377 m·
1975 334 2208 391 neom,
2237 336 2366 376 erc.
2529 318 2787 393 [msrur.
2819 332 2974 377 xxv.

559 478 705 537 istos
744 476 1046 553 liquidum
1072 485 1161 537 est
1188 496 1369 554 opera
1396 478 1482 536 ita
1508 477 1779 549 stabiliri,
1805 496 1927 536 non
1955 484 2026 536 ut
2043 476 2415 553 justificandi
2441 476 2533 533 vis
2572 475 2692 533 illis
2731 476 2974 534 tribua-

558 562 677 627 tur,
708 557 809 615 sed
840 563 911 614 ut
935 574 1078 615 vera
1102 555 1147 615 J
1150 557 1465 615 ustificatio
1492 574 1568 613 ex
1594 556 1716 615 illis
1741 564 2030 631 tanquam
2069 575 2146 614 ex
2187 556 2408 615 effectis
2439 554 2774 629 colligatur.
2819 554 2974 613 Illic

562 636 637 693 de
662 633 859 694 Causa
879 636 923 695 J
926 635 1335 694 ustificationis
1358 633 1667 711 quaeritur,
1690 636 1788 693 hic
1813 636 1890 692 de
1916 634 2158 707 effectis,
2189 634 2330 693 Illic
2355 634 2760 692 excluduntur
2780 652 2974 708 opera

561 720 855 789 tanquam
870 713 915 773 J
918 713 1324 772 ustificationis
1345 733 1555 789 causae,
1580 713 1680 771 hic
1696 713 2100 771 admittuntur
2117 722 2411 788 tanquam
2431 711 2656 787 effecta,
2685 711 2822 768 Illic
2841 712 2973 769 dis-

563 799 835 868 ceptatur
862 794 1167 868 quomodo
1186 792 1601 867 justificemur,
1624 792 1722 849 hic
1749 794 2051 868 quomodo
2071 792 2428 866 justificatos
2452 808 2566 847 nos
2591 808 2716 849 esse
2743 790 2978 848 intelli-

562 888 797 945 gamus,
838 870 977 929 Illic
1002 878 1303 946 negantur
1332 890 1512 946 opera
1536 872 1868 946 praecedere
1885 870 2325 944 justificandos,
2363 869 2460 926 hic
2486 868 2770 927 dicuntur
2785 868 2978 943 justi-

561 951 767 1007 ficatos
794 966 969 1007 conse
1012 950 1094 1019 ui,
1128 949 1267 1007 Illic
1294 950 1494 1025 agitur
1518 967 1658 1006 cum
1707 947 2022 1006 Pharisaeis
2047 953 2109 1007 et
2135 947 2177 1005 J
2183 946 2505 1017 ustitiariis,
2534 947 2633 1005 hic
2657 966 2794 1005 cum
2822 946 2978 1022 Epi-

562 1028 753 1085 cureis
774 1035 834 1085 et
851 1026 969 1085 Pro
996 1028 1141 1086 anis.
1200 1026 1363 1103 Ergo
1387 1044 1493 1102 pro
1514 1026 1745 1085 ratione
1767 1027 1928 1102 scopi
1950 1044 2128 1101 quem
2151 1026 2539 1084 intendebant
2565 1032 2628 1083 et
2650 1024 2856 1083 bomin
2865 1044 2976 1083 um

562 1107 641 1163 ad
670 1124 821 1181 quos
847 1106 1199 1178 scribebant,
1227 1106 1626 1164 diversimode
1657 1106 1936 1181 Apostoli
1962 1104 2246 1179 mysteria
2280 1105 2409 1162 haec
2435 1104 2575 1161 fidei
2613 1105 2692 1161 ad
2727 1102 2974 1161 institu—

561 1190 695 1241 tum
735 1202 911 1242 suum
954 1186 1401 1243 accommodare
1441 1184 1814 1255 debuerunt;
1859 1182 1949 1242 Ut
1987 1184 2147 1240 enim
2185 1200 2398 1257 parum
2441 1182 2707 1258 apposite
2735 1181 2974 1240 Paulus

562 1280 746 1337 opera
784 1264 1027 1321 ursisset
1066 1264 1347 1321 adversus
1376 1262 1710 1321 Pharisaeos
1738 1262 1845 1338 qui
1875 1262 2026 1319 nihil
2061 1261 2177 1319 nisi
2225 1278 2408 1336 opera
2457 1261 2821 1335 quaerebant,
2866 1258 2978 1318 Ita.

562 1340 783 1399 frustra
799 1340 843 1399 J
846 1342 1067 1400 acobus
1088 1342 1372 1400 adversus
1390 1340 1676 1416 profanos
1694 1341 1998 1415 probasset
2023 1358 2134 1398 nos
2161 1357 2284 1398 non
2317 1339 2636 1415 justificari
2665 1339 2970 1415 operibus,

564 1420 670 1494 qui
690 1438 871 1495 opera
890 1438 966 1478 ne
1002 1427 1075 1478 ut
1099 1420 1443 1479 testimonia
1464 1419 1710 1497 quidem
1726 1425 1786 1476 et
1806 1418 2015 1477 effecta
2031 1418 2285 1493 justitiae
2316 1418 2718 1495 requirebant,
2739 1417 2972 1475 nedum

565 1504 633 1555 ut
660 1498 977 1573 plusquam
1004 1518 1117 1575 par
1142 1505 1294 1557 esset
1319 1498 1439 1556 illis
1466 1498 1812 1555 tribuerent.

644 1575 830 1634 XIV.
876 1578 973 1636 Ex
999 1577 1217 1653 quibus
1235 1577 1367 1653 jam
1396 1577 1541 1634 satis
1572 1574 1766 1651 liquet
1801 1576 2042 1634 nullum
2066 1576 2166 1633 bic
2191 1594 2316 1633 esse
2343 1574 2388 1634 J
2389 1576 2575 1633 acobo
2603 1593 2740 1632 cum
2769 1573 2969 1632 Paulo

563 1659 881 1725 certamen,
911 1656 1397 1730 quandoquidem
1426 1654 1586 1711 enim
1612 1656 1918 1712 diversum
1945 1654 2124 1728 plane
2153 1672 2399 1729 scopum
2426 1653 2833 1729 respiciebant,
2875 1652 2970 1708 di-

559 1747 735 1787 versa
760 1730 970 1789 itidem
991 1733 1254 1789 ineunda
1278 1732 1399 1789 fuit
1420 1733 1517 1790 via
1538 1739 1607 1788 ut
1627 1734 1932 1806 geminum
1954 1732 2130 1788 illum
2151 1750 2428 1803 errorem,
2451 1739 2513 1789 et
2532 1734 2972 1809 superbiaele-

561 1810 784 1867 risaicae
824 1828 899 1866 ex
940 1828 1191 1885 operum
1230 1810 1385 1868 falsa
1410 1810 1786 1881 confidentia,
1828 1817 1889 1867 et
1914 1812 2186 1885 meanae
2223 1812 2454 1870 licentiae
2481 1830 2618 1869 cum
2644 1830 2804 1869 vana
2827 1810 2971 1868 fidei

556 1887 865 1964 jactantia,
896 1906 970 1945 ex
998 1888 1275 1945 cordibus
1300 1888 1615 1945 hominum
1645 1888 1928 1946 radicitus
1955 1890 2296 1949 evellerent.
2365 1890 2456 1950 Ut
2480 1909 2624 1949 vero
2652 1892 2730 1947 ad
2763 1908 2971 1965 super-

564 1970 703 2026 bam
742 1967 1181 2025 retundendam
1221 1984 1427 2025 eorum
1470 1967 1874 2042 arrogantiam
1907 1968 2010 2044 qui
2038 1969 2200 2027 bona
2226 1987 2337 2027 sua
2364 1987 2546 2045 opera
2572 1970 2868 2044 jactantes
2891 1968 2970 2026 iis

561 2047 969 2122 praefidebant,
991 2046 1249 2120 indeque
1278 2064 1338 2104 se
1356 2046 1752 2123 justificatum
1779 2046 1852 2103 iri
1879 2049 2336 2123 praesumebant,
2365 2049 2607 2106 nullum
2631 2047 2970 2105 Abrahami

564 2127 839 2201 exemplo
867 2126 1067 2202 aptius
1094 2125 1292 2183 afferri
1318 2126 1533 2201 potuit,
1562 2127 1667 2201 qui
1697 2145 1836 2185 sane
1878 2126 1926 2185 si
1969 2127 2286 2204 quisquam
2327 2126 2482 2186 alius
2517 2126 2864 2184 mortalium
2891 2142 2972 2183 ex

565 2206 738 2264 bonis
782 2204 1058 2281 operibus
1102 2204 1321 2281 quibus
1360 2205 1413 2280 ej
1423 2223 1492 2262 us
1524 2205 1652 2262 vita
1693 2212 1896 2264 sancta
1937 2207 2256 2277 relucebat,
2293 2205 2606 2282 justificari
2647 2204 2970 2275 debuisset,

566 2286 729 2360 quod
758 2302 896 2341 cum
924 2301 1001 2340 ne
1028 2282 1139 2358 ipsi
1167 2283 1409 2357 quidem
1436 2282 1751 2356 contigisse
1781 2302 1980 2341 coram
2003 2284 2133 2342 Deo
2161 2286 2374 2343 doceat
2400 2284 2751 2358 Apostolus,
2781 2300 2976 2358 quan-

565 2362 831 2419 tominus
852 2361 1131 2435 cuiquam
1158 2378 1232 2416 ex
1260 2359 1389 2432 ejus
1416 2362 1665 2435 posteris
1691 2363 1808 2419 hoc
1834 2362 1990 2419 idem
2019 2364 2379 2435 sperandum
2405 2362 2588 2421 fuerit
2615 2369 2721 2420 aut
2747 2379 2975 2436 praesu-

564 2440 899 2497 mendum?
970 2438 1072 2495 Ita
1110 2438 1188 2493 ad
1230 2437 1523 2494 larvatam
1564 2437 1930 2511 impietatem
1971 2439 2304 2496 carnalium
2343 2441 2658 2497 hominum
2699 2448 2978 2514 retegen-

563 2519 726 2588 dam,
757 2515 1026 2573 Rahabae
1054 2514 1396 2589 exemplum
1423 2514 1577 2571 inter
1604 2513 1726 2572 alia
1751 2515 2373 2572 convenientissimum
2399 2516 2534 2587 fuit,
2577 2518 2799 2593 quippe
2833 2537 2978 2593 quae

565 2612 758 2670 nuper
782 2600 1023 2651 tantum
1062 2594 1139 2651 ad
1175 2592 1301 2650 veri
1338 2592 1454 2651 Dei
1494 2592 1896 2667 cognitionem
1935 2599 1996 2650 et
2035 2594 2266 2649 cultum
2307 2610 2594 2650 conversa
2633 2602 2694 2650 et
2733 2595 2796 2650 in
2827 2613 2978 2653 vera

566 2672 856 2749 religione
904 2674 1102 2731 adbuc
1143 2673 1464 2747 neophyta,
1501 2670 1641 2730 fidei
1676 2678 1875 2729 tamen
1904 2690 2027 2729 suae
2054 2670 2365 2729 veritatem
2391 2670 2612 2746 insigni
2640 2671 2748 2729 illo
2778 2674 2980 2731 chari-

567 2752 707 2812 tatis
747 2758 809 2811 et
848 2751 1267 2811 misericordiae
1306 2768 1482 2826 opere
1522 2768 1668 2827 erga
1693 2751 1818 2808 veri
1847 2750 1964 2809 Dei
2003 2766 2201 2809 servos
2235 2750 2646 2827 comprobavit
2671 2757 2732 2809 et
2757 2757 2980 2810 testata

569 2839 675 2903 est,
700 2838 927 2909 quanto
955 2830 1148 2905 magis
1174 2830 1334 2887 idem
1363 2829 1730 2889 Christianos
1756 2830 2027 2888 homines
2055 2830 2262 2888 deceat
2285 2828 2350 2887 in
2381 2828 2600 2889 Christi
2627 2830 2833 2888 schola
2859 2832 2978 2887 sub

571 2913 703 2969 lucc
731 2918 791 2969 et
817 2909 1017 2986 gratia
1045 2908 1409 2983 Evangelica
1434 2909 1772 2975 enutritos?

652 2990 798 3047 XV.
845 2990 1211 3064 Quanquam
1239 3005 1378 3045 vero
1408 2988 1692 3046 Bellarm.
1715 2987 1818 3046 lib.
1847 2989 1926 3047 iv.
1959 2990 2036 3045 de
2063 2986 2107 3045 J
2111 2986 2339 3059 ustific„
2367 3006 2416 3045 c.
2451 2987 2543 3059 18,
2572 2987 2850 3047 nonnihil
2875 2987 2978 3045 hic

571 3086 858 3143 reponere
886 3074 1153 3139 conetur,
1176 3068 1323 3124 dum
1352 3067 1659 3124 contendit
1685 3084 1931 3142 scopum
1951 3065 1996 3125 J
1998 3066 2180 3126 acobo
2207 3066 2390 3124 fuisse
2418 3085 2538 3124 non
2566 3068 2976 3124 demonstrare

572 3152 609 3180 ‘⁶
624 3146 779 3213 Quae
802 3146 877 3201 sit
897 3164 1041 3203 vera
1058 3146 1257 3214 fides,”
1269 3146 1375 3202 sed
1394 3150 1429 3179 “
1444 3145 1655 3203 Fidem
1667 3164 1872 3203 veram
1891 3151 2072 3221 atque
2084 3143 2452 3204 catholicam
2475 3146 2552 3203 ad
2575 3146 2828 3203 salutem
2849 3144 2977 3201 sine

572 3222 1658 3373 ffifflssss’ffiffffiffifflss
1675 3224 1779 3359 ‘¹32³
1794 3222 2568 3359 ffissssffffijaifflss
2583 3224 2975 3359 gffizss’ss?

1654 3346 1671 3373 ,
2951 3334 2978 3347 ..

570 3394 731 3449 nere,
755 3378 918 3454 quod
939 3377 1193 3453 probare
1212 3378 1412 3449 vellet,
1436 3385 1570 3436 tum
1596 3398 1671 3437 ex
1698 3380 2051 3438 auctoritate
2068 3379 2401 3454 Augustini
2428 3380 2553 3455 qui,
2571 3380 2673 3437 lib.
2699 3381 2773 3436 de
2793 3381 2891 3437 fid.
2917 3386 2980 3437 et

574 3473 735 3532 oper.
765 3474 813 3514 c.
847 3456 940 3527 14,
970 3456 1142 3514 docet
1168 3454 1212 3513 J
1214 3455 1385 3514 acobi
1415 3456 1744 3531 Epistolam
1772 3457 1954 3532 dirigi
1981 3459 2269 3515 adversus
2301 3458 2554 3515 haeresin
2594 3466 2738 3515 tunc
2776 3476 2980 3515 recens

575 3540 845 3593 exortam
865 3553 1077 3594 eorum
1097 3534 1202 3610 qui
1222 3534 1499 3592 dicebant
1517 3536 1697 3595 fidem
1718 3537 1796 3595 ad
1819 3537 2074 3594 salutem
2093 3534 2222 3593 sine
2244 3535 2521 3611 operibus
2541 3536 2821 3607 sufficere,
2845 3546 2980 3594 tum

577 3634 652 3672 ex
680 3634 729 3673 c.
757 3614 795 3672 i.
826 3614 922 3686 22,
960 3620 999 3647 “
1020 3612 1230 3672 Estote
1256 3612 1509 3671 factores
1536 3616 1705 3673 verbi
1731 3633 1854 3673 non
1881 3620 2121 3673 tantum
2143 3614 2505 3687 auditores,”
2541 3621 2602 3672 et
2628 3632 2677 3672 c.
2700 3614 2760 3672 ii.
2791 3614 2844 3685 1,
2875 3614 2981 3671 ubi

576 3696 856 3751 hortatur
872 3694 1115 3750 eosdem
1140 3710 1217 3749 ne
1243 3692 1504 3750 habeant
1529 3694 1711 3751 fidem
1739 3695 1814 3753 D.
1847 3692 1930 3752 N.
1959 3694 2022 3750 in
2051 3691 2466 3774 ηοσαποληψιᾷ.
2517 3692 2672 3764 Hoc,
2711 3694 2980 3768 inquam,

575 3772 805 3829 nullius
828 3778 917 3830 est
941 3771 1219 3846 ponderis
1240 3776 1300 3829 et
1323 3770 1501 3828 facile
1522 3773 1898 3839 retunditur:
1932 3772 1984 3831 1.
2004 3771 2292 3831 Peccatur
2315 3772 2690 3848 ignoratione
2710 3770 2982 3841 Elenchi,

574 3850 743 3909 aliud
785 3851 945 3907 enim
984 3855 1073 3907 est
1112 3849 1281 3926 loqui
1320 3850 1396 3906 de
1436 3866 1614 3925 scopo
1643 3851 1830 3910 totius
1859 3852 2145 3928 Epistolae
2173 3852 2456 3927 generali,
2501 3851 2671 3909 aliud
2697 3852 2772 3908 de
2801 3868 2980 3924 scopo

573 3928 923 4007 particulari
950 3927 1135 4002 hujus
1161 3927 1386 4003 capitis,
1410 3934 1593 4003 atque
1618 3930 1895 4005 inprimis
1921 3936 2234 4006 postremae
2262 3930 2314 4005 ej
2323 3948 2392 3988 us
2418 3930 2738 4005 pericopes,
2762 3932 2981 3987 damus

576 4008 737 4066 enim
776 4007 953 4065 facile
993 4024 1239 4081 scopum
1277 4008 1616 4081 generalem
1644 4008 1686 4066 J
1690 4009 1860 4067 acobi
1895 4009 1958 4066 in
1993 4010 2110 4067 bac
2138 4008 2412 4084 Epistola
2443 4026 2564 4066 non
2594 4025 2720 4066 esse
2748 4013 2982 4065 tantum

577 4086 886 4145 ostendere.
914 4104 1043 4162 quae
1066 4088 1139 4143 sit
1163 4104 1300 4144 vera
1314 4086 1485 4162 fides,
1514 4086 1810 4163 siquidem
1837 4094 2070 4145 constat
2095 4094 2286 4144 totam
2307 4086 2642 4162 Epistolam
2670 4086 2986 4161 paraeneti-

576 4184 703 4225 cam
746 4182 869 4222 esse
910 4182 1045 4239 quae
1086 4166 1365 4223 hortatur
1398 4165 1603 4223 fideles
1632 4166 1710 4223 ad
1738 4165 2130 4223 constantiam
2157 4164 2222 4221 in
2249 4165 2686 4235 afflictionibus,
2717 4182 2985 4240 perseve-

575 4243 829 4301 rantiam
856 4243 919 4300 in
944 4244 1082 4315 fide,
1124 4250 1185 4301 et
1221 4242 1555 4319 profectum
1588 4243 1650 4299 in
1679 4242 1805 4301 vita
1834 4243 2205 4313 Christiana3
2249 4245 2352 4302 sed
2393 4261 2685 4318 negamus
2725 4242 2987 4317 peculia-

576 4340 702 4379 rem
730 4323 891 4381 hunc
919 4340 1165 4398 scopum
1193 4340 1315 4381 esse
1343 4322 1515 4381 istius
1543 4320 1767 4397 capitis.
1846 4321 1983 4379 Imo
2011 4324 2376 4379 contrarium
2403 4322 2728 4380 evincimus
2754 4340 2828 4378 ex
2855 4320 2984 4397 ipso

572 4406 763 4469 textu,
793 4420 869 4458 ex
904 4420 1026 4477 quo
1067 4408 1299 4459 constat
1334 4400 1377 4459 J
1381 4401 1634 4459 acobum
1673 4418 1796 4457 non
1837 4418 2014 4475 agere
2054 4400 2335 4475 primario
2373 4406 2434 4459 et
2467 4399 2874 4475 principaliter
2907 4400 2985 4457 de

577 4483 613 4510 “
637 4474 678 4533 J
686 4478 1093 4551 ustificatione,
1123 4481 1221 4537 sed
1254 4482 1327 4537 de
1356 4481 1491 4551 fide,
1521 4497 1645 4536 non
1673 4479 1747 4535 de
1767 4478 2192 4553 justificatione
2219 4479 2480 4536 hominis
2506 4478 2848 4554 peccatoria,
2881 4478 2987 4534 sed

576 4555 651 4611 de
672 4554 1147 4615 manifestatione
1165 4558 1423 4617 hominis
1438 4558 1690 4629 fidelis,’'
1702 4564 1883 4633 atque
1900 4559 2049 4616 adeo
2069 4558 2144 4615 de
2161 4558 2291 4633 ipsa
2309 4558 2447 4615 fidei
2464 4556 2987 4614 demonstratione.

577 4631 752 4691 Patet
791 4638 923 4688 tum
964 4652 1037 4690 ex
1078 4635 1478 4709 propositione
1524 4635 1895 4710 Apostolicae
1942 4635 2382 4713 disputationis,
2426 4640 2557 4692 tum
2597 4652 2672 4693 ex
2715 4635 2986 4709 ejusdem

574 4709 973 4767 conclusione.
998 4710 1329 4786 Propositio
1346 4714 1573 4787 duplex
1592 4720 1698 4785 est,
1713 4722 1842 4770 tum
1863 4714 2312 4789 remotaffenl„
2327 4721 2452 4771 tum
2471 4711 2984 4789 proxima‚ver.14.
