3234 5192
374 362 606 404 msru‘r.
640 340 777 423 vm]
1104 360 1331 401 nosrnA
1366 361 1441 401 AB
1471 362 1752 403 noem-:su
1785 362 2055 404 Romus.
2680 348 2790 405 157

377 505 663 583 pertinere
692 509 1053 561 censeantur.
1139 503 1520 581 Expendatur
1548 524 1688 581 ergo
1719 506 1868 564 serio
1895 506 2163 583 utrinque
2190 506 2424 584 quinam
2455 505 2802 566 retinuerint

378 584 551 644 fidem
582 584 815 658 Christi,
846 591 906 644 et
946 583 1182 660 quinam
1237 584 1311 643 ab
1354 603 1423 642 ea
1450 582 1781 644 defecerint.
1868 586 2016 645 Nam
2045 587 2096 645 si
2140 585 2534 645 demonstrare
2557 594 2801 664 possunt

380 664 714 740 adversarii,
745 682 854 722 nos
885 662 1097 723 Christi
1125 663 1299 722 fidem
1321 664 1626 741 reliquisse
1667 674 1727 725 et
1773 673 2129 743 apostatasse
2186 687 2223 724 a
2269 666 2531 741 veritate,
2563 686 2798 725 causam

377 766 495 805 non
522 744 786 819 dicimus,
818 743 1125 820 quominus
1151 743 1277 802 baec
1298 744 1646 804 Antichristi
1672 746 1842 804 nobis
1868 746 2222 823 impingatur
2247 755 2402 805 nota.
2491 746 2609 805 Sed
2637 746 2687 805 si
2715 746 2802 803 vi-

380 824 573 884 cissim
600 825 731 883 luce
758 823 1077 882 meridiana
1103 824 1317 882 clarius
1345 823 1647 884 ostendere
1668 844 1992 903 possumus,
2025 826 2190 884 istius
2219 825 2642 903 criminisipsos
2671 844 2802 885 reos

382 924 526 980 esse,
558 904 769 982 ecquid
794 911 1113 981 queruntur
1160 904 1429 981 injuriam
1450 904 1561 963 sibi
1579 904 1721 980 fieri,
1741 925 1918 981 quum
1936 905 2046 964 hoc
2065 904 2182 963 illis
2203 906 2583 983 exprobratur
2596 908 2626 964 ⁴?
2669 905 2802 963 Hoc

386 992 581 1043 autem
608 983 843 1043 collatio
884 983 1161 1042 doctrinae
1212 984 1481 1061 utrinque
1529 984 1758 1044 traditae
1804 984 1974 1044 facile
2003 984 2238 1044 evincit.
2325 985 2588 1045 Christus
2617 985 2800 1044 solam

392 1065 747 1142 Scripturam
778 1076 1103 1123 eun-nvn„
1130 1082 1167 1121 a
1192 1064 1361 1122 nobis
1388 1064 1567 1142 recipi
1586 1065 1716 1124 vult
1743 1066 1804 1123 in
1829 1066 2092 1142 regulam
2119 1064 2432 1143 perfectam
2453 1064 2595 1127 fidei
2611 1075 2800 1125 etmo-

386 1166 553 1219 rum3
600 1144 761 1221 Papa
787 1152 963 1221 negat
1004 1144 1357 1221 Scripturam
1407 1144 1589 1203 solam
1637 1164 1766 1204 esse
1812 1145 2172 1223 adaequatam
2214 1144 2352 1204 fidei
2379 1145 2658 1224 regulam,
2689 1145 2804 1204 nisi

390 1226 479 1284 illi
506 1232 813 1283 assuantur
852 1223 1191 1282 traditiones
1216 1236 1461 1305 αγςαφοι,
1512 1244 1643 1302 quas
1669 1224 1796 1301 pari
1838 1225 2072 1302 pietatis
2119 1224 2330 1285 affectu
2377 1234 2437 1285 et
2483 1226 2808 1285 reverentia

392 1325 523 1365 cum
557 1304 853 1381 Scriptura
900 1303 1013 1362 sint
1066 1304 1445 1382 suscipiendas
1489 1313 1549 1363 et
1593 1304 1956 1365 venerandae.
2043 1304 2306 1364 Christus
2345 1305 2588 1364 verbum
2639 1325 2804 1364 suum

394 1385 525 1444 vult
552 1404 678 1443 esse
706 1407 1014 1459 avrea-anau,
1046 1384 1201 1461 quod
1228 1384 1303 1443 ab
1344 1383 1577 1443 homine
1593 1384 1993 1444 auctoritatem
2022 1404 2140 1443 non
2166 1384 2444 1462 accipiat3
2493 1385 2654 1462 Papa
2679 1384 2808 1444 vult

396 1464 562 1524 verbi
590 1463 985 1523 auctoritatem
1012 1464 1205 1541 quoad
1232 1483 1339 1523 nos
1360 1463 1684 1541 dependere
1701 1464 1776 1523 ab
1791 1464 2072 1524 Ecclesia.
2117 1465 2381 1524 Christus
2397 1464 2620 1523 nullum
2631 1465 2808 1524 alium

392 1544 633 1622 agnosci
657 1544 787 1603 vult
814 1544 1332 1603 controversiarum
1352 1544 1611 1622 judicem
1632 1564 1936 1619 summum,
1981 1564 2154 1622 quam
2187 1545 2376 1603 Deum
2405 1544 2466 1601 in
2513 1544 2810 1623 Scriptura

390 1626 725 1701 loquentem
749 1646 763 1701 ;
810 1621 971 1701 Papa
996 1625 1107 1683 hoc
1133 1644 1344 1683 munus
1372 1624 1652 1702 sacrilege
1701 1624 1812 1683 sibi
1855 1634 2104 1703 arrogat.
2190 1624 2452 1684 Christus
2477 1644 2658 1684 unum
2687 1644 2748 1683 se
2777 1644 2814 1683 a

396 1705 568 1765 Patre
597 1704 795 1763 datum
827 1704 1208 1763 Mediatorem
1238 1704 1423 1781 docet,
1454 1705 1555 1783 qui
1584 1704 1742 1764 solus
1771 1704 1848 1765 sit
1889 1706 2005 1780 via,
2051 1704 2268 1763 veritas
2297 1712 2355 1763 et
2374 1704 2514 1781 vita,
2546 1705 2668 1763 sine
2697 1725 2814 1782 quo

392 1805 562 1845 nemo
590 1784 665 1843 ad
696 1784 927 1844 Patrem
954 1785 1153 1844 venire
1182 1794 1389 1863 queat3
1436 1786 1597 1864 Papa
1623 1785 1954 1844 innumeros
1972 1786 2140 1843 nobis
2167 1784 2424 1843 obtrudit
2449 1785 2813 1861 mediatores,

394 1866 497 1943 qui
522 1866 679 1923 viam
708 1864 876 1923 nobis
903 1866 965 1922 in
992 1866 1201 1923 eoelum
1232 1866 1509 1942 aperiant.
1552 1865 1817 1925 Christus
1842 1865 2066 1925 nullum
2095 1864 2254 1924 aliud
2277 1864 2616 1924 sacrificium
2639 1885 2812 1942 quam

396 1965 583 2021 suum,
614 1945 838 2003 nullum
888 1943 1047 2003 aliud
1094 1944 1381 2021 meritum,
1433 1946 1654 2005 nullam
1704 1945 2152 2005 satisfactionem
2195 1945 2364 2004 nobis
2411 1944 2812 2005 remissionem

395 2026 617 2102 peccati
645 2032 705 2083 et
725 2025 970 2083 salutem
998 2024 1257 2083 obtinere
1284 2033 1562 2101 testatur;
1610 2026 1770 2103 Papa
1785 2026 1992 2084 merita
2011 2033 2071 2084 et
2087 2025 2506 2085 satisfactiones
2533 2025 2816 2084 humanas

396 2113 585 2183 urget,
616 2113 675 2163 et
700 2124 915 2163 novum
948 2104 1291 2163 sacrificium
1311 2105 1772 2184 propitiatorium
1799 2104 2154 2165 missaticum
2181 2104 2465 2183 procudit.
2553 2104 2816 2164 Christus

400 2185 523 2244 sola
549 2184 664 2244 fide
692 2193 751 2243 et
779 2185 967 2261 gratia
994 2183 1207 2243 salvari
1234 2186 1498 2245 homines
1527 2186 1763 2261 statuit;
1809 2185 1970 2263 Papa
1995 2185 2170 2244 etiam
2199 2185 2486 2263 operibus.
2549 2184 2816 2243 Christus

400 2265 515 2325 duo
544 2274 767 2324 tantum
797 2272 1154 2323 sacramenta
1202 2265 1483 2341 instituit;
1530 2266 1692 2343 Papa
1735 2273 1972 2343 septem.
2057 2263 2321 2324 Christus
2368 2264 2656 2323 neminem
2702 2264 2818 2323 nisi

404 2346 591 2404 Deum
620 2345 808 2405 solum
837 2343 1129 2419 objectum
1158 2345 1347 2405 cultus
1370 2353 1429 2404 et
1456 2345 1810 2405 adorationis
1847 2364 1972 2405 esse
2015 2346 2234 2422 sancit3
2281 2345 2440 2422 Papa
2457 2344 2630 2403 etiam
2653 2364 2810 2403 crea-

398 2433 575 2484 turas.
659 2425 924 2485 Christus
978 2426 1213 2483 unicum
1250 2425 1529 2484 Ecclesiae
1557 2434 1731 2504 caput
1783 2433 1844 2484 et
1884 2445 2157 2503 sponsum
2187 2444 2248 2483 se
2274 2424 2611 2502 profitetur3
2660 2424 2820 2503 Papa

398 2506 509 2564 hoc
537 2506 710 2565 etiam
741 2504 853 2563 sibi
892 2504 1111 2564 tribuit.
1198 2505 1461 2565 Christus
1509 2524 1571 2565 se
1614 2505 1980 2583 magistratui
2028 2505 2277 2584 subjicit,
2330 2513 2388 2565 et
2436 2524 2635 2563 servos
2683 2523 2820 2564 suos

400 2586 609 2663 subjici
655 2585 857 2663 jubet3
904 2585 1065 2662 Papa
1120 2584 1231 2643 sibi
1278 2585 1669 2662 magistratus,
1719 2586 2006 2663 principes
2055 2594 2114 2645 et
2155 2586 2530 2662 imperatores
2559 2585 2813 2663 subjicit.

404 2665 493 2725 Ne
512 2666 639 2740 jam
667 2666 967 2724 innumera
996 2664 1109 2723 alia
1136 2665 1510 2724 observemus
1538 2665 1816 2725 doctrines
1844 2666 2049 2743 capita,
2079 2666 2142 2723 in
2168 2666 2380 2743 quibus
2409 2664 2756 2723 dissentiunt
2783 2684 2820 2723 a

402 2746 588 2819 nobis,
633 2765 706 2804 an
765 2764 905 2804 vero
950 2746 1051 2822 qui
1100 2744 1238 2804 talia
1285 2746 1495 2805 docent
1542 2766 1609 2803 ac
1657 2752 2025 2823 propugnant
2068 2744 2357 2823 dogmata,
2403 2752 2650 2821 possunt
2701 2744 2820 2802 dici

400 2824 575 2884 fidem
606 2825 821 2885 Christi
868 2824 1114 2885 retinere
1130 2829 1159 2885 P
1207 2825 1425 2884 Annon
1470 2826 1674 2885 merito
1722 2824 2062 2885 defectionis
2112 2833 2171 2883 et
2217 2824 2521 2901 apostasiae
2541 2824 2626 2882 rei
2651 2843 2817 2901 pera·

404 2924 677 3043 8ωὶὶζΑΙΧ.
720 2983 821 3043 Ad
867 2987 1017 3044 hanc
1054 2986 1402 3064 apostasiam
1448 2985 1739 3062 insignem
1795 2984 2261 3059 confirmandam,
2322 2981 2462 3041 facit
2498 2983 2562 3040 in
2611 2982 2815 3060 primis

408 3063 571 3123 locus
602 3063 868 3141 Apostoli
902 3069 931 3124 1
964 3065 1039 3124 ad
1075 3064 1287 3125 Timot.
1316 3064 1396 3124 iv.
1430 3067 1482 3139 1,
1514 3068 1569 3140 2,
1600 3067 1657 3140 3,
1690 3064 1809 3135 ubi,
1837 3065 2081 3141 loquens
2127 3063 2198 3122 de
2227 3062 2518 3142 apostasia
2570 3062 2817 3122 novissi-

410 3163 634 3202 morum
663 3152 998 3222 temporum,
1042 3146 1141 3221 ait,
1192 3146 1227 3178 ‘⁴
1254 3144 1530 3221 Spiritum
1574 3164 1848 3222 expresse
1895 3144 2086 3203 dicere
2133 3143 2438 3222 postremis
2464 3142 2821 3221 temporibus

406 3224 685 3302 quosdam
714 3245 749 3283 a
774 3224 889 3284 fide
918 3224 1259 3295 defecturos,
1290 3223 1654 3285 attendentes
1683 3224 1980 3302 spiritibus
2009 3223 2280 3301 erroneiS,
2305 3231 2364 3283 et
2393 3222 2672 3283 doctrinis
2700 3224 2819 3283 dae-

404 3305 745 3381 moniorum,
776 3325 879 3382 per
904 3306 1257 3384 hypocrisim
1284 3304 1738 3383 falsiloquorum,
1770 3304 2142 3365 cauteriatam
2161 3304 2496 3365 habentium
2523 3304 2820 3363 conscien-

404 3384 561 3461 tiam,
590 3385 1021 3464 prohibentium
1050 3386 1193 3445 inire
1236 3386 1683 3461 matrimonium,
1734 3394 1793 3445 et
1828 3384 2156 3463 jubentium
2209 3384 2496 3444 abstinere
2550 3404 2587 3443 a
2614 3384 2819 3461 cibis,’'

408 3463 515 3524 Sec.
600 3466 801 3525 Verba
828 3474 964 3525 sunt
987 3476 1309 3526 memoratu
1336 3466 1694 3543 dignissima,
1741 3465 1954 3542 quibus
2003 3466 2222 3525 Paulus
2259 3465 2620 3543 prophetiam
2645 3465 2826 3524 tradit

408 3545 479 3605 de
506 3564 721 3623 magna
747 3545 999 3623 quadam
1028 3547 1307 3606 Ecclesiae
1336 3546 1678 3606 Christianae
1703 3545 1954 3605 visibilis
1980 3546 2312 3605 novissimis
2353 3546 2708 3623 temporibus
2733 3544 2822 3604 fu-

406 3632 536 3684 tura
562 3625 867 3703 apostasia,
900 3625 1221 3686 defectione
1248 3646 1284 3685 a
1330 3626 1462 3701 fide,
1494 3646 1595 3685 seu
1624 3645 1838 3703 magno
1883 3626 2116 3704 pietatis
2155 3624 2450 3702 mysteri0‚
2493 3644 2668 3683 versu
2687 3624 2823 3684 ulti-

404 3725 501 3763 mo
522 3706 727 3783 capitis
742 3706 1121 3783 praecedentis
1138 3706 1445 3783 descript0.
1491 3706 1672 3780 Cuius
1689 3705 1876 3782 primo
1893 3706 2220 3783 generalem
2240 3704 2340 3764 dat
2357 3703 2818 3781 descriptionem,

406 3804 585 3861 quum
613 3785 693 3845 ait
720 3785 1004 3863 quosdam
1033 3785 1357 3845 defecturos
1384 3806 1419 3843 a
1445 3785 1577 3861 fide,
1610 3784 1974 3845 attendentes
2001 3786 2300 3863 spiritibus
2328 3800 2538 3848 πλιυως
2565 3784 2819 3842 erroneis

406 3873 466 3924 et
493 3864 909 3942 seductoribuS,
940 3866 1036 3925 vel
1062 3876 1131 3925 ut
1149 3866 1247 3925 alii
1276 3865 1481 3943 legunt
1508 3882 1716 3941 raam,
1749 3865 1957 3925 erroris
1981 3888 1995 3942 ;
2041 3865 2166 3925 sive
2193 3883 2297 3943 per
2342 3864 2578 3941 spiritus
2607 3862 2816 3921 intelli-

408 3952 621 4020 gantur
646 3944 939 4007 daemones
967 3946 1096 4023 ipsi,
1140 3947 1241 4024 qui
1282 3946 1519 4024 spiritus
1563 3945 1872 4005 mendaces
1919 3964 2038 4005 non
2066 3944 2244 4004 semel
2271 3951 2570 4017 vocantur,
2608 3945 2636 4001 1
2664 3941 2813 4020 Reg.

408 4023 531 4098 ult;
574 4024 700 4083 sive
747 4024 877 4085 falsi
926 4026 1192 4086 doctores
1237 4034 1295 4085 et
1343 4027 1655 4105 prophetae,
1703 4044 1740 4083 a
1787 4024 2146 4084 daemonibus
2193 4023 2416 4083 seducti
2457 4030 2516 4082 et
2562 4021 2815 4100 impulsi,

408 4103 511 4181 qui
542 4103 826 4181 sic'etiam
854 4106 1151 4183 designari
1178 4126 1294 4165 non
1322 4126 1453 4165 raro
1480 4106 1686 4181 solent,
1722 4108 1753 4165 1
1785 4105 1829 4165 J
1832 4106 1926 4164 ob.
1956 4106 2036 4163 iv.
2080 4108 2130 4179 l,
2177 4112 2236 4161 et
2281 4122 2420 4180 seq3
2465 4103 2606 4178 sive,
2659 4101 2816 4179 quod

406 4202 526 4241 non
554 4183 746 4243 minus
772 4186 1155 4261 commodum,
1187 4186 1464 4246 doctrinae
1490 4186 1636 4264 ipsse
1663 4204 1918 4244 erroneae
1946 4193 2006 4244 et
2026 4184 2204 4257 falsae,
2233 4182 2523 4260 quomodo
2552 4202 2672 4241 vox
2701 4183 2814 4259 spi-

406 4262 554 4323 ritus
576 4266 846 4340 sumitur,
880 4270 910 4325 l
946 4266 1077 4326 Cor.
1101 4266 1223 4325 xiv.
1253 4270 1349 4341 32,
1385 4268 1413 4323 1
1447 4266 1587 4327 Joh.
1617 4265 1698 4323 iv.
1733 4267 1784 4340 1,
1817 4268 1872 4339 2,
1905 4264 1960 4322 3.
2044 4265 2138 4321 Ne
2157 4262 2364 4321 credite
2384 4262 2554 4321 cuivis
2572 4262 2814 4339 spiritui,

404 4343 467 4402 id
496 4352 601 4419 est,
633 4345 821 4405 cuivis
848 4346 1143 4421 doetrinae,
1174 4354 1233 4405 et
1261 4345 1477 4405 ibidem
1504 4345 1754 4421 spirim
1801 4344 1920 4403 Dei
1945 4351 2003 4402 et
2047 4342 2292 4419 Spiritus
2331 4342 2663 4402 Antichristi
2713 4362 2817 4421 pro

404 4423 667 4485 doctrina
696 4426 810 4485 Dei
838 4426 934 4485 vel
963 4425 1311 4485 Antichristi
1338 4426 1587 4502 ponitur.
1675 4424 1822 4482 Mox
1849 4424 1911 4481 in
1941 4423 2129 4499 specie
2158 4421 2424 4500 designat
2452 4424 2617 4502 eujus
2645 4443 2818 4501 gene·

398 4504 483 4564 ris
511 4505 789 4565 doctrinae
826 4506 953 4565 istas
982 4506 1099 4565 sint
1146 4506 1370 4581 futuras,
1400 4505 1671 4563 nimirum
1698 4500 2029 4562 >ahmam
2075 4500 2345 4580 δαιμουιοη,
2386 4504 2662 4564 doctrinae
2701 4504 2820 4562 dae-

404 4586 745 4661 mouiorum,
777 4586 989 4664 quibus
1012 4594 1169 4645 certo
1196 4585 1409 4645 certius
1437 4593 1525 4644 est
1553 4584 1716 4644 innui
1744 4604 1862 4664 prae
1884 4583 2108 4643 caeteris
2136 4583 2350 4644 cultum
2381 4584 2820 4658 idololatricum,

404 4663 465 4723 iu
493 4685 608 4743 quo
637 4666 861 4726 scilicet
886 4666 1139 4727 essentia
1166 4674 1225 4725 et
1252 4667 1443 4725 anima
1470 4666 1725 4743 ingentis
1745 4664 1910 4725 istius
1949 4665 2251 4743 apostasiae
2269 4666 2472 4726 merito
2491 4664 2820 4737 collocatur,
