3234 5192
304 274 541 316 marm.
574 250 691 334 τι]
1047 271 1272 312 uosrnA
1301 270 1382 311 ΑΒ
1422 270 1704 311 noctuam
1739 268 2005 309 nomm.
2665 256 2740 311 81

298 416 447 488 hmo,
476 413 630 488 dico,
670 410 778 471 sed
816 412 1123 471 audiamus
1162 413 1305 486 haec,
1350 411 1493 471 dicit
1534 412 1838 485 Dominus,
1883 416 2019 467 sunt
2060 417 2212 467 certe
2253 408 2388 467 libri
2431 410 2740 487 Dominiei,

298 513 552 571 quorum
608 490 941 551 auctoritati
986 491 1217 568 utrique
1272 491 1575 565 credimus,
1633 490 1865 567 utrique
1919 487 2220 561 servimus,
2279 488 2363 545 ibi
2415 508 2742 567 quaeramus

302 572 651 648 Ecclesiam,
681 572 766 629 ibi
794 570 1173 632 discutiamus
1200 590 1433 632 causam
1460 570 1776 644 nostram,’'
1802 577 1860 628 et
1887 568 2060 645 paulo
2088 576 2236 645 post,
2266 570 2301 600 ‘⁶
2325 567 2396 625 In
2429 569 2741 646 Scripturis

303 652 620 711 Canonicis
646 669 974 728 quaeramus
1004 649 1387 725 Ecclesiam,'²
1417 670 1467 709 c.
1510 649 1654 723 xvi„
1709 651 1745 683 “
1765 656 1962 707 utrum
1998 646 2096 707 isti
2139 646 2460 705 Ecclesiam
2505 657 2740 710 teneant

301 752 427 792 nou
452 731 569 791 nisi
594 731 925 789 divinarum
958 730 1380 808 Scripturarum
1410 727 1718 788 Canonicis
1744 728 1910 787 libris
1929 726 2296 787 ostendant.”

391 810 517 869 IX.
560 812 765 889 Neque
792 810 889 868 hic
931 810 1325 887 reponendum
1370 828 1503 869 cum
1530 816 1782 883 auctore,
1823 806 2010 885 capite
2037 807 2179 882 xiv„
2207 806 2360 865 viam
2393 808 2738 867 demonis

302 892 545 968 longam
572 910 718 964 esse,
750 899 811 948 et
834 888 1145 965 difficilem,
1174 908 1305 967 quae
1334 896 1662 948 accuratam
1689 888 1946 947 omnium
1973 887 2496 947 controversiarum
2517 887 2736 966 disqui-

302 970 577 1029 sitionem
606 977 667 1028 et
694 986 957 1041 examen,
988 976 1047 1027 et
1073 968 1402 1045 linguarum
1432 967 1802 1045 originalium
1829 966 2222 1044 cognitionem
2236 966 2509 1045 postulat,
2535 986 2736 1043 quam·

304 1068 427 1126 que
470 1050 601 1108 ideo
644 1048 981 1127 paucissimi
1022 1059 1269 1126 possunt
1311 1048 1595 1140 insistere,
1641 1047 1746 1106 sed
1787 1046 1934 1106 viam
1989 1047 2340 1139 ‹ructor-itatis
2396 1046 2632 1106 brevem
2679 1056 2740 1107 et

303 1128 822 1267 3?¹13⁶.22⁶⁸.¹;¹1‘.31223
846 1128 1128 1284 gssfflss,
1144 1126 1966 1279 ῖῗῖῗὲέῗὲῗὲζῗὲωοωωῗ
1980 1133 2536 1263 θὶᾚῑῗΐεῑῗιζῗῖι
2555 1128 2737 1265 ἒιῗῖὲ

308 1296 530 1359 nostra,
558 1287 708 1345 nihil
734 1305 875 1344 vero
916 1286 1293 1363 periculosius
1320 1294 1381 1345 et
1408 1284 1742 1363 impeditius
1763 1304 1849 1358 ea,
1875 1302 2048 1359 quam
2085 1282 2452 1343 adversarius
2479 1285 2740 1361 sequitur

306 1366 425 1440 vis,
458 1367 617 1425 nullo
644 1366 881 1443 negotio
910 1365 1419 1443 deprehendemus.
1506 1364 1591 1424 Ut
1633 1363 1788 1423 euim
1825 1362 1899 1422 de
1941 1370 2140 1421 nostra
2179 1362 2441 1421 dicamus
2467 1363 2734 1441 primum,

308 1446 461 1504 falso
510 1446 783 1525 supponit
822 1454 1024 1503 auctor
1052 1464 1087 1503 a
1114 1446 1360 1522 singulis
1386 1442 1656 1503 fidelibus
1683 1442 2202 1502 controversiamm
2217 1442 2474 1501 omnium
2492 1462 2736 1503 examen

304 1524 411 1584 vel
434 1526 767 1601 linguarum
794 1524 1164 1601 originalium
1192 1523 1457 1583 notitiam
1484 1522 1716 1601 requiri,
1748 1532 1813 1582 ut
1841 1522 2294 1600 persuadeantur
2319 1521 2392 1581 de
2421 1521 2558 1582 fidei
2580 1524 2726 1582 veri-

304 1612 448 1663 tate.
534 1605 679 1663 Cum
706 1604 861 1662 enim
894 1604 1189 1681 Scriptura
1214 1604 1519 1681 perspicua
1544 1603 1622 1663 sit
1663 1603 1724 1661 in
1749 1603 1925 1662 rebus
1962 1602 2038 1661 ad
2078 1602 2324 1662 sulutem
2363 1602 2730 1680 necessariis,

306 1694 371 1743 et
398 1682 581 1760 possit
626 1684 701 1742 ab
744 1702 1092 1761 unoquoque
1136 1684 1311 1758 fideli,
1358 1682 1459 1760 qui
1500 1682 1700 1742 oculos
1727 1682 1938 1741 mentis
1965 1680 2282 1741 illustratos
2301 1682 2496 1757 habet,
2523 1691 2586 1742 et
2611 1682 2734 1761 legi

307 1782 445 1823 cum
466 1762 675 1839 stadie,
706 1771 765 1822 et
790 1762 1041 1840 intelligi
1069 1782 1199 1821 cum
1226 1762 1433 1838 fluctu,
1462 1762 1608 1839 quid
1633 1762 1828 1822 obstat
1863 1762 2170 1839 quominus
2196 1761 2274 1820 ad
2299 1782 2428 1821 eam
2471 1782 2734 1823 normam

308 1850 721 1919 componentes
747 1842 1082 1920 praecipuas,
1113 1862 1242 1920 quae
1270 1843 1420 1901 inter
1454 1861 1563 1901 nos
1602 1850 1664 1902 et
1695 1840 2056 1901 adversarios
2071 1841 2381 1918 agitantur,
2403 1849 2732 1901 controver-

310 1924 449 1995 sias,
482 1922 801 1999 dijudicent
826 1921 997 1981 facile
1037 1942 1073 1979 a
1116 1940 1360 1999 quorum
1403 1921 1666 1999 partibus
1707 1928 1824 1979 stet
1872 1920 2213 1997 Scriptura?
2252 1940 2310 1979 v.
2341 1940 2400 1997 g.
2443 1921 2735 1995 Quaeritur

306 2002 464 2060 inter
506 2020 631 2075 nos,
662 2020 737 2059 an
768 2000 967 2060 Sancti
995 2002 1111 2059 sint
1135 2000 1463 2076 invocandi,
1494 2009 1555 2060 et
1580 2020 1656 2059 an
1703 2000 2053 2077 imaginibus
2081 2000 2271 2059 cultus
2287 2000 2502 2077 aliquis
2529 2000 2606 2059 sit
2632 2022 2733 2061 ex-

308 2080 601 2139 hibendus
616 2082 645 2138 P
730 2080 793 2139 Si
826 2080 1178 2157 Scriptus-am
1204 2080 1575 2156 consulimus,
1606 2078 1774 2139 facile
1803 2088 1927 2139 tota
1965 2079 2040 2137 lis
2081 2088 2470 2155 componetur,
2499 2081 2734 2157 quando

310 2179 433 2218 nou
460 2160 640 2218 semel
668 2160 859 2218 Deum
886 2159 1073 2218 solum
1102 2160 1457 2219 adorandum
1485 2167 1545 2219 et
1568 2159 1958 2219 invocandum
1997 2158 2332 2235 prasci-ibit,
2381 2158 2532 2217 Psal.
2562 2159 2603 2217 l.
2638 2162 2730 2235 14,

312 2239 503 2299 Math.
533 2239 611 2299 iv.
647 2242 738 2313 10,
766 2239 881 2297 Isa.
910 2239 1035 2297 xlii.
1066 2242 1122 2315 8,
1168 2248 1225 2299 et
1270 2240 1331 2297 in
1364 2239 1523 2316 Lege
1563 2258 1836 2317 expresse
1880 2258 2108 2297 omnem
2147 2236 2466 2315 imaginum
2510 2239 2732 2297 cultum

310 2316 597 2396 prohibet,
631 2317 823 2376 Exod.
852 2338 953 2376 xx.
1038 2318 1341 2393 Quaeritur,
1374 2338 1448 2377 an
1466 2328 1676 2395 praeter
1691 2318 2035 2377 sacrificium
2071 2318 2305 2393 Christi,
2347 2318 2732 2377 necessarium

308 2398 504 2456 adhuc
532 2397 609 2456 sit
634 2397 977 2456 sacrificium
1004 2398 1360 2457 missaticum
1376 2400 1405 2456 ?
1472 2397 1630 2473 Quid
1649 2398 1874 2457 facilius
1903 2398 2014 2456 erit
2029 2396 2206 2473 fideli,
2231 2417 2406 2476 quam
2433 2418 2509 2457 cx
2539 2398 2732 2477 Scrip-

308 2486 445 2537 tura
473 2476 835 2554 respondere,
864 2496 983 2535 non
1009 2476 1184 2536 modo
1211 2478 1432 2552 inutile,
1464 2478 1569 2537 sed
1589 2486 1650 2537 et
1673 2477 1950 2556 injurium
1972 2477 2202 2536 Christo
2221 2496 2350 2536 esse
2378 2478 2538 2537 alind
2563 2498 2734 2538 omne

308 2556 655 2615 sacrificium
670 2558 926 2615 ἶλαι-ιω
946 2560 975 2614 ?
1002 2557 1287 2634 siquidem
1306 2557 1587 2633 Christus,
1617 2558 1786 2617 unica
1802 2558 2076 2616 oblatione
2093 2560 2301 2629 σφας-σιξ
2327 2557 2494 2633 facta,
2519 2559 2730 2617 sancti·-

304 2636 516 2695 fieatos
540 2636 794 2713 perfecte
816 2636 1255 2713 consummavit,
1280 2644 1339 2696 et
1364 2645 1603 2715 peccata
1618 2638 1812 2696 omnia
1831 2656 2030 2695 eorum
2050 2636 2326 2715 expiavit,
2349 2637 2502 2695 Heb.
2522 2638 2604 2696 ix.
2633 2640 2730 2713 28,

308 2724 373 2774 et
411 2736 475 2774 x.
509 2719 601 2791 12,
638 2718 731 2775 14.
816 2716 1103 2791 Quaeritur
1150 2717 1222 2775 de
1264 2717 1678 2795 justificatione
1715 2724 1931 2791 nostra,
1967 2736 2044 2774 an
2093 2716 2172 2774 sit
2213 2736 2290 2775 ex
2339 2715 2624 2792 operibus,
2656 2736 2731 2775 au

304 2812 389 2853 ex
414 2794 529 2853 fide
545 2798 575 2853 Ρ
658 2794 777 2853 Sed
802 2814 918 2853 uno
944 2795 1125 2855 verbo
1144 2816 1239 2855 res
1278 2796 1601 2874 expeditur,
1633 2797 1684 2855 si
1715 2796 1961 2854 Paulum
1986 2794 2208 2868 audias,
2247 2794 2351 2870 qui
2393 2793 2565 2853 toties
2591 2794 2730 2853 fidei

300 2874 778 2951 justificationem
800 2875 1002 2934 tribuit
1028 2884 1088 2934 et
1114 2876 1385 2953 operibus
1405 2875 1675 2951 denegat,
1693 2875 1862 2933 Rom.
1891 2872 1973 2931 iii.
2003 2876 2099 2946 27,
2133 2872 2264 2930 Gal.
2294 2871 2354 2930 ii.
2385 2872 2475 2929 16.
2559 2872 2729 2946 Qun-

306 2953 473 3027 ritur,
489 2972 563 3011 an
588 2973 767 3031 opera
784 2962 1127 3029 mereantur,
1146 2956 1245 3014 vel
1266 2974 1342 3013 ex
1370 2954 1658 3031 condigno
1675 2954 1772 3011 vel
1793 2972 1870 3011 ex
1887 2970 2144 3028 eongruo
2159 2954 2188 3009 ‘s‘
2229 2950 2384 3024 Quid
2399 2968 2544 3026 opus
2569 2970 2732 3029 mag-

308 3050 389 3089 na
426 3032 831 3109 disquisitione
868 3042 1001 3110 post
1038 3034 1221 3093 verba
1270 3034 1455 3108 Pauli,
1503 3034 1539 3065 ‘⁶
1564 3033 1630 3091 Si
1657 3052 1734 3091 ex
1761 3030 1965 3108 gratia,
1993 3050 2112 3089 non
2140 3050 2216 3089 ex
2243 3028 2528 3107 operibus,
2587 3030 2732 3091 alias

310 3110 503 3187 gratia
527 3132 644 3171 non
674 3120 763 3171 est
788 3113 1037 3191 amplius
1135 3114 1309 3188 atia,''
1340 3110 1469 3188 &c.,
1514 3112 1685 3171 Rom.
1713 3110 1796 3169 xi.
1821 3112 1876 3185 6,
1905 3118 1966 3169 et
2001 3110 2142 3169 alibi
2172 3108 2440 3169 “donum
2471 3109 2584 3169 Dei
2610 3111 2735 3171 vita

308 3192 586 3264 aeterna,'’
632 3191 803 3249 Rom.
832 3192 913 3250 vi.
936 3195 1032 3269 23,
1153 3238 1168 3252 .
1252 3191 1541 3266 Quaeritur
1566 3190 1642 3250 de
1670 3190 2070 3249 communione
2089 3191 2197 3250 sub
2225 3198 2468 3268 uitaque
2495 3192 2688 3269 specie
2705 3194 2735 3251 Ρ

310 3268 460 3342 Quis
483 3269 647 3329 locus
670 3270 1004 3347 ambigendi
1030 3279 1163 3348 post
1190 3290 1395 3330 vocem
1419 3270 1651 3346 Christi,
1691 3270 1874 3329 Bibite
1901 3289 1975 3327 ex
2001 3271 2104 3329 hoc
2131 3290 2316 3330 omnes
2333 3272 2361 3330 ἓ
2443 3270 2735 3345 Quaeritur

306 3347 385 3406 de
414 3348 635 3410 ,viribus
680 3349 851 3408 liberi
890 3349 1131 3426 arbitrii,
1160 3370 1237 3409 an
1264 3350 1555 3427 supersint
1580 3350 1772 3409 adhuc
1795 3348 2064 3427 quadam
2091 3349 2154 3407 in
2171 3350 2406 3408 homine
2433 3358 2566 3427 post
2597 3370 2730 3426 pec-

308 3435 525 3503 catum,
550 3428 767 3505 quibus
788 3448 850 3487 se
876 3438 1161 3507 praeparet
1184 3430 1264 3488 ad
1289 3430 1535 3507 gratiam
1554 3432 1584 3487 i>
1669 3427 1786 3488 Sed
1825 3427 2006 3487 verbo'
2055 3420 2273 3487 Paulus
2305 3446 2428 3487 nem
2473 3428 2727 3504 expedit,

306 3526 493 3583 quum
518 3526 627 3565 nos
653 3516 910 3567 mortuos
936 3508 999 3566 in
1022 3509 1278 3586 peccatis
1320 3517 1511 3583 vocat,
1558 3508 1710 3586 Eph.
1739 3507 1800 3567 ii.
1833 3510 1888 3581 1,
1927 3506 2033 3583 qui
2073 3526 2148 3564 ne
2191 3506 2448 3583 cogitate
2497 3506 2734 3581 quidem

307 3585 620 3662 quicquam
668 3586 807 3645 boni
852 3606 1176 3665 possumus,
1208 3593 1245 3647 2
1276 3588 1405 3649 Cor.
1434 3588 1517 3647 iii.
1536 3590 1593 3647 5.
1677 3587 1774 3645 Ita
1813 3587 1868 3646 si
1913 3604 2016 3663 per
2055 3586 2171 3644 alia
2217 3584 2736 3645 controversiarum

306 3664 521 3741 capita,
552 3684 684 3757 quse
716 3665 1173 3760 fundamentum·
1208 3666 1347 3727 fidei
1386 3674 1665 3745 spectant,
1698 3666 1800 3759 ‘ire
1839 3664 2128 3758 volumus,
2156 3663 2326 3755 facile
2355 3663 2736 3755 demonstrari

305 3750 735 3901 ,ζῗιῗῗῗξιῗρὶῗ
756 3744 2734 3903 23525‘2133‘33‘332335223212ss‘1hvg3333333353522223

310 3910 460 3959 turae
487 3900 837 3979 integritate,
867 3912 927 3963 et
952 3904 1027 3963 de
1053 3904 1219 3964 libris
1246 3904 1555 3964 canonicis
1580 3904 1962 3983 quaestionem
2001 3902 2306 3977 discutere,
2347 3919 2480 3961 cum
2519 3900 2582 3957 in
2624 3900 2738 3959 hee

310 3980 520 4038 saltem
544 3984 784 4058 negotio
812 4002 1129 4043 consensus
1168 3984 1246 4043 sit
1284 3984 1435 4043 inter
1480 4004 1589 4044 nos
1629 3991 1692 4044 et
1732 3982 2113 4058 adversafios,
2157 3981 2339 4040 libros
2393 3999 2469 4039 ex
2519 3978 2736 4055 quibus

308 4057 526 4118 m'milia
548 4060 683 4119 loca
700 4062 951 4139 petimus
976 4082 1107 4122 esse
1130 4063 1469 4139 Canonieos,
1506 4072 1567 4123 et
1592 4064 1813 4123 nullam
1845 4062 1946 4121 hic
1959 4062 2112 4121 inter
2135 4059 2327 4119 fontes
2354 4065 2414 4117 et
2439 4056 2738 4119 versiones

308 4138 526 4214 quibus
550 4140 773 4199 utimur
798 4160 927 4201 esse
948 4141 1409 4219 discrepantiam.
1494 4142 1718 4203 Verum
1741 4142 1790 4201 si
1819 4140 1892 4201 de
1917 4142 2014 4201 υἰα
2033 4138 2382 4201 concavitate
2422 4136 2732 4219 loquimur,

304 4216 451 4293 quid
476 4216 773 4279 difficilius
799 4228 859 4281 et
884 4222 1073 4297 magis
1100 4222 1431 4281 intricatum
1458 4240 1760 4281 occurrere
1787 4227 1980 4297 potest
1997 4222 2028 4279 Ρ
2068 4216 2302 4295 quando
2343 4236 2512 4275 nemo
2550 4216 2638 4275 illi
2677 4236 2738 4275 se

306 4296 599 4373 subjicere
626 4306 835 4375 potest,
858 4300 963 4377 qui
988 4320 1107 4361 non
1130 4302 1345 4360 habeat
1364 4308 1730 4379 perspectum
1769 4318 1897 4357 eam
1937 4297 2260 4374 legitimam
2277 4314 2408 4357 esse
2437 4304 2496 4356 et
2521 4296 2583 4355 in
2610 4312 2740 4357 ver-

312 4374 387 4433 bo
414 4374 755 4454 fundatam3
800 4388 859 4439 et
886 4378 1227 4455 Ecclesiam,
1259 4400 1389 4458 quae
1430 4380 1533 4439 illa
1572 4379 1870 4456 gloriatur,
1921 4396 2156 4451 veram3
2201 4376 2358 4452 quod
2401 4396 2518 4435 non
2567 4376 2740 4435 modo

302 4452 489 4529 ipsius
524 4455 855 4535 Soriptmae,
904 4458 1009 4517 sed
1054 4468 1111 4519 et
1154 4460 1335 4519 totius
1368 4457 1746 4535 antiquitatis,
1779 4476 1854 4515 ex
1900 4456 2210 4533 hypothesi
2252 4456 2736 4532 adversariorum,

2221 4548 2258 4593 Ι·
