3234 5192
371 376 605 416 msrur.
640 354 775 435 vin]
1100 371 1333 413 uosrnx
1366 372 1442 411 An
1471 371 1758 413 sccnnsrx
1787 372 2061 413 ROMANA.
2673 360 2782 424 171

378 524 800 593 exponuntur3
844 514 1095 587 aliisque
1123 512 1349 571 artibus
1378 513 1722 583 innumeriS,
1744 513 1964 587 quibus
1992 532 2132 588 opes
2163 515 2548 591 undiquaque
2571 536 2677 591 per
2695 516 2788 575 fas

376 603 437 653 et
463 595 629 653 nefas
656 595 965 651 corradere
992 589 1162 662 solet,
1191 600 1251 649 et
1278 600 1471 649 totum
1498 610 1650 667 pene
1677 591 1880 648 orbem
1907 598 2202 650 terrarum
2231 594 2344 650 sibi
2372 595 2700 653 obnoxium
2729 604 2791 654 et

378 674 763 731 tributarium
789 671 953 729 facit.

462 752 598 809 XL.
644 751 893 809 Possent
920 750 1043 807 alia
1086 751 1265 825 plura
1311 750 1511 809 adhuc
1538 748 1682 804 addi
1709 756 2066 823 argumenta
2093 752 2171 807 ad
2215 753 2520 810 sententiae
2567 759 2786 811 nostrae

380 830 907 899 confirmationem,
951 828 1221 903 inprimis
1263 848 1397 903 quae
1446 846 1521 883 ex
1569 827 1888 884 collatione
1917 827 2190 887 Antiochi
2238 841 2292 887 et
2319 832 2671 889 Antichristi
2713 848 2790 888 ex

382 908 633 969 Daniele
660 908 783 983 peti
810 914 1061 982 possunt
1084 929 1097 975 ;
1142 908 1245 964 sed
1282 908 1357 963 de
1384 906 1475 962 his
1509 905 1655 962 alibi
1673 906 1909 963 dicendi
1929 908 2046 963 erit
2061 909 2246 977 locus,
2267 916 2326 965 et
2347 928 2480 983 quae
2502 911 2788 967 hactenus

382 990 570 1047 allata
597 994 737 1043 sunt
764 986 1029 1043 sufficere
1057 992 1326 1060 possunt,
1356 984 1405 1041 si
1448 985 1560 1040 rite
1588 986 2022 1059 expendantur,
2053 988 2130 1043 ad
2176 986 2568 1045 evincendum
2616 996 2788 1045 notas

382 1086 497 1139 eas,
538 1064 757 1141 quibus
802 1064 1211 1121 Antichristus
1252 1064 1501 1137 ejusque
1548 1062 1866 1137 imperium
1920 1072 1982 1122 et
2028 1072 2216 1122 status
2262 1066 2432 1122 nobis
2479 1084 2517 1123 a
2563 1066 2790 1141 Spiritu

386 1146 603 1205 Sancto
631 1143 981 1201 describitur
1008 1142 1069 1198 in
1101 1140 1425 1215 Scriptura,
1455 1160 1574 1197 non
1604 1142 1711 1197 alii
1751 1140 2008 1215 cuipiam
2037 1143 2250 1199 melius
2291 1162 2474 1218 quam
2518 1143 2790 1201 Pontifici

386 1224 663 1281 Romano
710 1220 1043 1279 convenire.
1140 1220 1263 1288 Qui
1315 1219 1494 1295 plura
1540 1219 1818 1289 voluerit,
1864 1223 2170 1279 consulere
2213 1230 2408 1296 potest
2450 1240 2670 1297 magna
2716 1240 2791 1279 ex

384 1300 605 1359 nostris
658 1299 923 1368 nomina,
997 1306 1057 1355 et
1103 1298 1261 1356 viros
1332 1299 1734 1373 undequaque
1779 1299 2172 1370 doctissimos,
2223 1300 2328 1375 qui
2398 1304 2788 1377 quaestionem

386 1381 543 1437 hanc
570 1396 644 1435 ex
668 1378 931 1451 professo
958 1384 1308 1446 tractarunt,
1327 1384 1387 1433 et
1414 1394 1535 1432 uno
1564 1394 1665 1433 ore
1682 1376 1842 1433 idem
1867 1378 2341 1451 pronuntiarunt
2363 1400 2378 1447 ;
2420 1381 2627 1454 quales
2649 1384 2790 1437 sunt

387 1458 544 1515 inter
570 1464 811 1513 caeteros
838 1454 1113 1513 Sereniss.
1138 1456 1225 1512 M.
1252 1454 1401 1512 Rex.
1432 1454 1760 1512 Britannioe
1789 1453 1832 1511 J
1835 1456 2074 1526 acobus,
2124 1456 2185 1511 in
2215 1474 2392 1529 opere
2415 1476 2523 1514 suo
2545 1458 2709 1531 regio
2731 1462 2792 1514 et

389 1535 779 1610 Apologiaad
799 1534 1087 1608 principes
1098 1534 1179 1591 iii.
1197 1532 1472 1591 Plessaus
1490 1532 1552 1589 in
1564 1532 1834 1591 Historia
1845 1532 2535 1609 Papatus,Whitakerus,
2547 1535 2589 1593 J
2595 1536 2790 1605 unius,

385 1614 667 1682 DanaeuS‚
676 1612 1043 1681 chamierus,
1056 1612 1752 1686 Molinaeus‚Vignerius,
1767 1611 2079 1681 Pon-elius,
2093 1612 2458 1683 Downanus,
2471 1614 2790 1683 Maresius,

384 1693 625 1761 Medus,
654 1691 877 1767 aliique
924 1710 1047 1748 non
1092 1691 1286 1766 pauci,
1316 1699 1376 1746 et
1432 1690 1748 1747 novissime
1789 1690 2224 1748 eruditissimus
2266 1692 2581 1767 theologus
2627 1699 2688 1749 et
2714 1693 2788 1749 de

390 1770 655 1829 Ecclesia
683 1769 797 1828 Dei
824 1770 885 1826 in
914 1788 1096 1828 causa
1121 1771 1252 1843 ejus
1280 1770 1507 1826 tuenda
1533 1768 1754 1843 optime
1783 1770 2046 1838 merituS,
2068 1768 2252 1826 frater
2279 1768 2340 1825 in
2387 1770 2623 1828 Christo
2650 1788 2790 1827 con-

378 1849 793 1925 junctissimus
822 1848 897 1907 D.
921 1848 964 1906 J
970 1850 1136 1907 urieu
1164 1850 1224 1905 in
1248 1847 1349 1904 lib.
1374 1846 1855 1924 Proejudiciorum
1882 1860 2086 1905 contra
2107 1846 2422 1923 Papatum‚
2446 1856 2504 1906 et
2533 1849 2594 1905 in
2624 1848 2791 1907 Gom-

378 1928 661 2005 plemento
680 1928 1125 2004 prophetiarum
1152 1934 1289 1984 ante
1316 1944 1541 1983 annum
1569 1927 1872 2001 evulgato,
1913 1935 2062 2001 part.
2097 1926 2150 1997 l,
2181 1927 2284 1984 ubi
2325 1928 2438 1985 hoc
2477 1946 2792 2000 argumen-

386 2015 518 2065 tum
546 2026 617 2064 ea
644 2006 1019 2065 accuratione
1048 2012 1107 2063 et
1134 2004 1435 2063 soliditate
1462 2006 1800 2079 exequitur,
1831 2014 1900 2061 ut
1925 2013 2060 2080 post
2104 2004 2233 2079 ejus
2273 2024 2522 2063 messem
2549 2006 2650 2061 vix
2677 2006 2792 2062 ulli

388 2086 693 2161 spicilegio
721 2088 889 2143 locus
916 2086 1109 2143 detur.

472 2163 645 2221 XLI.
692 2165 809 2222 Sed
840 2171 909 2221 ut
949 2164 1209 2238 pressius
1251 2180 1573 2237 urgeamus
1612 2162 2005 2234 adversarios,
2048 2164 2196 2221 libet
2241 2163 2338 2220 hic
2379 2164 2674 2221 nonnulla
2713 2182 2790 2221 ex

392 2243 535 2318 ipsis
565 2242 893 2301 Pontificiis
918 2242 982 2299 in
1024 2241 1289 2299 medium
1330 2242 1538 2299 afferre
1566 2243 1923 2312 testimonia,
1953 2243 2060 2317 qui
2109 2243 2367 2315 ingenue
2413 2250 2792 2315 agnoverunt

394 2321 881 2380 Anti-Christum
911 2320 972 2378 in
1004 2319 1185 2394 Papa,
1214 2327 1275 2377 et
1300 2320 1431 2395 ejus
1476 2320 1692 2378 Sedem
1730 2322 1792 2377 in
1838 2320 1988 2380 Sede
2019 2321 2295 2378 Romana
2321 2320 2593 2378 inveniri.
2642 2320 2792 2380 Gre-

393 2400 597 2474 gorius
628 2399 700 2469 I.,
732 2399 1009 2457 Pontifex
1038 2400 1179 2474 ipse,
1209 2399 1363 2455 circa
1390 2417 1615 2456 annum
1635 2400 1770 2469 600,
1795 2418 1913 2457 non
1935 2399 2180 2457 obscure
2201 2401 2316 2457 hoc
2339 2398 2662 2457 insinuavit
2683 2400 2790 2457 ad·

393 2496 597 2536 versus
636 2478 979 2537 Johannem
1012 2477 1763 2551 constantinopolitanum,
1795 2478 1899 2552 qui
1939 2478 2184 2535 titulum
2217 2476 2578 2548 oecumenici,
2609 2496 2789 2552 quem

396 2555 563 2633 Papa
605 2558 913 2632 proprium
960 2556 1071 2613 sibi
1118 2574 1243 2613 csse
1270 2555 1481 2625 voluit,
1510 2557 1854 2631 usurpabat,
1886 2556 1949 2615 in
1991 2556 2262 2631 Epistola
2303 2558 2381 2613 ad
2429 2556 2788 2615 Mauritium

398 2634 851 2711 Imperatorem,
880 2634 982 2693 lib.
1003 2635 1080 2692 iv.
1104 2635 1271 2709 epist.
1294 2635 1387 2705 30,
1432 2641 1467 2667 ‘⁸
1494 2634 1626 2709 Ego
1654 2642 1856 2692 autem
1882 2636 2134 2691 fidenter
2155 2634 2306 2705 dico,
2327 2637 2490 2711 quod
2521 2635 2788 2709 quisquis

396 2732 459 2771 se
486 2714 881 2772 universalem
922 2715 1285 2772 sacerdotem
1313 2720 1503 2783 vocat,
1532 2714 1631 2769 vel
1674 2712 1874 2771 vocari
1914 2714 2226 2785 desiderat,
2275 2713 2340 2769 in
2383 2732 2494 2770 sua
2532 2713 2789 2770 elatione

396 2792 835 2850 Antichristum
862 2791 1191 2866 praecurrit,
1222 2791 1367 2866 quia
1394 2790 1790 2865 superbiendo
1819 2792 2044 2849 caeteris
2073 2809 2136 2848 sc
2165 2791 2516 2866 praeponit,”
2543 2794 2642 2847 &a
2709 2790 2790 2848 Et

396 2871 565 2946 epist.
594 2871 690 2940 36,
722 2878 757 2905 ‘⁴
778 2870 911 2928 Rex
938 2870 1229 2945 superbiae
1258 2888 1442 2944 prope
1474 2876 1582 2939 est,
1612 2878 1674 2927 et
1716 2871 1880 2945 quod
1909 2870 2026 2926 dici
2067 2868 2234 2925 nefas
2264 2876 2370 2938 est,
2413 2870 2788 2925 sacerdotum

394 2958 763 3024 praeparatus
790 2956 879 3006 est
904 2949 959 3006 ei
999 2949 1311 3019 exercitus,
1342 2948 1485 3023 quia
1526 2948 1738 3004 cervici
1779 2946 2043 3005 militant
2085 2946 2377 3017 elationis,
2408 2946 2514 3021 qui
2555 2947 2632 3003 ad
2673 2948 2789 3003 hoc

396 3027 573 3101 positi
598 3027 861 3098 fuerunt,
891 3036 961 3085 ut
995 3029 1283 3085 ducatum
1309 3026 1644 3101 praeberent
1669 3025 2082 3085 humilitatis.”
2167 3023 2335 3083 Circa
2379 3026 2560 3081 finem
2603 3026 2787 3082 seculi

399 3105 611 3162 decimi
637 3106 1011 3163 luculentum
1039 3113 1203 3162 extat
1230 3104 1640 3162 testimonium
1669 3103 1982 3178 Arnulphi
2026 3102 2302 3178 Episcopi
2332 3102 2787 3161 Aurelianensis

398 3183 464 3241 in
521 3183 765 3258 Synodo
807 3183 1149 3254 Rhemensi,
1198 3184 1303 3258 qui
1344 3182 1744 3241 miserrimum
1791 3180 2067 3240 Ecclesiae
2109 3182 2201 3239 sui
2241 3183 2525 3258 temporis
2564 3188 2786 3239 statum

396 3262 635 3333 deflens,
661 3269 695 3296 “
712 3263 763 3321 Ο
782 3263 1106 3337 lugenda,”
1118 3261 1331 3336 inquit,
1346 3267 1380 3295 “
1393 3260 1607 3331 Roma,
1639 3280 1773 3337 quae
1793 3262 2014 3319 nostris
2031 3261 2148 3335 maj
2157 3259 2359 3319 oribus
2369 3262 2530 3319 clara
2549 3268 2786 3337 patrum

392 3342 625 3399 lumina
650 3342 978 3418 portavisti,
1010 3340 1227 3399 nostris
1254 3340 1620 3415 temporibus
1657 3348 2020 3398 monstrosas
2047 3340 2324 3397 tenebras
2349 3340 2557 3398 futuro
2585 3340 2787 3398 seculo

392 3420 658 3478 fumosas
682 3420 1004 3477 effudisti.''
1074 3418 1155 3477 Et
1180 3426 1315 3493 post
1333 3420 1697 3477 mentionem
1714 3419 1932 3476 factam
1956 3419 2256 3476 variorum
2285 3417 2644 3478 Pontificum
2663 3436 2789 3476 cor-

394 3499 897 3573 ruptissimorum,
926 3498 1134 3573 quales
1179 3497 1429 3555 fuerunt
1478 3498 1814 3570 Octaviani,
1859 3497 2172 3568 Bonifacii,
2212 3498 2450 3573 aliaque
2493 3500 2556 3555 id
2593 3515 2786 3571 genus

393 3586 663 3635 monstra
690 3576 1020 3646 hominum,
1053 3583 1121 3633 ut
1141 3584 1335 3647 vocat,
1356 3576 1461 3651 qui
1484 3575 1696 3634 Sedem
1721 3596 1758 3634 a
1777 3583 2014 3633 centum
2038 3576 2210 3633 annis
2232 3578 2620 3651 occupabant,
2650 3594 2789 3632 con·

398 3656 589 3713 cludit
624 3657 884 3725 tandem,
930 3662 965 3689 ‘⁴
988 3654 1153 3722 Quid
1210 3658 1389 3727 hunc,
1432 3654 1772 3713 Reverendi
1823 3654 2044 3725 Patres,
2073 3655 2136 3711 in
2167 3654 2408 3711 sublimi
2453 3654 2603 3711 solio
2647 3654 2790 3709 resi-

392 3733 650 3806 dentem,
669 3740 830 3791 veste
848 3752 1151 3809 purpurea
1167 3740 1227 3791 et
1235 3752 1417 3792 aurea
1433 3734 1784 3805 radiantem,
1797 3733 1937 3809 quid
1959 3734 2176 3802 hunc,”
2189 3732 2455 3807 inquam,
2469 3738 2503 3765 ‘⁶
2515 3750 2639 3788 esse
2655 3749 2790 3789 cen-

396 3813 577 3872 setis?
656 3812 965 3870 Nimirum
1007 3812 1057 3869 si
1105 3812 1391 3870 charitate
1439 3812 1802 3882 destituitur,
1845 3812 2092 3885 solaque
2137 3810 2381 3868 scientia
2423 3810 2667 3865 inflatur
2726 3816 2788 3865 et

397 3892 727 3960 extollitur,
760 3890 1171 3949 Antichristus
1198 3898 1287 3948 cst
1328 3890 1391 3947 in
1432 3892 1656 3964 templo
1686 3890 1800 3948 Dei
1827 3891 2036 3947 sedens
2078 3896 2140 3946 et
2192 3906 2253 3945 se
2297 3888 2612 3945 ostendens
2657 3894 2788 3944 tan-

396 3988 579 4045 quam
607 3970 683 4027 sit
704 3970 925 4027 Deus.”
1008 3968 1161 4027 Haec
1196 3978 1369 4026 erant
1409 3970 1609 4026 secula
1646 3969 1840 4025 ferrea
1879 3974 1938 4025 et
1963 3968 2265 4041 plumbea,
2307 3967 2380 4024 de
2409 3966 2628 4039 quibus
2670 3964 2788 4022 Ba-

398 4048 604 4106 tonius
630 4050 708 4105 ad
736 4066 961 4105 annum
984 4048 1101 4105 900
1122 4048 1409 4124 queritur,
1452 4047 1515 4104 in
1538 4048 1758 4123 quibus
1779 4045 2284 4121 impotentissimae
2322 4043 2788 4101 dominabantur

398 4126 735 4183 meretrices
763 4126 1077 4184 Theodora
1102 4135 1163 4185 et
1202 4126 1495 4198 Marozia,
1524 4136 1585 4183 et
1623 4132 1890 4183 monstra
1917 4124 1978 4181 in
2026 4122 2238 4180 Sedem
2281 4122 2686 4193 intrudebant,
2728 4129 2790 4179 et

402 4204 657 4264 Genebr.
688 4204 749 4261 in
777 4205 879 4261 lib.
918 4223 975 4262 v.
1009 4204 1281 4264 Chronic.
1310 4204 1551 4274 fatetur,
1592 4210 1628 4239 ‘⁴
1654 4203 1767 4261 Per
1793 4220 1982 4260 annos
2021 4200 2144 4258 fere
2174 4200 2306 4271 150,
2338 4198 2650 4259 Pontifices
2678 4200 2789 4257 cir·

398 4283 543 4342 citer
588 4283 1031 4359 quinquaginta
1072 4303 1110 4342 a
1149 4284 1387 4342 Joanne
1436 4284 1658 4341 scilicet
1688 4281 1884 4339 VIII.
1935 4298 2126 4353 usque
2153 4281 2231 4336 ad
2277 4278 2542 4337 Leonem
2593 4278 2708 4337 IX.
2751 4298 2792 4338 a

395 4362 617 4420 virtute
644 4362 941 4436 majorum
970 4382 1215 4437 prorsus
1252 4361 1551 4430 defecisse,
1596 4358 1999 4435 Apotacticos,
2044 4358 2544 4433 Apostaticosque
2589 4358 2790 4434 potius

399 4460 583 4516 quam
612 4440 1055 4516 Apostolicos.”
1142 4440 1421 4515 Gregorii
1452 4439 1609 4497 VII.
1639 4447 1922 4512 tempore,
1967 4454 2087 4511 quo
2109 4436 2424 4511 imperium
2457 4436 2790 4497 Antichris-

398 4520 633 4577 tianum
678 4521 755 4577 ad
804 4546 969 4595 upon·
1009 4521 1296 4597 pervenit,
1342 4519 1507 4593 quod
1555 4516 1808 4589 contigit
1849 4515 2032 4572 seculi
2081 4516 2380 4573 undecimi
2429 4516 2617 4589 initio,
2667 4534 2788 4575 non

400 4598 576 4672 pauci
601 4598 851 4657 illorum
894 4606 1235 4675 temporum
1262 4598 1423 4655 idem
1470 4602 1674 4672 aperte
1702 4593 1900 4653 testati
1948 4601 2105 4665 sunt,
2150 4595 2438 4653 referente
2485 4594 2790 4654 Aventino

403 4676 604 4735 Anna.
622 4678 727 4735 lib.
740 4696 797 4735 v.
830 4678 1159 4753 “Plerique
1180 4694 1287 4752 pro
1302 4676 1643 4747 concione,”
1661 4674 1927 4749 inquit,“
1945 4672 2238 4749 Gregorio
2249 4676 2632 4744 maledicunt,
2657 4672 2794 4731 Hil-
