3234 5192
295 352 525 396 Disrcr.
558 334 740 417 κιαι]
856 352 930 393 οε
960 352 1433 395 sArxsrAc‘rroxrs
1462 354 1698 397 cums'rr
1727 354 2149 398 Pani-verium.
2583 342 2696 398 677

288 496 553 573 guinem,
598 496 775 554 Rom.
826 514 879 552 ν.
936 495 1026 566 10,
1072 496 1119 553 si
1146 514 1321 572 poena
1367 496 1760 555 satisfactoria
1785 499 1984 556 adhuc
2007 498 2176 555 uobis
2203 498 2450 557 ferenda
2477 519 2550 558 ex
2581 500 2696 559 Dei

284 576 519 652 judicio
547 576 933 633 incumberet.

372 654 638 713 XVIII.
685 653 899 711 Dicent
938 652 1110 724 forte,
1153 655 1239 712 ita
1285 654 1444 711 enim
1470 653 1742 730 loquitur
1779 655 2082 727 Bellarm.,
2131 656 2234 712 lib.
2265 654 2341 711 iv.
2372 656 2448 712 de
2479 656 2690 715 Poenit.

292 754 417 809 cap.
453 734 504 804 1,
531 742 565 767 ·‘
594 732 659 790 N
662 750 743 789 on
790 730 1035 805 quidem
1069 732 1198 789 fieri
1244 750 1417 807 posse
1446 740 1514 791 ut
1553 752 1663 808 pro
1689 734 2078 791 instauranda
2105 732 2368 791 amicitia
2394 752 2532 791 cum
2561 734 2691 793 Deo

288 812 559 871 homines
589 810 967 880 satisfaciant,
997 811 1101 867 sed
1128 812 1405 870 restituta
1430 811 1690 869 amicitia
1735 830 1839 887 per
1875 812 2202 886 gratuitam
2231 811 2692 871 misericordiam

294 891 427 961 Dei,
458 899 519 947 et
546 908 652 964 per
678 889 1146 963 redemptionem
1173 909 1309 965 quae
1336 898 1425 948 est
1468 889 1533 947 in
1564 890 1799 949 Christo
1827 890 1869 947 J
1872 908 1995 961 esu,
2024 910 2194 966 posse
2224 889 2466 965 quidem
2495 892 2693 949 Deum

289 970 639 1027 universum
668 985 857 1041 poenae
884 966 1154 1025 debitum
1182 987 1413 1044 semper
1441 970 1799 1041 condonare,
1829 977 1898 1027 ut
1940 977 2170 1027 eertum
2197 976 2286 1027 est
2314 987 2452 1027 eum
2471 970 2689 1041 faeere,

290 1066 429 1107 cum
458 1048 717 1124 primum
743 1063 853 1102 nos
878 1064 985 1121 per
1010 1046 1373 1121 baptismum
1401 1046 1459 1104 in
1479 1047 1636 1106 filios
1657 1048 1881 1121 recipit,
1911 1050 2007 1106 vel
2035 1066 2174 1105 cum
2199 1048 2556 1121 martyrium
2583 1066 2690 1124 pro

290 1128 533 1186 nomine
580 1126 711 1200 ejus
759 1125 1045 1197 subimus,
1090 1127 1193 1183 sed
1240 1144 1412 1200 posse
1454 1125 1638 1183 etiam
1685 1127 1748 1183 id
1776 1128 1931 1184 velle
1961 1134 2029 1184 ut
2056 1145 2192 1184 cum
2220 1144 2532 1200 peccamus
2556 1135 2693 1203 post
2765 1183 2788 1195 ,

290 1206 673 1279 baptismum,
702 1202 967 1259 amicitia
993 1204 1238 1278 quidem
1257 1204 1443 1279 gratis
1470 1204 1892 1279 poenitentibus
1920 1212 1980 1263 et
2007 1213 2248 1281 peccata
2274 1222 2384 1261 sua
2409 1208 2692 1263 confiten-

290 1283 453 1341 tibus
499 1284 867 1351 restituatur,
916 1282 1021 1338 sed
1068 1289 1310 1339 maneat
1352 1290 1552 1340 tamen
1580 1284 1852 1340 debitum
1877 1283 2114 1341 luendae
2145 1301 2332 1357 poeuae
2362 1302 2483 1361 qua
2513 1284 2694 1357 justi-

292 1362 391 1419 tiae
436 1362 739 1419 satisfiat.”
844 1359 965 1418 Hic
1010 1378 1171 1430 vern,
1219 1360 1269 1417 1.
1302 1360 1494 1436 primo
1537 1363 1920 1435 gratulamur
1961 1359 2324 1419 Adversario
2367 1361 2692 1437 ingenuam

289 1440 557 1498 veritatis
598 1439 1047 1509 confessionem,
1092 1439 1241 1495 dum
1286 1438 1509 1497 fatetur
1558 1440 1758 1497 Deum
1799 1448 1934 1514 post
1953 1439 2424 1514 redemptionem
2453 1440 2690 1513 Christi,

288 1524 324 1552 ‘⁴
343 1536 517 1593 posse
538 1520 885 1575 universum
910 1536 1101 1592 poenae
1144 1518 1417 1575 debitum
1464 1537 1696 1593 semper
1721 1519 2117 1589 condonare,’'
2149 1524 2218 1576 ut
2235 1516 2381 1576 facit
2409 1518 2472 1576 in
2499 1520 2692 1594 bapti-

290 1598 439 1655 zatis
486 1606 547 1655 et
588 1596 967 1671 martyribus.
1051 1596 1217 1655 Nam
1246 1596 1293 1654 si
1319 1596 1435 1654 hoc
1460 1616 1672 1654 verum
1701 1596 1798 1677 (ut
1825 1616 1966 1655 sane
1993 1604 2082 1655 est
2107 1596 2528 1675 verissimum‚)
2559 1598 2693 1673 quis

289 1684 486 1752 potest
531 1678 699 1734 locus
745 1694 871 1733 esse
907 1676 1169 1750 amplius
1215 1675 1355 1732 ullis
1396 1675 1900 1733 satisfactionibus
1944 1676 2265 1735 humanis?
2367 1677 2469 1734 An
2517 1676 2692 1747 forte,

289 1757 456 1830 quod
485 1756 649 1814 Deus
677 1772 799 1813 non
826 1760 1143 1812 contentus
1173 1753 1395 1812 Christi
1424 1754 1822 1813 satisfactione
1843 1754 1992 1813 alias
2017 1754 2260 1831 insuper
2287 1774 2324 1813 a
2351 1763 2518 1831 parte
2557 1773 2694 1813 nos-

290 1835 367 1891 tri
388 1835 691 1910 postulet?
734 1833 853 1893 Sed
880 1835 995 1891 hoc
1020 1852 1129 1891 nec
1158 1832 1466 1907 Scriptura
1492 1833 1648 1891 dixit
1671 1852 1954 1909 unquam,
1983 1852 2092 1890 nec
2119 1852 2386 1911 unquam
2418 1834 2694 1909 probabi-

289 1919 405 1969 tur.
490 1914 545 1969 2.
576 1912 753 1969 Falso
782 1912 1065 1987 supponit
1090 1912 1351 1969 amicitia
1376 1914 1560 1970 semel
1602 1913 1882 1969 restituta
1915 1930 2086 1988 posse
2113 1912 2272 1987 exigi
2299 1912 2569 1970 debitum
2600 1914 2694 1969 lu-

290 1992 459 2047 endae
490 2008 679 2065 poenae
708 2008 831 2063 qua
860 1990 1113 2062 justitias
1163 1991 1426 2048 satisfiat.
1509 1990 1675 2047 Nam
1703 1992 1830 2047 haec
1874 1997 2016 2047 sunt
2051 1990 2336 2062 ἅσῦποιτα,
2379 1990 2424 2048 J
2431 1990 2694 2048 ustitiam

293 2068 529 2141 exigere
576 2084 830 2141 poenam,
860 2074 921 2124 et
962 2067 1311 2124 Amicitiam
1356 2067 1550 2125 facere
1596 2070 1870 2141 gratiam.
1938 2068 2042 2125 An
2073 2077 2269 2127 servat
2297 2069 2462 2126 Deus
2492 2068 2693 2125 amici-

288 2145 436 2203 tiam
464 2164 601 2203 cum
628 2143 701 2201 iis
728 2163 881 2218 quos
910 2152 979 2201 ut
1004 2145 1377 2202 adversarios
1412 2145 1663 2203 terribili
1681 2144 1914 2218 judicio
1942 2154 2002 2203 et
2029 2147 2262 2204 fervore
2289 2146 2444 2221 ignis
2472 2164 2690 2203 voran-

287 2224 367 2281 tis
412 2222 833 2297 prosequitur?
874 2222 1125 2279 firmane
1172 2224 1508 2280 censebitur
1548 2223 1810 2281 amicitia
1855 2222 2010 2281 inter
2035 2224 2077 2281 J
2081 2226 2336 2283 acobutn
2363 2231 2424 2281 ct
2445 2222 2692 2282 Petrum

288 2302 337 2359 si
364 2301 467 2358 ille
488 2299 812 2359 amicitiam
840 2302 1139 2377 spondens
1166 2308 1363 2359 totum
1390 2301 1655 2358 furorem
1683 2301 1746 2357 in
1771 2303 1936 2359 hunc
1963 2303 2234 2362 effundat
2257 2307 2278 2362 ἓ
2329 2302 2494 2371 Quid
2525 2304 2690 2377 quod

288 2398 365 2437 ex
411 2398 482 2437 eo
526 2386 873 2455 sequeretur
916 2379 1175 2439 amicum
1218 2379 1333 2438 Dei
1376 2398 1545 2457 posse
1589 2381 1989 2452 condemnari,
2020 2384 2185 2457 quod
2211 2400 2486 2457 expresse
2511 2390 2694 2456 negat

288 2458 638 2532 Apostolus,
670 2456 847 2517 Rom.
877 2459 997 2517 viii.
1045 2459 1096 2517 1.
1127 2458 1347 2519 Fateor
1378 2460 1622 2535 quidem
1649 2460 1853 2517 amicis
1879 2459 2075 2519 varias
2104 2461 2332 2537 imponi
2351 2478 2556 2538 poenas
2585 2480 2695 2521 nec

286 2536 487 2595 Deum
504 2538 643 2615 ipsis
672 2556 923 2615 parcere,
948 2539 1051 2596 sed
1071 2538 1201 2597 istae
1222 2556 1411 2614 poenae
1441 2545 1582 2596 sunt
1600 2545 1883 2613 paternas,
1902 2540 2284 2599 medicinales
2305 2548 2365 2599 et
2381 2540 2694 2614 castigato-

286 2618 409 2687 riae,
438 2625 507 2676 ut
533 2617 693 2675 infra
719 2618 986 2675 dicemus
1010 2638 1025 2687 ;
1066 2635 1189 2674 non
1219 2618 1624 2677 satisfactorias
1652 2618 1726 2675 de
1749 2618 1965 2691 quibus
1985 2620 2291 2693 quaeritur.

370 2696 555 2755 XIX.
602 2697 849 2769 Quinto,
872 2696 1099 2753 Eadem
1121 2696 1338 2765 veritas
1365 2697 1657 2753 astruitur
1676 2694 1992 2786 extEffectu
2012 2696 2440 2775 Sacisfaccionis
2456 2698 2693 2769 Christi,

290 2776 396 2851 qui
413 2776 631 2849 triplex
642 2776 827 2849 vulgo
844 2773 1071 2831 censeri
1088 2774 1257 2847 solet,
1275 2773 1573 2847 ExpiatiO,
1588 2774 1896 2844 Remissio,
1913 2774 2390 2845 Consummatio;
2411 2774 2693 2852 Eoepiatio

289 2860 681 2929 peecatorum,
712 2860 773 2910 et
798 2858 1041 2927 propter
1067 2870 1199 2908 eam
1226 2852 1554 2908 eorundem
1582 2850 1866 2908 Remissio
1889 2874 1913 2916 ,·
1949 2852 2396 2923 consummatio,
2429 2870 2534 2909 seu
2561 2872 2694 2927 per-

286 2931 465 2987 fectio
506 2930 775 2986 fidelium
816 2948 890 2986 ex
932 2928 1267 3003 expiatione
1309 2936 1371 2985 et
1409 2930 1752 2985 remissione
1791 2930 2072 3003 pendens.
2147 2930 2212 2987 Si
2249 2948 2391 3004 ergo
2423 2930 2694 2988 Christus

288 3008 582 3082 triplicem
623 3006 805 3065 istum
832 3008 1109 3063 effectum
1140 3025 1247 3081 per
1276 3004 1752 3065 satisfactionem
1781 3024 1952 3065 suam
1979 3007 2066 3064 ita
2093 3008 2264 3081 plene
2291 3008 2592 3081 produxit,
2623 3016 2694 3066 ut

287 3085 441 3143 nihil
481 3086 828 3143 addendum
871 3084 1125 3159 supersit
1144 3106 1161 3155 ;
1202 3102 1379 3141 nemo
1418 3102 1636 3158 negare
1677 3085 1893 3159 poterit
1932 3084 2252 3159 perfectam
2287 3086 2472 3143 fuisse
2501 3086 2691 3144 omni-

288 3165 467 3221 mode
502 3163 555 3236 ej
566 3182 634 3221 us
671 3163 1149 3232 satisfactionem,
1194 3162 1474 3237 perfectio
1518 3162 1678 3219 enim
1719 3162 1981 3234 effectus,
2030 3163 2452 3239 perfectionem
2491 3182 2689 3223 causae

286 3242 617 3300 necessario
646 3242 882 3316 arguit:
928 3242 1017 3299 At
1058 3241 1171 3299 ista
1209 3240 1467 3316 perfecte
1500 3260 1537 3298 a
1564 3240 1799 3300 Christo
1827 3242 2008 3300 fuisse
2036 3243 2314 3318 praestita,
2357 3244 2490 3300 luce
2519 3244 2691 3301 meri-

288 3322 473 3379 diana
498 3321 717 3379 clarius
746 3320 979 3379 ostendi
1006 3326 1217 3395 potest.
1276 3319 1479 3378 Primo
1508 3321 1585 3377 de
1612 3318 1983 3397 Expiatione,
2015 3322 2322 3396 Scriptura
2347 3340 2464 3379 non
2508 3324 2692 3382 semel

286 3402 527 3475 plenam
558 3419 594 3459 a
624 3398 857 3459 Christo
883 3405 1261 3473 peccatorum
1290 3398 1557 3456 omnium
1594 3408 1934 3458 nostrorum
1976 3400 2392 3476 purgationem
2419 3419 2544 3459 esse
2569 3400 2692 3460 fac-

286 3487 415 3537 tam
462 3480 635 3537 docet
650 3500 667 3549 ;
728 3476 885 3535 Heb.
935 3477 973 3535 i.
1024 3477 1081 3549 3,
1139 3477 1358 3535 dicitur
1399 3483 1433 3511 “
1456 3496 1561 3553 per
1606 3478 1865 3554 seipsum
1917 3479 2274 3554 purgatione
2313 3486 2692 3554 peccatorum

286 3558 449 3615 facta
484 3558 704 3615 sedisse
730 3558 807 3615 ad
842 3558 1113 3615 dextram
1151 3555 1479 3631 majestatis
1508 3556 1571 3613 in
1600 3558 1908 3628 excelsiS,”
1955 3558 2038 3615 sic
2065 3556 2222 3615 ch.
2252 3558 2332 3613 ix.
2367 3556 2457 3627 14,
2503 3564 2537 3590 “
2560 3558 2691 3631 ejus

288 3636 531 3711 sanguis
559 3644 778 3712 purgat
804 3635 1225 3694 conscientiam
1252 3636 1327 3693 ab
1357 3636 1636 3709 operibus
1663 3636 1971 3693 mortuis.”
2041 3634 2160 3695 Sed
2189 3635 2458 3692 omnium
2489 3636 2692 3692 claris-

288 3715 433 3771 sime
460 3714 502 3771 J
508 3717 766 3773 ohannes
793 3716 855 3772 in
884 3715 1079 3789 prima
1106 3713 1295 3788 Epist.
1326 3731 1515 3788 quum
1541 3733 1666 3771 non
1695 3722 1930 3771 tantum
1959 3713 2440 3789 propitiationem
2462 3730 2584 3771 esse
2605 3714 2692 3771 ait

178 3784 193 3803 ⁸
290 3811 401 3868 pro
430 3793 683 3868 peccatis
711 3794 896 3851 totius
922 3794 1153 3863 mundi,
1176 3812 1301 3866 cap.
1332 3791 1391 3848 ii.
1408 3792 1463 3862 2,
1492 3794 1593 3849 sed
1624 3793 1804 3851 etiam
1840 3800 1874 3826 ‘³
1897 3792 2028 3866 ejus
2055 3791 2407 3865 sanguinem
2435 3810 2690 3868 purgare

289 3889 399 3928 nos
426 3872 502 3928 ab
532 3872 696 3928 omni
722 3872 1023 3947 peccato,’'
1054 3890 1181 3946 cap.
1212 3872 1247 3928 i.
1277 3872 1334 3935 7.
1393 3870 1557 3928 Nam
1585 3871 1635 3927 si
1661 3872 1738 3929 ab
1767 3872 1920 3927 omni
1939 3882 2190 3947 peccate,
2221 3868 2382 3944 Ergo
2414 3888 2532 3928 non
2562 3878 2692 3927 tan-

288 3956 421 4006 tum
458 3951 535 4007 ab
567 3950 879 4025 Originali,
924 3952 1026 4008 sed
1070 3958 1133 4007 et
1172 3951 1249 4007 ab
1279 3950 1545 4019 Actuali,
1589 3968 1628 4006 a
1668 3948 1925 4021 mortali,
1964 3950 2068 4007 sed
2095 3955 2155 4021 et
2180 3967 2219 4006 a
2245 3947 2464 4005 veniali
2485 3970 2502 4019 ;
2544 3946 2690 4007 Non

288 4030 471 4085 modo
500 4030 577 4085 ab
604 4028 677 4085 iis
704 4048 839 4103 quae
868 4036 1006 4085 ante
1034 4028 1397 4103 baptismum
1424 4035 1564 4084 sunt
1589 4027 1918 4097 commissa,
1942 4028 2044 4084 sed
2069 4046 2204 4102 quae
2225 4034 2362 4101 post
2387 4045 2524 4083 eum
2553 4028 2692 4083 sub-

290 4106 430 4164 inde
458 4114 904 4181 perpetrantur;
948 4106 1011 4164 N
1014 4126 1093 4164 on
1114 4108 1193 4163 ad
1214 4106 1533 4163 eluendam
1559 4112 1798 4163 tantum
1827 4106 2083 4179 culpam,
2108 4105 2212 4161 sed
2240 4110 2300 4161 et
2326 4106 2402 4161 ad
2431 4122 2692 4179 purgan-

290 4186 433 4241 dam
476 4185 673 4242 labem
714 4192 775 4242 et
815 4186 1130 4243 maculam.
1196 4184 1443 4242 Frustra
1468 4202 1704 4258 regeres
1731 4202 1869 4240 cum
1897 4182 2201 4253 Bellarm.,
2244 4182 2343 4257 agi
2375 4182 2472 4239 hic
2500 4183 2574 4239 de
2601 4202 2694 4241 re-

287 4263 565 4319 missione
592 4263 805 4338 culpae,
834 4281 953 4320 non
986 4282 1194 4338 poenae,
1216 4269 1278 4320 et
1302 4262 1519 4321 Christi
1546 4262 1792 4337 quidem
1819 4260 2170 4334 sanguinem
2197 4261 2274 4317 ab
2301 4260 2410 4319 illa
2437 4278 2546 4318 nos
2565 4280 2693 4319 om-

290 4342 435 4398 nino
464 4359 741 4416 purgare,
784 4343 888 4399 sed
914 4360 1035 4399 non
1065 4342 1287 4416 pariter
1312 4341 1389 4397 ab
1416 4341 1545 4398 ista.
1609 4339 1775 4397 Nam
1811 4346 2208 4413 praeterquam
2235 4341 2398 4413 quod
2429 4340 2696 4399 absurda

289 4426 381 4477 est
426 4427 486 4477 et
532 4419 791 4477 ridicula
825 4421 955 4476 haec
991 4418 1295 4477 distinctio
1337 4427 1407 4475 ut
1440 4418 1696 4493 jamjam
1739 4418 2022 4487 dicemus,
2067 4416 2210 4491 quia
2235 4434 2356 4474 non
2387 4418 2560 4475 aliter
2586 4437 2696 4477 nos

290 4499 549 4557 mundat
576 4516 613 4555 a
640 4505 901 4573 peccate,
947 4516 1125 4573 quam
1155 4498 1287 4570 ejus
1316 4514 1551 4572 poenam
1578 4496 1864 4565 serendo;
1909 4495 2112 4569 itaque
2153 4495 2204 4551 si
2243 4496 2319 4552 ab
2363 4497 2526 4554 omni
2563 4514 2696 4572 pec-

290 4583 425 4635 cato
464 4584 701 4653 purgat,
751 4593 893 4651 ergo
938 4594 1175 4633 omnem
1218 4576 1350 4651 ejus
1390 4592 1630 4651 poenam
1671 4574 1874 4631 tulisse
1918 4573 2132 4630 debet:
2182 4573 2226 4633 J
2229 4575 2492 4633 ohannes
2535 4575 2696 4633 viam

290 4656 383 4713 illi
419 4654 753 4731 praecludit,
799 4672 989 4730 quum
1031 4672 1151 4711 non
1194 4660 1431 4712 tantum
1457 4651 1604 4711 <licit
1631 4652 1984 4725 sanguinem
2013 4651 2144 4726 ejus
2169 4671 2280 4713 nos
2305 4655 2596 4711 mundare
2623 4654 2698 4713 ab
