3234 5192
289 393 521 436 nisrur.
553 375 624 457 1.]
1033 393 1262 438 uos-ru
1293 395 1370 436 An
1399 395 1681 436 accessu
1710 393 1975 436 nonus.
2234 409 2241 418 ·
2634 379 2709 436 25

296 546 479 596 totam
523 556 825 614 negamus,
873 557 1005 596 cum
1056 537 1376 614 Apostolus
1425 545 1620 614 aperte
1670 555 1768 595 eos
1809 535 2148 614 distinguat,
2205 539 2233 594 1
2288 537 2417 594 Cor.
2468 557 2570 596 xv.
2621 539 2714 611 12,

301 619 338 650 “
361 617 666 692 Quomodo
694 617 896 676 dicunt
915 616 1151 694 quidam
1173 637 1248 676 ex
1277 616 1462 691 vobis,
1493 635 1608 674 non
1632 635 1759 674 esse
1780 615 2255 676 resurrectionem
2272 625 2627 676 mortuorum
2646 619 2713 675 ‘?”

301 707 360 756 et
403 697 535 756 Gal.
565 697 606 756 i.
638 701 694 772 7,
728 699 764 730 “
791 696 938 756 Sunt
963 696 1202 774 quidam
1229 697 1330 774 qui
1358 715 1464 754 vos
1493 696 1787 754 turbant.”
1831 699 1889 754 2.
1934 694 2245 772 Distingue
2264 715 2487 754 errores
2512 697 2715 772 puba-

301 787 486 835 torum
513 795 848 854 paucorum,
897 777 998 853 qui
1039 777 1400 836 disseminari
1427 776 1711 852 incipiunt
1754 775 1815 834 in
1865 775 2145 850 Ecclesia,
2176 795 2283 834 nec
2328 775 2719 852 approbantur

301 865 499 915 tamen
546 856 620 914 ab
652 857 933 931 Ecclesia,
963 857 1038 915 ab
1066 857 1351 916 moribus
1367 857 1606 932 publicis
1634 855 1918 932 Ecclesia,
1950 854 2051 931 qui
2080 863 2215 913 sunt
2255 855 2315 912 in
2342 853 2502 936 ιἰιμᾷ,
2533 863 2593 914 et
2618 856 2719 932 qui

303 935 646 995 auctoritate
680 935 916 1013 publica
942 936 1295 1010 sanciuntur,
1343 945 1402 994 et
1445 936 1526 994 ita
1547 944 1685 994 sunt
1710 935 2045 1010 confirmati,
2067 944 2133 994 ut
2176 935 2236 992 in
2264 936 2425 1012 leges
2454 935 2718 995 abierint.

305 1015 409 1073 Illi
428 1035 566 1074 sane
587 1015 854 1075 exitiales
875 1016 1108 1092 quidem
1137 1023 1272 1075 sunt
1299 1035 1400 1074 eos
1424 1015 1757 1075 foventibus
1782 1023 1843 1074 et
1870 1015 2093 1074 caeteris
2118 1015 2444 1091 periculosi,
2475 1014 2579 1074 sed
2606 1033 2723 1074 non

305 1105 502 1154 tamen
521 1095 741 1170 fideleS,
767 1096 868 1171 qui
894 1095 954 1152 in
981 1095 1084 1154 illo
1112 1103 1266 1154 coetu
1294 1103 1614 1170 versantur,
1645 1095 1719 1153 ad
1738 1095 2119 1153 secessionem
2146 1096 2340 1154 statim
2369 1095 2719 1172 obligantur,

307 1195 489 1252 quum
525 1177 810 1233 immunes
838 1195 900 1234 se
929 1176 1002 1233 ab
1031 1175 1102 1234 iis
1131 1175 1306 1234 tutari
1332 1183 1592 1249 possunt.
1676 1175 1807 1232 Imo
1857 1174 2075 1233 Paulus
2114 1182 2359 1234 testatur
2400 1178 2437 1208 “
2459 1183 2721 1254 oportere

307 1255 558 1314 haereses
596 1273 724 1313 esse
765 1255 916 1312 inter
950 1253 1168 1329 fideles,
1199 1265 1264 1313 ut
1306 1255 1532 1331 probati
1559 1254 1929 1327 noscantur,”
1966 1257 1995 1310 1
2028 1255 2157 1314 Cor.
2188 1255 2268 1313 xi.
2303 1258 2396 1314 19.
2481 1255 2567 1314 At
2610 1255 2725 1314 alia

307 1334 459 1392 ratio
507 1341 596 1392 est
641 1335 900 1408 istorum,
931 1334 1070 1412 quia
1109 1354 1240 1398 eum
1281 1334 1499 1410 publici
1541 1333 1673 1408 sint,
1706 1333 1967 1409 singulos
2010 1333 2289 1392 inficiunt.
2373 1335 2415 1393 J
2420 1355 2509 1392 am
2554 1335 2725 1411 primi

313 1414 544 1490 generis
571 1413 744 1472 fixisse
774 1433 994 1473 errores
1021 1414 1155 1473 illos
1183 1413 1523 1473 Galatarum
1545 1421 1604 1472 et
1632 1411 2059 1471 Corinthiorum
2086 1421 2257 1471 antea
2282 1413 2473 1472 visum
2504 1433 2579 1472 ex
2606 1414 2725 1472 dis·

313 1492 592 1551 tinctione
636 1492 925 1570 Apostoli,
973 1494 1074 1571 qui
1113 1493 1444 1553 seductores
1488 1513 1525 1551 a
1567 1492 1839 1550 fidelibus
1883 1491 2145 1551 secernit.
2208 1491 2379 1566 Quod
2426 1492 2477 1551 si
2522 1493 2727 1552 fideles

311 1573 673 1650 compellare,
703 1575 801 1633 vel
829 1573 902 1632 de
931 1573 1002 1632 iis
1030 1574 1190 1651 loqui
1215 1573 1463 1648 videtur,
1493 1593 1612 1632 non
1638 1580 1757 1631 tam
1784 1572 2041 1649 loquitur
2076 1571 2149 1631 de
2176 1572 2266 1647 iis,
2297 1579 2363 1632 ut
2382 1571 2507 1648 jam
2529 1573 2725 1650 lapsis,

310 1671 483 1728 quam
512 1661 578 1711 ut
593 1652 1020 1728 vacillantibus,
1040 1663 1106 1712 ut
1133 1673 1232 1712 eos
1249 1653 1564 1728 confirmet,
1595 1661 1657 1712 et
1682 1652 1963 1711 adversus
1990 1651 2321 1711 seductores
2364 1652 2724 1729 praemuniat.

311 1731 445 1790 Non
473 1733 625 1790 enim
655 1733 993 1810 simpliciter
1019 1733 1162 1792 dicit
1189 1733 1454 1792 translati
1477 1733 1635 1806 estis,
1658 1732 1757 1790 sed
1774 1733 2079 1807 μιτιπίθισθσ
2108 1733 2527 1808 transferimini,
2551 1731 2725 1792 tacite

310 1811 538 1888 culpam
568 1813 640 1870 ab
670 1812 812 1890 ipsis
849 1813 908 1870 in
951 1814 1294 1890 impostores
1330 1811 1698 1886 removendo,
1728 1821 1788 1872 et
1814 1813 1961 1870 bene
1988 1812 2179 1870 adhue
2205 1810 2279 1870 de
2306 1811 2380 1871 iis
2420 1810 2723 1890 sperando,

309 1899 376 1950 ut
415 1891 564 1949 infra
593 1891 726 1950 Gal.
757 1912 814 1950 v.
850 1895 940 1966 10,
962 1893 1120 1968 dicit,
1155 1897 1191 1925 ‘⁶
1215 1891 1455 1951 Confido
1483 1912 1591 1951 vos
1617 1890 1763 1949 nihil
1782 1891 1949 1950 aliter
1992 1892 2251 1968 sapere.'’
2339 1891 2457 1950 Sed
2504 1911 2727 1952 errores

315 1969 560 2048 Papales
589 1991 704 2029 non
730 1971 964 2030 fuerunt
1003 1981 1226 2032 tantum
1256 1971 1616 2049 quorumdam
1644 1971 1707 2029 in
1756 1970 2036 2046 Ecclesia,
2082 1970 2185 2030 sed
2220 1971 2498 2031 Ecclesiae
2526 1973 2722 2046 totius,

311 2049 372 2106 in
401 2069 516 2126 qua
543 2051 772 2128 publice
801 2051 1157 2111 docebantur
1183 2061 1242 2110 et
1281 2050 1755 2111 defendebantur.
1817 2051 1951 2109 Non
1998 2049 2229 2110 fuerunt
2270 2051 2332 2110 in
2375 2052 2547 2128 initio,
2578 2071 2727 2129 quos

312 2129 630 2205 admittere,
661 2131 758 2189 vel
780 2132 1016 2208 rejicere
1037 2132 1282 2190 liberum
1305 2131 1494 2204 fuerit,
1527 2129 1631 2189 sed
1660 2131 1699 2189 iv
1726 2136 1873 2212 ἀκμᾷ
1898 2139 1957 2189 et
1967 2132 2223 2208 fastiyio,
2254 2131 2357 2208 qui
2384 2132 2725 2191 auctoritate

311 2209 544 2286 publica
571 2211 692 2268 vim
718 2210 868 2286 legis
895 2211 1283 2285 obtinuerunt,
1313 2211 1564 2269 maxime
1585 2229 1661 2270 ex
1689 2230 1805 2287 quo
1835 2211 2154 2270 Concilium
2183 2210 2584 2269 Tridentinum
2626 2231 2727 2270 eos

315 2288 426 2346 sub
467 2309 640 2366 poena
683 2290 1064 2350 anathematis
1107 2291 1355 2368 singulis
1409 2289 1729 2350 credendos
1757 2290 2022 2350 obtrusit.
2108 2291 2411 2348 Hactenus
2438 2309 2577 2366 ergo
2607 2291 2715 2348 dis-

315 2368 533 2426 crimen
560 2377 650 2428 est
688 2369 863 2447 longe
903 2371 1220 2428 maximum
1261 2371 1411 2430 inter
1453 2370 1747 2429 Ecclesiae
1787 2370 1919 2428 illas
1946 2379 2005 2428 et
2044 2371 2381 2444 Romanam,
2412 2377 2479 2428 ut
2506 2369 2579 2428 ab
2607 2370 2725 2428 illis

313 2447 390 2505 ad
415 2447 566 2506 hanc
593 2449 982 2526 argumentari
1011 2451 1086 2508 sit
1113 2450 1365 2528 disparia
1390 2449 1560 2527 plane
1589 2451 1958 2527 conjungere.

399 2526 595 2586 XLV.
647 2529 726 2588 Ut
763 2548 903 2587 vero
945 2530 1155 2588 clarius
1201 2537 1436 2606 pateant
1479 2549 1702 2589 errores
1750 2530 2026 2607 capitales
2055 2530 2215 2589 Eccl.
2248 2531 2416 2588 Rom.
2446 2530 2589 2589 libet
2628 2529 2725 2590 hic

314 2625 602 2684 apponere
645 2628 863 2666 novum
892 2608 1236 2685 symbolum,
1267 2609 1424 2686 quod
1451 2629 1486 2666 a
1516 2610 1624 2668 Pio
1647 2610 1757 2669 IV.
1788 2609 2033 2668 traditur
2061 2610 2121 2668 in
2142 2609 2317 2670 Bulla
2344 2629 2517 2687 super
2542 2609 2727 2668 forma

279 2705 286 2712 ·
309 2686 628 2763 juramenti
663 2687 1037 2768 professionis
1050 2689 1217 2762 fidei,
1249 2708 1422 2766 quam
1465 2689 1641 2766 juxta
1685 2690 1837 2748 hanc
1865 2699 1924 2749 et
1963 2709 2079 2748 non
2108 2691 2282 2748 aliam
2309 2690 2550 2748 formam
2578 2689 2722 2765 fieri,

316 2765 660 2842 Apostolica
685 2768 1024 2828 auctoritate
1052 2769 1312 2828 districte
1333 2767 1583 2845 mandat,
1615 2777 1683 2828 ut
1708 2777 1871 2829 extat
1897 2770 1959 2827 in
1981 2770 2213 2829 Catech.
2244 2769 2503 2828 Trident.
2537 2771 2573 2801 “
2598 2770 2728 2845 Ego

317 2845 392 2904 N.
421 2845 588 2904 firma
613 2845 726 2904 fide
755 2847 926 2906 credo
955 2858 1013 2907 et
1051 2849 1323 2925 profiteor
1349 2849 1542 2907 omnia
1569 2857 1629 2908 et
1656 2849 1903 2926 singula,
1933 2869 2063 2927 quae
2092 2849 2458 2908 continentur
2482 2849 2545 2905 in
2572 2867 2727 2924 sym-

316 2925 453 2983 bolo
481 2925 633 3002 fidei,
657 2947 772 3003 quo
806 2927 864 2986 S.
897 2928 1159 2986 Romana
1188 2928 1454 2987 Ecclesia
1478 2927 1696 2987 utitur:
1739 2927 2013 2987 videlicet
2040 2927 2212 2986 credo
2240 2928 2301 2984 in
2328 2946 2508 2986 unum
2539 2928 2729 2984 Deum

321 3004 568 3080 Patrem,
599 3007 1047 3083 omnipotentem
1071 3007 1343 3066 factorem
1362 3007 1494 3066 coeli
1514 3016 1575 3066 et
1601 3017 1785 3082 terrae,
1811 3006 2127 3065 visibilium
2156 3005 2413 3063 omnium
2442 3015 2501 3064 et
2525 3005 2729 3064 invisi-

317 3084 538 3142 bilium.
626 3086 703 3144 Et
731 3085 792 3144 in
822 3105 1001 3146 unum
1033 3086 1344 3145 Dominum
1374 3087 1581 3146 Jesum
1611 3086 1921 3159 Christum,
1956 3085 2170 3143 Filium
2209 3085 2320 3142 Dei
2347 3083 2727 3161 unigenitum,

321 3171 382 3222 et
405 3183 480 3222 ex
511 3165 698 3240 Patre,
734 3175 932 3225 natum
961 3175 1095 3225 ante
1125 3166 1316 3224 omnia
1339 3166 1549 3240 secula,
1587 3166 1777 3225 Deum
1806 3164 1879 3223 de
1924 3165 2067 3240 De0,
2102 3164 2325 3224 Lumen
2362 3165 2435 3224 de
2467 3164 2727 3241 Lumine,

321 3242 510 3301 Deum
539 3264 742 3303 verum
771 3245 842 3304 de
874 3246 1000 3304 Deo
1029 3265 1184 3322 vem,
1228 3246 1504 3322 genitum,
1535 3264 1653 3304 non
1688 3246 1919 3321 factum,
1952 3245 2502 3305 consubstantialem
2549 3245 2727 3322 Patri,

321 3341 423 3398 per
449 3343 622 3399 quem
650 3326 842 3383 omnia
882 3325 1034 3384 facta
1061 3333 1212 3400 sunt,
1243 3326 1344 3403 qui
1372 3334 1606 3402 propter
1646 3345 1752 3384 nos
1792 3325 2072 3400 homines,
2104 3333 2162 3384 et
2198 3333 2433 3403 propter
2474 3335 2730 3384 nostram

322 3402 564 3461 salutem
593 3404 891 3463 descendit
919 3404 990 3463 de
1033 3405 1213 3480 coelis,
1243 3413 1302 3463 et
1333 3404 1664 3464 incarnatus
1692 3414 1781 3465 est
1808 3405 1881 3464 de
1924 3406 2143 3483 Spiritu
2175 3406 2388 3465 Sancto
2436 3427 2511 3464 ex
2542 3407 2731 3464 Maria

319 3481 565 3558 virgine.
667 3484 745 3541 Et
809 3485 982 3542 homo
1025 3485 1212 3544 factus
1257 3494 1361 3559 est,
1410 3486 1723 3544 crucifixus
1782 3485 1953 3544 etiam
2003 3505 2107 3562 pro
2152 3484 2323 3543 nobis
2366 3485 2475 3544 sub
2522 3486 2731 3545 Pontio

323 3559 528 3635 Pilato,
559 3581 764 3639 passus
809 3573 867 3621 et
911 3565 1171 3641 sepultus
1209 3573 1314 3639 est,
1345 3565 1663 3624 resurrexit
1700 3565 1865 3624 tertia
1913 3564 2006 3623 die
2036 3564 2351 3624 secundum
2384 3565 2727 3642 Scripturas,

319 3647 380 3697 et
404 3641 665 3700 ascendit
692 3643 752 3700 in
781 3643 1007 3718 coelum,
1039 3644 1189 3704 sedit
1216 3644 1292 3702 ad
1319 3643 1582 3703 dextram
1607 3644 1814 3721 Patris,
1846 3653 1904 3704 et
1931 3645 2139 3704 iterum
2166 3652 2459 3703 venturus·
2483 3653 2572 3702 est
2600 3663 2731 3703 cum

320 3718 506 3794 gloria
545 3720 808 3796 judicare
852 3723 1022 3782 vivos
1065 3734 1125 3782 et
1167 3731 1440 3782 mortuos.
1526 3725 1604 3782 Et
1652 3724 1713 3782 in
1766 3724 2037 3800 Spiritum
2090 3725 2365 3782 Sanctum
2416 3723 2729 3796 Dominum

319 3805 380 3856 et
403 3798 813 3878 vivificantem,
858 3803 959 3879 qui
1004 3822 1078 3861 ex
1123 3803 1296 3862 Patre
1343 3803 1610 3880 Filioque
1654 3803 1931 3880 procedit,
1962 3804 2064 3881 qui
2112 3822 2243 3862 cum
2274 3804 2445 3860 Patre
2473 3810 2532 3860 et
2577 3801 2729 3861 Filio

320 3877 492 3936 simul
531 3880 819 3959 adoratur,
865 3891 926 3942 et
959 3881 1441 3960 conglorificatur.
1526 3883 1641 3957 Qui
1666 3883 1941 3960 loquutus
1968 3891 2059 3942 est
2084 3903 2187 3960 per
2230 3881 2565 3958 Prophetas.
2650 3882 2731 3941 Et

318 3956 378 4013 in
405 3976 580 4034 unam
629 3970 887 4020 sanctam
930 3961 1285 4020 Catholicam
1313 3970 1372 4021 et
1401 3961 1799 4039 Apostolicam
1846 3962 2185 4021 Ecclesiam.
2230 3960 2521 4020 Confiteor
2548 3979 2727 4019 unum

321 4035 684 4113 Baptismum
732 4042 792 4098 in
837 4041 1233 4099 remissionem
1273 4051 1656 4119 peccatorum,
1689 4051 1747 4101 et
1782 4050 2028 4119 expecto
2053 4040 2530 4100 resurrectionem
2573 4059 2726 4100 mor-

317 4123 547 4174 tuorum
575 4127 634 4178 et
658 4120 841 4179 vitam
871 4129 1158 4180 aeternam.
1203 4120 1414 4181 Amen.

401 4197 438 4228 ‘⁶
458 4196 828 4275 Apostolicas
865 4209 924 4258 et
963 4200 1402 4260 Ecclesiasticas
1429 4199 1810 4276 'Pr-aditiones,
1840 4200 2206 4278 reliquasque
2234 4199 2494 4277 ejusdem
2524 4199 2725 4260 Eccle-

321 4273 420 4332 siae
448 4277 884 4338 observationes
911 4288 970 4339 et
997 4281 1436 4340 constitutiones
1464 4280 1789 4340 firmissime
1816 4281 2059 4339 admitto
2086 4289 2145 4338 et
2173 4279 2504 4357 amplector.

401 4359 437 4387 “
455 4355 606 4416 Item
656 4359 716 4418 S.
763 4359 1116 4437 Scripturam
1151 4361 1326 4438 juxta
1351 4380 1482 4419 eum
1511 4379 1761 4434 sensum,
1792 4379 1963 4436 quem
2001 4359 2189 4418 tenuit
2231 4367 2290 4417 et
2332 4365 2493 4419 tenet
2528 4369 2729 4421 sancta

319 4442 500 4493 mater
527 4437 809 4512 Ecclesia,
834 4440 1001 4516 cujus
1029 4449 1119 4499 est
1129 4439 1392 4516 judicare
1422 4439 1492 4497 de
1520 4458 1661 4498 vero
1684 4459 1857 4497 sensu
1879 4446 1937 4497 et
1955 4439 2425 4517 interpretatione
2450 4441 2509 4499 S.
2538 4441 2725 4518 Scrip-

319 4519 589 4591 turarum,
622 4517 880 4594 admitto,
913 4537 1020 4577 nec
1068 4538 1194 4577 eam
1231 4538 1481 4596 unquam
1524 4519 1637 4577 nisi
1660 4519 1835 4595 juxta
1864 4518 2193 4578 unanimem
2235 4539 2579 4580 consensum
2620 4521 2727 4578 Pa-

320 4597 468 4650 trum
496 4596 774 4674 accipiam
803 4605 862 4656 et
887 4598 1322 4676 interpretabor.
1489 4641 1504 4654 .

393 4673 429 4704 “
449 4673 730 4735 Profiteor
768 4696 998 4755 quoque
1027 4686 1246 4756 septem
1281 4696 1406 4738 esse
1429 4697 1564 4736 vere
1593 4683 1655 4735 et
1680 4677 1907 4754 proprie
1940 4679 2310 4739 Sacramenta
2334 4698 2503 4738 novae
2534 4677 2727 4753 Legis,
2839 4679 2845 4684 ’
