3234 5192
554 342 678 406 410
1083 357 1163 396 nn
1192 353 1676 398 sauss-senonis
1705 354 1944 395 cumsrr
1975 354 2390 397 neoresium.
2557 334 2819 418 [meror.
2851 357 2960 400 x11.

544 504 745 575 posset
764 496 935 556 istius
954 496 1236 570 misereri,
1264 497 1441 556 illum
1468 513 1610 555 vero
1631 496 1864 572 punire,
1884 495 2037 554 nihil
2057 496 2218 554 enim
2243 494 2389 554 facit
2413 501 2522 554 aut
2547 495 2739 556 faeere
2765 506 2964 574 potest

543 577 713 653 quod
750 574 1214 652 proprietatibus
1226 576 1365 644 Jsuis
1390 577 1755 647 adversetur,
1779 592 1835 633 v.
1863 592 1922 649 g.
1952 592 2092 633 cum
2118 574 2410 649 sapientia
2433 574 2496 631 in
2527 573 2658 633 Deo
2683 577 2958 648 resideat,

542 654 697 713 nihil
748 671 1021 730 unquam
1072 653 1418 729 insipienter
1458 660 1740 729 praestare
1781 659 2010 729 potest3
2061 652 2146 710 ita
2185 653 2238 710 si
2285 653 2451 711 Deus
2498 659 2717 712 natura
2752 655 2958 729 justus

544 737 653 806 est,
680 749 913 808 semper
952 738 1013 790 et
1052 733 1278 808 ubique
1318 739 1381 791 et
1418 733 1498 790 ad
1538 738 1875 790 extremum
1901 732 2144 789 deberet
2173 730 2428 804 justitiae
2467 731 2635 788 illius
2661 737 2831 791 actus
2856 751 2956 790 ex-

544 829 727 883 erere,
754 811 922 886 quod
942 817 1140 869 tamen
1170 810 1477 886 scripturae
1502 816 1565 868 et
1590 808 1967 885 experientiae
1993 811 2379 882 adversatur3
2422 808 2476 867 5.
2505 809 2767 885 denique
2793 814 2956 885 quod

544 889 804 947 liberum
829 894 919 948 est
956 907 1077 947 non
1104 895 1195 946 est
1220 890 1515 958 naturale,
1545 895 1609 947 at
1640 887 1880 962 justitia
1903 886 2092 946 libera
2112 893 2206 944 est
2231 887 2378 963 quia
2403 887 2604 946 liberae
2629 889 2956 948 voluntatis

546 967 843 1040 effectum,
885 967 1215 1025 secundum
1255 983 1440 1041 quam
1478 967 1666 1025 libere
1713 971 1912 1040 potest
1949 965 2162 1039 punire
2203 965 2300 1023 vel
2339 967 2678 1024 condonare
2717 973 2958 1042 peccata

547 1045 767 1120 quibus
791 1045 943 1116 vult,
972 1044 1128 1102 sicut
1152 1044 1351 1119 potuit
1378 1062 1574 1103 creare
1595 1044 1694 1101 vel
1713 1061 1837 1101 non
1857 1061 2074 1116 creare,
2095 1043 2192 1100 vel
2207 1042 2382 1102 aliter
2397 1061 2614 1117 creare,
2641 1046 2954 1103 mundum.

632 1121 749 1181 IV.
807 1121 985 1198 Resp.
1034 1121 1100 1180 N
1102 1140 1181 1180 on
1236 1122 1473 1182 difficile
1526 1129 1730 1181 tamen
1783 1127 1874 1181 est
1931 1120 2192 1196 primum
2253 1123 2418 1180 hunc
2478 1122 2954 1180 adversariorum

546 1200 840 1275 impetum
888 1202 1238 1272 retundere;
1319 1195 1487 1260 Na'm
1546 1206 1949 1276 praeterquam
2001 1201 2166 1273 quod
2221 1205 2401 1258 antea
2454 1199 2598 1259 satis
2661 1218 2954 1276 superque

551 1296 629 1336 ex
662 1278 793 1354 ipsa
828 1277 1137 1355 Scriptura
1174 1278 1628 1354 rationibusque
1669 1277 1849 1335 variis
1887 1278 2262 1336 essentialem
2299 1277 2470 1335 illam
2511 1278 2628 1338 Dei
2654 1278 2956 1354 justitiam

547 1359 918 1438 ἔπαυοςουπκὲι
959 1356 1335 1429 asseruimus,
1384 1357 1539 1415 nihil
1594 1357 1694 1414 hic
1749 1356 1812 1414 in
1867 1355 2232 1414 contrarium
2290 1354 2538 1414 affertur
2582 1358 2749 1432 quod
2795 1356 2954 1415 facili

548 1437 792 1512 negotio
840 1436 1033 1496 refelli
1080 1454 1203 1495 non
1247 1436 1461 1511 possit:
1525 1434 1591 1493 N
1590 1453 1692 1493 am
1731 1435 1811 1492 ad
1865 1431 2154 1504 Primum,
2209 1433 2455 1494 Falsum
2499 1439 2591 1492 est
2641 1435 2806 1510 quod
2863 1453 2956 1493 as-

550 1521 799 1574 sumunt
831 1515 1127 1590 justitiam
1171 1515 1343 1573 illam
1386 1514 1501 1574 Dei
1541 1513 1804 1589 potuisse
1847 1511 2174 1586 aliquando
2209 1529 2333 1569 non
2375 1529 2516 1584 esse,
2557 1529 2752 1587 neque
2794 1512 2957 1570 enim

548 1593 781 1668 concipi
820 1599 1017 1668 potest
1061 1593 1287 1651 nedum
1332 1611 1461 1652 esse
1498 1591 1683 1663 Deus,
1735 1588 1853 1648 nisi
1907 1588 2112 1662 justus
2152 1595 2214 1648 et
2258 1596 2517 1663 sanctus,
2563 1607 2754 1665 neque
2795 1590 2953 1647 ratio

549 1672 735 1728 allata
774 1672 849 1728 de
888 1686 1011 1728 non
1040 1670 1355 1729 existentia
1393 1675 1678 1730 creaturae
1726 1667 2063 1743 pecca-tricis
2109 1667 2434 1743 quicquam
2476 1667 2703 1744 probat,
2745 1666 2955 1726 distin-

546 1749 789 1822 guenda
814 1747 975 1806 enim
985 1749 1214 1824 justitia
1240 1749 1318 1807 ab
1344 1749 1477 1823 ejus
1502 1749 1767 1807 exercitio
1795 1751 1856 1803 et
1883 1746 2084 1821 effectis
2109 1763 2246 1821 quae
2274 1762 2379 1820 per
2405 1744 2774 1824 metalepsim
2799 1763 2955 1822 saepe

540 1826 789 1900 justitiae
820 1844 1041 1884 nomen
1074 1827 1427 1900 sortiuntur,
1464 1827 1666 1908 ἔιίςγιια
1699 1845 1738 1885 a
1767 1823 1983 1902 δωιίμυ,
2028 1829 2196 1882 actus
2235 1823 2318 1881 1⁰·
2345 1841 2384 1881 a
2410 1825 2492 1883 2⁰.
2523 1824 2680 1883 Sane
2707 1824 2758 1883 si
2781 1823 2956 1883 nulla

546 1904 758 1963 fuisset
773 1909 1045 1963 creatura
1058 1904 1371 1981 peccatrix,
1390 1906 1632 1964 nullum
1649 1907 1860 1964 datum
1875 1903 2088 1962 fuisset
2097 1901 2351 1976 justitiae
2361 1903 2710 1961 exercitium
2727 1903 2826 1961 vel
2845 1901 2956 1984 isig-

545 2007 665 2055 yuae
690 1983 771 2042 ad
798 1988 985 2055 extra,
1014 1983 1159 2058 quia
1203 1981 1454 2058 requirit
1498 1983 1880 2060 praesentiam
1908 1981 2126 2056 objecti
2151 1979 2263 2040 tali
2287 1982 2470 2038 modo
2497 1981 2822 2052 constituti,
2850 1982 2954 2040 sed

546 2062 759 2122 fuisset
784 2077 1015 2136 semper
1039 2061 1104 2118 in
1131 2061 1263 2120 Deo
1290 2060 1425 2136 ipsa
1462 2062 1704 2137 justitia
1745 2060 2087 2120 radicaliter
2130 2063 2191 2117 et
2216 2059 2419 2134 quoad
2445 2065 2650 2117 actum
2674 2059 2952 2135 primum,

547 2157 689 2199 nam
716 2138 828 2199 etsi
853 2158 1165 2216 nunquam
1184 2138 1399 2198 futura
1436 2139 1648 2200 fuisset
1687 2141 1819 2198 ulla
1844 2145 2117 2198 creatura
2155 2137 2468 2230 peccatrix,
2495 2154 2620 2195 non
2650 2137 2954 2230 desinebat

547 2225 748 2278 tamen
786 2219 917 2276 haec
941 2218 1268 2293 propositio
1290 2235 1415 2277 esse
1435 2219 1760 2292 verissima,
1780 2217 1894 2276 Dei
1919 2223 2141 2275 natura
2164 2222 2254 2273 ita
2279 2221 2484 2274 sancta
2510 2222 2601 2274 est
2619 2223 2681 2274 et
2698 2220 2867 2290 Justa
2885 2221 2955 2273 ut

546 2294 2603 2446 amessiam&isfffmffsmaesmnzffifflffl
2628 2296 2806 2448 amb
2731 2301 2952 2430 Ἥ

2937 2415 2952 2443 2

550 2449 671 2506 fuit
694 2448 1025 2507 misericors
1052 2454 1114 2506 et
1138 2450 1397 2508 clemens
1424 2451 1700 2524 quamvis
1725 2451 1902 2508 nulla
1927 2451 2076 2508 dum
2103 2453 2254 2508 esset
2281 2454 2555 2508 creatura
2577 2449 2828 2522 misera3
2869 2451 2955 2508 ita

548 2526 841 2602 potuisset
860 2527 970 2584 has
988 2527 1379 2602 proprietates
1398 2527 1511 2586 sibi
1526 2529 1746 2587 habere
1767 2529 1830 2585 in
1853 2535 2142 2588 aeternum
2170 2526 2557 2602 quantumvis
2581 2529 2769 2587 nullae
2797 2545 2957 2586 crea-

552 2612 709 2663 turae
734 2604 909 2662 factae
930 2604 1184 2662 fuissent
1210 2605 1308 2663 vel
1334 2605 1565 2665 miserae
1591 2608 1694 2665 vel
1719 2607 2108 2682 peccatrices:
2153 2605 2252 2666 Sic
2277 2604 2419 2663 licet
2445 2605 2612 2664 Deus
2636 2606 2791 2665 nihil
2817 2625 2954 2665 con-

550 2682 814 2756 didisset,
843 2700 967 2743 non
994 2682 1263 2742 desiisset
1286 2689 1485 2742 tamen
1510 2685 1945 2760 omnipotentia
1969 2685 2034 2742 in
2051 2684 2183 2742 Deo
2211 2683 2346 2742 dari
2370 2683 2518 2759 quia
2539 2691 2779 2760 poterat
2803 2703 2956 2744 sem-

550 2779 657 2836 per
684 2763 937 2820 condere
962 2779 1101 2838 quae
1129 2761 1413 2821 condidit.
1460 2761 1761 2823 Coeterum
1801 2761 2075 2839 quamvis
2111 2760 2353 2837 justitia
2377 2763 2457 2820 ad
2483 2762 2547 2820 id
2573 2769 2644 2820 ut
2670 2780 2794 2821 sese
2819 2779 2956 2822 exe-

550 2845 649 2898 rat
674 2847 1009 2899 creaturam
1032 2840 1420 2916 peccatricem
1446 2849 1519 2899 ut
1565 2840 1869 2916 objectum
1895 2839 2178 2916 requirat,
2205 2855 2330 2898 non
2359 2840 2556 2898 obstat
2575 2846 2783 2898 tamen
2807 2859 2956 2916 quo-

551 2918 753 2978 minus
778 2918 943 2978 illius
968 2919 1320 2978 exercitium
1340 2920 1738 2978 necessarium
1765 2919 2002 2978 dicatur
2025 2917 2225 2994 posita
2248 2917 2359 2976 tali
2385 2915 2760 2976 conditione:
2789 2917 2956 2976 Nam

550 3015 821 3072 egressus
847 2999 1279 3057 attributorum
1320 2997 1714 3057 relativorum
1741 3015 1876 3073 quae
1925 3001 2263 3072 respectum
2289 2995 2512 3053 habent
2536 2997 2616 3053 ad
2637 3001 2957 3068 creaturas,

550 3075 866 3134 necessarii
894 3083 1051 3148 sunt,
1082 3076 1188 3134 sed
1216 3093 1291 3134 ex
1316 3075 1635 3152 hypothesi
1653 3082 1714 3134 et
1738 3075 1946 3151 positis
1971 3072 2281 3151 ponendis,
2309 3072 2394 3130 sic
2417 3089 2542 3129 non
2567 3089 2802 3132 necesse
2827 3081 2960 3132 erat

552 3158 623 3208 ut
650 3152 817 3210 Deus
842 3153 1116 3210 homines
1143 3153 1570 3228 alloqueretur,
1592 3155 1696 3213 sed
1736 3153 1931 3229 posito
1959 3153 2127 3228 quod
2155 3150 2338 3208 vellet
2363 3149 2610 3226 alloqui,
2637 3167 2761 3208 non
2789 3157 2960 3226 pote-

552 3234 649 3285 rat
672 3228 788 3286 nisi
814 3245 971 3300 vere,
998 3230 1145 3304 quia
1169 3236 1263 3288 est
1288 3231 1528 3288 mentiri
1554 3229 1792 3290 nescius
1837 3238 1900 3289 et
1941 3229 2236 3305 ipsissima
2274 3227 2509 3286 veritas.
2593 3227 2695 3286 Ita
2719 3235 2960 3304 poterat

551 3320 675 3360 non
702 3305 917 3379 punire
944 3305 996 3363 si
1020 3307 1261 3364 nullum
1286 3306 1497 3365 fuisset
1521 3314 1850 3383 peecatum,
1879 3310 1983 3366 sed
2023 3306 2350 3365 necessario
2375 3305 2552 3382 punit
2576 3305 2772 3383 posita
2797 3323 2960 3366 crea-

551 3387 689 3438 tura
788 3381 1052 3440 ccatrice.

634 3400 852 3517 legd
879 3461 1209 3518 secundum
1226 3459 1404 3536 Resp.
1422 3461 2165 3538 distinguendojustitiam
2191 3469 2253 3521 et
2277 3461 2742 3522 misericordiam
2767 3464 2845 3522 ab
2871 3463 2963 3521 ef-

552 3535 754 3609 fectis3
793 3535 1035 3612 justitia
1062 3537 1283 3613 quippe
1328 3545 1391 3598 et
1431 3539 1836 3600 misericordia
1877 3558 2000 3599 non
2029 3546 2168 3600 sunt
2194 3540 2332 3598 duae
2359 3557 2452 3599 res
2477 3541 2542 3598 in
2571 3537 2703 3600 Deo
2730 3543 2961 3602 nedum

554 3615 871 3687 contraria,
890 3617 993 3674 sed
1012 3633 1135 3673 una
1150 3617 1479 3694 eademque
1505 3619 1626 3678 Dei
1645 3619 1899 3678 essentia
1919 3637 2054 3695 quse
2083 3618 2412 3677 secundum
2439 3619 2674 3693 objecta
2697 3627 2760 3678 et
2785 3619 2964 3677 effec-

552 3701 619 3754 ta
656 3695 893 3753 diversa
938 3693 1347 3769 distinguitur,
1376 3714 1501 3754 non
1526 3697 1591 3754 in
1629 3715 1710 3776 se,
1753 3699 1857 3756 sed
1883 3702 2153 3772 respectu
2187 3696 2393 3770 nostri,
2421 3697 2758 3774 diciturque
2783 3697 2963 3756 mise-

551 3772 809 3832 ricordia
834 3791 973 3831 cum
998 3773 1215 3830 liberat
1258 3773 1521 3848 miseros,
1563 3776 1806 3852 justitia
1829 3793 1968 3834 cum
1985 3774 2224 3849 judicat
2250 3791 2398 3847 reos,
2427 3781 2488 3832 et
2515 3776 2790 3850 quamvis
2817 3791 2964 3834 con-

553 3851 876 3909 trariorum
902 3849 1183 3910 contrarii
1209 3850 1330 3910 sint
1356 3853 1616 3928 effectus,
1646 3871 1768 3912 non
1795 3859 1997 3913 tamen
2019 3851 2146 3910 vice
2174 3869 2346 3910 versa
2371 3853 2758 3912 contrarietas
2783 3853 2962 3912 effec-

551 3933 731 3987 tuum
772 3947 1007 4005 semper
1048 3928 1251 4003 arguit
1276 3931 1600 3989 contrarias
1629 3949 1854 4004 causas,
1877 3949 2015 3989 cum
2037 3948 2191 4006 soepe
2219 3947 2294 3988 ex
2319 3929 2532 3989 iisdem
2557 3932 2740 3990 etiam
2767 3930 2966 3991 causis
3052 3960 3061 3966 ·

552 4007 835 4066 contrarii
874 4009 1169 4083 prodeant
1214 4007 1492 4082 effectus3
1536 4008 1886 4068 Eorundem
1925 4008 2234 4066 radiorum
2260 4007 2321 4064 vi
2348 4013 2409 4066 et
2432 4008 2645 4068 foetent
2669 4009 2965 4068 cadavera

550 4090 615 4142 et
650 4085 869 4145 florent
901 4103 1070 4156 rosae,
1099 4085 1259 4143 idem
1285 4085 1441 4162 ignis
1467 4087 1573 4163 qui
1599 4088 1801 4146 lutum
1825 4087 2089 4158 indurat,
2117 4103 2312 4144 ceram
2337 4091 2400 4143 et
2425 4087 2744 4162 plumbum
2767 4087 2966 4162 lique-

550 4161 735 4234 facit3
780 4163 953 4223 Certe
981 4164 1031 4222 si
1058 4163 1227 4222 Deus
1252 4165 1720 4224 misericordiam
1745 4171 1807 4223 et
1837 4164 2140 4240 justitiam
2181 4181 2358 4222 suam
2381 4183 2527 4239 erga
2553 4183 2746 4224 unum
2772 4165 2965 4222 idem-

552 4259 669 4332 que
696 4241 1001 4316 objectum
1026 4249 1088 4300 et
1113 4249 1387 4318 respectu
1412 4244 1685 4319 ejusdem
1709 4250 1902 4303 totam
1934 4248 2220 4312 exereret,
2245 4242 2551 4300 videretur
2577 4261 2688 4302 nec
2713 4242 2838 4300 sine
2863 4257 2966 4298 ra-

550 4323 717 4376 tione
740 4319 906 4378 istud
924 4321 1105 4397 plane
1122 4321 1420 4398 ἇσὺπατου,
1452 4322 1595 4398 quia
1618 4322 1736 4382 ista
1753 4321 1960 4398 plectit
1981 4322 2146 4396 quod
2162 4320 2351 4378 altera
2370 4320 2691 4392 condonat,
2707 4319 2824 4380 ista
2837 4337 2968 4395 poe-

552 4411 697 4451 nam
722 4395 907 4457 infert
931 4417 1117 4474 quam
1132 4402 1325 4460 altera
1345 4401 1569 4474 aufert3
1592 4403 1696 4459 sed
1713 4419 1908 4477 neque
1929 4401 2044 4458 hoc
2061 4396 2227 4456 Deus
2249 4399 2414 4474 apud
2435 4415 2497 4458 se
2517 4399 2746 4472 statuit,
2763 4415 2970 4473 neque

552 4470 617 4527 id
644 4485 915 4546 unquam
942 4478 1115 4536 nobis
1130 4479 1194 4536 in
1216 4486 1477 4538 mentem
1504 4479 1706 4551 venit3
1735 4477 2113 4554 agnoscimus
2130 4475 2376 4552 quidem
2395 4481 2456 4534 et
2477 4475 2970 4554 credimusjusti-

552 4547 701 4606 tiam
720 4555 781 4606 et
798 4551 1259 4614 misericordiam
1280 4557 1413 4628 Dei,
1442 4575 1549 4632 per
1567 4557 1982 4615 admirabilem
2003 4556 2245 4634 συζυγῶν
2266 4571 2304 4613 a
2323 4553 2618 4630 sapientia
2643 4555 2775 4630 ejus
2801 4571 2973 4614 πολυ-

550 4631 763 4704 παιίλρ
782 4627 1021 4706 factam‚
1039 4651 1163 4692 sese
1182 4651 1423 4694 exerere
1436 4635 1503 4693 in
1519 4651 1699 4710 opere
1717 4635 1947 4709 salutis,
1969 4637 2073 4694 sed
2099 4653 2212 4694 nec
2235 4633 2300 4692 in
2315 4633 2528 4692 eodem
2547 4633 2836 4712 subjecto,
2853 4635 2976 4694 nec
