3234 5192
529 379 636 444 viii
1193 393 1566 442 rRAEFAno
1599 397 1695 443 AD
1732 395 2288 446 msru'rA'rioNEs

531 557 784 623 tandem
813 555 1049 639 fecisse,
1101 557 1199 621 vel
1228 559 1432 640 potius
1466 559 1547 622 ad
1594 578 1729 624 eam
1779 560 2119 625 faciendam
2175 561 2697 626 Adversariorum
2726 562 2935 624 furore

535 657 790 722 adactos
809 657 1000 720 fuisse
1034 677 1050 719 ε
1104 654 1169 719 N
1172 677 1242 722 ec
1271 677 1541 721 amorem
1571 659 1767 739 pacis,
1800 659 1880 722 ad
1911 680 2088 739 quem
2118 679 2230 724 nos
2262 661 2451 725 toties
2482 660 2770 724 Christus
2796 661 2937 724 hor-

535 764 730 837 tatur,
756 776 795 818 a
823 755 928 836 pio
953 755 1071 818 hoc
1098 756 1419 836 proposito
1443 777 1701 820 avocare
1730 777 1832 821 eos
1849 759 2125 838 pot-uisse
2147 765 2257 822 aut
2281 759 2567 824 debuisse
2588 781 2604 834 ;
2638 777 2938 824 memores

535 876 616 919 ex
651 854 1018 934 praescripto
1049 853 1188 930 Dei,
1229 875 1444 935 pacem
1495 854 1903 919 indissolubili
1940 877 2079 920 cum
2129 857 2395 922 veritate
2429 858 2778 922 sociandam
2808 875 2942 919 esse

536 953 802 1026 vinculo,
825 972 939 1016 nec
967 951 1156 1014 ullam
1184 954 1488 1016 unitatem
1521 955 1771 1034 probari
1806 975 2007 1034 posse,
2040 977 2177 1035 quae
2210 956 2475 1020 veritate
2510 976 2630 1019 non
2660 955 2942 1028 nitatur;

535 1072 781 1116 omnem
811 1051 995 1113 aliam
1025 1051 1540 1115 consociationem
1572 1051 1743 1132 pacis
1788 1073 2007 1116 nomen
2059 1074 2181 1117 non
2213 1055 2451 1127 mereri,
2488 1054 2596 1117 sed
2629 1053 2943 1117 exitialem

538 1170 674 1215 esse
703 1150 768 1212 in
789 1168 1000 1213 errore
1023 1155 1088 1211 et
1109 1150 1426 1213 mendacio
1443 1150 1977 1230 conspirationem,
1998 1173 2133 1231 quae
2164 1173 2203 1216 a.
2220 1152 2357 1216 Deo
2386 1151 2667 1216 veritatis
2687 1157 2752 1215 et
2774 1151 2943 1230 pacis

541 1254 794 1312 auctore
826 1267 937 1310 nos
971 1253 1240 1329 separat,
1274 1249 1499 1311 nedum
1529 1254 1602 1311 ut
1635 1249 1713 1310 ad
1745 1249 1879 1330 ejus
1912 1250 2400 1314 communionem
2432 1269 2545 1312 nos
2576 1249 2863 1313 adducat.

641 1347 766 1410 Sed
796 1346 1071 1427 quamvis
1100 1346 1215 1409 hoc
1246 1354 1670 1426 argumentum
1700 1368 1740 1410 a
1768 1348 2005 1429 magnis
2040 1349 2215 1412 Viris
2242 1349 2361 1413 Dei
2393 1369 2515 1411 non
2546 1347 2733 1412 semel
2765 1367 2949 1410 occu-

541 1451 758 1526 patum
785 1445 996 1521 fuerit,
1028 1451 1094 1507 et
1129 1444 1319 1508 solide
1351 1451 1802 1524 pertractatum
1830 1467 1846 1520 3
1878 1468 1999 1509 non
2030 1447 2321 1510 desinunt
2352 1453 2557 1510 tamen
2581 1443 2945 1508 Adversarii

540 1543 878 1607 identidem
907 1543 1065 1604 illud
1095 1563 1412 1626 reponere,
1440 1548 1505 1606 et
1535 1543 1612 1605 ad
1642 1544 1839 1606 ravim
1870 1565 2065 1624 usque
2096 1565 2334 1627 urgere,
2360 1543 2701 1608 novissimis
2733 1542 2951 1623 impri-

544 1643 662 1706 mis
695 1642 865 1706 hisce
914 1640 1314 1720 temporibus,
1347 1641 1568 1721 quibus
1622 1641 1833 1706 Clerus
1866 1643 2185 1706 Romanus
2234 1642 2391 1706 nihil
2418 1664 2543 1705 non
2567 1641 2845 1722 molitur,
2875 1649 2949 1703 ut

546 1761 702 1820 opus
732 1761 928 1816 suum,
964 1740 1230 1820 purioris
1261 1738 1497 1803 scilicet
1547 1738 1911 1821 Religionis,
1948 1762 2129 1821 quam
2162 1741 2373 1805 infami
2422 1740 2676 1804 haeresis
2705 1739 2950 1802 nomine

543 1839 946 1920 injustissime
979 1844 1173 1912 notat,
1209 1837 1514 1901 excidium
1547 1846 1923 1922 promoveat,
1958 1846 2023 1903 et
2055 1840 2108 1904 si
2144 1847 2353 1921 potest
2385 1839 2682 1902 absolvat.
2785 1837 2950 1900 Hinc

545 1945 618 2000 ut
647 1937 896 1999 immani
929 1937 1421 2017 persecutionum
1456 1943 1643 2001 antea
1669 1937 2085 2002 inauditarum
2134 1937 2501 2002 crudelitate
2530 1941 2848 2017 grassatur
2872 1934 2953 1997 ad

547 2036 732 2098 fidem
751 2035 993 2116 piorum
1015 2034 1263 2114 penitus
1289 2035 1694 2116 dejiciendam
1719 2058 1736 2110 ;
1765 2035 2009 2099 blandis
2026 2036 2214 2100 etiam
2236 2044 2302 2100 et
2331 2035 2411 2098 ad
2430 2035 2763 2098 fallendum
2786 2054 2954 2096 com-

548 2133 769 2214 positis
804 2133 1005 2196 verbis
1055 2133 1334 2197 incautos
1362 2133 1659 2210 inescare,
1694 2141 1761 2198 et
1811 2131 1875 2196 in
1925 2135 2087 2197 retia
2122 2155 2233 2198 sua
2278 2134 2640 2215 pertrahere
2674 2138 2948 2196 conatur.

551 2231 729 2309 Quod
757 2232 952 2294 visum
987 2252 1180 2312 nuper
1207 2232 1274 2295 in
1322 2233 1783 2297 Admonitione
1832 2233 2192 2309 Pastorali,
2228 2253 2267 2295 a
2316 2231 2497 2296 Clero
2528 2231 2845 2294 Gallicano
2874 2229 2952 2292 ad

550 2328 945 2394 Reformatos
992 2350 1105 2410 per
1155 2329 1418 2394 Galliam
1462 2332 1629 2406 data,
1661 2331 1767 2394 ubi
1819 2332 1963 2395 dum
2013 2333 2354 2394 Fratribus
2393 2331 2771 2394 Secessionis
2804 2325 2952 2390 Cal-

550 2428 848 2504 m‘nianoe‚
883 2428 978 2490 uti
1011 2429 1363 2508 loquuntur,
1395 2432 1868 2505 correctionem,
1902 2432 2179 2494 reditum
2208 2438 2269 2492 et
2315 2429 2727 2492 concordiam
2757 2447 2956 2508 exop-

558 2535 718 2603 tant,
752 2526 946 2607 impia
973 2528 1085 2590 sub
1117 2527 1278 2590 dulci
1311 2528 1490 2591 melle
1539 2548 1775 2592 venena
1802 2529 2020 2604 latent,
2073 2527 2277 2592 verbis
2326 2547 2556 2591 meram
2590 2525 2955 2590 charitatem

555 2624 955 2705 spirantibuS‚
990 2631 1055 2688 et
1087 2624 1252 2704 piam
1286 2625 1611 2689 Pastorum
1662 2647 1805 2690 oves
1836 2627 2113 2707 perditas
2161 2625 2607 2705 requirentium
2657 2623 2959 2686 sollicitu-

556 2723 781 2800 dinem,
812 2742 942 2804 prae
995 2743 1060 2786 se
1087 2724 1449 2801 ferentibus,
1478 2732 1747 2801 utenteS,
1779 2725 1887 2789 sed
1921 2746 2055 2805 quae
2098 2723 2305 2803 reipsa
2330 2723 2557 2785 malum
2590 2721 2862 2783 animum
2890 2726 2958 2784 et

559 2821 761 2885 dirum
791 2821 960 2886 virus
995 2821 1147 2884 satis
1176 2823 1471 2905 produnt,
1508 2823 1653 2886 dum
1687 2823 2082 2887 odiosissimis
2112 2820 2333 2895 titulis,
2370 2838 2519 2899 quos
2549 2819 2628 2881 ad
2663 2839 2729 2882 se
2764 2819 2957 2882 amice

559 2940 848 2986 revocare
901 2941 968 2984 se
1001 2919 1156 2984 velle
1212 2921 1604 3002 profitentur,
1637 2921 1963 2985 traducere
1991 2940 2115 2984 non
2144 2920 2533 2997 erubescunt,
2569 2915 2741 2997 quasi
2770 2917 2960 2979 Reli-

555 3021 768 3102 9iom‘s
803 3020 1196 3104 transfuyas,
1231 3021 1476 3083 militiae
1507 3021 1735 3085 veteris
1784 3023 2160 3100 desertores,
2199 3016 2665 3089 SchismaticOS,
2709 3015 2957 3095 impios,

561 3117 665 3198 qui
688 3119 846 3198 fugae
869 3137 994 3181 suae
1018 3117 1357 3199 flagitiosae,
1371 3125 1438 3181 et
1460 3119 1824 3183 secessionis
1842 3117 2145 3180 rationem
2170 3113 2398 3178 nullam
2415 3113 2673 3177 reddere
2696 3111 2957 3192 possint.

562 3213 744 3291 Quod
763 3215 902 3278 ideo
931 3217 1149 3279 acerbe
1179 3215 1566 3278 insectantur
1613 3223 1680 3278 et
1705 3216 2125 3294 exprobrant:
2178 3223 2215 3250 ‘⁶
2248 3212 2381 3276 Nos
2412 3207 2610 3286 ideo,”
2648 3209 2957 3289 inquiunt,

565 3320 603 3348 ‘⁴
629 3313 842 3376 Clerus
892 3313 1087 3377 omnis
1141 3311 1518 3394 Gallicanus,
1550 3319 1691 3389 etc„
1732 3311 1866 3375 Vos
1914 3311 2327 3390 convenimus,
2380 3317 2445 3372 et
2479 3329 2601 3389 qua
2652 3307 2963 3389 legatione

563 3431 678 3494 pro
708 3411 958 3475 Christo
992 3411 1395 3493 defungimur,
1426 3416 1721 3491 tanquam
1754 3411 1890 3474 Deo
1940 3430 2052 3490 per
2101 3428 2213 3472 nos
2257 3410 2568 3484 hortante,
2618 3406 2963 3483 Quaerimus

565 3531 604 3572 a
631 3509 823 3585 vobis,
859 3510 984 3572 Cur
1028 3509 1310 3573 Schisma
1353 3509 1671 3573 feceritis?
1750 3509 2067 3573 Excusate
2104 3507 2157 3572 si
2188 3505 2448 3588 potestis
2479 3505 2645 3587 apud
2686 3505 2959 3584 Patrem,

565 3607 730 3690 apud
763 3607 1048 3683 Matrem,
1084 3607 1248 3690 apud
1307 3607 1578 3684 Fratres,
1609 3609 1768 3690 fugae
1818 3613 1948 3671 tam
2008 3607 2347 3688 flagitiosae,
2384 3611 2515 3668 tam
2564 3604 2845 3683 abruptae
2896 3608 2964 3664 et

563 3705 904 3788 praecipitis
937 3705 1267 3782 infamiam,
1300 3705 1660 3770 divisionem
1691 3706 1945 3786 Christi,
1976 3705 2397 3769 rescissionem
2431 3702 2965 3765 Sacramentorum

565 3803 820 3880 Christi,
851 3803 1311 3868 criminationes
1335 3805 1402 3868 in
1431 3805 1767 3887 Conjugem
1797 3803 2049 3880 Christi,
2076 3801 2461 3884 negationem
2495 3799 2965 3881 promissionum

566 3901 819 3978 Christi,
855 3908 978 3967 etc.
1032 3901 1168 3966 Hoc
1194 3903 1483 3967 adversus
1514 3923 1620 3966 vos
1651 3903 2009 3966 nominatim
2035 3899 2512 3983 expostulamuS‚
2536 3899 2651 3961 hoc
2680 3917 2761 3960 ex
2794 3895 2967 3960 vobis

569 4000 899 4084 quaerimus
949 3999 1387 4078 indesinenter,
1429 4001 1555 4064 Cur
1595 4001 1879 4065 Schisma
1924 3998 2245 4065 feceritis'ss
2343 3997 2453 4060 Ad
2500 3997 2617 4060 hoc
2663 3995 2783 4058 nisi
2831 4013 2971 4058 res-

568 4098 934 4182 ponderitis,
960 4107 1498 4181 quantumcunque
1516 4099 1580 4163 in
1603 4099 1743 4162 aliis
1774 4099 2033 4163 dicendo
2064 4105 2173 4162 ant
2202 4095 2525 4160 scribendo
2558 4092 2965 4167 contendatiS,

569 4199 880 4277 superflua
910 4193 1287 4278 loquimini.”
1389 4196 1544 4261 Haec
1578 4217 1725 4261 vero
1754 4197 1808 4260 si
1837 4203 1965 4259 tam
2001 4216 2145 4260 vere
2174 4194 2547 4273 dicerentur,
2569 4212 2753 4271 quam
2782 4191 2969 4254 confi-

569 4295 788 4357 denter
810 4296 1154 4378 jactantur,
1186 4315 1310 4358 non
1358 4295 1640 4374 equidem
1670 4314 2166 4376 repugnaremus,
2198 4291 2343 4371 quin
2386 4292 2533 4371 jure
2565 4290 2630 4352 in
2681 4309 2791 4352 nos
2822 4309 2974 4352 con-

571 4393 722 4455 flata
753 4391 838 4455 sit
868 4393 1066 4456 omnis
1115 4394 1224 4457 illa
1256 4393 1510 4474 invidia,
1545 4414 1667 4474 qua
1714 4414 1877 4457 nunc
1908 4395 2295 4456 immerentes
2346 4388 2679 4452 obruimur.
2760 4386 2882 4449 Sed
2916 4385 2973 4448 si

569 4510 702 4553 rem
735 4489 952 4570 ipsam,
986 4491 1271 4556 detracta
1291 4493 1615 4555 verborum
1650 4491 1921 4555 inanium
1971 4511 2212 4573 pompa,
2241 4486 2516 4568 penitius
2570 4485 2971 4564 attendimuS,

571 4588 804 4670 liquido
838 4591 1182 4671 apparebit,
1219 4590 1374 4654 nihil
1427 4590 1722 4672 iniquius,
1752 4591 1905 4653 nihil
1935 4589 2149 4654 falsius
2202 4587 2524 4651 adversum
2557 4604 2669 4648 nos
2721 4582 2812 4647 vel
2862 4601 2973 4644 ex-

571 4687 830 4768 cogitari
864 4685 958 4751 vel
990 4687 1107 4751 dici
1139 4687 1432 4768 potuisse.
1545 4689 1721 4752 Unde
1772 4690 2058 4770 colligere
2090 4687 2255 4764 licet,
2289 4703 2467 4764 quam
2499 4701 2747 4746 necesse
2781 4680 2863 4744 sit
2893 4679 2975 4742 ad
