3234 5192
321 357 562 397 msrur.
595 339 702 413 v1.]
1029 354 1108 395 ns
1138 353 1394 414 ενιιιιτυ,
1426 356 1605 415 Aquis,
1639 352 1713 395 m·
1745 354 2075 397 ssscuuss.
2634 342 2749 407 317

325 498 491 567 beri;
537 495 692 556 Cum
719 495 880 553 enim
907 496 984 554 ad
1013 497 1254 571 plenam
1279 503 1661 573 peecatorum
1678 496 2083 556 remissionem
2101 499 2485 559 obtinendam
2506 501 2750 576 justitia

330 584 392 634 et
416 575 604 657 Ain-gor
629 575 805 649 pretii
834 575 1052 633 infiniti
1077 574 1498 651 requireretur,
1530 574 1741 650 utique
1772 574 2076 633 Christum
2105 596 2315 634 verum
2342 578 2523 636 fuisse
2550 580 2751 637 Deum

329 654 798 729 Redemptorem
825 659 1098 710 nostrum
1126 654 1392 728 oportuit
1417 652 1524 729 qui
1567 671 1701 709 eam
1728 652 1901 710 nobis
1942 653 2165 726 attulit,
2211 662 2271 712 et
2318 656 2611 731 sanguine
2638 675 2748 715 suo

325 732 661 810 acquisivit,
691 749 876 806 quam
903 748 1012 788 nec
1039 749 1204 789 sacra
1230 732 1434 789 omnia
1463 730 1817 801 Gentilium,
1864 749 1974 789 nec
2014 732 2269 791 victimae
2299 751 2503 792 omnes
2529 735 2753 809 legales

329 812 598 869 conferre
616 814 966 886 potuerunt,
979 810 1124 883 quia
1141 810 1510 885 impossibile
1525 809 1647 866 fuit
1662 828 1765 867 san
1770 809 2017 883 guinem
2036 816 2349 869 taurorum
2370 820 2431 869 et
2446 812 2751 871 hircorum

331 892 542 948 tollere
570 894 898 965 peccatum.
985 886 1218 946 Rursus
1243 906 1382 945 cum
1409 889 1488 945 ad
1527 888 1833 945 hominem
1876 896 2223 964 corruptum
2248 892 2665 948 renovandum
2690 898 2753 949 et

330 967 820 1027 sanctificandum
847 966 1036 1023 virtus
1053 968 1335 1042 quaedam
1381 967 1558 1041 plane
1603 965 1809 1023 divina
1851 967 2179 1025 necessaria
2219 975 2390 1040 esset,
2434 987 2573 1044 quae
2610 986 2751 1025 eum

330 1046 394 1103 in
420 1043 674 1121 peccatis
699 1050 1006 1101 mortuum
1034 1045 1346 1103 suscitaret
1373 1052 1432 1103 et
1459 1062 1680 1101 novam
1700 1051 2033 1103 creaturam
2072 1045 2311 1118 faceret,
2336 1046 2491 1117 Quis
2510 1045 2751 1105 diffiteri

337 1132 536 1199 potest
566 1121 888 1191 Christum,
917 1122 1024 1196 qui
1051 1123 1246 1197 gratia
1265 1141 1376 1181 sua
1421 1121 1640 1179 efficaci
1685 1122 1807 1180 tale
1834 1140 1905 1180 ac
1946 1130 2185 1181 tantum
2228 1144 2382 1200 opus
2410 1125 2751 1201 exequitur,

335 1221 458 1261 esse
486 1220 624 1259 vere
660 1200 768 1257 Dei
796 1199 1020 1258 Filium
1048 1207 1110 1258 et
1133 1200 1418 1259 Messinm
1466 1199 1861 1275 promissum;
1906 1199 2059 1271 Quis
2107 1200 2267 1258 enim
2296 1202 2410 1260 nisi
2438 1203 2605 1260 Deus
2632 1202 2755 1260 effi·-

335 1298 464 1338 cere
491 1278 706 1355 potuit,
737 1284 806 1336 ut
831 1278 1032 1349 homo,
1061 1278 1166 1353 qui
1195 1285 1412 1337 natura
1439 1296 1548 1336 sua
1575 1278 1653 1336 ad
1704 1296 1967 1335 amorem
1996 1277 2089 1335 sui
2124 1280 2617 1353 propensissimus
2644 1286 2750 1351 est,

339 1358 454 1415 sibi
494 1356 608 1431 ipsi
651 1356 960 1414 renunciet
987 1365 1048 1414 et
1073 1358 1251 1415 rebus
1279 1356 1618 1432 quibusque
1645 1355 1785 1413 vitae
1816 1356 2129 1413 carissimis
2157 1358 2511 1431 posthabitis
2536 1358 2755 1415 doctri·-

339 1454 480 1493 nam
507 1433 726 1492 rationi
751 1440 812 1491 et
839 1434 1152 1493 affectibus
1176 1436 1356 1510 plane
1383 1435 1713 1503 adversm,
1742 1451 1879 1508 quae
1907 1433 2060 1491 nihil
2088 1433 2203 1493 nisi
2228 1452 2465 1493 crucem
2490 1442 2553 1492 et
2578 1435 2754 1493 mise-

339 1513 460 1573 rias
487 1511 832 1586 omnigenas
877 1513 1220 1585 denunciat,
1270 1513 1644 1589 amplexetur
1689 1528 1829 1568 cum
1873 1512 2098 1586 gaudio
2119 1515 2149 1571 P
2229 1512 2383 1582 Quis
2428 1512 2543 1571 nisi
2586 1512 2755 1573 Deus

285 1608 292 1613 ·
338 1590 644 1648 hominem
671 1608 893 1647 cescum
919 1590 1280 1663 illuminare,
1325 1590 1632 1665 lapideum
1678 1588 1965 1662 emollire,
2010 1596 2321 1649 mortuum
2366 1590 2665 1661 suscitare,
2694 1598 2756 1651 et

337 1668 492 1727 mira
515 1670 780 1745 quadam
806 1670 1268 1745 metamorphosi
1291 1669 1354 1725 in
1403 1686 1626 1726 novam
1672 1674 2008 1725 creaturam
2058 1669 2481 1727 transformare
2506 1670 2709 1745 potuit
2730 1672 2753 1730 Ξ

344 1746 496 1806 cum
523 1765 666 1822 ergo
693 1746 888 1821 gratia
917 1747 1136 1807 Christi
1179 1749 1295 1805 hoc
1337 1746 1592 1805 subinde
1634 1746 1701 1802 in
1748 1746 2025 1805 fidelibus
2068 1754 2347 1823 operetur
2374 1748 2753 1822 miraculum,

337 1827 478 1884 satis
507 1842 800 1901 superque
828 1825 1035 1883 divina
1060 1825 1190 1899 ejus
1216 1826 1408 1883 virtus
1433 1824 1649 1882 exinde
1677 1823 1960 1883 asseritur
1986 1831 2046 1883 et
2072 1832 2289 1884 testata
2314 1827 2397 1884 fit.

417 1902 745 1962 XXVIII.
792 1902 1086 1961 Caeterum
1114 1904 1258 1979 quia
1282 1903 1542 1961 diximus
1569 1921 1675 1977 per
1701 1902 2054 1979 sanguinem
2098 1922 2135 1962 a
2160 1904 2469 1963 nonnullis
2496 1903 2755 1980 intelligi

337 1981 734 2040 constantiam
761 1988 820 2037 et
844 1982 1024 2038 fidem
1052 1990 1403 2055 martyrum,
1434 1980 1540 2057 qui
1581 1980 1891 2039 moriendo
1924 1980 2159 2040 Christo
2187 1982 2599 2041 testimonium
2626 2001 2758 2059 per-

336 2060 682 2129 hibuerunt,
711 2076 833 2135 quo
859 2058 1116 2133 pertinet
1135 2060 1264 2133 ispa
1289 2059 1571 2135 martyris
1597 2066 1659 2116 et
1672 2060 1949 2135 martyrii
1964 2060 2382 2133 nomenclatio,
2404 2060 2757 2119 Videndum

336 2156 540 2196 annon
567 2138 696 2193 haec
721 2136 900 2193 etiam
929 2160 1104 2213 φης
1121 2155 1160 2193 a
1183 2135 1229 2194 J
1230 2154 1424 2194 oanne
1451 2136 1701 2194 indicari
1730 2138 2008 2211 potuerit.
2068 2138 2206 2197 Hoc
2232 2147 2437 2197 autem
2462 2158 2587 2197 non
2604 2140 2757 2197 diffi-

341 2216 452 2273 cile
479 2222 570 2273 est
595 2214 873 2287 colligere
901 2234 976 2273 ex
992 2216 1184 2291 prima
1203 2214 1508 2289 sanguinis
1525 2214 1952 2289 significatione
1973 2237 1990 2287 ;
2032 2214 2196 2275 Nam
2214 2217 2263 2274 si
2280 2235 2386 2293 per
2400 2218 2757 2293 sanguinem

341 2292 619 2349 innuitur
642 2292 992 2351 beneficium
1011 2292 1472 2368 justificationis,
1497 2294 1661 2369 quod
1680 2293 2100 2370 consequimur
2120 2294 2183 2351 in
2200 2297 2491 2371 sanguine
2516 2296 2753 2367 Christi,

339 2371 494 2428 nihil
521 2370 766 2429 absurdi
803 2378 894 2430 est
939 2372 988 2431 si
1035 2372 1304 2431 dicamus
1347 2372 1699 2447 sanguinem
1742 2372 1927 2430 istum
1976 2371 2217 2446 Christi,
2267 2393 2388 2451 quo
2435 2374 2758 2450 expiantur

339 2454 599 2525 peccata,
628 2467 748 2507 non
793 2451 975 2510 modo
1020 2450 1228 2511 testari
1271 2452 1334 2507 in
1381 2451 1743 2509 conscientia
1790 2451 2081 2526 cujusque
2128 2453 2319 2511 fidelis
2366 2471 2473 2529 per
2518 2471 2759 2512 sensum

337 2528 698 2587 remissionis
723 2538 1101 2604 peccatorum
1128 2535 1189 2588 et
1208 2529 1707 2591 reconciliationis
1724 2535 1943 2587 nostrae
1964 2546 2103 2586 cum
2121 2530 2252 2589 Deo
2271 2552 2286 2603 ;
2330 2534 2433 2590 sed
2450 2532 2549 2589 vel
2572 2531 2758 2608 inpri-

337 2606 451 2665 mis
477 2608 540 2664 in
569 2609 906 2667 constantia
923 2607 1184 2668 mirabili
1200 2615 1533 2681 martyrum
1562 2606 1627 2663 in
1643 2606 1854 2665 mediis
1871 2607 2196 2680 tormentis,
2216 2628 2353 2685 quae
2370 2628 2491 2667 non
2510 2610 2757 2669 aliunde

338 2686 544 2757 oritur,
575 2706 758 2761 quam
787 2706 862 2745 cx
889 2688 1152 2746 efficacia
1178 2685 1488 2760 sanguinis
1519 2683 1759 2754 Christi,
1808 2702 1931 2759 quo
1978 2687 2247 2757 persuasi
2294 2688 2369 2745 de
2416 2688 2756 2763 expiatione

337 2770 716 2839 peccatorum
743 2783 1010 2836 suorum,
1039 2770 1339 2822 tormenta
1384 2761 1611 2836 quaevis
1654 2778 1778 2817 non
1825 2761 2009 2817 modo
2054 2764 2369 2834 patienter,
2398 2765 2501 2822 sed
2530 2772 2591 2822 et
2618 2784 2757 2822 cum

337 2842 562 2916 gaudio
591 2843 923 2900 sustinent:
967 2849 1038 2900 ut
1064 2843 1150 2899 sic
1175 2839 1468 2913 sanguine
1489 2855 1598 2895 suo
1623 2836 1845 2895 Christi
1872 2836 2203 2896 doctrinam
2241 2840 2573 2914 obsignent.
2660 2841 2761 2899 Ita

337 2920 455 2977 tria
479 2920 974 2991 designabuntur,
1002 2918 1222 2995 quibus
1249 2915 1508 2973 officium
1533 2913 1855 2972 Christiani
1874 2913 2224 2987 absolvitur,
2246 2923 2309 2973 et
2323 2917 2542 2991 quibus
2568 2918 2759 2976 veluti

339 2996 590 3052 totidem
618 2997 985 3069 argumentis
1029 2995 1250 3051 veritas
1298 2990 1638 3051 Christiana
1684 2990 2121 3065 comprobatur,
2171 2993 2423 3065 credere,
2447 2994 2669 3071 facere,
2698 3002 2761 3054 et

331 3072 483 3149 pati,
513 3090 620 3129 seu
644 3072 808 3142 fides,
837 3091 987 3148 spes,
1015 3071 1300 3142 charitas,
1327 3068 1548 3127 veritas
1571 3068 1730 3139 fidei,
1760 3086 1895 3142 quae
1922 3086 2029 3142 per
2081 3066 2390 3146 Spiritum,
2418 3072 2761 3132 innocentia

341 3150 500 3221 vitae,
529 3156 592 3209 et
617 3151 874 3209 charitas
903 3169 1038 3226 quse
1066 3167 1172 3225 per
1199 3166 1439 3224 aquam,
1469 3152 1530 3202 et
1557 3164 1689 3221 spes
1716 3164 1821 3203 seu
1850 3148 2184 3207 constantia
2224 3150 2287 3207 in
2336 3150 2761 3212 afflictionibus

339 3236 402 3287 et
427 3234 618 3287 morte
643 3229 779 3303 ipsa
803 3248 878 3287 ex
905 3246 1084 3287 sensu
1111 3224 1476 3285 remissionis
1502 3231 1883 3299 peccatorum
1925 3223 1989 3281 in
2026 3228 2320 3303 sanguine
2351 3228 2589 3305 Christi,
2619 3250 2755 3309 quae

341 3326 448 3385 per
475 3306 828 3383 sanguinem
855 3308 1268 3367 adumbratur.
1744 3344 1749 3350 -

423 3385 672 3446 XXIX.
703 3386 890 3444 Porro
907 3386 1006 3445 isti
1025 3392 1204 3443 testes
1224 3384 1508 3443 dicuntur
1523 3384 1729 3442 testari
1752 3384 1831 3444 ivi
1850 3390 1937 3451 τῆς
1954 3392 2047 3459 ⁴73⁶
2075 3386 2139 3445 in
2167 3398 2351 3460 terra,
2372 3408 2478 3466 per
2498 3391 2758 3449 antithe-

342 3466 455 3524 sim
483 3467 559 3524 ad
589 3467 866 3536 coelestes,
897 3465 1002 3542 qui
1029 3464 1172 3523 dicti
1197 3462 1440 3523 fuerant
1463 3464 1670 3522 testari
1698 3465 1760 3522 in
1794 3464 1996 3539 Coe103
2038 3467 2185 3542 quia
2227 3467 2369 3527 licet
2410 3470 2499 3529 vis
2544 3488 2759 3527 eorum

339 3562 462 3602 non
491 3544 782 3602 terrestris
811 3544 904 3615 sit,
934 3546 1038 3603 sed
1066 3542 1314 3602 coelestis
1341 3548 1402 3600 et
1427 3542 1651 3613 divina,
1680 3550 1883 3602 tamen
1912 3564 2023 3604 nec
2056 3546 2339 3604 videntur
2364 3566 2473 3606 nec
2499 3546 2763 3607 audiun-

341 3628 442 3680 tur
469 3628 576 3679 ant
601 3621 938 3681 sentiuntur
963 3624 1026 3680 in
1053 3622 1312 3693 sublimi,
1343 3627 1412 3679 ut
1438 3621 1789 3696 superiores,
1818 3624 1922 3680 sed
1951 3642 2013 3682 se
2038 3631 2293 3681 exerunt
2308 3623 2371 3681 in
2392 3624 2675 3695 Ecclesia,
2698 3632 2760 3683 et

342 3700 406 3757 in
435 3699 650 3757 animis
676 3700 989 3759 hominum
1024 3701 1398 3777 potissimum
1445 3700 1548 3775 qui
1592 3700 1656 3757 in
1702 3700 1873 3759 terris
1912 3709 2267 3772 versantur3
2310 3701 2375 3760 N
2377 3721 2475 3760 am
2502 3704 2627 3761 sive
2652 3721 2759 3777 per

348 3775 639 3853 Spiritum
677 3778 1084 3855 intelligamus
1125 3779 1461 3837 doctrinam
1507 3779 1805 3853 evangelii
1832 3778 1895 3837 in
1926 3779 2192 3840 Ecclesia
2216 3787 2615 3851 resonantem,
2652 3785 2760 3838 aut

341 3858 564 3915 donum
593 3855 731 3913 fidei
759 3857 821 3915 in
847 3860 1026 3917 corde
1050 3858 1244 3916 fidelis
1269 3858 1641 3931 impressum,
1670 3856 1795 3915 sive
1822 3876 2045 3933 aquam
2070 3864 2131 3916 et
2157 3858 2510 3933 sanguinem
2535 3857 2757 3915 refera-

341 3953 477 3993 mus
502 3935 579 3993 ad
607 3934 730 3991 duo
759 3944 1128 3996 sacramenta
1153 3936 1320 3995 Novi
1346 3935 1733 4007 Testamenti,
1780 3936 1903 3994 sive
1950 3937 2029 3994 ad
2056 3936 2179 3993 duo
2210 3935 2431 3995 Christi
2454 3936 2756 4007 beneficia,

341 4031 478 4088 quae
507 4012 626 4071 illis
653 4014 1082 4091 obsignantur3
1124 4022 1352 4073 certum
1377 4022 1468 4072 est
1491 4014 1606 4072 ista
1632 4013 1835 4073 omnia
1859 4014 1925 4071 in
1949 4014 2121 4073 terris
2148 4014 2269 4071 vim
2306 4032 2479 4073 suam
2518 4032 2757 4073 exerere

341 4098 402 4149 et
431 4090 666 4151 Christo
683 4094 1093 4153 testimonium
1109 4094 1320 4163 dicere,
1351 4098 1422 4150 ut
1448 4110 1570 4149 non
1598 4109 1751 4166 opus
1767 4092 1843 4151 sit
1858 4110 2109 4168 operosa
2124 4109 2335 4150 eorum
2348 4092 2753 4167 inquisitione,

341 4190 480 4230 cum
507 4170 762 4245 expositi
789 4174 910 4231 sint
934 4172 1000 4228 in
1029 4170 1310 4241 Ecclesia,
1339 4170 1488 4227 etin
1517 4169 1773 4244 singulis
1796 4170 2075 4227 fidelibus
2096 4177 2433 4245 operentur.

423 4250 634 4307 XXX.
683 4248 782 4307 Sic
806 4249 1068 4309 vidimus
1096 4250 1344 4324 quinam
1371 4247 1490 4305 sint
1517 4253 1637 4305 tres
1662 4247 1763 4305 isti
1788 4254 1983 4320 testes,
2006 4253 2067 4305 et
2092 4248 2271 4323 quale
2296 4248 2567 4323 ipsorum
2594 4250 2758 4309 testi·

341 4328 648 4398 monium3
694 4328 980 4402 Superest
1003 4335 1076 4385 ut
1102 4324 1330 4402 aliquid
1359 4328 1655 4383 addamus
1702 4327 1777 4383 de
1826 4342 2033 4383 eorum
2082 4326 2307 4383 unitate
2352 4332 2413 4383 et
2460 4346 2755 4401 consensu,

338 4424 520 4482 quem
541 4405 584 4465 J
589 4424 810 4463 oannes
839 4403 1056 4475 innuit,
1084 4422 1272 4480 qnum
1300 4403 1470 4460 addit
1495 4409 1558 4467 εἰς
1584 4408 1641 4461 τὶ
1668 4401 1711 4462 i'v
1738 4408 1844 4462 de).
1942 4403 2111 4461 Licet
2138 4408 2341 4462 autem
2372 4402 2758 4480 Compluten-

338 4484 418 4541 sis
447 4483 654 4543 Editio
681 4485 812 4541 haec
837 4502 960 4541 non
987 4483 1223 4553 habeat,
1250 4479 1566 4541 retinenda
1591 4490 1793 4541 tamen
1842 4499 1965 4539 esse
2012 4498 2134 4539 non
2178 4483 2359 4541 modo
2386 4484 2757 4559 probatiores

339 4562 570 4621 codices
595 4562 896 4633 evincunt,
926 4562 1030 4619 sed
1055 4568 1118 4619 et
1143 4560 1230 4619 rei
1255 4558 1440 4634 ipsius
1467 4568 1699 4632 natura,
1728 4566 1799 4619 ut
1844 4560 2126 4618 sciremus
2166 4568 2343 4621 testes
2368 4562 2513 4622 istos
2550 4583 2757 4623 onmes

336 4640 400 4697 in
427 4641 588 4699 idem
637 4658 880 4715 prorsus
921 4639 1270 4711 consentire,
1311 4646 1373 4698 et
1418 4640 1495 4699 ad
1541 4658 1731 4698 unum
1774 4640 2151 4715 eundemque
2198 4660 2443 4717 scopum
2490 4644 2752 4701 tendere.
