3234 5192
322 318 557 363 maru-r.
586 298 661 380 1.]
1286 316 1367 357 m:
1395 316 1571 359 uano
1598 316 1780 358 vrras.
2625 304 2741 364 209

308 461 465 521 Psal.
487 460 635 537 xix„
658 455 760 515 ubi
780 473 899 513 non
916 453 1105 514 solum
1130 462 1233 536 bap,
1264 474 1368 515 seu
1395 474 1516 516 vox
1544 464 1603 517 et
1625 476 1818 533 sonus,
1840 458 2116 518 creaturis
2132 460 2420 537 tribuitur,
2441 461 2546 521 sed
2567 463 2742 524 etiam

314 563 385 617 πρ,
422 541 713 619 seujlinea,
738 535 929 613 qualis
965 554 1171 614 nempe
1200 535 1336 595 duci
1381 537 1529 597 solet
1571 538 1634 595 in
1681 538 1846 595 libris
1891 538 2226 615 scribendis,
2255 541 2369 600 Isa.
2399 542 2607 601 xxviii.
2643 548 2736 603 13.

310 620 485 683 Unde
527 619 799 679 dicuntur
840 613 974 674 coeli
1015 634 1235 677 effe-unes:
1280 626 1615 675 enarrantes
1641 616 1887 694 gloriam
1918 618 2046 695 Dei,
2087 620 2226 697 quia
2249 619 2311 679 in
2341 621 2546 699 seipsis
2575 624 2740 683 velut

308 702 373 761 in
398 700 564 775 libro,
595 698 697 779 qui
724 722 815 760 πῃ»
845 694 1073 771 dicitur,
1097 695 1335 755 laudum
1365 696 1694 755 divinarum
1721 698 2020 757 materiam
2047 700 2216 759 nobis
2255 702 2640 779 suppeditant,
2672 714 2739 765 ut

308 782 407 840 hic
432 800 637 839 revera
662 784 943 837 creaturae
971 776 1087 834 sint
1102 775 1285 835 instar
1311 775 1607 851 librorum,
1639 796 1786 855 quse,
1817 785 1950 837 utut
1985 788 2160 837 mutae
2181 778 2504 857 videantur,
2528 782 2590 841 in
2607 784 2736 860 qui·

309 862 423 920 bus
448 880 556 920 nec
582 856 817 937 loquela
836 874 944 915 nec
966 874 1153 915 sermo
1182 856 1275 931 sit,
1300 874 1501 916 omnes
1522 864 1718 915 tamen
1738 857 1971 917 vocales
1989 858 2107 918 sint
2121 859 2326 937 reipsa,
2359 880 2602 937 quarum
2621 882 2736 923 vox

310 942 510 1017 ubique
536 942 831 1012 audiatur,
886 934 1041 994 Psal.
1070 936 1196 993 xix.
1240 938 1295 1011 3,
1342 955 1450 995 nec
1499 956 1728 996 sursum
1772 944 1998 997 tantum
2042 939 2177 998 coeli
2224 940 2469 1017 gloriam
2507 942 2733 1019 opificis

308 1020 643 1099 praedicent,
669 1018 773 1078 sed
802 1024 862 1075 et
902 1014 1171 1074 deorsum
1211 1022 1380 1091 terra,
1412 1016 1474 1073 in
1520 1036 1638 1094 qua
1663 1017 2032 1095 magnificum
2062 1019 2189 1096 ejus
2215 1038 2427 1081 nomen
2453 1022 2738 1101 conspici-

311 1110 425 1177 tur,
456 1101 571 1159 imo
597 1102 943 1178 praesentem
970 1094 1183 1153 clamat
1209 1095 1482 1173 quaslibet
1509 1096 1690 1155 herba
1719 1097 1927 1158 Deum.

726 1240 738 1251 ,
922 1175 1038 1233 VI.
1084 1174 1178 1234 Ita
1207 1174 1367 1235 Deus
1394 1176 1458 1233 in
1484 1176 1686 1235 schola
1712 1186 1933 1235 naturae
1948 1177 2229 1254 homines,
2260 1198 2377 1237 non
2405 1181 2586 1241 verbo
2629 1180 2734 1243 sed

310 1239 359 1285 ²·
420 1238 797 1342 Lippa-Sem·
838 1274 1010 1333 opere
1039 1254 1265 1314 erudire
1293 1254 1497 1329 voluit,
1530 1264 1590 1314 et
1616 1263 1682 1315 ut
1709 1256 1858 1315 bene
1887 1256 2148 1332 Tertull.,
2196 1261 2232 1291 “
2257 1258 2545 1320 Pi'aemisit
2565 1226 2732 1320 riatu-

838 1354 961 1393 ram
990 1334 1343 1412 magistram,
1376 1334 1768 1394 submissurus
1813 1344 1873 1395 et
1921 1335 2308 1413 Prophetiam,
2361 1358 2476 1415 quo
2505 1340 2733 1400 facilius

316 1413 525 1473 credas
554 1412 875 1491 Prophetioe
891 1413 1211 1493 discipulus
1239 1416 1520 1474 naturae.'¹
1580 1414 1800 1475 Verum
1828 1415 1966 1492 quia
1991 1416 2140 1474 liber
2165 1416 2276 1475 iste
2303 1437 2408 1495 per
2507 1428 2733 1479 ecatum

318 1494 531 1553 mirum
558 1494 618 1551 in
644 1494 879 1553 modum
908 1493 1265 1569 obscuratus,
1292 1502 1351 1553 et
1376 1502 1602 1554 tantum
1629 1512 1748 1553 non
1776 1494 2001 1554 deletus
2029 1494 2154 1571 fuit,
2187 1495 2270 1556 ita
2291 1506 2356 1555 ut
2383 1518 2416 1555 a
2487 1499 2733 1559 salutem

316 1572 577 1634 sufficere
604 1581 869 1651 nequeat,
913 1574 1139 1633 addidit
1188 1574 1351 1633 Deus
1400 1574 1602 1633 librum
1631 1574 1875 1634 alterum
1903 1576 2230 1651 Scrt‘pturae,
2263 1576 2324 1635 in
2353 1596 2468 1654 quo
2491 1577 2643 1639 clare
2673 1588 2733 1640 et

316 1654 611 1729 distincte,
640 1672 759 1712 non
787 1653 959 1712 modo
1014 1653 1287 1731 potentiae
1344 1662 1404 1713 et
1457 1654 1782 1715 divinitatis
1817 1654 2166 1714 lineamenta
2208 1656 2377 1716 nobis
2423 1660 2714 1736 expressit

318 1733 427 1793 sed
478 1734 717 1811 insuper
770 1734 1089 1793 voluntatis
1137 1741 1196 1793 et
1243 1734 1445 1811 gratiae
1490 1734 1822 1794 testimonia
1879 1733 2205 1794 indubitata
2257 1736 2508 1815 reliquit,
2580 1739 2734 1799 unde

315 1812 535 1891 passim
586 1813 737 1873 liber
807 1813 935 1889 Dei,
993 1813 1141 1873 liber
1198 1812 1393 1891 Legis,
1444 1814 1593 1872 liber
1647 1813 1898 1890 foederis,
1961 1815 2110 1873 liber
2175 1816 2410 1875 Domini
2475 1828 2732 1893 vocatur,

318 1894 471 1952 Exo.
528 1892 693 1953 xxiv.
732 1896 789 1969 7,
826 1892 978 1951 Heb.
1027 1893 1109 1952 ix.
1144 1894 1236 1968 19,
1290 1894 1406 1953 Isa.
1452 1893 1662 1953 xxxiv.
1716 1897 1810 1953 16.
1918 1894 2243 1973 Utrumque
2303 1896 2515 1956 librum
2565 1899 2734 1959 nobis

316 1972 503 2051 aperit
530 1973 776 2049 Psaltes,
810 1972 963 2032 Psal.
992 1973 1138 2049 xix„
1189 1982 1256 2033 ut
1283 1974 1565 2049 ostendat,
1596 1982 1839 2052 utraque
1894 1973 1992 2032 via
2037 1974 2227 2034 Deum
2274 1994 2336 2035 se
2379 1977 2547 2036 nobis
2574 1986 2735 2055 pate-

314 2053 540 2128 fecisse,
590 2061 649 2113 et
677 2072 713 2111 a
760 2060 1148 2112 creaturarum
1190 2052 1672 2130 contemplatione
1721 2054 1798 2113 ad
1832 2053 1998 2112 verbi
2031 2054 2338 2113 lectionem
2377 2076 2506 2117 esse
2548 2067 2732 2117 trans-

315 2132 589 2207 eundum,
638 2141 705 2193 ut
758 2132 1013 2209 cognitio
1066 2132 1179 2191 Dei
1222 2131 1489 2192 salutaris
1542 2134 1728 2210 possit
1781 2132 1999 2193 haberi.
2104 2134 2318 2193 Fateor
2376 2135 2732 2213 Scripturam

317 2220 379 2272 ct
430 2212 643 2271 librum
708 2212 821 2271 Dei
878 2211 1158 2289 singulari
1228 2212 1450 2271 ratione
1509 2212 1710 2271 vocari
1758 2232 1930 2291 posse
1995 2212 2224 2273 tabulas
2279 2213 2428 2291 illas,
2488 2216 2551 2273 in
2607 2218 2735 2294 qui-

314 2292 429 2351 bus
466 2291 715 2371 propriis
772 2291 973 2369 digitis
1016 2292 1235 2369 Legem
1278 2310 1440 2351 suam
1482 2312 1720 2351 exarare
1774 2292 1977 2369 voluit,
2023 2312 2154 2370 quse
2190 2298 2380 2357 amba
2399 2307 2566 2371 aban,
2597 2316 2738 2375 opus

318 2373 450 2447 Dei,
482 2378 542 2431 et
566 2376 759 2433 :unsa
780 2392 935 2447 anan,
966 2371 1271 2449 Scriptura
1296 2374 1427 2449 Dei,
1462 2373 1613 2432 Ex0.
1643 2373 1832 2431 xxxii.
1867 2375 1958 2449 16,
1989 2382 2288 2435 vocantur.
2337 2374 2454 2434 Sed
2480 2377 2592 2435 hoc
2618 2397 2737 2436 non

317 2453 527 2527 obstat,
572 2451 882 2530 quominus
917 2451 1159 2511 verbum
1188 2450 1351 2528 illud,
1382 2452 1539 2529 quod
1566 2451 1804 2531 speciali
1833 2454 1945 2512 Dei
1966 2455 2138 2531 jussu
2154 2462 2214 2514 et
2232 2455 2605 2533 inspiratione
2635 2478 2739 2535 per

315 2531 474 2591 viros
499 2534 849 2597 θωπιιυστους
876 2531 1106 2609 scriptis
1136 2532 1537 2609 consignatum
1561 2541 1667 2609 est,
1701 2534 1838 2592 liber·
1854 2535 1973 2591 Dei
2001 2534 2300 2594 verissime
2330 2535 2568 2612 dicatur,
2600 2539 2740 2615 quia

316 2612 445 2689 ejus
472 2613 631 2671 solus
658 2620 859 2672 auctor
878 2620 967 2671 est
994 2620 1053 2671 et
1080 2630 1255 2671 causa
1280 2610 1630 2691 principalis,
1660 2613 1798 2673 licet
1824 2632 1964 2673 usus
1993 2612 2069 2673 sit
2094 2614 2391 2675 hominum
2419 2616 2739 2677 ministerio

318 2692 381 2750 in
409 2711 479 2751 eo
505 2690 951 2771 promulgando.

926 2770 1075 2830 VII.
1118 2770 1348 2831 Tertius
1400 2770 1551 2829 liber
1592 2779 1870 2831 externus
1915 2779 2004 2831 est
2067 2772 2206 2831 liber
2259 2773 2616 2849 conscientiae,
2674 2776 2736 2832 in

846 2870 961 2929 quo
992 2850 1153 2911 Deus
1172 2852 1297 2929 jam
1326 2851 1399 2909 ab
1444 2850 1611 2910 initio
1649 2850 2040 2929 cognitionem
2083 2851 2174 2910 sui
2222 2858 2282 2911 et
2334 2852 2524 2928 legem
2568 2862 2734 2911 natu·

846 2930 1025 2990 ralem
1044 2930 1350 3009 impressit,
1376 2938 1435 2989 et
1456 2930 1613 3007 quod
1635 2930 1724 2989 sui
1742 2929 1894 3007 juris
1915 2936 2005 2989 est
2025 2937 2084 2989 et
2103 2931 2286 2988 nostri
2307 2929 2478 2988 officii
2500 2931 2696 2991 docuit
2719 2957 2734 3010 3

318 3009 403 3069 ita
421 3018 487 3070 ut
508 3010 741 3089 singuli,
762 3011 813 3071 si
834 3030 963 3071 eum
982 3010 1180 3070 audire
1203 3018 1262 3070 et
1283 3018 1499 3069 attente
1516 3009 1841 3086 expendere
1863 3009 2063 3084 velint,
2085 3007 2254 3067 facile
2275 3028 2392 3067 non
2413 3017 2532 3067 tam
2552 3011 2736 3069 homi-

321 3108 472 3166 nem,
502 3110 676 3169 quam
707 3091 897 3150 Deum
924 3089 1115 3167 ipsum
1141 3092 1473 3167 loquentem
1518 3088 1998 3148 animadvertant.
2083 3087 2158 3147 In
2182 3096 2333 3147 statu
2360 3090 2603 3150 instituto
2631 3112 2736 3151 na-

320 3179 479 3247 turae,
520 3170 670 3229 liber
721 3170 831 3230 iste
884 3170 1112 3247 integer
1137 3170 1246 3229 fuit
1288 3176 1347 3228 et
1372 3168 1535 3227 nulla
1560 3168 1736 3228 litura
1778 3175 2027 3229 notatus.
2113 3169 2186 3227 In
2214 3170 2468 3229 destituto
2495 3174 2734 3249 peccati,

318 3258 625 3327 corruptus
654 3249 887 3327 quidem
915 3250 1024 3309 fuit
1052 3256 1109 3308 et
1136 3248 1297 3307 miris
1323 3248 1513 3307 modis
1539 3246 1808 3323 foedatus,
1855 3247 1959 3307 sed
1994 3248 2209 3309 mansit
2225 3257 2420 3310 tamen
2448 3252 2524 3309 ad
2550 3252 2737 3311 homi-

319 3329 411 3389 nis
438 3328 861 3389 convictionem
890 3338 949 3389 et
991 3330 1353 3403 κακολογίαν,
1388 3331 1423 3362 “
1447 3328 1670 3389 Gentes
1697 3328 1849 3387 enim
1869 3328 2180 3389 ostendunt
2198 3349 2342 3408 opus
2361 3332 2539 3409 Legis
2557 3333 2736 3412 scrip-

320 3416 444 3469 tum
471 3410 535 3468 in
562 3408 834 3469 cordibus
862 3410 1001 3487 suis,
1032 3410 1424 3469 testimonium
1451 3408 1728 3467 reddente
1757 3409 2109 3468 conscientia
2127 3410 2402 3489 ipsorum,
2432 3420 2491 3470 et
2518 3412 2736 3491 cogita-

319 3489 577 3549 tionibus
602 3488 861 3549 vicissim
904 3488 1309 3549 accusantibus
1352 3496 1411 3548 et
1450 3487 1923 3563 excusantibus,”
1955 3490 2126 3548 Rom.
2154 3490 2214 3547 ii.
2249 3493 2341 3549 15.
2388 3490 2460 3548 In
2487 3494 2738 3552 restituto

314 3570 525 3645 qratioe
548 3578 859 3631 renovatur
887 3578 945 3630 et
970 3568 1313 3629 reformatur
1340 3568 1399 3626 in
1425 3568 1695 3627 fidelibus
1721 3586 1827 3645 per
1872 3568 2166 3644 Spiritum,
2198 3569 2273 3627 ad
2299 3588 2496 3628 eorum
2527 3574 2736 3631 sancti-

320 3648 665 3725 ficationem,
696 3652 907 3729 quippe
929 3650 1029 3726 qui
1060 3648 1277 3727 Legem
1308 3647 1493 3725 digito
1534 3666 1642 3707 suo
1679 3666 1794 3706 non
1823 3646 1885 3705 in
1911 3647 2126 3706 tabulis
2173 3648 2433 3725 lapideis,
2465 3656 2531 3708 ut
2577 3650 2734 3725 olim,

322 3744 452 3805 quae
480 3727 768 3806 confringi
793 3730 1035 3806 possint,
1068 3728 1173 3799 sed,
1199 3728 1420 3789 carneis
1449 3727 1639 3787 cordis
1667 3726 1946 3801 inscribit,
1991 3730 2028 3785 2
2059 3727 2188 3785 Cor.
2211 3727 2292 3785 iii.
2323 3730 2379 3802 3,
2414 3728 2579 3786 'uxta
2605 3749 2736 3805 pro-

322 3808 656 3867 missionem
684 3806 887 3867 foederi
913 3828 1069 3868 novo
1096 3828 1400 3884 annexam,
1434 3810 1469 3841 ‘⁴
1493 3806 1816 3865 Inscribam
1842 3807 2032 3883 legem
2077 3824 2263 3864 meam
2285 3748 2556 3865 cordlibus
2583 3808 2736 3884 ipso·

323 3906 468 3962 rum,
500 3895 560 3947 et
587 3906 686 3946 ero
717 3888 877 3947 Deus
904 3888 1153 3965 illorum,
1184 3897 1244 3947 et
1262 3888 1349 3948 illi
1367 3894 1535 3947 erunt
1550 3887 1694 3945 mihi
1715 3886 1776 3944 in
1795 3886 2126 3965 populum,”
2157 3885 2201 3946 J
2203 3906 2282 3945 er.
2312 3885 2478 3944 xxxi.
2511 3890 2606 3945 33.
2665 3888 2738 3946 In

324 3974 481 4027 statu
507 3966 757 4044 denique
788 3969 1106 4044 proestt'tuto
1154 3968 1357 4045 yloriae
1393 3968 1541 4026 liber
1586 3966 1698 4027 iste
1724 3966 2052 4045 perficietur
2078 3966 2138 4025 in
2159 3964 2361 4040 beatis,
2393 3984 2566 4042 super
2592 3986 2738 4043 quos

322 4047 637 4123 scn‘ptuncs
664 4046 877 4107 dicitur
905 4048 1169 4107 Christus
1195 4068 1394 4107 nomen
1421 4048 1540 4107 Dei
1560 4048 1666 4125 sui,
1695 4056 1762 4107 ut
1790 4047 1974 4106 sciant
2023 4066 2085 4105 se
2129 4064 2255 4105 esse
2297 4045 2426 4123 ejus
2444 4044 2614 4121 filios,
2637 4066 2737 4105 no-

324 4146 450 4186 men
478 4127 873 4207 civitatis-'‘Dei,
904 4128 1223 4187 Jerusalem
1246 4128 1489 4204 ecclesii-³,
1514 4136 1581 4185 ut
1605 4128 1800 4186 norint
1827 4146 1890 4187 se
1911 4144 2038 4185 esse
2066 4126 2192 4204 ejus
2219 4126 2440 4183 incolas
2462 4132 2520 4183 ct
2541 4124 2698 4185 cives
2721 4146 2736 4203 3

324 4215 385 4266 et
410 4225 612 4266 nomen
631 4226 793 4265 suum
820 4227 1041 4283 novum,
1064 4216 1130 4267 ut
1158 4214 1545 4285 agnoscantur
1572 4208 1699 4285 ejus
1726 4206 2001 4281 membra,
2027 4206 2213 4283 Apoc.
2233 4205 2315 4262 iii.
2350 4208 2441 4261 12.

400 4284 589 4345 VIII.
637 4285 735 4347 Sic
762 4286 995 4346 fuerunt
1023 4287 1155 4346 libri
1173 4287 1397 4346 externi
1422 4285 1552 4344 Dei.
1646 4285 1772 4343 Alii
1801 4292 1936 4345 sunt
1965 4284 2183 4360 interni,
2215 4282 2318 4361 qui
2345 4282 2426 4342 ita
2447 4282 2734 4362 dicuntur,

324 4382 443 4423 non
470 4366 719 4443 proprie,
743 4367 911 4442 quasi
942 4368 1119 4443 Deus,
1152 4367 1252 4443 qui
1290 4366 1483 4424 omnia
1502 4384 1619 4423 uno
1641 4364 1856 4424 intuitu
1883 4364 1943 4421 in
1973 4364 2162 4440 seipso
2190 4362 2446 4439 disponit
2473 4370 2530 4423 et
2557 4364 2736 4439 videt,

324 4462 470 4523 opus
496 4446 709 4505 habeat
734 4445 899 4505 libris
944 4447 1019 4505 ad
1065 4447 1247 4504 instar
1274 4445 1587 4519 hominum,
1613 4442 1708 4502 vel
1737 4441 1812 4501 ad
1855 4442 2145 4501 memoriae
2173 4440 2513 4519 subsidium,
2542 4446 2640 4504 vel
2667 4445 2744 4505 ad

324 4544 517 4585 rerum
534 4525 938 4585 certitudinem
975 4525 1441 4597 confirmandam,
1488 4523 1593 4581 sed
1618 4526 2005 4603 nanee-mmmm,-
2047 4531 2106 4583 et
2151 4522 2396 4602 figurate
2445 4526 2520 4584 ad
2564 4526 2740 4585 deno-

331 4604 568 4665 tandam
596 4624 787 4665 rerum
826 4606 1099 4684 omnium,
1151 4613 1273 4665 tum
1320 4602 1758 4683 praefinitionem
1803 4602 2198 4681 certissimam,
2230 4614 2352 4664 tum
2379 4606 2741 4667 infallibilem

2305 4704 2343 4743 o

345 2836 390 2883 3.
442 2836 590 2883 Liber
638 2836 767 2885 Con-

434 2898 667 2943 scientim.
