3234 5192
1186 64 1234 83 Q

475 279 477 281 V
568 296 683 355 ssa
1108 312 1187 351 nn
1217 308 1698 352 sarrsracrroms
1726 309 1966 351 cmusn
1994 307 2420 350 PERFECTIONE.
2519 288 2781 371 [msPu‘r.
2811 308 2985 349 xxm.

575 470 709 511 suas
736 450 812 509 ad
839 451 1191 530 expiandum
1220 460 1442 513 reatum
1471 452 1864 530 temporalem,
1897 471 2028 511 cum
2069 451 2180 511 sibi
2227 451 2512 530 ejusmodi
2561 451 2986 511 satisfactiones

576 530 955 591 abundarent.
1000 533 1189 607 Quare
1211 533 1483 611 patiendo
1513 532 1868 611 adimplebat
1895 552 1964 591 ea
1985 552 2114 609 quae
2133 532 2372 591 deerant
2396 532 2726 611 passionum
2747 532 2985 607 Christi,

578 611 639 669 id
667 620 773 687 est,
804 633 934 692 quae
963 613 1228 673 Christus
1249 615 1310 673 in
1340 614 1553 672 sanetis
1582 614 1704 671 suis
1733 612 1921 671 adhue
1965 632 2239 689 passurus
2268 621 2407 687 erat,
2438 633 2540 691 pro
2578 632 2812 690 corpore
2857 612 2988 689 ipso

582 692 879 767 Ecclesiae,
928 694 1053 753 sive
1101 694 1439 753 instruendo
1486 692 2010 770 praedicationibus,
2063 693 2187 751 sive
2237 691 2626 752 confirmando
2683 691 2986 769 exemplis,

582 774 706 831 sive
736 775 1025 851 expiando
1050 774 1530 849 satisfactionibus.
1546 775 1578 803 ''

664 852 786 912 ΙΙΙ.
834 854 950 912 Sed
978 874 1149 931 quam
1178 874 1381 931 parum
1408 852 1600 911 faveat
1637 851 1814 911 errori
1841 852 1950 909 iste
1983 851 2148 910 locus
2175 852 2431 929 proclive
2481 860 2569 911 est
2597 851 2912 927 ostendere,
2938 850 2990 910 si

584 931 661 991 ad
682 933 980 1010 sequentia
998 934 1367 992 attendimus.
1415 932 1625 1005 Primo,
1647 939 1711 989 ut
1729 932 1977 989 sciamus
1999 931 2140 1008 quid
2167 932 2380 991 Christi
2400 932 2631 991 nomine
2659 932 2840 991 intelli
2846 952 2988 1008 gen-

585 1012 723 1071 dum
749 1014 979 1088 veniat3
1029 1013 1311 1085 SecundO,
1336 1011 1479 1089 quid
1498 1031 1601 1087 per
1622 1012 1891 1088 reliquias
1907 1012 2238 1087 passionum
2267 1013 2393 1090 ejus
2421 1014 2725 1087 innuatur3
2769 1012 2985 1085 Terti0‚

488 1156 498 1165 ‚
586 1112 701 1171 quo
732 1112 903 1151 sensu
942 1094 1078 1168 pati
1117 1112 1178 1150 se
1224 1092 1379 1150 dieat
1411 1091 1627 1149 Paulus
1670 1112 1789 1167 pro
1805 1092 2081 1150 Ecclesia.
2143 1092 2223 1150 Et
2265 1092 2341 1150 ad
2383 1093 2544 1169 prius
2573 1092 2802 1171 quidem
2831 1092 2989 1169 quod

586 1173 829 1248 attinet;
877 1173 1107 1231 Certum
1138 1180 1226 1230 est
1258 1170 1473 1231 Christi
1495 1171 1727 1229 nomine
1757 1190 1872 1230 non
1902 1191 2127 1249 semper
2147 1191 2452 1249 personam
2473 1173 2656 1250 ipsam
2677 1172 2987 1249 designari,

587 1272 691 1312 seu
736 1253 1019 1312 Christum
1072 1254 1407 1326 naturalem,
1457 1250 1559 1309 sed
1608 1271 1761 1328 saepe
1807 1252 1978 1311 etiam
2024 1253 2149 1329 ejus
2195 1252 2519 1311 Ecclesiam
2574 1273 2676 1311 seu
2709 1253 2992 1312 Christum

588 1334 893 1409 mysticum,
926 1332 1146 1409 Corpus
1165 1332 1386 1390 scilicet
1404 1351 1532 1391 cum
1554 1332 1845 1407 membris,
1883 1336 1908 1389 1
1939 1332 2067 1391 Cor.
2089 1332 2191 1391 xii.
2217 1335 2308 1407 12,
2343 1335 2378 1364 ‘⁴
2398 1334 2548 1392 sicut
2576 1352 2782 1411 corpus
2811 1352 2991 1391 unum

590 1421 679 1471 est
723 1422 781 1472 et
824 1412 1081 1470 membra
1144 1411 1322 1470 habet
1369 1411 1567 1487 multa,
1620 1412 1702 1470 ita
1750 1410 2068 1487 Christus,'’
2117 1412 2234 1471 Ubi
2294 1413 2511 1471 clarum
2561 1420 2650 1471 est
2699 1413 2990 1472 Christum

587 1492 685 1549 hic
712 1512 828 1551 non
859 1492 1044 1569 Caput
1086 1499 1309 1550 tantum
1354 1492 1609 1564 innuere,
1645 1491 1746 1549 sed
1775 1499 1832 1549 et
1861 1492 2083 1567 Corpus
2117 1511 2220 1550 seu
2270 1492 2590 1550 Ecclesiam
2639 1493 2775 1552 huic
2805 1492 2995 1571 Capiti

590 1570 830 1629 unitam.
878 1572 969 1630 Ita
998 1591 1126 1629 cum
1159 1570 1422 1629 Christus
1452 1571 1680 1630 coelitus
1710 1570 1936 1641 clamat,
1964 1571 2098 1628 Aet.
2129 1571 2209 1627 ix.
2255 1573 2312 1645 4,
2347 1571 2554 1644 “Saul,
2582 1572 2737 1646 Saul,
2771 1593 2873 1630 cur
2900 1591 2993 1630 me

589 1652 949 1727 persequeris
966 1652 1031 1708 ?'’
1060 1651 1287 1727 proprie
1316 1670 1616 1728 personam
1650 1669 1812 1707 suam
1839 1668 1956 1706 non
1999 1649 2358 1726 respiciebat,
2390 1669 2518 1726 quae
2567 1648 2627 1705 in
2649 1650 2859 1708 eoelum
2905 1672 2994 1710 re-

590 1738 756 1806 cepta
798 1739 963 1789 extra
1010 1730 1256 1788 telorum
1306 1730 1559 1787 omnium
1598 1729 1820 1805 jactum
1860 1736 1983 1786 erat
2036 1730 2366 1803 constituta,
2397 1748 2504 1786 nec
2551 1727 2688 1785 ullis
2741 1731 2998 1806 amplius

590 1811 861 1867 aerumnis
914 1818 1014 1868 aut
1056 1809 1549 1887 persecutionibus
1606 1816 1728 1865 erat
1773 1807 2059 1882 obnoxia5
2111 1808 2214 1866 sed
2260 1808 2583 1867 Ecclesiam
2627 1808 2828 1884 ipsam,
2860 1828 2997 1887 quae

588 1890 725 1966 quia
753 1910 930 1948 unum
960 1909 1152 1948 secum
1184 1908 1390 1965 corpus
1418 1888 1733 1962 constituit,
1764 1887 1896 1947 ideo
1923 1895 2078 1947 recte
2107 1889 2336 1947 nomine
2367 1888 2582 1948 Christi
2629 1888 2812 1966 ipsius
2840 1909 2996 1967 apo-

587 1969 721 2029 tiori
775 1970 927 2029 facta
981 1968 1443 2028 denominatione
1487 1968 1816 2045 insignitur.
1864 1968 2020 2026 Hinc
2053 1970 2349 2045 passiones
2400 1968 2614 2029 Christi
2649 1969 2746 2027 vel
2791 1978 2998 2029 notant

588 2050 888 2129 passiones
918 2050 1131 2109 Christi
1155 2049 1455 2125 naturalis,
1486 2068 1632 2127 quas
1659 2047 1782 2126 ipse
1829 2049 1887 2108 in
1916 2068 2152 2127 corpore
2201 2070 2306 2108 suo
2337 2050 2514 2109 semel
2541 2049 2603 2107 in
2631 2068 2798 2109 cruce
2826 2049 2996 2126 tulit;

592 2131 690 2189 vel
708 2132 1001 2208 passiones
1032 2130 1246 2190 Christi
1269 2131 1480 2207 mystici
1508 2150 1608 2190 seu
1638 2128 1936 2205 Ecclesiae,
1969 2150 2098 2207 quse
2127 2130 2238 2207 ipsi
2255 2130 2503 2191 ferendae
2531 2150 2566 2188 a
2598 2130 2723 2189 Deo
2753 2130 2996 2190 subinde

593 2210 982 2289 imponuntur.
1054 2211 1149 2270 Ita
1190 2230 1334 2288 quas
1381 2212 1477 2269 hic
1506 2210 1716 2288 Apost.
1747 2219 1921 2270 vocat
1955 2219 2172 2291 Χριστοῦ
2209 2212 2432 2286 smilax,
2479 2210 2619 2269 alibi
2653 2218 2866 2293 Χςιστοῢ
2891 2236 2995 2270 aeae-

594 2295 790 2367 θήμετα
818 2291 1086 2369 appellat,
1136 2295 1171 2348 2
1204 2292 1333 2349 Cor.
1384 2290 1421 2349 i.
1454 2294 1508 2363 5,
1543 2291 1748 2349 “sicut
1796 2290 2093 2351 abundant
2131 2294 2427 2370 passiones
2467 2292 2680 2350 Christi
2724 2294 2783 2349 in
2811 2291 2996 2361 nobis,

592 2372 675 2429 ita
718 2380 776 2429 et
829 2389 933 2448 per
989 2370 1279 2427 Christum
1330 2368 1587 2427 abundat
1633 2378 1831 2427 nostra
1880 2371 2255 2429 consolatio.’'
2316 2372 2458 2445 Hoc⁴
2479 2390 2653 2430 sensu
2702 2373 2998 2431 calamitas

592 2448 987 2507 Israelitarum
1015 2448 1075 2504 in
1103 2446 1387 2523 AEgyptO,
1419 2455 1479 2505 et
1504 2448 1897 2522 abjectissima
1924 2468 2120 2505 eorum
2167 2468 2306 2525 sors,
2339 2470 2511 2526 quam
2543 2450 2742 2509 Moses
2769 2451 2848 2510 AE
2975 2486 3000 2497 -

592 2530 757 2588 tiacae
802 2528 947 2586 aulae
978 2525 1270 2603 splendori
1300 2533 1473 2601 atque
1504 2526 1811 2602 opulentiae
1839 2527 2110 2604 praetulit,
2143 2527 2350 2605 Apost.
2382 2538 2553 2587 vocat
2568 2538 2783 2610 Χςιστοῦ
2808 2472 2998 2591 effi

590 2613 698 2685 μ’π,
732 2606 886 2666 Heb.
916 2607 997 2665 xi.
1028 2608 1123 2681 26,
1160 2606 1195 2637 “
1218 2605 1525 2682 majores,’'
1569 2604 1774 2683 inquit,
1809 2608 1844 2639 “
1867 2605 2104 2666 divitias
2145 2608 2422 2667 estimans
2452 2607 2738 2668 thesauris
2765 2610 3000 2691 AEgyp-

588 2692 801 2750 tiorum
830 2686 1199 2766 opprobrium
1230 2684 1503 2745 Christi.”
2053 2724 2056 2727 ψ

670 2769 784 2829 IV.
831 2769 895 2830 Si
922 2788 1091 2847 porro
1120 2776 1411 2845 quaeratur
1438 2785 1613 2843 quare
1643 2764 1941 2843 passiones
1979 2767 2106 2828 istae
2132 2774 2413 2827 vocantur
2438 2768 2736 2844 passiones
2765 2768 3006 2849 Christi,

592 2850 955 2931 quadruplex
972 2848 1162 2907 afferri
1181 2854 1371 2925 potest
1392 2848 1567 2907 ratio:
1600 2850 1653 2905 1.
1687 2846 1934 2907 Ratione
1953 2870 2152 2924 causae,
2177 2848 2316 2925 quia
2337 2848 2600 2907 Christus
2615 2856 2684 2907 ut
2700 2868 3004 2927 supremus

593 2932 647 2991 A
655 2932 971 3010 gonotheta
1024 2928 1191 2988 nobis
1241 2948 1339 2987 eas
1366 2927 1626 3005 imponit,
1674 2947 1789 3004 quo
1842 2928 2134 3004 pertinent
2186 2928 2289 2986 illa
2318 2928 2532 2988 Christi
2586 2928 2661 2987 ad
2690 2929 3002 3009 Ananiam,

596 3011 733 3070 Act.
783 3012 863 3070 ix.
920 3013 1012 3086 16,
1046 3012 1082 3043 “
1107 3010 1237 3087 Ego
1292 3006 1710 3067 ostendam‘illi
1751 3016 1967 3085 quanta
2021 3008 2131 3087 ipsi
2155 3009 2448 3086 patienda
2495 3009 2611 3067 sint
2637 3030 2743 3087 pro
2771 3012 3004 3072 nomine

593 3090 785 3149 me0.”
830 3090 1003 3149 Unde
1035 3088 1242 3148 Petrus
1290 3088 1432 3147 dicit
1472 3088 1675 3147 fideles
1707 3088 1836 3145 “ad
1864 3087 1924 3145 id
1951 3096 2190 3147 vocatos
2232 3090 2418 3163 esse,”
2454 3092 2538 3165 1⁸,
2570 3109 2695 3166 cap.
2724 3089 2783 3148 ii.
2815 3090 2908 3166 21,
2941 3100 3003 3152 et

598 3170 832 3245 Paulus,
868 3170 1017 3227 Phil.
1049 3170 1087 3227 i.
1120 3172 1215 3244 29,
1252 3170 1286 3201 ‘⁸
1312 3166 1496 3227 Vobis
1526 3168 1725 3227 datum
1763 3175 1851 3227 est
1877 3187 1994 3225 non
2021 3167 2195 3227 modo
2224 3169 2455 3228 credere
2483 3169 2545 3227 in
2573 3170 2778 3247 ipsum,
2811 3170 2915 3229 sed
2942 3180 3004 3232 et

594 3250 715 3327 pati
742 3268 845 3326 pro
874 3250 1057 3325 ipsoss’
1114 3252 1169 3307 2.
1220 3248 1465 3307 Ratione
1484 3248 1806 3320 occasionis,
1835 3250 1971 3325 quia
1999 3249 2124 3325 ejus
2167 3250 2398 3308 nomine
2426 3258 2486 3308 et
2512 3269 2617 3327 pro
2646 3252 2774 3327 ejus
2803 3251 3000 3309 Evan-

596 3328 750 3405 gelio
780 3349 814 3385 a
841 3327 1110 3386 fidelibus
1139 3327 1517 3404 perferuntur,
1548 3328 1662 3386 nisi
1684 3328 1836 3386 enim
1879 3328 2150 3406 discipuli
2180 3330 2393 3389 Christi
2422 3336 2634 3404 essent,
2659 3328 2818 3389 hisce
2848 3332 3000 3391 cala-

596 3407 893 3467 mitatibus
920 3426 1284 3484 nequaquam
1313 3416 1771 3483 exponerentur:
1815 3408 1950 3466 hinc
1978 3408 2315 3469 afflictiones
2345 3429 2479 3469 suas
2519 3410 2752 3484 Paulus,
2785 3414 2820 3467 2
2850 3410 3003 3473 Tim.

597 3485 634 3546 i.
666 3490 721 3563 8,
752 3495 924 3546 vocat
950 3484 1287 3546 afflictiones
1315 3488 1631 3562 Evanyelii,
1663 3486 1742 3546 id.
1773 3508 1903 3565 quae
1927 3489 2235 3566 Evangelii
2259 3510 2433 3549 causa
2461 3498 2520 3549 et
2545 3497 2778 3568 propter
2806 3490 3002 3549 Evan-

596 3568 813 3646 gelium
843 3568 1230 3645 imponuntur,
1260 3575 1327 3626 ut
1361 3585 1481 3624 ver.
1520 3569 1609 3641 12,
1643 3567 1786 3627 dicit
1834 3588 1895 3628 se
1939 3578 2175 3648 propter
2202 3570 2612 3647 Apostolatum
2659 3570 2784 3628 haec
2811 3571 3007 3631 omnia

598 3650 736 3726 pati.
782 3652 837 3708 3.
870 3648 1115 3707 Ratione
1145 3648 1379 3721 unionis,
1410 3646 1547 3723 quia
1594 3648 1697 3725 qui
1744 3668 1843 3707 eas
1890 3652 2289 3729 perpetiuntur
2334 3650 2553 3726 fideles,
2587 3650 2800 3710 Christi
2839 3652 3008 3727 cujus

600 3736 735 3789 sunt
761 3729 1019 3787 membra
1046 3736 1388 3804 censentur;
1433 3727 1578 3787 adeo
1606 3737 1672 3787 ut
1701 3749 1830 3806 quae
1859 3730 1970 3807 ipsi
1999 3730 2057 3789 in
2080 3731 2187 3789 hac
2209 3750 2383 3789 causa
2410 3731 2616 3805 ferunt,
2648 3730 2746 3789 ille
2774 3750 3005 3808 quoque

597 3809 744 3869 ferre
774 3818 831 3869 et
858 3808 1077 3886 perpeti
1106 3808 1331 3867 dicatur
1355 3816 1590 3886 propter
1608 3809 1914 3885 mysticam
1937 3810 2142 3889 capitis
2163 3819 2221 3870 et
2241 3811 2626 3871 membrorum
2649 3810 3003 3871 communio-

594 3908 766 3965 nem3
810 3896 875 3949 ut
902 3888 1176 3949 usitatum
1205 3898 1293 3947 est
1320 3895 1385 3948 ut
1422 3890 1819 3967 unusquisque
1849 3890 1960 3949 sibi
2008 3891 2224 3951 tribuat
2271 3911 2369 3950 eas
2409 3892 2710 3969 passiones
2757 3910 2888 3967 quae
2915 3890 3002 3949 in-

598 3970 859 4029 feruntur
905 3968 1142 4028 cuilibet
1181 3968 1330 4046 parti
1378 3969 1634 4045 corporis
1662 3970 1790 4045 sui3
1833 3978 1900 4029 ut
1945 3990 2150 4029 manus
2198 3972 2295 4030 vel
2341 3972 2507 4049 pedis
2561 3972 2804 4031 vulnera
2849 3978 3006 4031 reete

598 4050 871 4110 dicuntur
897 4049 1137 4108 vulnera
1164 4049 1345 4126 ipsius
1388 4049 1673 4126 hominis,
1720 4049 1814 4107 Ita
1862 4051 1998 4129 quia
2026 4051 2127 4128 qui
2161 4052 2459 4129 patiuntur
2500 4053 2761 4112 membra
2789 4050 3006 4111 Christi

597 4139 749 4205 sunt,
780 4139 934 4189 recte
964 4130 1225 4189 Christus
1252 4129 1376 4206 ipse
1398 4127 1609 4188 dicitur
1640 4129 1760 4207 pati
1780 4130 1843 4187 in
1872 4131 2160 4189 membris.
2223 4136 2280 4191 4.
2313 4132 2559 4192 Ratione
2587 4131 3004 4208 compassionis,

599 4220 835 4289 propter
860 4209 1173 4269 maximam
1201 4210 1509 4285 namuu-
1537 4229 1708 4287 quam
1755 4210 1931 4269 habet
1959 4210 2020 4268 in
2063 4210 2467 4272 afflictionibus
2513 4232 2745 4273 suorum
2774 4230 2901 4289 quae
2931 4230 3010 4271 ex

598 4291 875 4366 praedicta
901 4290 1112 4350 unione
1161 4292 1358 4350 oritur.
1444 4289 1669 4367 Quippe
1717 4297 1782 4349 ut
1830 4290 2041 4349 damna
2088 4298 2146 4351 et
2193 4291 2436 4352 vulnera
2463 4314 2658 4353 eorum
2708 4292 2806 4372 qui
2835 4290 3008 4351 nobis

600 4378 734 4428 sunt
762 4370 1219 4447 conjunctissimi
1235 4379 1433 4429 nostra
1454 4369 1828 4449 appellamuS,
1859 4371 1995 4447 quia
2017 4391 2178 4450 aeque
2199 4372 2430 4433 illorum
2453 4374 2698 4433 miseriis
2725 4371 3009 4431 afficimur

597 4466 665 4505 ac
692 4450 904 4507 nostris
936 4472 950 4508 ι
995 4450 1089 4508 Ita
1118 4451 1380 4509 Christus
1409 4452 1708 4528 passiones
1746 4449 1984 4510 fratrum
2013 4472 2245 4511 suorum
2275 4454 2376 4529 qui
2405 4462 2538 4513 sunt
2565 4474 2682 4513 una
2710 4471 2842 4512 caro
2870 4471 3004 4511 eum

594 4524 722 4603 ipso
751 4546 887 4586 suas
911 4536 1180 4606 reputat;
1210 4530 1349 4607 quia
1373 4549 1489 4588 non
1518 4529 1710 4589 minus
1731 4529 1849 4590 illis
1870 4532 2143 4610 tangitur,
2174 4550 2348 4609 quam
2369 4534 2634 4612 propriis.
2679 4534 2808 4593 Has
2835 4550 3008 4610 porro

586 4603 879 4681 passiones
909 4607 1125 4665 Christi
1148 4608 1229 4666 ita
1256 4608 1503 4685 intelligi
1541 4629 1712 4687 posse
1741 4610 1843 4670 diu
1886 4618 1974 4671 est
2002 4631 2077 4671 ex
2125 4630 2240 4690 quo
2270 4613 2526 4693 August.
2567 4614 2910 4674 observavit
2939 4612 3000 4673 in
