3234 5192
558 334 676 391 208
1520 352 1599 395 nr:
1629 353 1801 395 uano
1830 355 2004 397 vrrs.
2283 340 2290 350 '
2631 334 2887 417 [meror.
2917 356 2960 396 1.

557 496 629 555 de
657 516 774 574 quo
800 496 929 557 vult
954 494 1203 573 intelligi
1230 496 1422 556 locum
1451 495 1639 574 Apoc.
1669 516 1772 554 xx.
1806 499 1898 571 12,
1929 495 2030 555 ubi
2057 517 2134 555 ex
2177 494 2431 573 August.
2460 494 2561 554 lib.
2592 514 2695 553 xx.
2725 494 2798 554 de
2828 495 2956 554 Civ.

558 576 686 651 Dei,
718 596 825 654 cap
858 580 949 651 14,
978 583 1144 653 putat
1169 574 1498 653 legendum,
1518 595 1636 634 non
1665 584 1889 635 tantum
1911 584 1976 635 ut
2000 575 2247 635 habetur
2273 575 2471 653 vulgo,
2503 583 2562 634 et
2592 578 2628 608 “
2646 576 2784 633 liber
2810 576 2958 634 alim

552 664 787 732 apertus
813 666 911 731 eet,
942 658 1043 733 qui
1064 664 1147 714 est
1184 657 1323 714 liber
1363 656 1547 731 vitoe,¹'
1580 655 1684 715 sed
1731 656 1929 713 “liber
1974 656 2121 713 alius
2165 664 2395 732 apertus
2443 664 2539 730 est,
2569 656 2672 731 qui
2715 665 2796 714 eet
2820 656 2958 714 liber

552 736 681 794 vitae
706 736 1191 813 uniuscujusque,”
1222 744 1289 794 ut
1314 744 1548 795 notetur
1594 736 1688 793 vis
1733 734 1999 812 quaedam
2045 735 2260 811 divina,
2293 735 2460 813 cujus
2503 734 2722 793 virtute
2767 735 2829 792 in
2857 733 2952 794 die

542 816 757 893 judicii
782 816 865 875 ita
891 816 1237 875 reducentur
1261 814 1572 893 unicuique
1602 814 1662 872 in
1703 815 2037 872 memoriam
2070 816 2361 892 praeterita
2387 822 2555 891 gesta
2582 833 2704 889 sua,
2735 821 2794 873 et
2819 824 2955 873 ante

551 896 751 953 oculos
778 896 989 954 mentis
1016 902 1315 972 ponentur,
1348 904 1413 953 ut
1440 894 1586 952 nulli
1612 903 1752 953 tunc
1779 894 2004 954 licitum
2030 893 2287 953 futurum
2317 895 2394 953 sit
2420 893 2516 951 vel
2543 893 2827 971 ignorare,
2856 894 2954 953 vel

552 974 931 1049 dissimulare,
962 975 1060 1033 vel
1106 974 1459 1033 abscondere
1501 982 1740 1050 peccata
1782 993 1905 1032 sua.
1991 973 2240 1047 Quintus
2278 981 2337 1032 et
2377 972 2617 1031 ultimus
2661 982 2750 1033 est
2775 972 2954 1032 Liber

551 1055 679 1113 vitoe
705 1062 941 1129 aeternoe,
970 1053 1142 1113 beata
1170 1054 1389 1113 scilicet
1416 1062 1474 1114 et
1502 1061 1717 1112 aeterna
1745 1052 1959 1112 Christi
1979 1053 2304 1129 praesentia,
2328 1052 2480 1131 apud
2508 1071 2681 1128 quem
2709 1061 2798 1111 est
2824 1051 2955 1112 fons

550 1133 705 1208 vitae,
734 1134 885 1193 Psal.
916 1133 1149 1210 xxxvi„
1180 1142 1239 1193 et
1264 1133 1327 1191 in
1354 1133 1448 1207 cuj
1459 1152 1525 1192 us
1544 1133 1772 1191 visione
1789 1132 2134 1191 habebimus
2152 1132 2351 1191 lumen
2373 1132 2529 1207 vitae,
2551 1140 2611 1191 et
2637 1132 2950 1208 assiduam,

552 1221 621 1271 ut
645 1216 728 1273 ita
754 1213 961 1290 dicam,
995 1213 1159 1272 Libri
1186 1213 1324 1271 vitae
1350 1214 1678 1273 lectionem.
1760 1210 1856 1270 Ita
1883 1221 1949 1271 ut
1966 1212 2244 1289 quicquid
2268 1213 2332 1271 in
2358 1213 2543 1290 primo
2574 1211 2956 1272 Praedestina-

550 1292 726 1352 tionis
778 1293 927 1352 libro
977 1294 1247 1369 sancitur,
1292 1292 1355 1350 in
1399 1292 1653 1351 secundo
1708 1291 2020 1369 Scripturae
2068 1292 2439 1368 promittitur,
2469 1291 2532 1349 in
2578 1292 2748 1351 tertio
2791 1291 2954 1369 Agni

548 1380 867 1450 exercetur,
912 1374 973 1431 in
1000 1382 1207 1450 quarto
1251 1372 1295 1433 J
1298 1372 1475 1434 udicii
1523 1371 1958 1447 determinatur,
1991 1372 2052 1429 in
2100 1370 2212 1430 hoc
2240 1373 2446 1431 ultimo
2489 1370 2726 1430 tandem
2755 1370 2950 1430 certis·

552 1452 695 1511 sime
724 1453 1128 1530 complendum
1154 1453 1232 1511 sit
1258 1461 1317 1511 et
1343 1450 1738 1511 revelandum.

634 1531 754 1590 ΙΙΙ.
799 1532 1078 1606 Quamvis
1119 1540 1313 1591 autem
1352 1551 1472 1590 non
1513 1530 1876 1603 diffiteamur,
1907 1528 2174 1607 quaedam
2214 1529 2311 1588 hic
2358 1548 2393 1586 a
2425 1528 2670 1588 Senensi
2696 1529 2957 1606 apposite

552 1611 839 1669 recenseri
886 1611 963 1669 ad
1015 1611 1295 1669 librorum
1344 1610 1674 1668 divinorum
1723 1609 2132 1682 evolutionem,
2178 1618 2313 1665 sunt
2355 1616 2550 1665 tamen
2593 1627 2709 1665 non
2752 1627 2956 1684 pauca,

552 1708 682 1765 quae
708 1690 914 1748 merito
940 1690 1036 1748 hic
1064 1689 1480 1763 desiderantur,
1512 1688 1652 1747 dum
1679 1688 1778 1745 vel
1822 1688 1946 1747 sine
1990 1687 2333 1749 necessitate
2367 1686 2650 1764 quosdam
2677 1687 2955 1765 multipli-

552 1776 661 1843 cat,
694 1768 787 1826 vel
817 1768 941 1826 sine
968 1768 1188 1827 ratione
1217 1767 1361 1826 alios
1390 1768 1622 1826 omittit.
1707 1766 1850 1841 Quis
1888 1766 2042 1823 enim
2069 1766 2301 1843 ignorat
2327 1765 2716 1825 Providentiae
2743 1767 2958 1825 librum

550 1847 987 1924 amplissimum,
1017 1849 1106 1925 cuj
1114 1867 1182 1907 us
1209 1855 1402 1906 tamen
1429 1846 1591 1905 nulla
1615 1846 1713 1904 hic
1735 1844 1891 1923 apud
1916 1845 2108 1922 ipsum
2134 1846 2351 1905 mentio
2371 1848 2400 1903 Ρ
2482 1846 2624 1919 Quis
2651 1866 2770 1903 non
2797 1846 2960 1905 videt

550 1927 776 2003 iterum,
843 1946 1142 2005 perperam
1212 1926 1493 2003 distingui
1539 1925 1754 1984 librum
1816 1924 2065 2002 primum
2115 1924 2667 2002 Praedestinationis,
2718 1944 2754 1983 a
2805 1925 2956 1984 libro

550 2006 754 2065 ultimo
782 2007 981 2083 gloriae
1010 2015 1070 2065 et
1109 2005 1417 2081 felicitatis,
1462 2004 1563 2082 qui
1602 2004 1775 2064 titulo
1823 2013 2064 2079 tantum,
2109 2024 2227 2062 non
2279 2004 2470 2082 reipsa
2495 2004 2812 2064 differunt?
2874 2004 2961 2065 Ut

551 2086 697 2144 nihil
719 2088 843 2163 jam
872 2086 1060 2145 dicam
1088 2086 1187 2143 vel
1228 2084 1300 2143 de
1343 2084 1561 2159 subtili,
1593 2084 1697 2143 sed
1737 2104 1940 2161 parum
1985 2083 2173 2142 solida
2212 2083 2344 2143 libri
2375 2083 2538 2162 Agni
2580 2084 2958 2161 expositione,

552 2166 719 2243 cujus
768 2166 991 2226 nullum
1019 2166 1080 2225 in
1112 2164 1407 2242 Scriptura
1433 2184 1631 2223 veram
1660 2164 1908 2223 occurrit
1947 2164 2401 2239 fundamentum,
2441 2164 2538 2222 vel
2566 2164 2639 2222 de
2659 2163 2794 2223 libri
2821 2163 2959 2223 vitae

550 2245 855 2323 praeteritae
892 2252 1234 2320 comment0,
1258 2264 1431 2322 quem
1459 2245 1582 2303 sine
1610 2244 1831 2303 ratione
1852 2264 1930 2301 ex
1949 2244 2078 2302 loco
2103 2242 2347 2321 Apocal.
2370 2244 2677 2320 exculpere
2699 2252 2956 2318 conatur,

552 2333 752 2382 contra
780 2325 1034 2383 omnium
1056 2324 1423 2401 probatorum
1469 2322 1736 2382 codicum
1763 2322 1954 2397 fidem,
1986 2314 2086 2399 qui
2129 2324 2337 2401 legunt
2381 2322 2719 2399 simpliciter
2763 2320 2959 2391 βιῦλιοι

547 2419 685 2461 σιλλο
710 2412 912 2479 anax&
940 2406 963 2462 ὅ
986 2428 1088 2462 εστι
1114 2429 1197 2469 ης
1224 2403 1366 2481 ζοηις,
1398 2404 1499 2479 qui
1534 2413 1617 2461 est
1643 2404 1780 2463 liber
1806 2402 1948 2477 vitae,
1979 2422 2097 2461 non
2122 2421 2263 2461 vero
2291 2427 2373 2467 no,-
2400 2401 2526 2479 ζωῆς
2553 2406 2780 2479 hanon,
2812 2404 2950 2461 liber

551 2484 679 2541 vitoe
705 2484 1146 2561 unitweujusque,
1176 2492 1242 2544 ut
1270 2481 1585 2541 contendit.
2063 2486 2067 2489 ’

633 2561 744 2619 IV.
790 2562 874 2621 Ut
902 2582 1041 2641 ergo
1089 2562 1445 2623 enucleatius
1491 2580 1613 2619 rem
1662 2568 1843 2621 totam
1887 2580 2315 2639 persequamur,
2361 2560 2625 2638 quasdam
2653 2561 2716 2619 in
2743 2580 2956 2639 genere

552 2640 626 2699 de
666 2641 831 2700 libris
876 2641 989 2700 Dei
1029 2642 1433 2719 praemittenda
1460 2646 1612 2715 sunt,
1645 2660 1720 2698 ex
1749 2641 1962 2718 quibus
2011 2638 2240 2699 facilius
2286 2640 2362 2698 ad
2410 2641 2800 2717 cognitionem
2828 2640 2964 2701 libri

551 2720 707 2795 vitae,
740 2720 813 2779 de
841 2741 957 2799 quo
985 2741 1140 2780 nunc
1162 2722 1404 2799 agimuS,
1424 2720 1725 2798 pervenire
1752 2719 2085 2797 poterimus.
2131 2718 2434 2779 Librorum
2459 2719 2570 2778 Dei
2597 2740 2750 2796 saepe
2773 2719 2962 2797 Scrip-

549 2808 681 2859 tura
708 2801 983 2875 meminit,
1015 2801 1119 2859 sed
1146 2821 1264 2859 non
1285 2819 1509 2877 semper
1536 2797 1739 2858 eodem
1779 2818 1970 2859 sensu.
2053 2798 2195 2874 Nos,
2227 2800 2452 2858 caeteris
2498 2798 2964 2858 distinctionibus

548 2880 759 2954 missis,
782 2880 845 2937 in
872 2879 1019 2939 duos
1037 2880 1268 2939 ordines
1296 2900 1395 2938 eos
1422 2879 1747 2937 tribuimus.
1792 2877 1918 2937 Alii
1946 2886 2080 2937 sunt
2107 2882 2340 2955 externi,
2372 2878 2472 2955 qui
2514 2899 2549 2937 a
2579 2879 2705 2936 Deo
2733 2877 2967 2954 quidem

550 2968 685 3018 sunt
712 2960 1081 3037 oriqinaliter,
1106 2960 1210 3018 sed
1230 2980 1347 3017 non
1374 2960 1435 3017 in
1466 2958 1591 3019 Deo
1612 2958 1901 3034 subjective
1927 2958 2310 3018 continentur.
2395 2958 2520 3015 Alii
2547 2958 2766 3031 interni,
2787 2958 2965 3035 quiet

548 3060 589 3097 a
615 3042 743 3098 Deo
772 3048 922 3115 sunt,
954 3048 1013 3098 ct
1040 3040 1099 3099 in
1125 3042 1271 3113 Dee,
1303 3058 1547 3119 quorum
1568 3038 1691 3115 ipse
1721 3056 1838 3095 non
1866 3047 2090 3096 tantum
2119 3046 2208 3095 est
2235 3037 2488 3096 efficiens
2515 3046 2574 3096 et
2599 3036 2962 3115 principium,

549 3118 653 3177 sed
700 3118 889 3193 etiam,
924 3126 990 3177 ut
1036 3118 1120 3177 ita
1139 3118 1345 3193 dicam,
1393 3118 1736 3194 subjectum.
1781 3118 2027 3176 Externi
2053 3136 2252 3175 rursus
2279 3116 2442 3189 varii,
2473 3115 2576 3174 sed
2603 3116 2964 3193 potissimum

548 3196 821 3271 triplices,
850 3216 955 3272 pro
976 3197 1190 3274 triplici
1213 3196 1324 3255 Dei
1347 3197 1690 3273 scriptione:
1736 3200 1790 3255 1.
1815 3196 1991 3254 Liber
2017 3196 2230 3255 Mundi
2253 3216 2354 3254 seu
2387 3196 2820 3255 C'realurarum.
2905 3199 2962 3255 2.

550 3272 727 3332 Liber
752 3275 1080 3353 Ser-tpturae.
1124 3278 1180 3334 3.
1210 3276 1388 3333 Liber
1434 3274 1812 3334 Conscientia.
1897 3274 2156 3333 Primum
2205 3274 2436 3352 scripsit
2480 3275 2538 3332 in
2591 3274 2815 3332 Mundo
2863 3294 2968 3351 per

551 3371 726 3489 operg
748 3373 763 3427 3
808 3352 1123 3411 secundum
1143 3353 1371 3429 scripsit
1394 3354 1452 3409 in
1476 3353 1741 3411 Ecclesia
1773 3374 1878 3432 per
1897 3352 2158 3413 Verbum
2178 3375 2192 3431 ;
2243 3355 2477 3416 tertium
2496 3362 2697 3415 exarat
2713 3354 2773 3414 in
2791 3353 2965 3413 corde

590 3450 653 3489 er
766 3430 979 3490 iritum.

549 3452 687 3596 {libri
716 3451 907 3595 fxterm
936 3549 1029 3595 Dei
1150 3510 1227 3570 V.
1274 3510 1502 3569 Primus
1529 3511 1677 3570 liber
1721 3511 1834 3570 Dci
1872 3518 1962 3571 est
2010 3513 2148 3571 liber
2193 3514 2405 3589 mundi,
2435 3513 2616 3571 totius
2660 3532 2738 3572 sc.
2789 3512 2964 3590 hujus

730 3609 865 3653 varii.
1071 3590 1329 3650 universi
1358 3590 1666 3667 opificium,
1697 3592 1759 3650 in
1788 3610 1903 3667 quo
1931 3592 2094 3651 velut
2121 3594 2180 3651 in
2207 3592 2358 3651 libro
2397 3591 2769 3670 amplissimo,
2800 3611 2963 3669 mag-

572 3665 615 3712 l·
645 3666 793 3712 Liber
820 3666 1006 3710 mundi.
1071 3670 1162 3728 nis
1190 3670 1424 3746 quidem
1452 3678 1510 3728 et
1537 3672 1764 3745 crassis,
1797 3670 1900 3729 sed
1948 3672 2385 3748 speciosissimis
2431 3680 2624 3730 tamen
2669 3679 2728 3731 et
2753 3690 2968 3747 magna

550 3760 672 3813 arte
702 3751 899 3810 incisis
926 3749 1353 3809 characteribus
1378 3748 1463 3808 ita
1491 3770 1553 3808 se
1601 3750 1793 3827 ipsum
1836 3749 2140 3828 descripsit
2186 3750 2364 3825 Deus,
2414 3758 2481 3809 ut
2517 3751 2736 3827 aperire
2766 3749 2967 3809 oculos

551 3840 839 3910 nequeant
864 3830 1146 3905 homineS,
1176 3828 1317 3907 quin
1358 3828 1611 3905 aspicere
1641 3850 1772 3889 eum
1821 3840 2118 3909 cogantur.
2202 3830 2368 3889 Licet
2395 3830 2545 3888 enim
2569 3829 2820 3888 essentia
2839 3830 2966 3907 ejus

553 3914 629 3971 sit
650 3908 1261 3988 incomprehensibilis,
1306 3916 1365 3966 ct
1391 3909 1674 3968 humanos
1704 3928 1907 3968 sensus
1934 3910 2134 3986 procul
2161 3908 2418 3987 effugiat,
2448 3917 2566 3967 tam
2596 3908 2849 3967 illustres
2879 3916 2961 3967 ta-

552 4012 701 4067 men,
732 4000 966 4067 tamque
995 3989 1179 4047 claras
1208 3988 1407 4065 gloriae
1437 4006 1556 4047 suae
1600 3989 1847 4067 singulis
1891 3989 2160 4065 operibus
2207 3990 2328 4048 suis
2355 3996 2522 4046 notas
2549 3987 2869 4064 insculpsit,
2901 3996 2966 4045 ut

554 4072 781 4131 sublata
810 4072 884 4129 sit
912 4069 1099 4128 omnis
1141 4067 1564 4145 quantumlibet
1588 4068 1831 4127 rudibus
1875 4077 1935 4127 et
1981 4068 2227 4145 stupidis
2273 4068 2616 4145 ignorantiae
2646 4066 2962 4125 excusatio.

553 4150 705 4226 Quid
749 4151 902 4209 enim
942 4158 1029 4208 est
1068 4168 1207 4207 cons
1249 4148 1439 4206 icuum
1482 4148 1659 4226 hujus
1699 4146 1902 4206 mundi
1941 4147 2247 4223 theatrum,
2298 4166 2470 4223 quam
2515 4143 2852 4223 reclamem
2879 4170 2964 4210 τις

546 4234 857 4307 Suntne-an,
880 4256 968 4288 aaa
994 4227 1181 4305 ψυχυν
1237 4224 1567 4299 cimanum,
1590 4236 1658 4285 ut
1685 4226 1990 4304 magnifice
2009 4226 2280 4304 exprimit
2303 4226 2572 4284 Basilius.
2621 4225 2709 4283 Eo
2731 4226 2965 4302 respicit

548 4312 749 4388 procul
777 4311 953 4370 dubio
981 4309 1217 4385 Paulus,
1247 4327 1443 4385 quum,
1477 4308 1646 4366 Rom.
1675 4308 1714 4366 i.
1763 4308 1855 4382 19,
1887 4308 1981 4381 20,
2014 4306 2154 4365 dicit
2180 4332 2250 4365 w
2275 4330 2472 4387 noge-ra
2497 4332 2652 4365 eam-w
2693 4330 2798 4362 am
2823 4330 2964 4363 nvnc-

548 4414 629 4453 uec
649 4416 835 4464 κοσμου
852 4416 950 4455 τοις
971 4415 1215 4465 xum-ee
1243 4412 1467 4465 νοουμιηι
1492 4396 1818 4470 nasongae-em,
1849 4390 1883 4419 “
1906 4386 2223 4444 invisibilia
2245 4387 2373 4464 ejus
2394 4406 2429 4444 a
2457 4386 2746 4445 creatione
2763 4382 2966 4442 mundi

552 4468 821 4545 operibus
864 4479 1172 4547 conspecta
1197 4468 1449 4544 videri,'’
1495 4468 1640 4527 scili.
1671 4468 1833 4527 velut
1861 4466 1922 4524 in
1947 4466 2114 4541 libro,
2146 4466 2246 4542 qui
2265 4465 2434 4524 nobis
2453 4464 2738 4543 legendus
2757 4481 2964 4541 propo-

548 4548 723 4606 nitur.
806 4548 925 4607 Nec
956 4548 1181 4607 abludit
1212 4548 1521 4625 Scriptura
1548 4566 1724 4625 quum
1766 4545 1874 4605 sub
1897 4546 2030 4603 libri
2059 4544 2397 4621 metaphora
2441 4544 2513 4602 de
2560 4544 2856 4619 creaturiS,
2908 4551 2968 4601 et

546 4628 607 4685 in
652 4626 841 4703 specie
888 4626 958 4685 de
1009 4628 1150 4686 caelo
1197 4627 1470 4703 loquitur,
1522 4628 1638 4685 Isa.
1685 4626 1896 4683 xxxiv.
1947 4628 2004 4699 4,
2055 4624 2239 4701 Apoc.
2271 4624 2350 4684 vi.
2387 4627 2477 4701 14,
2525 4624 2629 4682 sed
2681 4622 2961 4703 inprimis,
