3234 5192
264 356 494 401 nxsx’u'r.
527 344 659 424 xx.]
893 364 971 403 nn
1002 362 1476 405 sarrsmc‘rroms
1504 363 1744 403 cums'rr
1775 364 2092 435 vanu-arr..
2582 354 2696 411 633

273 502 446 561 Pater
476 504 550 562 sit
578 504 726 563 alius
755 526 789 563 a
820 506 987 582 Filio,
1020 514 1086 565 ut
1115 506 1302 565 Filius
1346 514 1436 565 est
1484 506 1634 565 alius
1662 526 1698 564 a
1721 506 1910 582 Patre,
1943 526 2011 566 eo
2059 528 2230 567 sensu
2275 529 2502 587 semper
2531 510 2699 569 satis·

274 584 448 641 factio
477 592 535 642 et
564 584 836 643 mediatio
866 587 974 645 erit
1002 586 1075 645 ad
1104 588 1367 645 alterum.

360 663 612 722 XVIII.
658 668 713 724 3.
760 665 905 725 Min.
936 686 1067 743 neg.
1102 667 1303 745 Neque
1339 666 1491 726 enim
1533 664 1728 724 statim
1774 666 2088 725 absurdum
2118 676 2208 727 est
2257 670 2501 728 eundem
2533 672 2695 729 satis·

279 742 465 803 facere
498 744 609 803 sibi
637 745 765 823 ipsi,
798 746 1191 824 distinguatur
1218 747 1390 805 modo
1420 746 1756 820 satisfactiO,
1789 766 1918 823 quoe
1949 746 2166 824 duplex
2210 762 2313 823 est,
2347 750 2442 807 vel
2461 751 2700 826 privata

281 844 397 900 qua
425 835 828 902 compensatur
857 827 1129 885 damnum
1158 827 1466 905 privatum,
1492 827 1587 885 vel
1608 826 1840 902 publica
1869 847 1984 903 qua
2001 838 2300 904 reparatur
2317 830 2530 907 injuria
2557 831 2700 907 pub·

281 904 395 962 lica
420 927 433 981 ;
468 904 661 963 Primo
692 906 863 967 modo
909 907 1112 966 damus
1134 908 1420 965 neminem
1450 908 1562 965 sibi
1584 907 1697 985 ipsi
1719 909 1945 984 proprie
1976 907 2322 984 satisfacere,
2354 911 2489 987 quia
2519 912 2600 969 sic
2629 910 2702 969 de

286 1004 391 1042 suo
421 985 722 1062 acciperet,
756 995 813 1045 et
836 986 948 1045 sibi
976 988 1087 1065 ipsi
1107 988 1374 1063 solveret,
1407 987 1563 1065 quod
1600 1007 1803 1045 revera
1848 996 2000 1046 esset
2022 988 2354 1063 absurdum,
2385 1000 2444 1049 et
2473 1010 2702 1049 scenam

291 1064 486 1141 aliquo
516 1065 687 1124 modo
718 1076 980 1144 saperet;
1015 1068 1115 1127 sed
1135 1068 1248 1126 alio
1278 1088 1393 1126 non
1416 1068 1571 1143 item,
1601 1078 1668 1125 ut
1698 1068 1746 1125 si
1769 1068 1898 1145 quis
1928 1069 2167 1127 incurrit
2198 1070 2253 1127 in
2278 1070 2570 1145 mulctam,
2602 1092 2702 1149 po-

288 1152 404 1203 test
432 1146 803 1222 magistratus
830 1148 1105 1207 mulctam
1155 1168 1258 1225 pro
1304 1148 1405 1206 illo
1452 1148 1676 1205 solvere
1726 1158 1791 1205 ut
1820 1148 2046 1225 legibus
2098 1148 2356 1225 satisfiat,
2390 1152 2471 1209 sic
2503 1151 2609 1209 sibi
2641 1160 2707 1211 ut

290 1224 550 1301 privatus
570 1226 753 1303 judici
786 1228 1133 1303 satisfaciet;
1166 1226 1307 1305 quid
1334 1248 1523 1285 nonne
1554 1236 1745 1305 potest
1764 1229 2096 1304 contingere
2129 1240 2192 1288 ut
2213 1230 2402 1305 judex
2431 1232 2553 1308 ipse
2573 1252 2705 1291 reus

290 1304 392 1364 fiat
419 1305 569 1382 legis
598 1307 831 1366 violatae
858 1312 886 1366 P
914 1308 1003 1367 fac
1054 1329 1193 1385 ergo
1223 1327 1354 1367 eum
1404 1308 1485 1366 ita
1503 1307 1734 1382 justum
1783 1327 1908 1365 esse
1957 1318 2023 1367 ut
2051 1309 2420 1387 semetipsum
2451 1311 2704 1387 damnet,

294 1396 431 1443 tunc
462 1396 615 1445 certe
645 1386 755 1445 sibi
776 1388 886 1465 ipsi
916 1397 1187 1465 tanquam
1219 1408 1351 1447 reus
1368 1388 1551 1465 judici
1582 1408 1786 1445 revera
1814 1388 2143 1447 satisfaciet.
2189 1390 2274 1447 Αἰ
2301 1411 2486 1467 nemo,
2519 1392 2708 1470 inquit

299 1466 560 1541 SocinuS,
594 1466 704 1525 sibi
733 1468 843 1545 ipsi
872 1469 1091 1545 aliquid
1121 1468 1313 1528 solvit.
1362 1468 1522 1542 Este,
1553 1488 1741 1545 neque
1786 1468 1936 1525 enim
1969 1469 2161 1545 agitur
2189 1469 2259 1527 de
2298 1472 2542 1547 pecunia
2591 1472 2706 1531 sol-

293 1544 500 1621 venda,
534 1546 637 1605 sed
665 1547 737 1606 de
766 1569 937 1626 poena
956 1548 1186 1621 luenda,
1235 1548 1377 1626 quid
1405 1548 1597 1606 obstat
1647 1557 1834 1605 autem
1869 1569 1970 1605 cur
2016 1569 2133 1606 non
2179 1552 2362 1626 possit
2405 1552 2615 1629 aliquis
2644 1562 2710 1612 ut

291 1626 442 1703 legis
471 1628 899 1687 comminationi
948 1638 1007 1689 et
1028 1630 1245 1707 judicis
1275 1628 1460 1687 officio
1505 1628 1836 1703 satisfaciat,
1863 1628 1974 1686 sibi
2022 1630 2132 1705 ipsi
2171 1649 2398 1706 poenam
2447 1632 2578 1709 lege
2607 1632 2707 1691 de-

293 1707 623 1765 nunciatam
656 1708 751 1767 vel
780 1730 881 1787 per
910 1730 970 1767 se
1000 1711 1095 1769 vel
1125 1710 1271 1768 alios
1300 1708 1607 1785 infligere?
1649 1708 1692 1767 J
1697 1728 1788 1765 am
1817 1717 2009 1767 autem
2039 1710 2098 1767 in
2129 1710 2547 1769 condonatione
2577 1728 2714 1789 pec-⁸

296 1796 554 1845 catorum
578 1788 672 1846 vel
700 1790 1090 1849 satisfactione
1120 1791 1230 1849 ista
1259 1789 1331 1847 de
1361 1810 1476 1867 qua
1504 1788 1883 1866 disputamus»,
1917 1798 1980 1847 ut
2003 1790 2144 1847 alibi
2189 1790 2372 1849 fusius
2401 1802 2490 1851 est
2519 1804 2708 1852 osten-

298 1888 444 1941 sum,
481 1868 640 1927 Deus
668 1889 783 1927 non
814 1878 903 1929 est
931 1870 1279 1949 spectandus
1323 1881 1388 1929 ut
1417 1889 1663 1946 persona
1709 1868 1936 1947 privata
1984 1870 2080 1928 vel
2109 1871 2358 1929 creditor
2402 1881 2459 1931 et
2486 1882 2551 1932 ut
2579 1894 2712 1949 pars

295 1946 529 2023 offensa,
562 1968 689 2025 quae
720 1949 991 2008 damnum
1021 1950 1255 2027 aliquod
1284 1948 1515 2027 patitur,
1548 1949 1653 2008 sed
1679 1959 1745 2007 ut
1771 1970 2016 2027 persona
2054 1950 2301 2027 publica,
2332 1960 2397 2009 ιιι
2429 1952 2712 2013 Dominus

296 2036 355 2085 et
382 2028 425 2085 J
430 2028 602 2101 udex,
634 2038 698 2088 ut
747 2030 961 2087 Rector
1014 2031 1424 2105 univcrsitatis,
1458 2031 1624 2107 cujus
1674 2037 1763 2087 est
1810 2031 2170 2107 majestatem
2218 2031 2440 2107 Legum
2499 2042 2710 2091 sartam

296 2116 621 2185 tectamque
650 2110 816 2166 tueri.
864 2110 995 2167 Non
1025 2110 1217 2187 agitur
1244 2130 1383 2185 ergo
1432 2110 1526 2167 vel
1573 2109 1646 2166 de
1693 2108 1976 2168 solutione
2007 2111 2282 2185 pecuniae,
2303 2110 2399 2168 vel
2449 2110 2519 2169 dc
2548 2132 2710 2189 repa-

296 2188 515 2245 ratione
545 2186 740 2245 damni
768 2187 934 2261 illati,
959 2190 1057 2247 vel
1085 2190 1155 2247 de
1186 2189 1413 2265 privata
1434 2186 1842 2263 satisfactione,
1864 2208 1979 2265 qua
2009 2188 2216 2247 satisfit
2243 2210 2502 2265 personae
2532 2192 2708 2249 offen-

298 2286 377 2324 sae
406 2286 522 2343 qua
544 2266 764 2325 offensa
792 2276 898 2339 est,
931 2268 1033 2327 sed
1056 2268 1126 2327 de
1158 2268 1546 2327 satisfactione
1575 2268 1808 2345 publica
1846 2288 1960 2345 qua
1989 2268 2195 2328 satisfit
2223 2270 2372 2347 legis
2401 2272 2712 2329 commina-

295 2345 455 2421 tioni,
490 2354 662 2423 atque
691 2347 835 2405 adeo
864 2350 907 2407 J
912 2348 1065 2407 udici
1095 2370 1211 2427 qua
1258 2348 1301 2408 J
1304 2348 1459 2407 udex
1508 2358 1613 2425 est,
1647 2348 1771 2407 sive
1801 2348 1852 2407 is
1881 2348 1958 2407 sit
1985 2368 2117 2426 pars
2164 2348 2384 2409 offensa
2421 2349 2544 2409 sive
2575 2370 2708 2427 non,

295 2427 377 2485 sic
434 2427 605 2485 modo
633 2426 697 2485 id
726 2426 824 2488 fiat
852 2429 1008 2507 quod
1063 2429 1161 2489 lex
1191 2430 1393 2507 exigit,
1424 2428 1520 2487 vel
1549 2449 1584 2487 a
1627 2437 1927 2506 peccatore
1977 2430 2072 2489 vel
2101 2430 2175 2489 ab
2224 2450 2292 2489 eo
2337 2431 2435 2508 qui
2466 2432 2712 2493 sustinet

297 2508 422 2585 ejus
451 2528 771 2585 personam,
806 2509 929 2569 sive
958 2511 1034 2569 sit
1062 2531 1097 2568 a
1117 2509 1316 2586 judice
1347 2518 1644 2585 separatus
1687 2510 1810 2569 sive
1841 2510 2186 2585 conjunctus
2217 2511 2452 2589 perinde
2483 2522 2588 2587 est,
2622 2534 2708 2571 sa·

297 2587 592 2647 tisfactum
641 2596 729 2649 est
777 2589 912 2667 legi,
945 2600 1003 2649 et
1051 2591 1187 2669 quia
1231 2590 1366 2667 legi,
1400 2592 1571 2649 etiam
1614 2590 1819 2667 judici,
1853 2590 1913 2648 id
1942 2591 2098 2668 quod
2149 2593 2290 2650 satis
2334 2602 2439 2652 est.
2487 2592 2713 2653 Deinde

293 2668 433 2745 quid
462 2678 551 2728 est
574 2690 675 2728 cur
695 2670 805 2729 hoc
834 2692 1043 2749 genere
1074 2670 1481 2730 satisfactionis
1504 2691 1619 2729 non
1642 2672 1824 2748 possit
1841 2670 2052 2748 aliquis
2075 2672 2185 2730 sibi
2207 2672 2318 2748 ipsi
2338 2671 2664 2731 satisfacere
2686 2676 2716 2731 P

298 2749 502 2808 Nonne
534 2759 724 2827 potest
753 2751 963 2827 aliquis
993 2752 1101 2810 sibi
1132 2752 1243 2828 ipsi
1286 2752 1384 2809 lex
1430 2770 1573 2825 esse,
1607 2770 1669 2808 se
1716 2770 1985 2808 accusare
2015 2760 2073 2809 et
2117 2751 2526 2825 condemnare,
2550 2752 2621 2810 de
2651 2774 2714 2813 se

287 2829 569 2905 judicare,
602 2838 665 2888 ut
694 2830 765 2887 de
796 2833 1067 2907 gentibus
1089 2830 1351 2909 perhibet
1376 2830 1609 2903 Paulus,
1645 2830 1814 2887 Rom.
1839 2830 1898 2888 ii.
1935 2834 2024 2903 14,
2055 2833 2146 2905 15,
2179 2829 2326 2889 etde
2355 2832 2644 2903 fidelibus,
2681 2836 2708 2889 1

294 2908 337 2965 J
342 2908 434 2966 oh.
465 2908 545 2965 iii.
580 2912 673 2981 20,
701 2912 796 2983 21,
830 2931 931 2968 cur
958 2932 1097 2987 ergo
1127 2930 1243 2968 non
1271 2908 1482 2987 poterit
1512 2908 1754 2985 sibiipsi
1785 2909 2114 2967 satisfacere
2135 2912 2164 2967 ·?

378 2988 567 3045 XIX.
613 2989 761 3063 Quia
791 3000 1140 3067 sequeretur,
1166 2989 1409 3065 inquieS,
1443 2986 1689 3046 eundem
1719 2986 1856 3046 darc
1899 2988 2070 3048 simul
2101 2992 2158 3047 et
2186 2990 2442 3067 accipere
2474 2990 2712 3049 solutio-

295 3086 445 3142 nem,
472 3087 598 3125 esse
628 3066 945 3127 debitorem
976 3078 1034 3129 ct
1062 3068 1419 3142 creditorem,
1446 3086 1571 3125 esse
1609 3068 1818 3126 iratum
1841 3076 1900 3126 et
1927 3068 2237 3145 placatum,
2261 3089 2390 3146 quae
2419 3080 2554 3129 sunt
2591 3070 2715 3131 ἀσύ-

296 3172 482 3205 o-raerae.
524 3148 718 3225 Resp.‚
756 3152 806 3206 1.
835 3148 1065 3207 Falsum
1094 3148 1340 3227 supponi
1361 3147 1607 3206 eundem
1631 3148 1946 3207 secundum
1969 3148 2119 3207 idem
2145 3158 2203 3208 et
2225 3149 2426 3207 eodem
2451 3163 2714 3229 respectu

299 3228 436 3286 dare
465 3236 523 3287 et
552 3229 809 3306 accipere
842 3228 1311 3288 satisfactionem.
1364 3228 1483 3285 Dat
1511 3247 1638 3286 eam
1677 3236 1742 3287 ut
1768 3228 1958 3303 h0m0,
1991 3230 2088 3287 vel
2129 3238 2196 3289 ut
2245 3230 2586 3308 Immanuel,
2620 3254 2714 3292 ac-

299 3310 440 3387 cipit
469 3328 593 3367 cam
623 3319 687 3369 ut
721 3310 896 3383 DeuS,
932 3310 1048 3369 Dat
1076 3329 1201 3368 eam
1258 3318 1322 3367 ut
1368 3307 1690 3391 &drogum-05,
1736 3309 1944 3387 accipit
1973 3330 2098 3369 eam
2147 3319 2213 3369 ut
2241 3311 2406 3387 λόγος,
2443 3312 2559 3373 Dat
2589 3334 2714 3372 eam

299 3400 365 3449 ut
390 3389 693 3466 Mediator,
719 3391 927 3469 accipit
950 3410 1073 3448 earn
1097 3401 1162 3449 ut
1183 3389 1226 3449 J
1228 3389 1401 3449 udex.
1453 3394 1509 3449 2.
1540 3390 1778 3448 Falsum
1803 3390 1974 3448 etiam
1995 3399 2083 3450 est
2105 3390 2198 3450 hic
2223 3392 2410 3451 Deum
2435 3404 2492 3453 et
2523 3394 2715 3454 Chris·

300 3480 425 3529 tum
456 3470 626 3529 simul
656 3480 712 3530 et
740 3472 919 3529 semel
947 3472 1155 3529 iratum
1184 3480 1242 3530 ct
1268 3470 1575 3547 placatum,
1607 3470 1765 3529 aliud
1795 3471 1948 3529 enim
1994 3480 2082 3531 est
2110 3492 2236 3531 esse
2278 3482 2412 3533 actu
2433 3475 2556 3551 jam
2577 3479 2713 3551 pla-

304 3561 487 3609 catum
518 3550 705 3628 posita
744 3551 831 3609 ira
867 3559 925 3610 et
972 3550 1244 3610 vindictae
1289 3552 1591 3627 desideriO,
1624 3550 1781 3610 aliud
1831 3550 2176 3611 benevolum
2226 3562 2284 3613 et
2317 3558 2670 3631 placandum
2691 3582 2716 3631 ;

308 3632 468 3689 Deus
498 3632 597 3708 qui
626 3630 726 3690 dat
752 3630 959 3689 vadem
989 3641 1048 3691 et
1076 3632 1200 3689 Vas
1228 3632 1325 3709 qui
1357 3631 1549 3707 solvit,
1580 3652 1698 3689 non
1743 3632 1935 3690 statim
1981 3642 2172 3709 potest
2217 3634 2330 3693 dici
2357 3635 2620 3711 placatus
2649 3656 2718 3694 eo

308 3712 451 3789 ipsO,
483 3711 620 3787 quia
646 3711 893 3788 placatio
923 3712 1193 3790 supponit
1222 3710 1672 3772 satisfactionem
1699 3712 2031 3789 praestitam,
2064 3713 2166 3771 sed
2207 3714 2354 3772 bene
2383 3724 2573 3792 potest
2602 3715 2718 3775 dici

307 3790 611 3868 placabilis
639 3791 734 3849 vel
762 3792 1095 3869 placandus,
1128 3792 1263 3869 quia
1300 3812 1480 3869 prono
1525 3800 1584 3850 et
1629 3792 1914 3850 benevolo
1959 3792 2168 3852 affectu
2217 3793 2396 3853 fertur
2423 3794 2498 3852 ad
2527 3795 2717 3870 placa-

308 3872 524 3931 tionem
554 3871 646 3929 vel
678 3870 1089 3931 admittendam
1120 3872 1217 3931 vel
1266 3872 1602 3945 faciendam,
1636 3872 1977 3948 placabilem
2027 3881 2219 3933 autem
2249 3894 2374 3933 esse
2420 3885 2479 3934 et
2504 3875 2714 3933 iratum

307 3971 423 4009 non
452 3959 730 4029 pugnant,
764 3950 867 4011 sed
914 3952 1127 4029 optime
1163 3961 1407 4031 possunt
1452 3951 1624 4009 simul
1669 3952 1998 4025 consistere,
2031 3953 2127 4011 vel
2171 3954 2438 4029 maxime,
2470 3955 2627 4031 quod
2653 3964 2720 4015 ut

308 4031 395 4089 ira
424 4030 871 4090 satisfactionem
900 4032 1085 4111 exigit
1112 4053 1227 4111 qua
1272 4032 1371 4091 fiat
1398 4032 1646 4109 placatio
1675 4033 1757 4091 ita
1804 4032 2164 4109 placabilitas
2213 4054 2280 4093 eo
2309 4035 2495 4094 tendit
2523 4044 2588 4094 ut
2617 4036 2720 4094 ali-

312 4132 425 4188 qua
454 4112 755 4170 commoda
784 4113 1003 4172 ratione
1042 4114 1127 4171 ira
1174 4112 1409 4173 tollatur
1436 4121 1494 4172 et
1527 4112 1776 4187 justitiae
1823 4112 2082 4171 satisfiat.
2128 4114 2290 4172 Nihil
2317 4135 2455 4193 ergo
2484 4115 2721 4175 absurdi

310 4200 401 4250 est
456 4192 505 4249 si
562 4192 819 4251 dicamus
870 4194 1055 4253 Deum
1106 4202 1165 4253 et
1194 4194 1484 4252 Christum
1528 4194 1737 4251 iratum
1769 4192 1940 4251 simul
1986 4192 2161 4252 fuisse
2192 4204 2249 4253 et
2290 4196 2720 4255 misericordem

313 4292 379 4329 ac
402 4272 766 4349 placandum,
798 4294 983 4351 neque
1006 4274 1101 4333 vel
1130 4274 1269 4333 iram
1302 4294 1416 4351 qua
1442 4272 1866 4332 accendebatur
1886 4272 1944 4329 in
1977 4282 2272 4350 peccatum
2304 4275 2524 4342 merit0,
2548 4276 2720 4337 mise-

312 4352 575 4411 ricordiae
652 4354 809 4411 viam
856 4354 1216 4431 praeclusisse
1262 4374 1377 4431 qua
1424 4354 1714 4411 ferebatur
1762 4372 1900 4429 erga
1955 4362 2303 4430 peccatoreS,
2354 4356 2451 4414 vel
2499 4356 2720 4417 miseri-

315 4432 569 4492 cordiam
601 4453 715 4509 qua
758 4454 862 4491 nos
893 4434 1380 4512 complectebatur
1408 4443 1466 4493 et
1514 4453 1628 4511 qua
1663 4432 1946 4509 impulsus
1991 4433 2100 4492 fuit
2129 4435 2204 4493 ad
2237 4436 2490 4495 dandum
2519 4440 2721 4498 ἀντίλυ-

312 4540 419 4595 τςοι
442 4534 545 4591 pro
574 4514 759 4588 nobiS,
791 4514 1119 4592 abrogasse,
1158 4513 1443 4593 justitiam
1474 4534 1601 4590 quae
1647 4512 1798 4591 legis
1827 4514 2258 4574 comminationi
2306 4517 2434 4575 vult
2461 4518 2724 4579 absolute

314 4594 598 4654 satisfieri.
644 4594 931 4653 Nimirum
959 4604 1023 4653 ut
1050 4596 1207 4654 Deus
1236 4594 1381 4653 duas
1401 4594 1583 4653 veluti
1610 4614 1886 4671 personas
1909 4596 1968 4652 in
1991 4594 2101 4655 hoc
2119 4597 2353 4673 negotio
2383 4598 2722 4675 sustinebat,

314 4695 488 4735 unam
512 4676 692 4753 partis
722 4673 973 4753 offensae,
998 4676 1236 4735 alteram
1257 4674 1490 4753 judicis,
1516 4674 1583 4751 is,
1616 4683 1902 4752 quatenus
1924 4684 1988 4734 ut
2006 4696 2140 4755 pars
2169 4676 2386 4738 offensa
2417 4688 2725 4759 spectatur,
