3234 5192
210 386 423 430 msrur.
456 368 595 451 m.]
954 387 1179 431 nosraa
1208 390 1287 431 aa
1316 389 1597 433 scctnsu
1625 391 1898 436 nonus.
2559 376 2636 435 69

205 527 319 602 ὅσα,
352 537 415 588 et
442 529 713 607 lignum,
756 548 793 587 a
836 528 1041 589 merito
1188 529 1367 591 sionis
1413 534 1555 609 ejus,
1599 534 1698 611 qui
1749 534 1836 593 illi
1863 532 2070 593 affixus
2097 541 2204 593 est.
2275 532 2486 611 Elogia
2511 535 2636 595 haec

202 627 305 665 non
330 610 547 686 priori,
584 610 695 668 sed
720 608 1027 687 posteriori
1114 610 1343 669 icuntur
1386 622 1668 690 respectu,
1699 633 1806 672 nec
1853 614 1964 673 nisi
2005 632 2304 691 perperam
2341 614 2496 671 cruci
2525 615 2638 674 ista

200 690 365 747 tribui
392 699 681 767 possunt,
712 708 845 765 quae
872 688 949 749 ad
976 690 1299 766 passionem
1326 693 1633 768 pertinent.
1699 693 1830 751 Non
1857 702 1945 753 est
1971 696 2158 753 altare
2196 694 2470 773 sacrificii,
2501 712 2636 752 nam

200 767 389 827 altaris
406 778 509 829 est
530 770 905 829 sanctificare
924 770 1070 829 illud
1096 770 1255 847 quod
1280 770 1378 829 ini
1420 792 1485 831 so
1513 772 1766 849 offertur,
1785 774 1994 833 Matth.
2023 773 2192 833 xxiii.
2227 776 2319 831 17.
2363 772 2466 831 An
2492 792 2634 831 vero

198 866 333 907 crux
360 849 779 909 sanctificavit
807 868 1035 908 carnem
1066 849 1281 909 Christi
1298 854 1329 911 P
1368 793 1585 912 A{nnon
1606 854 1800 931 potius
1821 873 1955 914 caro
1983 852 2366 913 sanctificavit
2386 872 2632 927 crucem,

196 934 251 985 et
292 948 327 987 e
366 930 555 1006 ligno
590 929 901 989 maledicto
928 928 1065 989 fecit
1110 929 1334 1008 lignum
1362 932 1499 991 vitae
1526 932 1895 993 benedictum
1913 936 1943 995 Ρ
1985 934 2190 1011 Itaque
2221 932 2483 993 Christus
2510 932 2634 1011 ipse

198 1004 297 1065 fuit
322 1010 559 1085 omnia,
594 1012 879 1069 Sacerdos
924 1010 987 1067 in
1012 1029 1274 1086 persona,
1304 1013 1656 1093 Samflcmm
1701 1014 1762 1073 in
1803 1023 2008 1073 natura
2033 1013 2286 1073 humana
2313 1032 2414 1073 seu
2443 1033 2631 1087 carne,

196 1088 393 1149 Altam
438 1090 511 1147 in
568 1090 792 1165 divina,
838 1088 992 1149 unde
1037 1090 1289 1167 seipsum
1336 1092 1546 1151 dicitur
1584 1113 1699 1169 per
1743 1095 2017 1170 Spiritum
2067 1104 2336 1153 aternum
2363 1094 2630 1169 obtulisse,

200 1164 345 1227 Heb.
396 1170 491 1227 ix.
558 1172 655 1229 13.
704 1170 769 1229 Si
816 1188 957 1227 vero
1002 1189 1040 1229 a
1066 1170 1411 1246 quibusdam
1439 1173 1521 1231 ita
1548 1194 1692 1233 crux
1720 1184 1927 1233 vocata
1953 1182 2060 1249 est,
2102 1174 2414 1253 impropria
2440 1173 2548 1233 fuit
2576 1183 2635 1233 et

198 1246 383 1307 minus
410 1258 708 1309 accurata
733 1249 967 1309 locutio,
1012 1249 1145 1309 Non
1169 1254 1329 1309 scala
1368 1254 1453 1311 ad
1488 1273 1741 1329 reynum,
1769 1274 1876 1312 nec
1905 1254 2058 1313 enim
2085 1274 2188 1331 per
2215 1273 2443 1313 crucem
2497 1254 2632 1311 sim·

198 1325 439 1404 pliciter,
476 1329 595 1389 sed
622 1349 729 1407 per
756 1336 999 1389 mortem
1025 1330 1211 1390 crucis
1238 1330 1459 1391 aditum
1500 1332 1611 1391 sibi
1633 1332 1708 1391 ad
1735 1352 1978 1409 regnum
2005 1332 2158 1391 fecit.
2231 1334 2470 1393 Frustra
2497 1353 2632 1393 con·

200 1404 447 1467 firmatio
478 1409 710 1487 petitur
736 1428 815 1468 ex
840 1408 885 1467 J
888 1428 1017 1469 oan.
1046 1410 1149 1469 xii.
1192 1413 1287 1485 32,
1336 1414 1373 1445 “
1398 1412 1461 1471 Si
1502 1412 1794 1471 exaltatus
1821 1412 1980 1471 fuero
2019 1431 2051 1471 e
2090 1421 2256 1487 terra,
2299 1412 2492 1471 omnia
2517 1422 2631 1471 tra-

200 1483 321 1543 ham
350 1489 436 1547 ad
465 1490 632 1564 me‚''
678 1489 804 1547 haec
831 1488 1043 1567 quippe
1070 1490 1249 1549 verba
1274 1510 1391 1549 non
1418 1512 1664 1568 crucem,
1695 1491 1799 1551 sed
1845 1498 2082 1551 mortem
2113 1492 2174 1549 in
2201 1510 2370 1550 cruce
2411 1500 2630 1566 notant,

206 1574 263 1622 ut
288 1566 593 1644 Christus,
624 1569 879 1645 optimus
908 1568 995 1626 sui
1038 1569 1333 1646 interpres,
1366 1570 1549 1646 docet,
1577 1572 1718 1631 Luc.
1749 1570 1914 1629 xxiv.
1944 1574 2040 1646 26,
2089 1573 2125 1605 “
2148 1570 2352 1630 Nonne
2380 1572 2634 1647 oportuit

207 1643 507 1706 Christum
539 1649 739 1707 omnia
765 1649 889 1705 haec
916 1650 1053 1725 pati,
1085 1656 1143 1706 et
1172 1650 1255 1708 sic
1282 1650 1509 1727 ingredi
1550 1652 1609 1709 in
1639 1671 1882 1728 regnum
1901 1652 1967 1711 ?''
2042 1650 2306 1729 Denique
2333 1670 2632 1731 perperam

206 1720 413 1785 dicitur
464 1728 821 1789 libcrau‘om's
847 1728 1267 1787 instrumentum
1282 1752 1307 1801 ,·
1348 1730 1507 1789 aliud
1567 1732 1722 1789 enim
1765 1740 1854 1791 est
1895 1731 2316 1791 instrumentum
2351 1732 2636 1809 passionis

208 1801 437 1881 Christi,
471 1807 859 1867 materialiter
886 1815 1171 1884 spectata,
1196 1808 1355 1867 aliud
1382 1811 1804 1869 instrumentum
1831 1812 2241 1888 redemptionis.
2289 1812 2448 1871 Crux
2475 1812 2636 1889 prius

206 1893 393 1957 potest
420 1888 571 1963 dici,
604 1908 719 1947 non
759 1888 1043 1965 posterius
1066 1910 1081 1964 ;
1132 1907 1249 1947 non
1274 1908 1377 1965 per
1405 1890 1665 1966 Crucem,
1697 1890 1800 1949 sed
1825 1910 1928 1969 per
1955 1891 2308 1951 Crucifixum
2355 1890 2638 1969 redempti

210 1978 403 2025 sumus
463 1977 529 2027 et
558 1966 789 2027 salvati.
867 1966 989 2026 Nec
1042 1967 1201 2027 aliud
1248 1969 1523 2029 evincunt
1568 1970 1714 2045 loca,
1759 1990 1888 2048 quae
1916 1970 1978 2031 in
2005 1990 2132 2029 eam
2159 1990 2280 2029 rem
2306 1970 2632 2048 laudantur,

210 2040 431 2105 Coloss.
464 2049 529 2107 ii.
568 2050 661 2121 14,
692 2047 793 2105 ubi
834 2046 895 2105 in
922 2066 1089 2107 cruce
1136 2048 1519 2125 triumphasse
1546 2050 1758 2109 dicitur
1783 2050 1856 2109 de
1887 2050 2330 2129 Principatibus,
2362 2058 2422 2110 et
2461 2050 2634 2111 affixo

214 2119 287 2179 ibi
312 2126 714 2205 chirographo
748 2126 917 2185 nobis
943 2127 1206 2201 adverso,
1264 2136 1321 2187 et
1365 2130 1393 2185 1
1430 2128 1555 2188 Pet.
1605 2130 1666 2189 ii.
1717 2134 1812 2207 24,
1857 2138 2116 2207 portasse
2155 2138 2392 2207 peccata
2437 2138 2636 2190 nostra

216 2218 381 2279 super
408 2206 663 2284 lignum.
727 2206 943 2265 Notum
990 2208 1221 2284 quippe,
1250 2208 1375 2267 haec
1416 2208 1489 2267 de
1518 2230 1688 2269 cruce
1729 2229 1846 2267 non
1873 2230 2043 2287 posse
2072 2208 2188 2269 dici
2214 2210 2459 2287 proprie,
2491 2210 2634 2285 quid

214 2282 361 2363 enim
405 2306 563 2347 crux
588 2285 902 2346 materialis
931 2286 1189 2347 conferre
1228 2288 1417 2365 potuit
1456 2288 1531 2347 ad
1558 2298 1924 2367 peccatorum
1953 2289 2340 2367 expiationem
2360 2291 2389 2347 Ρ
2430 2288 2533 2347 sed
2561 2289 2634 2349 de

220 2360 529 2442 crucifixo,
563 2366 663 2443 qui
688 2386 793 2444 per
818 2376 1059 2425 mortem
1088 2366 1272 2427 crucis
1292 2368 1442 2427 hanc
1470 2369 1756 2446 insignem
1784 2370 1857 2428 de
1880 2369 2130 2429 Diabolo
2171 2368 2486 2463 reportavit
2513 2367 2634 2429 vic·

218 2442 439 2519 toriam,
472 2454 535 2505 et
564 2453 803 2523 peccata
828 2454 1025 2505 nostra
1052 2446 1286 2507 delevit.
1332 2447 1507 2507 Unde
1534 2457 1695 2526 patet
1719 2469 1892 2526 quam
1921 2448 2067 2509 falso
2095 2457 2152 2508 et
2173 2448 2386 2527 injuste
2414 2456 2479 2507 ut
2507 2468 2633 2509 cru-

222 2519 297 2577 cis
325 2522 549 2587 Christi
578 2545 775 2585 osores
802 2524 1184 2601 inducamur,
1214 2527 1351 2603 quia
1378 2528 1597 2587 cultum
1645 2528 1732 2587 illi
1779 2528 2002 2587 nullum
2045 2528 2318 2589 exhibere
2346 2528 2632 2605 volumus,

220 2596 365 2663 hunc
386 2606 503 2665 soli
526 2606 819 2665 Crucifixo
834 2613 1213 2665 reservantes.
1245 2607 1299 2665 N
1303 2627 1377 2667 on
1399 2616 1503 2683 est,
1530 2608 1698 2668 crede
1719 2608 1877 2685 mihi,
1903 2628 2075 2669 verus
2091 2608 2410 2686 discipulus
2429 2610 2634 2687 cruciS,

220 2680 311 2767 qui
330 2702 465 2743 eam
492 2705 613 2763 prae
640 2686 823 2745 oeulis
845 2685 1131 2763 depictam
1157 2687 1349 2763 habet,
1380 2688 1477 2747 vel
1502 2688 1564 2746 in
1590 2688 1858 2747 manibus
1905 2697 2094 2765 gestat
2123 2708 2191 2749 ac
2219 2688 2373 2763 colit,
2406 2687 2508 2747 scd
2537 2690 2638 2767 qui

224 2774 277 2814 m
302 2765 479 2823 corde
506 2765 738 2841 penitus
786 2765 1130 2843 insculptam
1178 2767 1345 2844 gerit,
1376 2776 1435 2828 et
1476 2768 1576 2847 qui
1623 2769 1705 2828 ita
1733 2768 2025 2827 Christum
2073 2768 2412 2827 crucifixum
2459 2788 2634 2827 vene-

224 2846 373 2899 ratur
398 2852 465 2905 et
490 2844 701 2923 diligit,
730 2852 797 2904 ut
824 2864 953 2905 cum
998 2866 1068 2904 eo
1094 2854 1253 2906 totus
1280 2848 1591 2907 crucifixus
1618 2848 1710 2923 sit,
1743 2848 1937 2908 Galat.
1965 2848 2026 2907 ii.
2057 2852 2154 2923 20,
2197 2856 2256 2905 et
2283 2866 2340 2905 v.
2373 2850 2468 2905 24.
2501 2847 2634 2907 Hoc

228 2934 351 2979 Vere
380 2933 475 2983 est
502 2924 561 2983 in
590 2944 761 2985 cruce
792 2925 1005 2985 Christi
1035 2925 1289 3003 gloriari,
1334 2928 1529 2987 Galat.
1558 2927 1640 2985 vi.
1673 2931 1768 2985 14.

298 2998 563 3065 XXXI.
609 3005 807 3066 Unum
837 3012 1097 3082 superest
1124 3006 1281 3085 quod
1328 3016 1539 3081 urgent
1580 3006 1756 3064 etiam
1797 3004 2130 3079 adversarii,
2164 3002 2447 3061 Ecclesiae
2477 3004 2632 3062 scili-

226 3086 309 3137 cet
336 3084 555 3143 veteris
600 3084 843 3161 praxim,
874 3085 1030 3161 apud
1078 3104 1253 3161 quam
1299 3086 1479 3145 crucis
1524 3086 1746 3160 siquam
1786 3092 1846 3141 et
1886 3085 2090 3141 cultum
2118 3082 2178 3141 in
2207 3100 2318 3141 usu
2345 3080 2528 3141 fuisse
2557 3084 2632 3143 ab

230 3152 382 3220 initio
412 3164 779 3240 pertendunt.
858 3163 1029 3225 Unde
1060 3163 1371 3224 Christiani
1418 3164 1669 3239 reliyiosi
1692 3163 1872 3221 crucis
1921 3162 2078 3239 dicti,
2107 3170 2168 3221 et
2197 3161 2462 3221 Gentiles
2489 3162 2634 3241 ipsis

226 3235 610 3303 adorationem
639 3244 826 3303 crucis
854 3244 1219 3321 oinciebann
1248 3251 1315 3303 ut
1335 3252 1561 3302 constat
1588 3263 1664 3301 ex
1696 3243 2042 3303 Tertulliano
2071 3251 2128 3303 et
2157 3243 2400 3303 Minutio
2427 3244 2632 3321 Felice,

227 3320 375 3389 quod
400 3342 521 3382 non
544 3323 821 3383 fecissent
841 3332 1053 3398 tamen,
1098 3324 1211 3382 nisi
1259 3323 1511 3401 aliquem
1538 3323 1756 3383 cultum
1783 3324 1872 3383 illi
1897 3324 2312 3383 exhibuissent.
2355 3342 2412 3383 a.
2459 3325 2634 3385 Frus=

228 3398 312 3454 tra
356 3400 451 3461 hic
496 3403 879 3481 patrocinium
928 3404 1205 3463 Ecclesiae
1255 3403 1467 3465 veteris
1514 3403 1850 3463 advocatur.
1931 3404 2166 3464 Certum
2193 3413 2283 3464 est
2311 3403 2634 3465 Ecclesiam

232 3473 619 3563 'Apostolicam
646 3483 870 3543 nullum
896 3484 1054 3541 cruci
1080 3485 1300 3545 cultum
1327 3484 1678 3559 exhibuisse,
1707 3484 1932 3543 nullum
1957 3502 2098 3543 sane
2125 3484 2222 3543 vel
2249 3484 2311 3543 in
2339 3484 2509 3544 Actis
2536 3486 2635 3545 vel

230 3570 285 3611 m
330 3559 609 3638 Epistolis
658 3562 1014 3639 Apostolicis
1058 3564 1183 3641 ejus
1230 3571 1395 3623 extat
1440 3563 1537 3623 vel
1582 3563 1884 3623 minimum
1911 3564 2242 3641 vestigium.
2287 3562 2373 3622 At
2401 3565 2452 3623 si
2477 3564 2630 3625 idem

230 3650 351 3697 eum
382 3642 701 3703 Ponfificiis
751 3643 1101 3719 statuissent,
1130 3663 1321 3703 nonne
1371 3662 1595 3701 summa
1641 3642 1944 3719 diligentia
1969 3642 2194 3719 lignum
2221 3642 2332 3702 hoc
2361 3642 2629 3703 abstulis-

232 3726 363 3795 sent,
414 3730 473 3783 et
518 3732 931 3799 asservassent,
960 3742 1151 3783 nonne
1200 3724 1631 3783 venerationem
1678 3724 1828 3782 hanc
1876 3722 2090 3799 populo
2118 3721 2445 3781 Christiano
2473 3741 2630 3783 com-

230 3800 587 3862 mendassent
625 3803 687 3863 in
716 3803 943 3880 scriptis
970 3802 1108 3876 suis,
1138 3810 1199 3863 et
1238 3803 1504 3883 exemplo
1548 3823 1654 3863 suo
1696 3802 2042 3876 docuissent,
2073 3798 2146 3858 de
2193 3799 2404 3876 quibus
2448 3802 2630 3859 omni-

228 3868 327 3935 bus
354 3881 535 3941 altum
563 3882 717 3961 apud
744 3883 901 3961 ipsos
928 3882 1219 3943 silentium
1239 3885 1268 3943 ?
1309 3886 1365 3943 2.
1412 3883 1477 3944 Si
1523 3884 1595 3943 de
1645 3882 1910 3943 Ecclesia
1938 3879 2262 3941 Christiana
2310 3898 2496 3939 sermo
2523 3889 2630 3955 est,

230 3959 446 4025 probari
470 3982 591 4020 non
617 3971 813 4040 posset
840 3970 973 4021 ante
1018 3962 1457 4023 Constantinum
1506 3964 1591 4023 M.
1631 3964 1808 4025 ullam
1855 3960 2010 4039 apud
2053 3958 2410 4019 Christianos
2435 3958 2496 4017 in
2521 3979 2634 4019 usu

231 4030 397 4099 fuisse
423 4042 615 4103 crucis
642 4042 957 4119 imaginem
981 4042 1195 4119 pictam
1226 4050 1326 4103 aut
1353 4043 1690 4103 fabricatam
1733 4064 1808 4102 ex
1836 4042 2014 4119 lignO,
2045 4060 2201 4114 aure,
2233 4038 2483 4099 similive
2509 4058 2629 4097 ma-

232 4116 397 4195 teria3
442 4122 565 4199 ipse
592 4122 805 4199 quippe
832 4122 1051 4200 primus
1076 4121 1411 4199 perhibetur
1446 4133 1742 4202 permotus
1769 4122 1992 4183 visione
2021 4118 2258 4193 coelesti,
2290 4138 2418 4197 quae
2447 4118 2628 4177 victo-

230 4192 363 4281 fiam
409 4201 471 4258 in
519 4202 687 4279 signo
717 4202 902 4260 crucis
949 4202 1344 4279 portendebat,
1392 4223 1523 4263 cum
1552 4204 1644 4261 his
1691 4202 1886 4261 verbis
1915 4214 1982 4261 Er
2008 4224 2162 4269 rona-q
2191 4200 2316 4275 νίκα,
2346 4196 2629 4257 vexillum

230 4280 527 4355 mperiale,
582 4282 875 4341 Labor-mn
930 4280 1167 4358 dictum,
1216 4282 1279 4341 in
1332 4283 1573 4342 formam
1628 4282 1816 4341 crucis
1859 4280 2189 4352 confecisse,
2233 4286 2299 4336 ut
2359 4277 2632 4338 observat

232 4351 423 4417 Euseb.
450 4360 555 4419 lib.
589 4363 641 4420 1.
670 4362 742 4430 dc
768 4362 885 4421 vita
916 4362 1203 4438 Gon-etan„
1246 4384 1372 4439 cap.
1397 4367 1493 4439 22,
1545 4364 1642 4437 23,
1671 4368 1732 4419 et
1757 4360 2004 4421 Sozome.
2049 4358 2138 4417 lib.
2177 4360 2228 4415 1.
2259 4358 2383 4416 hist.
2414 4378 2538 4435 cap.
2569 4362 2626 4419 4.

232 4428 317 4492 Ita
340 4438 541 4515 primis
566 4438 909 4501 Christianis
956 4462 1029 4500 ne
1078 4442 1205 4501 visa
1232 4442 1466 4519 quidem
1502 4459 1756 4518 unquam
1793 4447 1916 4499 erat
1953 4457 2112 4513 cru,
2143 4436 2357 4499 nedum
2383 4446 2450 4499 ut
2476 4448 2631 4500 esset

232 4513 472 4577 adorata.
571 4520 695 4579 Nec
723 4540 799 4580 ex
824 4521 927 4581 illa
952 4521 1138 4600 prima
1174 4530 1343 4581 aetate
1383 4518 1806 4581 Christianismi
1843 4518 1920 4577 ad
1957 4537 2171 4577 annum
2213 4518 2452 4581 Domini
2489 4522 2625 4595 300,

228 4608 565 4677 quemquam
606 4598 923 4661 adversarii
968 4601 1265 4680 proferunt
1306 4601 1403 4659 vel
1444 4600 1677 4674 habent,
1728 4598 1830 4678 qui
1873 4596 2060 4659 crucis
2087 4598 2476 4659 adorationem
2533 4600 2631 4659 vel

232 4678 598 4754 commendet,
628 4680 724 4741 vel
750 4691 1043 4758 memoret,
1074 4690 1142 4742 ut
1166 4681 1437 4741 observat
1464 4682 1728 4739 Dalloeus
1752 4680 1854 4740 lib.
1884 4682 1934 4741 l.
1965 4678 2038 4740 de
2069 4678 2260 4757 Relig.
2292 4680 2495 4741 Cultus
2524 4680 2626 4737 ob-
