3234 5192
299 350 533 396 meror.
559 332 678 414 m]
945 352 1024 393 nn
1053 350 1336 395 sonorum
1365 352 1608 395 orantur
1636 353 2055 397 suessanus.
2607 342 2725 401 283

303 496 622 571 credamus,
654 512 788 553 cum
819 494 1118 573 Scriptura
1157 502 1246 555 tot
1273 495 1494 555 invicta
1521 497 1699 576 hujus
1726 496 2009 559 Veritatis
2030 506 2388 576 argumenta,
2413 506 2473 559 et
2488 498 2729 561 immota

301 576 437 636 fidei
463 576 648 635 fulcra
676 574 1053 653 suppeditet?
1135 575 1290 651 Quid
1332 576 1486 635 enim
1527 576 1691 637 aliud
1730 578 1999 653 clamant,
2044 579 2163 637 Vel
2204 582 2243 613 “
2266 580 2586 640 Electionis
2618 580 2727 639 im·

301 656 718 731 mutabilitas,’'
741 661 778 714 2
808 655 956 715 Tim.
987 655 1048 715 ii.
1081 658 1175 731 19,
1208 656 1420 717 Matth.
1451 658 1616 716 xxiv.
1646 661 1743 735 24,
1778 658 1949 717 Rom.
1976 660 2059 718 ix.
2091 662 2145 717 7.
2234 658 2353 719 Vel
2383 662 2419 693 “
2443 660 2643 720 Mariti
2668 670 2729 719 et

305 736 748 797 Intercessionis
775 735 992 795 Christi
1017 736 1266 812 virtus,”
1295 737 1339 797 J
1343 738 1438 797 oh.
1467 736 1612 797 xvii.
1654 741 1749 815 20,
1792 739 1936 799 Luc.
1964 739 2111 797 xxii.
2144 742 2239 814 31,
2272 740 2443 799 Rom.
2472 741 2596 800 viii.
2627 743 2725 801 34.

303 816 420 876 Vel
463 820 499 851 ‘⁴
525 816 776 896 Spiritus
823 816 1022 875 Sancti
1061 836 1170 877 nos
1211 817 1576 894 obsignantis
1618 817 1931 894 efficacia,’'
1978 818 2128 895 Eph.
2174 820 2211 879 i.
2259 823 2352 896 13,
2398 828 2457 880 et
2502 821 2581 880 iv.
2629 824 2726 896 30,

303 900 342 956 2
373 896 502 957 Cor.
531 898 570 956 i.
603 900 700 957 21.
744 897 859 957 Vel
891 898 928 931 ‘⁴
951 896 1216 957 Foederis
1244 898 1446 975 gratiae
1475 898 1825 975 aeternitas?
1856 898 1981 958 Jer.
2011 900 2201 958 xxxii.
2224 903 2321 978 42,
2347 900 2465 961 Isa.
2492 900 2597 960 lix.
2628 906 2727 961 21.

303 977 421 1036 Vel
448 980 486 1012 ‘⁴
511 976 966 1037 Promissionum
995 977 1324 1037 divinarum
1349 978 1661 1054 fidelitas,”
1692 979 1735 1038 J
1738 978 1831 1037 oh.
1861 1000 1922 1039 x.
1954 980 2050 1054 28,
2103 982 2131 1037 1
2177 980 2306 1039 Cor.
2336 980 2375 1040 i.
2406 983 2461 1057 8,
2494 983 2549 1057 9,
2581 989 2640 1040 et
2668 1000 2727 1041 x.

309 1060 402 1117 13.
507 1058 622 1117 Vel
680 1060 716 1093 “
741 1058 1042 1119 Donorum
1089 1057 1431 1118 salutarium
1485 1058 1942 1133 immutabilitas,
2000 1078 2131 1137 quae
2184 1068 2253 1119 ut
2304 1062 2726 1138 Quaedam-4²⁸

305 1138 476 1197 Rom.
505 1139 588 1198 xi.
631 1140 728 1212 29,
771 1158 890 1197 non
931 1146 1178 1215 possunt
1216 1159 1252 1197 a
1279 1138 1450 1197 nobis
1477 1138 1692 1198 auferri
1710 1141 1739 1198 Ρ
1822 1138 1997 1200 Unde
2022 1139 2197 1199 modo
2224 1160 2329 1219 per
2358 1145 2395 1175 ‘⁶
2416 1160 2613 1201 semen
2640 1143 2731 1200 in-

305 1218 738 1297 corruptibile,'’
787 1222 817 1277 1
865 1219 992 1278 Pet.
1035 1218 1074 1277 i.
1117 1222 1215 1295 23,
1259 1219 1419 1297 quod
1459 1238 1688 1296 semper
1724 1228 1921 1279 manet
1960 1219 2021 1278 in
2062 1220 2248 1296 nobis,
2300 1226 2327 1281 1
2374 1222 2515 1282 Joh.
2558 1222 2640 1281 iii.
2672 1225 2727 1299 9,

305 1298 482 1357 modo
523 1318 628 1375 per
671 1297 910 1358 “vitam
952 1300 1284 1374 teternam,”
1329 1318 1460 1377 quae
1502 1298 1751 1359 deficere
1792 1318 1911 1359 non
1950 1308 2161 1377 potest,
2232 1304 2261 1360 1
2322 1302 2466 1362 Joh.
2516 1322 2576 1361 v.
2632 1306 2725 1379 13,

306 1379 484 1437 modo
527 1382 564 1412 “
583 1397 688 1456 per
714 1378 950 1456 Aquam
978 1378 1280 1439 salientem
1319 1380 1382 1437 in
1422 1380 1606 1439 vitam
1651 1381 1984 1454 oeternam,''
2015 1380 2059 1440 J
2062 1380 2157 1439 oh.
2186 1380 2266 1440 iv.
2302 1384 2395 1453 14,
2424 1382 2597 1441 modo
2625 1402 2731 1462 per

311 1462 349 1493 ‘⁴
369 1458 676 1533 Arborem,
721 1478 850 1537 quae
891 1478 1010 1519 non
1050 1460 1412 1535 marcescit,”
1458 1459 1614 1519 Psal.
1658 1460 1696 1520 i.
1740 1468 1800 1519 et
1839 1461 1997 1531 xcii„
2040 1459 2166 1519 Jer.
2214 1462 2378 1537 xvii„
2410 1462 2585 1521 modo
2626 1482 2733 1541 per

312 1542 348 1575 ‘⁴
372 1540 686 1615 Domum,”
716 1559 846 1616 quse
879 1558 994 1598 non
1021 1540 1310 1619 deJicitur,
1333 1540 1546 1599 Matth.
1574 1540 1679 1599 vii.
1708 1543 1805 1615 25,
1838 1541 2085 1617 aliisque
2106 1540 2434 1601 istiusmodi
2462 1542 2729 1603 similitu-

307 1618 542 1679 dinibus
571 1620 1001 1696 adumbrantur,
1031 1640 1163 1698 quse
1190 1620 1633 1698 perpetuitatem
1662 1640 1861 1681 eorum
1890 1619 2217 1698 designant.

392 1700 643 1759 XXVI.
687 1700 857 1761 Licet
885 1708 1076 1761 autem
1109 1700 1290 1761 Fides
1309 1701 1656 1779 justificans,
1698 1710 1759 1759 et
1806 1701 2013 1761 Gratia
2054 1720 2420 1778 regenerans,
2451 1720 2556 1781 per
2582 1722 2729 1781 quas

312 1780 546 1841 Fideles
567 1800 643 1840 ex
671 1788 828 1841 statu
855 1792 1050 1841 reatus
1077 1790 1138 1840 et
1155 1782 1358 1841 mortis
1385 1780 1449 1839 in
1485 1780 1817 1859 adoptionis
1860 1788 1921 1839 et
1968 1780 2173 1841 salutis
2220 1789 2437 1841 statum
2484 1784 2729 1845 transfe-

306 1870 528 1936 runtur,
561 1860 678 1921 sint
705 1861 1125 1938 inamissibles3
1171 1862 1304 1921 Non
1347 1869 1542 1920 tamen
1592 1860 1787 1921 statim
1815 1864 2187 1942 impugno-atu
2228 1880 2425 1923 secum
2474 1863 2727 1940 trahunt,

307 1950 372 2001 ut
399 1942 556 2001 omni
583 1950 821 2020 peccato
851 1961 1044 2001 carere
1073 1941 1340 2015 debeant,
1370 1942 1472 2019 qui
1499 1961 1598 2000 eas
1629 1950 1764 2000 sunt
1792 1942 2174 2019 consequuti:
2230 1942 2375 2017 Imo,
2408 1962 2538 2002 cum
2570 1944 2729 2023 Opus

305 2022 760 2101 regenerationis
788 2040 1015 2099 semper
1039 2022 1134 2079 hic
1165 2022 1241 2081 sit
1268 2020 1683 2099 imperfectum,
1708 2030 1769 2081 et
1795 2022 2039 2081 Carnem
2088 2042 2221 2081 cum
2268 2023 2487 2101 Spiritu
2514 2024 2729 2083 colluc-

305 2110 527 2161 tantem
553 2101 758 2161 fideles
775 2101 1058 2179 perpetim
1086 2102 1372 2176 sentiant3
1415 2101 1481 2160 fit
1507 2110 1574 2161 ut
1599 2121 1717 2161 non
1745 2101 1920 2162 modo
1946 2103 2009 2160 in
2043 2101 2267 2162 leviora
2311 2112 2549 2181 peecata
2592 2104 2731 2163 sub-

309 2181 606 2259 reptionis,
661 2181 1030 2255 infirmitatis,
1089 2188 1148 2239 et
1200 2179 1542 2257 ignorantiae
1596 2181 1855 2260 quotidie
1902 2182 2199 2259 incidant;
2244 2182 2349 2243 sed
2396 2183 2457 2242 in
2514 2185 2732 2243 atrocia

308 2270 550 2338 peccata
577 2261 924 2339 quandoque
951 2262 1126 2320 etiam
1152 2261 1542 2337 prolabantur,
1573 2264 1785 2339 quibus
1814 2262 2272 2340 indignationem
2293 2264 2405 2323 Dei
2432 2271 2729 2342 paternam

308 2352 556 2420 possunt
575 2342 881 2417 incurrere,
905 2341 1060 2401 Psal.
1078 2340 1311 2401 lxxxix.
1334 2344 1428 2418 31,
1447 2350 1671 2401 reatum
1688 2344 1889 2403 mortis
1911 2344 2267 2419 contrahere,
2293 2344 2463 2403 Rom.
2486 2344 2609 2403 viii.
2636 2348 2729 2421 13,

308 2432 370 2482 et
384 2430 730 2500 praesentem
750 2421 826 2481 ad
853 2440 1094 2500 regnum
1114 2422 1388 2481 eoelorum
1411 2422 1793 2500 aptitudinem
1814 2424 2093 2499 amittere,
2127 2424 2315 2503 Apoc.
2332 2425 2457 2485 xxi.
2488 2428 2585 2483 27.
2610 2424 2665 2484 N
2666 2444 2733 2486 ee

308 2511 503 2563 tamen
524 2510 826 2581 propterea
844 2503 1134 2579 continu0,
1160 2502 1258 2561 vel
1285 2502 1328 2563 J
1331 2523 1400 2561 us
1415 2502 1492 2561 ad
1516 2503 1787 2581 Regnum
1811 2502 2101 2563 Coelorum
2120 2506 2299 2564 semel
2322 2505 2521 2565 datum
2542 2506 2733 2584 reipsa

307 2584 547 2659 tollitur,
578 2584 676 2642 vel
705 2584 964 2661 Adoptio
993 2584 1322 2661 abrogatur,
1347 2583 1444 2643 vel
1492 2583 1703 2643 Semcn
1741 2585 2197 2661 regenerationis
2234 2586 2513 2645 aufertur:
2559 2585 2733 2646 Unde

309 2664 578 2741 quamvis
603 2664 794 2723 fidelis
821 2684 890 2723 eo
919 2664 1092 2723 modo
1119 2682 1385 2740 peccans,
1417 2664 1466 2722 si
1495 2664 1893 2723 consideretur
1918 2665 1980 2723 in
2008 2684 2071 2724 se
2110 2674 2169 2725 et
2206 2666 2267 2723 in
2316 2686 2493 2725 sensu
2539 2667 2731 2727 diviso

311 2764 426 2821 qua
453 2746 743 2821 Peccator,
777 2764 881 2804 suo
902 2744 1108 2803 merito
1136 2751 1291 2803 recte
1320 2742 1546 2803 dicatur
1572 2744 1971 2819 damnandus;
2014 2746 2287 2803 tamenin
2305 2765 2479 2806 sensu
2500 2766 2732 2825 compo-

311 2824 440 2902 sito,
473 2833 531 2885 et
559 2846 674 2903 qua
701 2826 915 2885 Fidelis
943 2834 1003 2884 et
1032 2824 1290 2899 Electae,
1321 2844 1395 2883 ex
1427 2824 1540 2883 Dei
1569 2824 1871 2883 Electione
1892 2834 1953 2882 et
1968 2832 2203 2902 propter
2225 2825 2437 2884 Christi
2464 2826 2733 2885 meritum

314 2916 404 2965 est
432 2904 824 2965 absolvendus
849 2928 862 2965 :
947 2903 1040 2964 Ut
1065 2904 1368 2964 verissime
1397 2903 1512 2963 dici
1539 2904 1725 2981 possit
1751 2904 2109 2982 impossibile
2157 2924 2303 2980 esse,
2333 2905 2499 2964 verbi
2527 2908 2731 2981 gratia,

312 2994 378 3043 ut
408 2984 604 3044 David
629 2986 850 3044 electus
876 2993 1108 3063 pereat;
1151 2992 1212 3044 et
1238 2985 1596 3063 impossibile
1636 3003 1763 3043 esse
1808 2983 2037 3061 pariter,
2069 2992 2135 3043 ut
2182 2984 2375 3043 David
2419 2984 2647 3044 adulter
2674 2994 2734 3045 et

311 3064 620 3139 homicida,
651 3084 766 3143 quo
791 3084 964 3124 sensu
991 3063 1102 3124 fuit
1138 3066 1244 3124 Vir
1262 3066 1475 3141 mortis,
1507 3064 1568 3121 id
1595 3072 1686 3123 est
1712 3082 1845 3122 reus
1874 3064 2091 3139 mortis,
2145 3064 2195 3122 si
2237 3064 2403 3122 illum
2446 3084 2603 3124 mors
2630 3086 2733 3143 op-

311 3144 586 3222 presserit
629 3145 1102 3221 impoenitentem,
1154 3144 1414 3204 salvetur
1459 3153 1518 3204 et
1563 3164 1681 3202 non
1729 3152 1963 3221 pereat3
2010 3143 2251 3202 Interim
2296 3164 2425 3222 quse
2472 3147 2626 3205 inter
2672 3166 2735 3205 se

309 3226 552 3284 arietare
580 3223 868 3301 videntur,
900 3223 1068 3283 facile
1097 3225 1376 3301 sapientia
1407 3225 1518 3284 Dei
1560 3224 1903 3300 admirabili,
1936 3232 1995 3283 et
2022 3225 2275 3302 gratiosa
2304 3225 2486 3302 ipsius
2513 3226 2734 3287 miseri·

311 3305 508 3364 cordia
535 3305 946 3381 conciliantur;
991 3305 1130 3364 dum
1159 3305 1331 3365 saluti
1357 3306 1618 3365 fidelium
1646 3305 1728 3365 ita
1754 3305 2049 3383 prospicit,
2079 3314 2145 3364 ut
2192 3326 2362 3365 nemo
2401 3308 2731 3367 Elector-um

309 3386 372 3445 in
399 3406 469 3445 eo
498 3394 654 3446 statu
679 3385 974 3460 moriatur,
1013 3386 1072 3443 in
1123 3404 1238 3463 quo
1288 3405 1324 3444 a
1371 3386 1558 3463 gloria
1605 3386 1827 3445 coelesti
1875 3385 2275 3445 excludendus
2302 3396 2471 3465 esset,
2503 3387 2605 3447 sed
2634 3409 2737 3466 per

309 3468 664 3544 poeniteutiae
693 3474 752 3525 et
778 3464 916 3523 fidei
942 3476 1134 3525 actum
1163 3476 1504 3525 renovatum
1532 3468 1973 3544 redintegretur,
2003 3473 2072 3526 ut
2096 3467 2295 3527 redeat
2311 3469 2469 3545 prius
2490 3470 2552 3527 in
2579 3470 2736 3527 viam

311 3566 484 3623 quam
508 3547 582 3604 ad
609 3555 824 3605 metam
843 3545 1207 3622 perducatur.

395 3626 681 3685 XXVII.
729 3626 795 3683 Si
819 3646 960 3685 vero
988 3645 1229 3702 quaeras,
1273 3623 1578 3699 Quomodo
1592 3624 1719 3685 haec
1746 3627 1899 3687 inter
1926 3646 1987 3686 se
2014 3626 2240 3705 possint
2257 3627 2602 3701 consistere3
2652 3626 2735 3687 Ut

308 3705 458 3783 justi
483 3715 822 3784 reputentur
847 3724 1042 3765 coram
1074 3706 1216 3781 Deo,
1249 3706 1345 3783 qui
1376 3704 1438 3764 in
1467 3706 1673 3783 seipsis
1711 3716 1938 3766 aeternae
1984 3707 2189 3766 mortis
2215 3715 2436 3765 reatum
2466 3714 2735 3764 contrax-

313 3796 500 3862 erunt,
532 3788 612 3846 Et
648 3786 906 3845 membra
951 3786 1165 3846 Christi
1193 3794 1482 3861 maneant,
1513 3786 1614 3862 qui
1659 3787 1805 3845 fiunt
1837 3786 2095 3845 membra
2128 3786 2352 3864 Scorti3
2398 3785 2596 3843 Facile
2646 3793 2736 3845 est

315 3866 680 3943 respondere,
712 3868 836 3926 hsec
857 3866 974 3926 κατ’
999 3864 1144 3927 ἄλλο
1169 3872 1260 3926 καὶ
1287 3866 1429 3926 ἄλλο
1457 3865 1672 3943 optime
1701 3864 1773 3925 de
1802 3866 2005 3927 eodem
2035 3865 2150 3925 dici
2178 3884 2383 3943 posse;
2428 3865 2577 3923 Nam
2596 3865 2737 3942 quid

313 3946 524 4024 obstat,
555 3948 864 4026 quominus
891 3948 990 4007 ille
1017 3948 1120 4024 qui
1147 3949 1206 4007 in
1231 3967 1291 4007 sc
1311 3954 1604 4025 spectatus
1623 3946 1813 4023 quoad
1825 3947 2131 4024 proprium
2149 3946 2492 4020 demeritum,
2514 3954 2735 4004 reatum

316 4027 518 4087 mortis
545 4027 840 4106 peccando
867 4028 1175 4103 contraxit,
1205 4036 1266 4088 et
1293 4028 1506 4105 dignus
1535 4034 1625 4085 est
1652 4026 1753 4104 qui
1780 4028 1970 4105 gratia
1998 4026 2111 4085 Dei
2139 4034 2199 4085 et
2227 4025 2413 4085 salute
2442 4026 2734 4102 privetur3

315 4108 481 4167 Idem
509 4116 702 4167 tamen
731 4110 790 4168 in
821 4109 1044 4169 Christo
1072 4108 1468 4168 consideratus
1496 4116 1556 4167 et
1581 4115 1816 4185 propter
1830 4108 2089 4165 meritum
2116 4109 2233 4181 ejus
2252 4105 2366 4183 ipsi
2392 4104 2736 4182 imputatum

315 4208 392 4247 ex
423 4189 536 4249 Dei
564 4188 826 4265 consilio,
849 4190 1046 4266 justus
1074 4196 1372 4267 reputetur
1405 4186 1562 4266 apud
1607 4189 1816 4261 Deum,
1868 4196 1927 4247 et
1970 4187 2015 4247 J
2015 4204 2085 4245 us
2129 4184 2205 4243 ad
2250 4185 2431 4243 vitam
2462 4193 2735 4243 aeternam

312 4289 540 4348 semper
565 4270 869 4329 obtineat?
950 4269 1172 4329 Reatus
1199 4269 1354 4328 enim
1380 4268 1558 4345 hujus
1605 4267 1705 4327 vel
1730 4267 1889 4325 iliius
1930 4266 2171 4343 peccati,
2199 4283 2317 4323 non
2346 4264 2543 4323 statim
2568 4264 2735 4324 abro-

311 4358 412 4427 gat
440 4358 655 4411 statum
683 4368 944 4428 personae
974 4351 1102 4409 Deo
1150 4370 1254 4427 per
1283 4348 1576 4407 Christum
1618 4345 2038 4419 reconciliatoe3
2088 4352 2313 4405 tantum
2344 4344 2483 4404 facit
2510 4364 2579 4403 eo
2605 4344 2737 4405 loco

314 4450 459 4507 esse,
489 4440 556 4491 ut
581 4430 712 4490 tolli
738 4433 938 4509 possit,
969 4440 1030 4491 et
1055 4430 1170 4489 nisi
1205 4437 1428 4487 mature
1477 4426 1871 4500 subveniatur,
1916 4423 2209 4483 tollendus
2238 4424 2346 4501 sit;
2388 4432 2583 4503 potest
2608 4426 2736 4503 qui-

315 4510 446 4569 dem
475 4511 760 4588 effectum,
791 4522 850 4572 et
878 4530 1110 4571 sensum
1131 4507 1566 4588 justificationis
1595 4528 1631 4565 a
1656 4506 1815 4565 fideli
1842 4504 1919 4564 ad
1946 4513 2175 4583 tempus
2222 4504 2461 4582 auferre,
2493 4526 2566 4565 ne
2594 4526 2737 4584 paee

315 4590 538 4651 fruatur
564 4590 719 4669 apud
749 4592 974 4667 Deum;
1023 4590 1140 4651 Sed
1167 4610 1286 4649 non
1331 4596 1526 4666 potest
1559 4583 1997 4666 justificationis
2026 4593 2241 4645 statum
2268 4585 2607 4663 dissolvere,
2640 4586 2735 4645 vel

315 4680 504 4731 actum
536 4672 736 4731 aeterni
764 4669 1132 4748 beneplaciti,
1163 4690 1278 4746 quo
1305 4688 1414 4729 nos
1457 4668 1517 4726 in
1567 4668 1800 4728 Christo
1846 4673 2043 4743 gratos
2086 4666 2309 4745 habuit,
2358 4666 2617 4742 refigere,
2642 4666 2739 4728 vel
