3234 5192
303 409 532 451 nisru'r.
562 388 770 471 xima]
934 409 1012 448 nn
1041 405 1522 449 sarrsrac‘rioms
1550 407 1789 450 cnmsrr
1818 407 2135 451 vantra-rs.
2598 399 2707 458 571

307 551 510 609 merito
533 550 700 609 nobis
729 549 939 608 debet..
1021 553 1078 608 2.
1128 549 1189 608 Si
1218 550 1330 608 hoe
1357 549 1658 623 obtineret,
1690 549 1837 608 nihil
1854 550 2103 627 amplius
2132 551 2471 612 contulisset
2502 555 2719 617 Christi

305 648 462 688 mors
502 630 578 688 ad
633 629 1020 706 expiationem
1066 649 1239 706 quam
1295 628 1548 688 victimas
1604 631 1842 706 legales,
1893 649 2029 687 nam
2072 642 2129 690 et
2184 631 2313 691 istae
2358 635 2575 708 pariter
2614 657 2715 713 po-

304 718 570 786 poterant
597 709 888 768 declarare
917 710 1330 781 remissionem,
1365 708 1509 782 Imo,
1541 729 1617 766 ex
1660 710 1994 786 praescripto
2026 710 2137 768 Dei
2166 711 2458 787 confectae,
2491 715 2717 775 nullum

307 789 378 847 de
409 789 676 864 supplicii
703 789 1040 847 remissione
1083 787 1384 846 dubitandi
1413 789 1604 846 locum
1634 789 2051 865 relinquebant,
2073 802 2139 849 ut
2157 791 2390 850 Volkel.
2420 793 2715 872 loquitur;

307 869 393 927 At
425 869 720 946 Scriptura
739 879 934 926 tamen
962 868 1174 927 diserte
1203 877 1381 946 negat
1409 868 1665 944 potuisse
1711 869 1993 945 sanguine
2041 871 2327 929 hircorum
2375 872 2499 929 tolli
2528 885 2585 932 et
2614 895 2717 932 ex-

305 948 453 1026 piari
479 959 732 1024 peccata,
757 967 888 1024 quae
917 947 1133 1006 Christi
1159 948 1441 1024 sanguine
1471 958 1606 1005 sunt
1634 948 1867 1024 expiata
1891 970 1904 1007 z
1938 949 2143 1026 ltaque
2172 950 2331 1008 aliud
2358 951 2497 1027 quid
2527 953 2715 1011 effica-

306 1028 432 1086 cius
486 1037 694 1104 praeter
747 1027 1194 1086 declarationem
1249 1027 1562 1085 contulisse
1611 1046 1847 1086 neeesse
1890 1038 1997 1087 est.
2080 1033 2135 1088 3.
2182 1029 2371 1104 Quum
2401 1031 2712 1092 declaratio

305 1106 430 1165 haec
453 1109 625 1166 rebus
653 1107 826 1166 etiam
861 1107 992 1165 aliis
1036 1115 1340 1184 competat,
1387 1118 1446 1165 et
1474 1105 1707 1182 quidem
1736 1107 1919 1165 multo
1940 1108 2307 1185 luculentius,
2338 1120 2403 1171 ut
2430 1130 2714 1170 resurrec-

306 1186 448 1245 tioni
479 1187 710 1261 Christi,
742 1186 1030 1245 vocationi
1073 1187 1148 1244 ad
1177 1186 1440 1262 gratiam,
1471 1186 1733 1244 missioni
1778 1187 2026 1263 Spiritus
2072 1189 2131 1248 S.
2162 1191 2403 1266 ejusque
2444 1192 2717 1250 testifica-

303 1265 448 1324 tioni
489 1267 746 1340 internae,
778 1266 956 1323 verbo
998 1274 1058 1324 et
1097 1265 1485 1340 sacramentis,
1518 1267 1635 1324 Cur
1660 1268 1829 1324 morti
1872 1278 1931 1325 et
1952 1269 2219 1344 sanguini
2258 1279 2588 1329 constanter
2613 1272 2716 1329 tri-

306 1344 579 1404 bueretur
619 1345 890 1422 expiatiO,
936 1345 1066 1403 aliis
1107 1364 1250 1402 vero
1287 1364 1669 1423 nequaquam,
1702 1346 1751 1404 si
1794 1347 2047 1423 expiatio
2096 1347 2446 1409 declarative
2488 1361 2713 1410 tantum

308 1434 462 1482 esset
509 1423 935 1500 intelligenda?
1035 1429 1092 1481 4.
1139 1425 1270 1499 Quo
1313 1443 1486 1484 sensu
1533 1445 1640 1484 nos
1686 1425 1931 1484 redemit
1959 1426 2222 1485 Christus
2266 1438 2449 1488 morte
2491 1449 2611 1504 sua,
2644 1450 2713 1488 eo

308 1523 482 1562 sensu
509 1505 792 1580 sanguine
845 1505 974 1581 ejus
1001 1504 1318 1582 expiamur,
1365 1505 1450 1563 At
1478 1525 1584 1563 nos
1632 1505 1837 1564 redimi
1884 1515 2085 1580 morte,
2115 1525 2232 1564 non
2282 1518 2371 1566 est
2414 1519 2596 1567 morte
2624 1530 2715 1569 re-

306 1582 694 1660 demptionem
724 1583 1020 1657 declarari,
1067 1585 1136 1642 Ε.
1181 1585 1402 1661 expiari
1432 1594 1492 1644 ct
1518 1585 1781 1644 mundari
1824 1605 1942 1644 non
1983 1585 2445 1662 declarationem,
2487 1589 2591 1648 sed
2618 1610 2714 1649 ac-

307 1663 520 1722 tionem
545 1663 830 1740 designat.
900 1665 996 1723 Sic
1018 1663 1306 1740 quomodo
1325 1663 1536 1723 dicitur
1557 1676 1815 1743 portasse
1835 1675 2087 1742 peccata,
2108 1677 2347 1725 eatenus
2368 1678 2428 1726 et
2448 1669 2714 1745 expiasse

307 1745 645 1818 censendus,
677 1745 820 1802 istas
847 1745 999 1802 enim
1029 1745 1268 1821 phrases
1295 1745 1356 1802 in
1388 1743 1596 1821 Script.
1628 1753 1693 1804 ut
1728 1746 2165 1822 aequipollentes
2193 1749 2455 1824 usurpari
2494 1761 2711 1825 notum,

307 1823 394 1882 At
421 1823 673 1900 portavit
701 1842 816 1882 non
845 1823 1214 1898 declarativa,
1245 1823 1346 1882 sed
1389 1824 1746 1901 judicialiter
1793 1835 1851 1884 et
1878 1826 2167 1884 meritorie
2210 1835 2273 1885 ut
2303 1847 2475 1904 supra
2502 1830 2709 1904 visum,

307 1903 380 1960 Ε.
423 1903 636 1980 pariter
679 1905 892 1981 expiat.
977 1907 1032 1962 5.
1081 1905 1144 1963 Si
1173 1904 1428 1980 expiatio
1475 1905 1600 1962 haec
1656 1913 1809 1964 esset
1872 1905 2240 1979 declarativa,
2285 1909 2599 1982 pertineret
2638 1909 2715 1966 ad

307 1982 555 2041 officium
575 1984 964 2059 propheticum
993 2003 1109 2040 non
1136 1985 1502 2057 sacerdotale,
1535 1984 1622 2041 At
1660 1983 1889 2043 Christo
1917 1985 2067 2042 hanc
2096 1986 2271 2044 tribui
2320 2005 2433 2044 non
2464 1997 2529 2047 ut
2571 1988 2711 2046 Pro-

306 2063 512 2138 phetae,
546 2062 650 2120 sed
677 2073 742 2120 ut
765 2063 1016 2136 victimoe,
1049 2081 1166 2118 non
1209 2071 1274 2120 ut
1324 2062 1550 2120 Pastori
1579 2070 1639 2119 et
1684 2061 1922 2120 Doctori
1973 2063 2076 2120 sed
2104 2075 2169 2121 ut
2208 2067 2373 2138 Aqno
2403 2067 2595 2125 notius
2624 2076 2715 2126 est

307 2161 480 2216 quam
503 2151 602 2208 ,ut
671 2140 1010 2217 probatione
1058 2141 1334 2214 indigeat.
1421 2143 1476 2198 6.
1527 2142 1863 2198 Declaratio
1906 2141 2139 2217 respicit
2203 2143 2447 2200 homines
2500 2144 2713 2219 quibus

306 2219 432 2276 fieri
461 2219 633 2278 debet
659 2219 734 2276 ad
763 2219 936 2276 fidem
965 2218 1320 2276 remissionis
1347 2217 1795 2295 ingenerandam
1820 2240 1835 2292 ς
1868 2221 1955 2277 At
1981 2221 2229 2294 capiatio
2247 2241 2377 2297 quae
2408 2223 2471 2280 fit
2493 2223 2552 2279 in
2582 2243 2713 2281 san-

307 2299 484 2375 guine
511 2300 701 2374 ipsum
730 2301 934 2372 Deum,
967 2298 1067 2374 qui
1095 2297 1196 2356 tali
1226 2296 1390 2377 λῦτςῃ
1419 2297 1734 2376 placandus
1768 2307 1827 2356 et
1855 2299 2312 2358 reconciliandus
2354 2303 2516 2360 venit
2541 2325 2555 2361 :
2601 2304 2715 2362 Illa

307 2378 382 2436 ad
423 2377 680 2436 divinam
701 2378 1058 2436 voluntatem
1090 2378 1336 2454 pertinet
1365 2399 1494 2455 quae
1522 2377 1853 2436 hominibus
1891 2379 2249 2438 innotescere
2278 2379 2467 2456 debet,
2498 2383 2611 2441 ista
2638 2383 2713 2442 ad

305 2467 550 2536 peccata
571 2477 700 2534 quae
727 2457 1078 2517 removenda
1105 2469 1238 2517 sunt
1266 2479 1302 2518 a
1327 2458 1438 2517 Dei
1465 2467 1795 2534 conspectu,
1828 2459 1967 2518 Alio
1996 2479 2135 2518 vero
2164 2460 2336 2519 modo
2367 2462 2479 2521 Dei
2507 2465 2713 2522 volun·

306 2549 398 2598 tas
424 2540 593 2597 nobis
621 2538 838 2615 patefit,
869 2539 984 2598 alio
1015 2539 1176 2597 Deus
1205 2539 1372 2596 nobis
1401 2539 1757 2614 conciliatur,
1791 2539 1961 2598 Prius
1988 2550 2225 2617 praestat
2247 2540 2510 2601 Christus
2532 2544 2715 2602 verbo

306 2626 366 2676 et
393 2619 615 2696 spiritu,
647 2620 934 2696 posterius
961 2628 1142 2676 morte
1172 2627 1231 2677 et
1252 2619 1550 2696 sanguine.

389 2697 569 2757 xlv.
615 2699 848 2773 QuintO,
879 2698 1092 2757 frustra
1139 2699 1448 2757 recurritur
1475 2701 1551 2756 ad
1575 2699 1827 2756 victimas
1856 2701 2075 2774 leyales,
2108 2707 2171 2756 ut
2199 2699 2432 2774 aliquod
2461 2701 2596 2759 huic
2624 2721 2711 2759 er·

305 2777 420 2835 rori
438 2791 731 2855 quaeratur
749 2778 1012 2852 fulcrum,
1037 2779 1200 2854 quasi
1215 2779 1230 2834 i
1235 2797 1354 2854 psas
1375 2789 1596 2836 tantum
1622 2780 2007 2835 antecedenter
2024 2787 2081 2834 et
2093 2779 2431 2836 declarativa
2448 2781 2713 2856 expiasse

305 2855 650 2916 dicerentur.
736 2857 885 2914 Nam
941 2867 1008 2915 ut
1060 2877 1212 2914 nunc
1267 2876 1380 2913 non
1445 2857 1807 2914 excutiamus
1868 2856 2101 2913 modum
2151 2856 2497 2931 expiationis
2544 2859 2713 2916 victi--

307 2953 530 2994 marum
568 2935 862 3011 legalium,
894 2935 966 2993 de
1021 2955 1136 3011 quo
1191 2935 1500 2992 dicendum
1555 2935 1664 2993 erit
1700 2943 1901 3010 postea
1954 2934 2153 3008 fusiuS,
2203 2935 2390 2992 obiter
2441 2937 2711 2994 observa-

307 3031 436 3070 mus
473 3014 618 3070 nihil
647 3034 774 3072 esse
829 3014 924 3071 hie
977 3013 1228 3090 praesidii
1283 3012 1647 3085 adversariis,
1679 3013 1891 3088 quippe
1940 3012 2191 3070 victimae
2239 3012 2367 3070 istae
2422 3014 2709 3092 duplicem

306 3093 472 3166 σχίσιν
525 3092 762 3151 induere
819 3103 1076 3170 possunt,
1109 3091 1204 3149 vel
1251 3093 1562 3149 absolutam
1615 3101 1674 3149 et
1728 3091 2017 3148 carnalem
2062 3091 2121 3148 in
2151 3111 2229 3166 se,
2274 3093 2371 3150 vel
2413 3097 2711 3154 relativam

305 3183 366 3229 et
419 3172 672 3248 typicam
716 3180 982 3248 respectu
1028 3170 1255 3229 'Christi
1310 3189 1482 3246 quem
1525 3169 1983 3240 adumbrabant3
2042 3171 2229 3231 Priori
2269 3183 2549 3250 respectu,
2594 3197 2712 3235 non

305 3259 530 3310 tantum
557 3271 676 3310 non
735 3251 1048 3327 expiabant
1115 3249 1520 3307 antecedenter
1586 3258 1647 3308 et
1710 3248 2075 3325 declarativa,
2126 3251 2229 3309 sed
2282 3271 2356 3310 ne
2398 3255 2712 3332 expiabant

305 3331 540 3408 quidem
593 3331 714 3390 ullo
769 3329 958 3405 mod0,
1018 3329 1134 3387 imo
1189 3328 1604 3388 ordinabantur
1656 3329 1850 3406 potius
1904 3330 1981 3388 ad
2046 3331 2311 3390 homines
2380 3346 2711 3409 peccatores

307 3412 396 3470 sui
453 3420 644 3470 reatus
699 3409 1142 3482 convincendos,
1202 3418 1484 3484 quatenus
1537 3419 1871 3486 peccatores
1940 3410 1999 3467 in
2028 3411 2279 3470 victimis
2335 3432 2465 3488 quae
2520 3435 2621 3492 pro
2651 3436 2713 3476 se

306 3491 699 3550 moriebantur
754 3489 1029 3547 videbant
1058 3509 1120 3547 se
1147 3489 1348 3547 mortis
1397 3509 1542 3565 reos,
1574 3498 1635 3548 et
1680 3489 1741 3547 in
1763 3489 1991 3548 illarum
2040 3491 2385 3550 mactatione
2416 3495 2710 3572 chirogra-

303 3572 480 3647 phum
511 3571 728 3629 dabant
758 3569 884 3628 Deo
915 3568 1140 3626 illarum
1172 3569 1452 3646 sanguine
1498 3569 1905 3646 conscriptum,
1938 3590 2055 3646 quo
2083 3589 2145 3629 se
2190 3571 2579 3632 maledictioni
2609 3575 2709 3633 ob-

305 3650 512 3708 noxios
551 3658 609 3708 et
656 3669 841 3726 poenae
885 3648 1175 3706 debitores
1203 3649 1610 3724 agnoscebant.
1704 3649 1861 3708 Hinc
1914 3649 2119 3727 Apost.
2150 3651 2362 3709 diserte
2392 3664 2567 3730 negat
2594 3655 2713 3713 illis

305 3739 526 3804 partam
549 3729 726 3788 fuisse
776 3728 1168 3787 remissionem
1199 3747 1389 3786 coram
1423 3727 1566 3801 Deo,
1613 3728 1767 3787 Heb.
1790 3729 1871 3787 ix.
1902 3732 1957 3805 9,
1994 3733 2086 3802 10,
2118 3740 2175 3788 et
2203 3751 2262 3788 x.
2297 3733 2347 3804 1,
2381 3735 2435 3804 2,
2467 3737 2543 3806 43
2594 3733 2711 3792 Sed

305 3808 623 3884 posteriori,
655 3829 858 3867 revera
877 3818 1120 3885 possunt
1149 3808 1262 3865 dici
1292 3809 1556 3885 expiasse
1587 3828 1703 3866 non
1732 3810 1959 3886 proprie
1988 3819 2045 3868 et
2076 3829 2177 3886 per
2206 3831 2284 3884 se,
2318 3811 2419 3869 sed
2450 3813 2625 3887 typice
2652 3822 2712 3872 et

286 3889 597 3966 fiyurative
625 3889 838 3947 virtute
880 3887 1144 3946 sacrificii
1174 3887 1310 3944 olim
1359 3907 1462 3964 per
1490 3887 1782 3946 Christum
1830 3888 2105 3948 offerendi
2156 3891 2319 3967 cujus
2347 3890 2463 3947 illae
2494 3893 2713 3950 umbrae

305 3978 467 4026 erant
501 3978 561 4026 et
588 3968 806 4044 figurae,
832 3969 914 4025 ita
939 3977 1004 4026 ut
1053 3966 1290 4042 sanguis
1336 3967 1549 4025 Christi
1597 3967 1995 4042 effundendus,
2018 3969 2143 4043 jam
2188 3969 2495 4030 efficaciam
2548 3989 2711 4030 suam

306 4046 646 4106 extenderet
674 4048 748 4105 ad
776 4045 977 4105 fideles
1005 4047 1141 4105 Vet.
1165 4047 1324 4105 Test.
1353 4047 1706 4124 purgandos,
1740 4048 1791 4105 A
1800 4067 1926 4124 poc.
1956 4049 2080 4106 xiii.
2111 4051 2167 4106 8.
2240 4049 2465 4107 Rursus
2492 4060 2557 4108 ut
2584 4070 2709 4110 rea·

302 4137 400 4184 tus
434 4126 651 4203 duplex
695 4127 820 4200 fuit,
867 4127 1080 4202 typicus
1119 4126 1312 4201 quoad
1361 4127 1781 4185 immunditiem
1811 4127 2015 4200 cai-nie,
2048 4137 2106 4185 et
2134 4130 2305 4186 realis
2351 4129 2543 4206 quoad
2572 4149 2707 4188 con-

307 4206 624 4280 scientiam,
658 4207 752 4266 Ita
779 4206 1027 4281 expiatio
1056 4205 1156 4262 illa
1185 4205 1278 4263 vel
1302 4205 1414 4264 fuit
1433 4208 1620 4282 typica
1638 4215 1691 4264 et
1716 4206 2119 4264 coeremoniacis
2154 4207 2251 4264 vel
2280 4209 2453 4266 realis
2478 4218 2537 4267 ct
2566 4230 2709 4286 mys·-

307 4287 432 4360 tica,
466 4285 565 4344 Ad
593 4287 744 4344 hanc
770 4284 914 4343 nihil
941 4305 1143 4343 revera
1171 4285 1428 4343 conferre
1455 4295 1767 4362 potuerunt
1810 4305 1913 4362 per
1933 4304 2011 4359 se,
2043 4286 2397 4362 impossibile
2426 4289 2713 4364 siquidem

304 4364 415 4425 suit
442 4366 724 4442 sanguine
754 4375 1044 4424 taurorum
1072 4364 1200 4423 tolli
1229 4373 1480 4440 peccata,
1515 4365 1616 4422 sed
1666 4364 1855 4441 quoad
1886 4365 2043 4422 illam
2076 4366 2221 4424 nihil
2258 4367 2526 4426 obstabat
2569 4389 2711 4445 quo-

303 4447 496 4505 minus
535 4465 662 4504 eam
712 4445 1018 4504 efficaciter
1063 4453 1450 4520 procurarent,
1481 4455 1547 4503 ut
1590 4443 1798 4521 Apost.
1855 4453 2098 4503 testatur
2139 4449 2175 4478 ‘⁶
2196 4466 2471 4524 purgasse
2522 4451 2713 4524 quoad

305 4526 610 4604 puritatem
659 4525 904 4600 earnis,'’
949 4523 1102 4582 Heb.
1131 4523 1213 4582 ix·
1248 4526 1339 4582 13.
1425 4524 1651 4600 Quippe
1698 4533 1764 4582 ut
1806 4534 1999 4582 reatus
2026 4525 2137 4583 iste
2183 4527 2244 4584 vi
2285 4527 2713 4590 constitutionis

301 4606 510 4683 legalis
565 4607 913 4665 constitutus
966 4603 1170 4678 fuerat,
1195 4603 1410 4681 alioqui
1437 4613 1645 4662 natura
1690 4623 1795 4662 sua
1829 4604 2040 4680 nullus,
2072 4605 2155 4664 ita
2207 4607 2406 4665 eadem
2437 4610 2715 4668 constitu-

303 4689 462 4746 tione
506 4686 636 4746 tolli
682 4687 871 4764 potuit
899 4693 958 4743 et
1010 4684 1282 4761 purgari:
1337 4683 1514 4761 priori
1568 4694 1831 4760 respectu
1876 4685 2124 4760 opposite
2176 4687 2613 4748 considerantur
2639 4690 2715 4754 ad
