<?xml version="1.0" encoding="UTF-8"?>
<!DOCTYPE html PUBLIC "-//W3C//DTD XHTML 1.0 Transitional//EN"
    "http://www.w3.org/TR/xhtml1/DTD/xhtml1-transitional.dtd">
<html xmlns="http://www.w3.org/1999/xhtml" xml:lang="en" lang="en">
 <head>
  <title>
</title>
<meta http-equiv="Content-Type" content="text/html;charset=utf-8" />
  <meta name='ocr-system' content='tesseract 3.04.00' />
  <meta name='ocr-capabilities' content='ocr_page ocr_carea ocr_par ocr_line ocrx_word'/>
</head>
<body>
  <div class='ocr_page' id='page_1' title='image "./denecessariasec00turrgoog_0695.png"; bbox 0 0 3234 5192; ppageno 0'>
   <div class='ocr_carea' id='block_1_1' title="bbox 316 356 2726 437">
    <p class='ocr_par' dir='ltr' id='par_1_1' title="bbox 316 356 2726 437">
     <span class='ocr_line' id='line_1_1' title="bbox 316 356 2726 437; baseline -0 -22"><span class='ocrx_word' id='word_1_1' title='bbox 316 376 547 417; x_wconf 78' lang='lat' dir='ltr'>msru&#39;r.</span> <span class='ocrx_word' id='word_1_2' title='bbox 579 356 713 437; x_wconf 56' lang='grc' dir='ltr'>παι]</span> <span class='ocrx_word' id='word_1_3' title='bbox 932 376 1009 415; x_wconf 78' lang='lat' dir='ltr'>m:</span> <span class='ocrx_word' id='word_1_4' title='bbox 1040 374 1514 415; x_wconf 63' lang='lat' dir='ltr'>sa&#39;rrsmcrroms</span> <span class='ocrx_word' id='word_1_5' title='bbox 1544 375 1778 416; x_wconf 74' lang='lat' dir='ltr'>cums-rr</span> <span class='ocrx_word' id='word_1_6' title='bbox 1807 376 2124 417; x_wconf 63' lang='lat' dir='ltr'>vsmra&#39;rs.</span> <span class='ocrx_word' id='word_1_7' title='bbox 2615 359 2726 417; x_wconf 81' lang='lat'>637</span> 
     </span>
    </p>
   </div>
   <div class='ocr_carea' id='block_1_2' title="bbox 318 517 2741 4765">
    <p class='ocr_par' dir='ltr' id='par_1_2' title="bbox 319 517 2725 659">
     <span class='ocr_line' id='line_1_2' title="bbox 319 517 2725 595; baseline 0 -18"><span class='ocrx_word' id='word_1_8' title='bbox 319 518 661 577; x_wconf 79' lang='lat' dir='ltr'>obedientiae</span> <span class='ocrx_word' id='word_1_9' title='bbox 693 517 906 577; x_wconf 81' lang='lat' dir='ltr'>Christi</span> <span class='ocrx_word' id='word_1_10' title='bbox 936 537 1051 575; x_wconf 90' lang='lat' dir='ltr'>non</span> <span class='ocrx_word' id='word_1_11' title='bbox 1080 526 1303 576; x_wconf 88' lang='lat' dir='ltr'>tantum</span> <span class='ocrx_word' id='word_1_12' title='bbox 1326 518 1509 595; x_wconf 88' lang='lat' dir='ltr'>aperit</span> <span class='ocrx_word' id='word_1_13' title='bbox 1530 517 1804 593; x_wconf 78' lang='lat' dir='ltr'>abyssum</span> <span class='ocrx_word' id='word_1_14' title='bbox 1829 519 2030 577; x_wconf 89' lang='lat' dir='ltr'>mortis</span> <span class='ocrx_word' id='word_1_15' title='bbox 2050 526 2116 577; x_wconf 92' lang='lat' dir='ltr'>ut</span> <span class='ocrx_word' id='word_1_16' title='bbox 2144 536 2219 575; x_wconf 90' lang='lat' dir='ltr'>cx</span> <span class='ocrx_word' id='word_1_17' title='bbox 2247 538 2316 576; x_wconf 88' lang='lat' dir='ltr'>ea</span> <span class='ocrx_word' id='word_1_18' title='bbox 2345 518 2725 595; x_wconf 81' lang='lat' dir='ltr'>egrediamur,</span> 
     </span>
     <span class='ocr_line' id='line_1_3' title="bbox 322 598 1764 659; baseline -0.002 0"><span class='ocrx_word' id='word_1_19' title='bbox 322 599 427 659; x_wconf 83' lang='lat' dir='ltr'>scd</span> <span class='ocrx_word' id='word_1_20' title='bbox 455 610 513 658; x_wconf 88' lang='lat' dir='ltr'>et</span> <span class='ocrx_word' id='word_1_21' title='bbox 543 599 853 658; x_wconf 89' lang='lat' dir='ltr'>sacrarium</span> <span class='ocrx_word' id='word_1_22' title='bbox 883 598 1015 656; x_wconf 88' lang='lat' dir='ltr'>coeli</span> <span class='ocrx_word' id='word_1_23' title='bbox 1044 606 1261 656; x_wconf 82' lang='lat' dir='ltr'><strong>reserat</strong></span> <span class='ocrx_word' id='word_1_24' title='bbox 1289 605 1352 655; x_wconf 93' lang='lat' dir='ltr'>ut</span> <span class='ocrx_word' id='word_1_25' title='bbox 1371 618 1439 655; x_wconf 90' lang='lat' dir='ltr'>eo</span> <span class='ocrx_word' id='word_1_26' title='bbox 1468 598 1764 657; x_wconf 82' lang='lat' dir='ltr'><strong>intremus.</strong></span> 
     </span>
    </p>

    <p class='ocr_par' dir='ltr' id='par_1_3' title="bbox 318 675 2741 2756">
     <span class='ocr_line' id='line_1_4' title="bbox 405 675 2731 755; baseline 0 -18"><span class='ocrx_word' id='word_1_27' title='bbox 405 680 655 737; x_wconf 88' lang='lat' dir='ltr'>XXVI.</span> <span class='ocrx_word' id='word_1_28' title='bbox 703 680 824 737; x_wconf 90' lang='lat' dir='ltr'>Nec</span> <span class='ocrx_word' id='word_1_29' title='bbox 853 678 946 735; x_wconf 88' lang='lat' dir='ltr'>hic</span> <span class='ocrx_word' id='word_1_30' title='bbox 975 677 1295 735; x_wconf 87' lang='lat' dir='ltr'>audiendus</span> <span class='ocrx_word' id='word_1_31' title='bbox 1330 678 1572 737; x_wconf 85' lang='lat' dir='ltr'>Socinus</span> <span class='ocrx_word' id='word_1_32' title='bbox 1618 679 1718 755; x_wconf 91' lang='lat' dir='ltr'>qui</span> <span class='ocrx_word' id='word_1_33' title='bbox 1764 678 2030 735; x_wconf 90' lang='lat' dir='ltr'>meritum</span> <span class='ocrx_word' id='word_1_34' title='bbox 2074 684 2252 753; x_wconf 88' lang='lat' dir='ltr'>negat</span> <span class='ocrx_word' id='word_1_35' title='bbox 2279 675 2403 735; x_wconf 88' lang='lat' dir='ltr'>dari</span> <span class='ocrx_word' id='word_1_36' title='bbox 2433 698 2601 754; x_wconf 91' lang='lat' dir='ltr'>posse</span> <span class='ocrx_word' id='word_1_37' title='bbox 2630 680 2731 737; x_wconf 92' lang='lat' dir='ltr'>ubi</span> 
     </span>
     <span class='ocr_line' id='line_1_5' title="bbox 322 757 2730 835; baseline 0 -18"><span class='ocrx_word' id='word_1_38' title='bbox 322 768 413 818; x_wconf 89' lang='lat' dir='ltr'>est</span> <span class='ocrx_word' id='word_1_39' title='bbox 441 758 772 833; x_wconf 80' lang='lat' dir='ltr'>satisfactiO,</span> <span class='ocrx_word' id='word_1_40' title='bbox 804 757 961 835; x_wconf 93' lang='lat' dir='ltr'>quod</span> <span class='ocrx_word' id='word_1_41' title='bbox 990 758 1114 817; x_wconf 81' lang='lat' dir='ltr'>haec</span> <span class='ocrx_word' id='word_1_42' title='bbox 1164 759 1238 817; x_wconf 91' lang='lat' dir='ltr'>sit</span> <span class='ocrx_word' id='word_1_43' title='bbox 1284 758 1494 817; x_wconf 86' lang='lat' dir='ltr'>solutio</span> <span class='ocrx_word' id='word_1_44' title='bbox 1540 758 1725 817; x_wconf 89' lang='lat' dir='ltr'>debiti</span> <span class='ocrx_word' id='word_1_45' title='bbox 1752 758 1823 817; x_wconf 90' lang='lat' dir='ltr'>de</span> <span class='ocrx_word' id='word_1_46' title='bbox 1849 758 1994 835; x_wconf 85' lang='lat' dir='ltr'>jure,</span> <span class='ocrx_word' id='word_1_47' title='bbox 2027 758 2136 815; x_wconf 88' lang='lat' dir='ltr'>hoc</span> <span class='ocrx_word' id='word_1_48' title='bbox 2165 778 2303 815; x_wconf 84' lang='lat' dir='ltr'>vero</span> <span class='ocrx_word' id='word_1_49' title='bbox 2333 776 2478 834; x_wconf 91' lang='lat' dir='ltr'>opus</span> <span class='ocrx_word' id='word_1_50' title='bbox 2506 757 2730 817; x_wconf 88' lang='lat' dir='ltr'>indebi-</span> 
     </span>
     <span class='ocr_line' id='line_1_6' title="bbox 324 836 2732 915; baseline -0 -17"><span class='ocrx_word' id='word_1_51' title='bbox 324 848 466 899; x_wconf 90' lang='lat' dir='ltr'>tum.</span> <span class='ocrx_word' id='word_1_52' title='bbox 554 840 685 897; x_wconf 91' lang='lat' dir='ltr'>Hoc</span> <span class='ocrx_word' id='word_1_53' title='bbox 714 840 865 897; x_wconf 89' lang='lat' dir='ltr'>enim</span> <span class='ocrx_word' id='word_1_54' title='bbox 893 838 1000 896; x_wconf 88' lang='lat' dir='ltr'>etsi</span> <span class='ocrx_word' id='word_1_55' title='bbox 1029 858 1231 896; x_wconf 86' lang='lat' dir='ltr'>verum</span> <span class='ocrx_word' id='word_1_56' title='bbox 1261 858 1387 896; x_wconf 87' lang='lat' dir='ltr'>esse</span> <span class='ocrx_word' id='word_1_57' title='bbox 1415 847 1611 915; x_wconf 91' lang='lat' dir='ltr'>posset</span> <span class='ocrx_word' id='word_1_58' title='bbox 1640 838 1712 897; x_wconf 89' lang='lat' dir='ltr'>de</span> <span class='ocrx_word' id='word_1_59' title='bbox 1755 836 2144 897; x_wconf 81' lang='lat' dir='ltr'><strong>satisfactione</strong></span> <span class='ocrx_word' id='word_1_60' title='bbox 2173 858 2290 915; x_wconf 88' lang='lat' dir='ltr'>qua</span> <span class='ocrx_word' id='word_1_61' title='bbox 2317 838 2448 915; x_wconf 91' lang='lat' dir='ltr'>quis</span> <span class='ocrx_word' id='word_1_62' title='bbox 2478 840 2732 897; x_wconf 81' lang='lat' dir='ltr'>exsolvit</span> 
     </span>
     <span class='ocr_line' id='line_1_7' title="bbox 324 918 2730 996; baseline -0.001 -19"><span class='ocrx_word' id='word_1_63' title='bbox 324 918 583 978; x_wconf 89' lang='lat' dir='ltr'>debitum</span> <span class='ocrx_word' id='word_1_64' title='bbox 612 920 923 996; x_wconf 90' lang='lat' dir='ltr'>proprium,</span> <span class='ocrx_word' id='word_1_65' title='bbox 955 918 1055 995; x_wconf 92' lang='lat' dir='ltr'>qui</span> <span class='ocrx_word' id='word_1_66' title='bbox 1084 918 1235 975; x_wconf 89' lang='lat' dir='ltr'>enim</span> <span class='ocrx_word' id='word_1_67' title='bbox 1272 918 1351 976; x_wconf 88' lang='lat' dir='ltr'>ita</span> <span class='ocrx_word' id='word_1_68' title='bbox 1381 918 1661 977; x_wconf 82' lang='lat' dir='ltr'>satisfacit</span> <span class='ocrx_word' id='word_1_69' title='bbox 1686 918 1832 976; x_wconf 87' lang='lat' dir='ltr'>nihil</span> <span class='ocrx_word' id='word_1_70' title='bbox 1860 928 2127 991; x_wconf 87' lang='lat' dir='ltr'>meretur,</span> <span class='ocrx_word' id='word_1_71' title='bbox 2159 938 2266 976; x_wconf 88' lang='lat' dir='ltr'>nec</span> <span class='ocrx_word' id='word_1_72' title='bbox 2295 918 2385 976; x_wconf 90' lang='lat' dir='ltr'>sui</span> <span class='ocrx_word' id='word_1_73' title='bbox 2413 936 2520 977; x_wconf 90' lang='lat' dir='ltr'>nec</span> <span class='ocrx_word' id='word_1_74' title='bbox 2549 918 2730 977; x_wconf 89' lang='lat' dir='ltr'>credi·</span> 
     </span>
     <span class='ocr_line' id='line_1_8' title="bbox 324 998 2734 1076; baseline 0 -18"><span class='ocrx_word' id='word_1_75' title='bbox 324 999 467 1059; x_wconf 87' lang='lat' dir='ltr'>toris</span> <span class='ocrx_word' id='word_1_76' title='bbox 494 1010 776 1076; x_wconf 88' lang='lat' dir='ltr'>respectu,</span> <span class='ocrx_word' id='word_1_77' title='bbox 808 998 945 1075; x_wconf 87' lang='lat' dir='ltr'>quia</span> <span class='ocrx_word' id='word_1_78' title='bbox 988 1006 1223 1075; x_wconf 74' lang='lat' dir='ltr'><strong>praestat</strong></span> <span class='ocrx_word' id='word_1_79' title='bbox 1267 1017 1412 1075; x_wconf 90' lang='lat' dir='ltr'>opus</span> <span class='ocrx_word' id='word_1_80' title='bbox 1460 998 1716 1057; x_wconf 89' lang='lat' dir='ltr'>debitum</span> <span class='ocrx_word' id='word_1_81' title='bbox 1767 999 1838 1056; x_wconf 88' lang='lat' dir='ltr'>de</span> <span class='ocrx_word' id='word_1_82' title='bbox 1879 1000 2049 1076; x_wconf 89' lang='lat' dir='ltr'>jure;</span> <span class='ocrx_word' id='word_1_83' title='bbox 2097 998 2180 1057; x_wconf 93' lang='lat' dir='ltr'>At</span> <span class='ocrx_word' id='word_1_84' title='bbox 2225 998 2296 1057; x_wconf 86' lang='lat' dir='ltr'>de</span> <span class='ocrx_word' id='word_1_85' title='bbox 2331 998 2734 1058; x_wconf 83' lang='lat' dir='ltr'>Satisfactione</span> 
     </span>
     <span class='ocr_line' id='line_1_9' title="bbox 326 1077 2731 1156; baseline 0 -19"><span class='ocrx_word' id='word_1_86' title='bbox 326 1099 443 1155; x_wconf 87' lang='lat' dir='ltr'>qua</span> <span class='ocrx_word' id='word_1_87' title='bbox 470 1079 600 1155; x_wconf 88' lang='lat' dir='ltr'>quis</span> <span class='ocrx_word' id='word_1_88' title='bbox 630 1079 804 1137; x_wconf 85' lang='lat' dir='ltr'>solvit</span> <span class='ocrx_word' id='word_1_89' title='bbox 834 1078 1091 1137; x_wconf 88' lang='lat' dir='ltr'>debitum</span> <span class='ocrx_word' id='word_1_90' title='bbox 1120 1079 1373 1137; x_wconf 89' lang='lat' dir='ltr'>alienum</span> <span class='ocrx_word' id='word_1_91' title='bbox 1401 1077 1609 1137; x_wconf 83' lang='lat' dir='ltr'>falsum</span> <span class='ocrx_word' id='word_1_92' title='bbox 1655 1089 1760 1153; x_wconf 86' lang='lat' dir='ltr'>est,</span> <span class='ocrx_word' id='word_1_93' title='bbox 1793 1087 1984 1156; x_wconf 89' lang='lat' dir='ltr'>potest</span> <span class='ocrx_word' id='word_1_94' title='bbox 2012 1080 2162 1137; x_wconf 88' lang='lat' dir='ltr'>enim</span> <span class='ocrx_word' id='word_1_95' title='bbox 2193 1078 2306 1137; x_wconf 90' lang='lat' dir='ltr'>dici</span> <span class='ocrx_word' id='word_1_96' title='bbox 2337 1100 2441 1156; x_wconf 91' lang='lat' dir='ltr'>pro</span> <span class='ocrx_word' id='word_1_97' title='bbox 2471 1080 2584 1137; x_wconf 89' lang='lat' dir='ltr'>alio</span> <span class='ocrx_word' id='word_1_98' title='bbox 2614 1100 2731 1138; x_wconf 91' lang='lat' dir='ltr'>me-</span> 
     </span>
     <span class='ocr_line' id='line_1_10' title="bbox 326 1158 2732 1236; baseline 0.001 -21"><span class='ocrx_word' id='word_1_99' title='bbox 326 1158 439 1216; x_wconf 90' lang='lat' dir='ltr'>reri</span> <span class='ocrx_word' id='word_1_100' title='bbox 469 1158 791 1236; x_wconf 83' lang='lat' dir='ltr'>dupliciter,</span> <span class='ocrx_word' id='word_1_101' title='bbox 826 1158 903 1217; x_wconf 90' lang='lat' dir='ltr'>Et</span> <span class='ocrx_word' id='word_1_102' title='bbox 922 1168 1184 1235; x_wconf 89' lang='lat' dir='ltr'>respectu</span> <span class='ocrx_word' id='word_1_103' title='bbox 1203 1160 1487 1217; x_wconf 78' lang='lat' dir='ltr'>Debitoris</span> <span class='ocrx_word' id='word_1_104' title='bbox 1506 1159 1576 1217; x_wconf 89' lang='lat' dir='ltr'>de</span> <span class='ocrx_word' id='word_1_105' title='bbox 1597 1180 1712 1235; x_wconf 92' lang='lat' dir='ltr'>quo</span> <span class='ocrx_word' id='word_1_106' title='bbox 1731 1160 1876 1217; x_wconf 84' lang='lat' dir='ltr'>bene</span> <span class='ocrx_word' id='word_1_107' title='bbox 1897 1169 2146 1218; x_wconf 88' lang='lat' dir='ltr'>meretur</span> <span class='ocrx_word' id='word_1_108' title='bbox 2166 1158 2422 1217; x_wconf 85' lang='lat' dir='ltr'>indebite</span> <span class='ocrx_word' id='word_1_109' title='bbox 2452 1159 2732 1233; x_wconf 78' lang='lat' dir='ltr'>solvendo</span> 
     </span>
     <span class='ocr_line' id='line_1_11' title="bbox 325 1238 2729 1317; baseline 0.002 -24"><span class='ocrx_word' id='word_1_110' title='bbox 325 1258 429 1314; x_wconf 89' lang='lat' dir='ltr'>pro</span> <span class='ocrx_word' id='word_1_111' title='bbox 459 1258 527 1296; x_wconf 89' lang='lat' dir='ltr'>eo</span> <span class='ocrx_word' id='word_1_112' title='bbox 557 1238 832 1314; x_wconf 89' lang='lat' dir='ltr'>debitum,</span> <span class='ocrx_word' id='word_1_113' title='bbox 864 1247 921 1297; x_wconf 90' lang='lat' dir='ltr'>et</span> <span class='ocrx_word' id='word_1_114' title='bbox 950 1239 1033 1297; x_wconf 87' lang='lat' dir='ltr'>sic</span> <span class='ocrx_word' id='word_1_115' title='bbox 1063 1259 1231 1316; x_wconf 87' lang='lat' dir='ltr'>opere</span> <span class='ocrx_word' id='word_1_116' title='bbox 1262 1238 1518 1297; x_wconf 85' lang='lat' dir='ltr'>indebito</span> <span class='ocrx_word' id='word_1_117' title='bbox 1542 1239 1891 1317; x_wconf 86' lang='lat' dir='ltr'>acquirendo</span> <span class='ocrx_word' id='word_1_118' title='bbox 1921 1240 1976 1297; x_wconf 90' lang='lat' dir='ltr'>ei</span> <span class='ocrx_word' id='word_1_119' title='bbox 2004 1239 2418 1298; x_wconf 86' lang='lat' dir='ltr'>immunitatem</span> <span class='ocrx_word' id='word_1_120' title='bbox 2452 1260 2486 1297; x_wconf 89' lang='lat' dir='ltr'>a</span> <span class='ocrx_word' id='word_1_121' title='bbox 2515 1239 2729 1314; x_wconf 85' lang='lat' dir='ltr'>debite,</span> 
     </span>
     <span class='ocr_line' id='line_1_12' title="bbox 326 1317 2730 1396; baseline 0.001 -21"><span class='ocrx_word' id='word_1_122' title='bbox 326 1326 384 1376; x_wconf 91' lang='lat' dir='ltr'>et</span> <span class='ocrx_word' id='word_1_123' title='bbox 412 1317 628 1376; x_wconf 87' lang='lat' dir='ltr'>faciens</span> <span class='ocrx_word' id='word_1_124' title='bbox 673 1338 799 1377; x_wconf 87' lang='lat' dir='ltr'>eam</span> <span class='ocrx_word' id='word_1_125' title='bbox 849 1318 900 1378; x_wconf 92' lang='lat' dir='ltr'>ei</span> <span class='ocrx_word' id='word_1_126' title='bbox 940 1338 1015 1377; x_wconf 81' lang='lat' dir='ltr'>ex</span> <span class='ocrx_word' id='word_1_127' title='bbox 1063 1318 1322 1377; x_wconf 89' lang='lat' dir='ltr'>indebita</span> <span class='ocrx_word' id='word_1_128' title='bbox 1366 1318 1620 1377; x_wconf 82' lang='lat' dir='ltr'>debitam</span> <span class='ocrx_word' id='word_1_129' title='bbox 1667 1320 1738 1377; x_wconf 91' lang='lat' dir='ltr'>dc</span> <span class='ocrx_word' id='word_1_130' title='bbox 1770 1320 1919 1396; x_wconf 90' lang='lat' dir='ltr'>jure,</span> <span class='ocrx_word' id='word_1_131' title='bbox 1951 1327 2074 1377; x_wconf 89' lang='lat' dir='ltr'>tum</span> <span class='ocrx_word' id='word_1_132' title='bbox 2105 1327 2367 1395; x_wconf 85' lang='lat' dir='ltr'>respectu</span> <span class='ocrx_word' id='word_1_133' title='bbox 2402 1318 2730 1395; x_wconf 79' lang='lat' dir='ltr'>Creditoris,</span> 
     </span>
     <span class='ocr_line' id='line_1_13' title="bbox 326 1397 2734 1476; baseline 0.001 -21"><span class='ocrx_word' id='word_1_134' title='bbox 326 1397 577 1456; x_wconf 78' lang='lat' dir='ltr'>maxime</span> <span class='ocrx_word' id='word_1_135' title='bbox 608 1398 658 1457; x_wconf 90' lang='lat' dir='ltr'>si</span> <span class='ocrx_word' id='word_1_136' title='bbox 684 1408 914 1476; x_wconf 86' lang='lat' dir='ltr'>paetum</span> <span class='ocrx_word' id='word_1_137' title='bbox 961 1398 1194 1476; x_wconf 85' lang='lat' dir='ltr'>aliquod</span> <span class='ocrx_word' id='word_1_138' title='bbox 1240 1399 1529 1475; x_wconf 87' lang='lat' dir='ltr'>singulare</span> <span class='ocrx_word' id='word_1_139' title='bbox 1573 1399 1914 1472; x_wconf 84' lang='lat' dir='ltr'>intercessit,</span> <span class='ocrx_word' id='word_1_140' title='bbox 1947 1400 2135 1476; x_wconf 88' lang='lat' dir='ltr'>posita</span> <span class='ocrx_word' id='word_1_141' title='bbox 2163 1399 2262 1457; x_wconf 86' lang='lat' dir='ltr'>tali</span> <span class='ocrx_word' id='word_1_142' title='bbox 2295 1398 2598 1475; x_wconf 88' lang='lat' dir='ltr'>solutione,</span> <span class='ocrx_word' id='word_1_143' title='bbox 2631 1400 2734 1457; x_wconf 86' lang='lat' dir='ltr'>ad-</span> 
     </span>
     <span class='ocr_line' id='line_1_14' title="bbox 325 1478 2734 1555; baseline 0.001 -20"><span class='ocrx_word' id='word_1_144' title='bbox 325 1478 593 1536; x_wconf 89' lang='lat' dir='ltr'>mittendi</span> <span class='ocrx_word' id='word_1_145' title='bbox 638 1499 763 1537; x_wconf 90' lang='lat' dir='ltr'>eam</span> <span class='ocrx_word' id='word_1_146' title='bbox 812 1499 929 1536; x_wconf 88' lang='lat' dir='ltr'>non</span> <span class='ocrx_word' id='word_1_147' title='bbox 978 1479 1151 1537; x_wconf 86' lang='lat' dir='ltr'>modo</span> <span class='ocrx_word' id='word_1_148' title='bbox 1202 1480 1258 1536; x_wconf 89' lang='lat' dir='ltr'>in</span> <span class='ocrx_word' id='word_1_149' title='bbox 1309 1480 1704 1538; x_wconf 83' lang='lat' dir='ltr'>remissionem</span> <span class='ocrx_word' id='word_1_150' title='bbox 1747 1480 1943 1554; x_wconf 87' lang='lat' dir='ltr'>debiti,</span> <span class='ocrx_word' id='word_1_151' title='bbox 1977 1479 2078 1538; x_wconf 90' lang='lat' dir='ltr'>sed</span> <span class='ocrx_word' id='word_1_152' title='bbox 2122 1488 2179 1538; x_wconf 89' lang='lat' dir='ltr'>et</span> <span class='ocrx_word' id='word_1_153' title='bbox 2207 1478 2266 1536; x_wconf 92' lang='lat' dir='ltr'>in</span> <span class='ocrx_word' id='word_1_154' title='bbox 2296 1478 2734 1555; x_wconf 82' lang='lat' dir='ltr'>acquisitionem</span> 
     </span>
     <span class='ocr_line' id='line_1_15' title="bbox 318 1558 2736 1637; baseline 0.002 -22"><span class='ocrx_word' id='word_1_155' title='bbox 318 1558 468 1635; x_wconf 89' lang='lat' dir='ltr'>juris</span> <span class='ocrx_word' id='word_1_156' title='bbox 497 1558 757 1617; x_wconf 89' lang='lat' dir='ltr'>indebiti.</span> <span class='ocrx_word' id='word_1_157' title='bbox 840 1559 1031 1619; x_wconf 86' lang='lat' dir='ltr'>Juxta</span> <span class='ocrx_word' id='word_1_158' title='bbox 1074 1558 1363 1635; x_wconf 86' lang='lat' dir='ltr'>duplicem</span> <span class='ocrx_word' id='word_1_159' title='bbox 1400 1560 1549 1619; x_wconf 88' lang='lat' dir='ltr'>banc</span> <span class='ocrx_word' id='word_1_160' title='bbox 1578 1560 1744 1637; x_wconf 72' lang='grc' dir='ltr'>σχίσιν</span> <span class='ocrx_word' id='word_1_161' title='bbox 1791 1558 1937 1619; x_wconf 90' lang='lat' dir='ltr'>bene</span> <span class='ocrx_word' id='word_1_162' title='bbox 1969 1560 2230 1618; x_wconf 86' lang='lat' dir='ltr'>Christus</span> <span class='ocrx_word' id='word_1_163' title='bbox 2258 1559 2470 1618; x_wconf 88' lang='lat' dir='ltr'>dieitur</span> <span class='ocrx_word' id='word_1_164' title='bbox 2497 1561 2736 1620; x_wconf 89' lang='lat' dir='ltr'>meritus</span> 
     </span>
     <span class='ocr_line' id='line_1_16' title="bbox 327 1638 2737 1719; baseline 0.002 -25"><span class='ocrx_word' id='word_1_165' title='bbox 327 1638 508 1715; x_wconf 85' lang='lat' dir='ltr'>gratis</span> <span class='ocrx_word' id='word_1_166' title='bbox 530 1640 841 1698; x_wconf 81' lang='lat' dir='ltr'>exsolvens</span> <span class='ocrx_word' id='word_1_167' title='bbox 861 1639 1105 1717; x_wconf 63' lang='lat' dir='ltr'>justitiae</span> <span class='ocrx_word' id='word_1_168' title='bbox 1126 1639 1337 1697; x_wconf 83' lang='lat' dir='ltr'>divinae</span> <span class='ocrx_word' id='word_1_169' title='bbox 1361 1640 1615 1699; x_wconf 86' lang='lat' dir='ltr'>debitum</span> <span class='ocrx_word' id='word_1_170' title='bbox 1641 1642 1928 1699; x_wconf 88' lang='lat' dir='ltr'>alienum:</span> <span class='ocrx_word' id='word_1_171' title='bbox 1964 1644 2015 1698; x_wconf 90' lang='lat'>1.</span> <span class='ocrx_word' id='word_1_172' title='bbox 2049 1640 2340 1718; x_wconf 84' lang='lat' dir='ltr'>Respectu</span> <span class='ocrx_word' id='word_1_173' title='bbox 2367 1642 2566 1717; x_wconf 85' lang='lat' dir='ltr'>nostri,</span> <span class='ocrx_word' id='word_1_174' title='bbox 2599 1641 2737 1719; x_wconf 84' lang='lat' dir='ltr'>quia</span> 
     </span>
     <span class='ocr_line' id='line_1_17' title="bbox 328 1719 2733 1800; baseline 0.002 -25"><span class='ocrx_word' id='word_1_175' title='bbox 328 1719 497 1776; x_wconf 90' lang='lat' dir='ltr'>nobis</span> <span class='ocrx_word' id='word_1_176' title='bbox 540 1719 980 1795; x_wconf 89' lang='lat' dir='ltr'>immunitatem,</span> <span class='ocrx_word' id='word_1_177' title='bbox 1031 1719 1109 1777; x_wconf 93' lang='lat' dir='ltr'>id.</span> <span class='ocrx_word' id='word_1_178' title='bbox 1160 1720 1555 1779; x_wconf 88' lang='lat' dir='ltr'>remissionem</span> <span class='ocrx_word' id='word_1_179' title='bbox 1607 1730 1970 1800; x_wconf 89' lang='lat' dir='ltr'>peccatorum</span> <span class='ocrx_word' id='word_1_180' title='bbox 2021 1721 2346 1797; x_wconf 81' lang='lat' dir='ltr'>acquisivit,</span> <span class='ocrx_word' id='word_1_181' title='bbox 2393 1720 2542 1798; x_wconf 84' lang='lat' dir='ltr'>Eph.</span> <span class='ocrx_word' id='word_1_182' title='bbox 2595 1722 2632 1780; x_wconf 96' lang='lat' dir='ltr'>i.</span> <span class='ocrx_word' id='word_1_183' title='bbox 2678 1726 2733 1780; x_wconf 88' lang='grc'>7.</span> 
     </span>
     <span class='ocr_line' id='line_1_18' title="bbox 330 1799 2735 1877; baseline 0.001 -20"><span class='ocrx_word' id='word_1_184' title='bbox 330 1804 386 1856; x_wconf 85' lang='grc'>2.</span> <span class='ocrx_word' id='word_1_185' title='bbox 433 1800 724 1876; x_wconf 90' lang='lat' dir='ltr'>Respectu</span> <span class='ocrx_word' id='word_1_186' title='bbox 756 1800 866 1857; x_wconf 91' lang='lat' dir='ltr'>Dei</span> <span class='ocrx_word' id='word_1_187' title='bbox 916 1821 989 1858; x_wconf 87' lang='lat' dir='ltr'>ex</span> <span class='ocrx_word' id='word_1_188' title='bbox 1034 1809 1201 1877; x_wconf 86' lang='lat' dir='ltr'>pacto</span> <span class='ocrx_word' id='word_1_189' title='bbox 1249 1808 1306 1859; x_wconf 88' lang='lat' dir='ltr'>et</span> <span class='ocrx_word' id='word_1_190' title='bbox 1347 1799 1776 1877; x_wconf 82' lang='lat' dir='ltr'>dispensatione</span> <span class='ocrx_word' id='word_1_191' title='bbox 1821 1801 2098 1877; x_wconf 83' lang='lat' dir='ltr'>singulari</span> <span class='ocrx_word' id='word_1_192' title='bbox 2129 1821 2243 1877; x_wconf 87' lang='lat' dir='ltr'>qua</span> <span class='ocrx_word' id='word_1_193' title='bbox 2273 1800 2434 1859; x_wconf 89' lang='lat' dir='ltr'>Deus</span> <span class='ocrx_word' id='word_1_194' title='bbox 2463 1801 2735 1860; x_wconf 89' lang='lat' dir='ltr'>obedien-</span> 
     </span>
     <span class='ocr_line' id='line_1_19' title="bbox 328 1880 2737 1960; baseline 0.002 -24"><span class='ocrx_word' id='word_1_195' title='bbox 328 1880 470 1937; x_wconf 86' lang='lat' dir='ltr'>tiam</span> <span class='ocrx_word' id='word_1_196' title='bbox 497 1880 599 1937; x_wconf 89' lang='lat' dir='ltr'>filii</span> <span class='ocrx_word' id='word_1_197' title='bbox 632 1880 721 1938; x_wconf 90' lang='lat' dir='ltr'>sui</span> <span class='ocrx_word' id='word_1_198' title='bbox 749 1901 865 1938; x_wconf 89' lang='lat' dir='ltr'>non</span> <span class='ocrx_word' id='word_1_199' title='bbox 894 1890 1117 1939; x_wconf 87' lang='lat' dir='ltr'>tantum</span> <span class='ocrx_word' id='word_1_200' title='bbox 1160 1882 1219 1937; x_wconf 89' lang='lat' dir='ltr'>in</span> <span class='ocrx_word' id='word_1_201' title='bbox 1270 1881 1720 1941; x_wconf 81' lang='lat' dir='ltr'>satisfactionem</span> <span class='ocrx_word' id='word_1_202' title='bbox 1748 1890 2130 1960; x_wconf 90' lang='lat' dir='ltr'>peccatorum,</span> <span class='ocrx_word' id='word_1_203' title='bbox 2163 1881 2266 1939; x_wconf 84' lang='lat' dir='ltr'>sed</span> <span class='ocrx_word' id='word_1_204' title='bbox 2295 1891 2352 1939; x_wconf 91' lang='lat' dir='ltr'>et</span> <span class='ocrx_word' id='word_1_205' title='bbox 2381 1882 2440 1939; x_wconf 87' lang='lat' dir='ltr'>in</span> <span class='ocrx_word' id='word_1_206' title='bbox 2468 1882 2737 1941; x_wconf 90' lang='lat' dir='ltr'>meritum</span> 
     </span>
     <span class='ocr_line' id='line_1_20' title="bbox 326 1959 2738 2039; baseline 0.002 -23"><span class='ocrx_word' id='word_1_207' title='bbox 326 1959 466 2017; x_wconf 78' lang='lat' dir='ltr'>vitae</span> <span class='ocrx_word' id='word_1_208' title='bbox 495 1970 791 2036; x_wconf 83' lang='lat' dir='ltr'>acceptare</span> <span class='ocrx_word' id='word_1_209' title='bbox 822 1962 1024 2033; x_wconf 82' lang='lat' dir='ltr'>voluit,</span> <span class='ocrx_word' id='word_1_210' title='bbox 1056 1960 1129 2019; x_wconf 87' lang='lat' dir='ltr'>de</span> <span class='ocrx_word' id='word_1_211' title='bbox 1168 1981 1298 2037; x_wconf 89' lang='lat' dir='ltr'>qua,</span> <span class='ocrx_word' id='word_1_212' title='bbox 1346 1962 1461 2019; x_wconf 89' lang='lat' dir='ltr'>Isa.</span> <span class='ocrx_word' id='word_1_213' title='bbox 1508 1962 1610 2021; x_wconf 91' lang='lat' dir='ltr'>liii.</span> <span class='ocrx_word' id='word_1_214' title='bbox 1661 1964 1750 2037; x_wconf 90' lang='lat'>10,</span> <span class='ocrx_word' id='word_1_215' title='bbox 1793 1966 1828 1994; x_wconf 88' lang='lat'>“</span> <span class='ocrx_word' id='word_1_216' title='bbox 1855 1963 2168 2038; x_wconf 89' lang='lat' dir='ltr'>Postquam</span> <span class='ocrx_word' id='word_1_217' title='bbox 2201 1962 2449 2020; x_wconf 88' lang='lat' dir='ltr'>animam</span> <span class='ocrx_word' id='word_1_218' title='bbox 2479 1965 2738 2039; x_wconf 85' lang='lat' dir='ltr'>posuerit</span> 
     </span>
     <span class='ocr_line' id='line_1_21' title="bbox 326 2039 2738 2118; baseline 0.002 -22"><span class='ocrx_word' id='word_1_219' title='bbox 326 2039 387 2096; x_wconf 90' lang='lat' dir='ltr'>in</span> <span class='ocrx_word' id='word_1_220' title='bbox 418 2040 759 2097; x_wconf 89' lang='lat' dir='ltr'>sacrificium</span> <span class='ocrx_word' id='word_1_221' title='bbox 788 2060 891 2118; x_wconf 91' lang='lat' dir='ltr'>pro</span> <span class='ocrx_word' id='word_1_222' title='bbox 920 2048 1173 2117; x_wconf 90' lang='lat' dir='ltr'>peccat0,</span> <span class='ocrx_word' id='word_1_223' title='bbox 1207 2041 1429 2100; x_wconf 85' lang='lat' dir='ltr'>videbit</span> <span class='ocrx_word' id='word_1_224' title='bbox 1458 2062 1671 2112; x_wconf 88' lang='lat' dir='ltr'>semen,</span> <span class='ocrx_word' id='word_1_225' title='bbox 1715 2041 2084 2118; x_wconf 87' lang='lat' dir='ltr'>prolongabit</span> <span class='ocrx_word' id='word_1_226' title='bbox 2127 2040 2265 2114; x_wconf 88' lang='lat' dir='ltr'>dies,</span> <span class='ocrx_word' id='word_1_227' title='bbox 2299 2050 2356 2099; x_wconf 91' lang='lat' dir='ltr'>et</span> <span class='ocrx_word' id='word_1_228' title='bbox 2385 2042 2532 2099; x_wconf 89' lang='lat' dir='ltr'>bene</span> <span class='ocrx_word' id='word_1_229' title='bbox 2559 2044 2738 2118; x_wconf 88' lang='lat' dir='ltr'>placi-</span> 
     </span>
     <span class='ocr_line' id='line_1_22' title="bbox 328 2119 2736 2197; baseline 0.001 -20"><span class='ocrx_word' id='word_1_230' title='bbox 328 2131 451 2177; x_wconf 90' lang='lat' dir='ltr'>tum</span> <span class='ocrx_word' id='word_1_231' title='bbox 484 2119 717 2176; x_wconf 85' lang='lat' dir='ltr'>Domini</span> <span class='ocrx_word' id='word_1_232' title='bbox 760 2119 1120 2196; x_wconf 89' lang='lat' dir='ltr'>prosperabit</span> <span class='ocrx_word' id='word_1_233' title='bbox 1169 2121 1227 2176; x_wconf 90' lang='lat' dir='ltr'>in</span> <span class='ocrx_word' id='word_1_234' title='bbox 1276 2122 1403 2197; x_wconf 88' lang='lat' dir='ltr'>ejus</span> <span class='ocrx_word' id='word_1_235' title='bbox 1430 2141 1605 2179; x_wconf 89' lang='lat' dir='ltr'>manu</span> <span class='ocrx_word' id='word_1_236' title='bbox 1631 2122 1686 2197; x_wconf 73' lang='lat'>3³³</span> <span class='ocrx_word' id='word_1_237' title='bbox 1717 2121 1800 2178; x_wconf 88' lang='lat' dir='ltr'>sic</span> <span class='ocrx_word' id='word_1_238' title='bbox 1831 2122 2047 2179; x_wconf 87' lang='lat' dir='ltr'>Paulus</span> <span class='ocrx_word' id='word_1_239' title='bbox 2076 2121 2151 2178; x_wconf 90' lang='lat' dir='ltr'>ad</span> <span class='ocrx_word' id='word_1_240' title='bbox 2185 2121 2336 2177; x_wconf 88' lang='lat' dir='ltr'>IIeb.</span> <span class='ocrx_word' id='word_1_241' title='bbox 2387 2121 2465 2179; x_wconf 87' lang='lat' dir='ltr'>ix.</span> <span class='ocrx_word' id='word_1_242' title='bbox 2503 2126 2592 2195; x_wconf 84' lang='lat'>15,</span> <span class='ocrx_word' id='word_1_243' title='bbox 2626 2123 2736 2180; x_wconf 87' lang='lat' dir='ltr'>hoc</span> 
     </span>
     <span class='ocr_line' id='line_1_23' title="bbox 327 2198 2732 2277; baseline 0.002 -22"><span class='ocrx_word' id='word_1_244' title='bbox 327 2208 559 2275; x_wconf 88' lang='lat' dir='ltr'>pactum</span> <span class='ocrx_word' id='word_1_245' title='bbox 588 2198 807 2256; x_wconf 89' lang='lat' dir='ltr'>indicat</span> <span class='ocrx_word' id='word_1_246' title='bbox 833 2218 963 2256; x_wconf 89' lang='lat' dir='ltr'>cum</span> <span class='ocrx_word' id='word_1_247' title='bbox 994 2198 1091 2273; x_wconf 89' lang='lat' dir='ltr'>ait,</span> <span class='ocrx_word' id='word_1_248' title='bbox 1126 2201 1161 2232; x_wconf 91' lang='lat'><strong>“</strong></span> <span class='ocrx_word' id='word_1_249' title='bbox 1187 2199 1328 2257; x_wconf 90' lang='lat' dir='ltr'>Ideo</span> <span class='ocrx_word' id='word_1_250' title='bbox 1356 2198 1571 2259; x_wconf 87' lang='lat' dir='ltr'>factum</span> <span class='ocrx_word' id='word_1_251' title='bbox 1623 2220 1748 2259; x_wconf 88' lang='lat' dir='ltr'>esse</span> <span class='ocrx_word' id='word_1_252' title='bbox 1781 2200 2160 2259; x_wconf 86' lang='lat' dir='ltr'>Mediatorem</span> <span class='ocrx_word' id='word_1_253' title='bbox 2190 2200 2330 2257; x_wconf 80' lang='lat' dir='ltr'>novi</span> <span class='ocrx_word' id='word_1_254' title='bbox 2359 2200 2732 2277; x_wconf 84' lang='lat' dir='ltr'>Testamenti,</span> 
     </span>
     <span class='ocr_line' id='line_1_24' title="bbox 326 2278 2738 2358; baseline 0.001 -21"><span class='ocrx_word' id='word_1_255' title='bbox 326 2288 392 2337; x_wconf 90' lang='lat' dir='ltr'>ut</span> <span class='ocrx_word' id='word_1_256' title='bbox 436 2286 618 2336; x_wconf 88' lang='lat' dir='ltr'>morte</span> <span class='ocrx_word' id='word_1_257' title='bbox 664 2278 1052 2337; x_wconf 88' lang='lat' dir='ltr'>intercedente</span> <span class='ocrx_word' id='word_1_258' title='bbox 1102 2278 1189 2343; x_wconf 85' lang='lat' dir='ltr'>ad.</span> <span class='ocrx_word' id='word_1_259' title='bbox 1219 2280 1672 2357; x_wconf 88' lang='lat' dir='ltr'>redemptionem</span> <span class='ocrx_word' id='word_1_260' title='bbox 1713 2280 2234 2357; x_wconf 85' lang='lat' dir='ltr'>transgressionum</span> <span class='ocrx_word' id='word_1_261' title='bbox 2285 2300 2414 2356; x_wconf 78' lang='lat' dir='ltr'>quae</span> <span class='ocrx_word' id='word_1_262' title='bbox 2464 2281 2524 2339; x_wconf 88' lang='lat' dir='ltr'>in</span> <span class='ocrx_word' id='word_1_263' title='bbox 2553 2282 2738 2358; x_wconf 88' lang='lat' dir='ltr'>primo</span> 
     </span>
     <span class='ocr_line' id='line_1_25' title="bbox 328 2356 2738 2439; baseline 0.003 -25"><span class='ocrx_word' id='word_1_264' title='bbox 328 2358 541 2417; x_wconf 84' lang='lat' dir='ltr'>foedere</span> <span class='ocrx_word' id='word_1_265' title='bbox 585 2356 832 2433; x_wconf 87' lang='lat' dir='ltr'>fuerunt,</span> <span class='ocrx_word' id='word_1_266' title='bbox 880 2359 1317 2435; x_wconf 85' lang='lat' dir='ltr'>promissionem</span> <span class='ocrx_word' id='word_1_267' title='bbox 1356 2368 1592 2420; x_wconf 48' lang='lat' dir='ltr'>*aeternae</span> <span class='ocrx_word' id='word_1_268' title='bbox 1637 2361 2004 2419; x_wconf 74' lang='lat' dir='ltr'>haereditatis·</span> <span class='ocrx_word' id='word_1_269' title='bbox 2039 2359 2230 2419; x_wconf 87' lang='lat' dir='ltr'>vocati</span> <span class='ocrx_word' id='word_1_270' title='bbox 2259 2360 2602 2439; x_wconf 88' lang='lat' dir='ltr'>accipiant‚&#39;’</span> <span class='ocrx_word' id='word_1_271' title='bbox 2631 2383 2738 2421; x_wconf 90' lang='lat' dir='ltr'>nec</span> 
     </span>
     <span class='ocr_line' id='line_1_26' title="bbox 326 2437 2741 2517; baseline 0.003 -23"><span class='ocrx_word' id='word_1_272' title='bbox 326 2437 487 2496; x_wconf 88' lang='lat' dir='ltr'>aliud</span> <span class='ocrx_word' id='word_1_273' title='bbox 510 2439 636 2498; x_wconf 85' lang='lat' dir='ltr'>vult</span> <span class='ocrx_word' id='word_1_274' title='bbox 660 2438 885 2517; x_wconf 63' lang='lat' dir='ltr'>Apost„</span> <span class='ocrx_word' id='word_1_275' title='bbox 914 2438 1036 2498; x_wconf 92' lang='lat' dir='ltr'>Col.</span> <span class='ocrx_word' id='word_1_276' title='bbox 1062 2439 1099 2498; x_wconf 93' lang='lat' dir='ltr'>i.</span> <span class='ocrx_word' id='word_1_277' title='bbox 1130 2443 1221 2515; x_wconf 86' lang='lat'>19,</span> <span class='ocrx_word' id='word_1_278' title='bbox 1247 2444 1343 2514; x_wconf 82' lang='lat'>20,</span> <span class='ocrx_word' id='word_1_279' title='bbox 1370 2462 1500 2500; x_wconf 90' lang='lat' dir='ltr'>cum</span> <span class='ocrx_word' id='word_1_280' title='bbox 1523 2442 1604 2500; x_wconf 86' lang='lat' dir='ltr'>ait</span> <span class='ocrx_word' id='word_1_281' title='bbox 1631 2444 1665 2475; x_wconf 88' lang='lat'><strong>“</strong></span> <span class='ocrx_word' id='word_1_282' title='bbox 1687 2440 1983 2500; x_wconf 89' lang='lat' dir='ltr'>Placuisse</span> <span class='ocrx_word' id='word_1_283' title='bbox 2006 2440 2160 2500; x_wconf 86' lang='lat' dir='ltr'>Patri</span> <span class='ocrx_word' id='word_1_284' title='bbox 2181 2441 2326 2500; x_wconf 91' lang='lat' dir='ltr'>utin</span> <span class='ocrx_word' id='word_1_285' title='bbox 2356 2461 2423 2499; x_wconf 93' lang='lat' dir='ltr'>eo</span> <span class='ocrx_word' id='word_1_286' title='bbox 2452 2443 2741 2503; x_wconf 85' lang='lat' dir='ltr'>habitaret</span> 
     </span>
     <span class='ocr_line' id='line_1_27' title="bbox 328 2517 2738 2602; baseline 0.002 -24"><span class='ocrx_word' id='word_1_287' title='bbox 328 2520 515 2578; x_wconf 88' lang='lat' dir='ltr'>omnis</span> <span class='ocrx_word' id='word_1_288' title='bbox 544 2517 842 2597; x_wconf 88' lang='lat' dir='ltr'>plenitudo</span> <span class='ocrx_word' id='word_1_289' title='bbox 872 2529 930 2579; x_wconf 88' lang='lat' dir='ltr'>et</span> <span class='ocrx_word' id='word_1_290' title='bbox 958 2540 1061 2597; x_wconf 91' lang='lat' dir='ltr'>per</span> <span class='ocrx_word' id='word_1_291' title='bbox 1109 2519 1298 2598; x_wconf 88' lang='lat' dir='ltr'>ipsum</span> <span class='ocrx_word' id='word_1_292' title='bbox 1344 2522 1714 2582; x_wconf 90' lang='lat' dir='ltr'>reconciliare</span> <span class='ocrx_word' id='word_1_293' title='bbox 1747 2522 1858 2581; x_wconf 85' lang='lat' dir='ltr'>sibi</span> <span class='ocrx_word' id='word_1_294' title='bbox 1888 2522 2095 2593; x_wconf 88' lang='lat' dir='ltr'>omnia,</span> <span class='ocrx_word' id='word_1_295' title='bbox 2129 2522 2279 2581; x_wconf 86' lang='lat' dir='ltr'>facta</span> <span class='ocrx_word' id='word_1_296' title='bbox 2307 2542 2446 2599; x_wconf 90' lang='lat' dir='ltr'>pace</span> <span class='ocrx_word' id='word_1_297' title='bbox 2478 2544 2579 2602; x_wconf 87' lang='lat' dir='ltr'>per</span> <span class='ocrx_word' id='word_1_298' title='bbox 2608 2544 2738 2583; x_wconf 86' lang='lat' dir='ltr'>san-</span> 
     </span>
     <span class='ocr_line' id='line_1_28' title="bbox 326 2596 2736 2683; baseline 0.002 -26"><span class='ocrx_word' id='word_1_299' title='bbox 326 2601 561 2677; x_wconf 87' lang='lat' dir='ltr'>guinem</span> <span class='ocrx_word' id='word_1_300' title='bbox 590 2599 824 2677; x_wconf 76' lang='lat' dir='ltr'>ipsiuS,’&#39;</span> <span class='ocrx_word' id='word_1_301' title='bbox 854 2598 961 2660; x_wconf 67' lang='grc' dir='ltr'>ἀρ.</span> <span class='ocrx_word' id='word_1_302' title='bbox 1002 2676 1009 2683; x_wconf 25' lang='lat'><em>⁴</em></span> <span class='ocrx_word' id='word_1_303' title='bbox 1048 2601 1272 2661; x_wconf 88' lang='lat' dir='ltr'>Eodem</span> <span class='ocrx_word' id='word_1_304' title='bbox 1315 2605 1486 2663; x_wconf 89' lang='lat' dir='ltr'>etiam</span> <span class='ocrx_word' id='word_1_305' title='bbox 1536 2603 1853 2681; x_wconf 88' lang='lat' dir='ltr'>respiciunt</span> <span class='ocrx_word' id='word_1_306' title='bbox 1881 2603 1994 2660; x_wconf 88' lang='lat' dir='ltr'>alia</span> <span class='ocrx_word' id='word_1_307' title='bbox 2020 2596 2367 2678; x_wconf 66' lang='lat' dir='ltr'>loea‚&#39;Rom.</span> <span class='ocrx_word' id='word_1_308' title='bbox 2398 2603 2478 2662; x_wconf 87' lang='lat' dir='ltr'>iii.</span> <span class='ocrx_word' id='word_1_309' title='bbox 2511 2606 2607 2679; x_wconf 75' lang='lat'>24,</span> <span class='ocrx_word' id='word_1_310' title='bbox 2639 2608 2736 2677; x_wconf 84' lang='lat'>25,</span> 
     </span>
     <span class='ocr_line' id='line_1_29' title="bbox 331 2680 1238 2756; baseline 0.002 -18"><span class='ocrx_word' id='word_1_311' title='bbox 331 2681 481 2739; x_wconf 87' lang='lat' dir='ltr'>Phil.</span> <span class='ocrx_word' id='word_1_312' title='bbox 512 2680 572 2738; x_wconf 90' lang='lat' dir='ltr'>ii.</span> <span class='ocrx_word' id='word_1_313' title='bbox 604 2685 658 2756; x_wconf 88' lang='grc'>7,</span> <span class='ocrx_word' id='word_1_314' title='bbox 692 2686 746 2756; x_wconf 82' lang='grc'>8,</span> <span class='ocrx_word' id='word_1_315' title='bbox 783 2682 933 2741; x_wconf 91' lang='lat' dir='ltr'>Heb.</span> <span class='ocrx_word' id='word_1_316' title='bbox 964 2682 1023 2741; x_wconf 92' lang='lat' dir='ltr'>ii.</span> <span class='ocrx_word' id='word_1_317' title='bbox 1055 2684 1109 2756; x_wconf 88' lang='lat'>9,</span> <span class='ocrx_word' id='word_1_318' title='bbox 1148 2686 1238 2741; x_wconf 91' lang='lat'>10.</span> 
     </span>
    </p>

    <p class='ocr_par' dir='ltr' id='par_1_4' title="bbox 320 2759 2740 4765">
     <span class='ocr_line' id='line_1_30' title="bbox 412 2759 2738 2839; baseline 0.002 -21"><span class='ocrx_word' id='word_1_319' title='bbox 412 2761 696 2819; x_wconf 89' lang='lat' dir='ltr'>XXVII.</span> <span class='ocrx_word' id='word_1_320' title='bbox 744 2762 1044 2837; x_wconf 85' lang='lat' dir='ltr'>Caeterum,</span> <span class='ocrx_word' id='word_1_321' title='bbox 1076 2763 1286 2839; x_wconf 88' lang='lat' dir='ltr'>quibus</span> <span class='ocrx_word' id='word_1_322' title='bbox 1315 2762 1539 2821; x_wconf 90' lang='lat' dir='ltr'>actibus</span> <span class='ocrx_word' id='word_1_323' title='bbox 1570 2762 1834 2821; x_wconf 87' lang='lat' dir='ltr'>Christus</span> <span class='ocrx_word' id='word_1_324' title='bbox 1876 2761 1973 2819; x_wconf 86' lang='lat' dir='ltr'>vel</span> <span class='ocrx_word' id='word_1_325' title='bbox 2003 2759 2344 2819; x_wconf 86' lang='lat' dir='ltr'>satisfecerit</span> <span class='ocrx_word' id='word_1_326' title='bbox 2373 2762 2468 2819; x_wconf 84' lang='lat' dir='ltr'>vel</span> <span class='ocrx_word' id='word_1_327' title='bbox 2498 2764 2738 2823; x_wconf 89' lang='lat' dir='ltr'>meritus</span> 
     </span>
     <span class='ocr_line' id='line_1_31' title="bbox 327 2839 2735 2918; baseline 0.001 -19"><span class='ocrx_word' id='word_1_328' title='bbox 327 2842 403 2900; x_wconf 87' lang='lat' dir='ltr'>sit</span> <span class='ocrx_word' id='word_1_329' title='bbox 431 2842 603 2898; x_wconf 86' lang='lat' dir='ltr'>anxie</span> <span class='ocrx_word' id='word_1_330' title='bbox 632 2841 1067 2917; x_wconf 89' lang='lat' dir='ltr'>disquirendum</span> <span class='ocrx_word' id='word_1_331' title='bbox 1096 2862 1212 2899; x_wconf 92' lang='lat' dir='ltr'>non</span> <span class='ocrx_word' id='word_1_332' title='bbox 1230 2851 1515 2918; x_wconf 75' lang='lat' dir='ltr'>putamUS,</span> <span class='ocrx_word' id='word_1_333' title='bbox 1539 2843 1674 2917; x_wconf 91' lang='lat' dir='ltr'>quia</span> <span class='ocrx_word' id='word_1_334' title='bbox 1691 2852 1996 2917; x_wconf 87' lang='lat' dir='ltr'>utrumque</span> <span class='ocrx_word' id='word_1_335' title='bbox 2025 2840 2135 2896; x_wconf 85' lang='lat' dir='ltr'>hoc</span> <span class='ocrx_word' id='word_1_336' title='bbox 2165 2839 2430 2899; x_wconf 82' lang='lat' dir='ltr'>effectum</span> <span class='ocrx_word' id='word_1_337' title='bbox 2461 2843 2735 2917; x_wconf 85' lang='lat' dir='ltr'>conjunc-</span> 
     </span>
     <span class='ocr_line' id='line_1_32' title="bbox 327 2917 2734 2998; baseline 0.001 -20"><span class='ocrx_word' id='word_1_338' title='bbox 327 2920 431 2978; x_wconf 90' lang='lat' dir='ltr'>tim</span> <span class='ocrx_word' id='word_1_339' title='bbox 462 2940 496 2977; x_wconf 89' lang='lat' dir='ltr'>a</span> <span class='ocrx_word' id='word_1_340' title='bbox 518 2929 639 2978; x_wconf 88' lang='lat' dir='ltr'>tota</span> <span class='ocrx_word' id='word_1_341' title='bbox 668 2929 725 2978; x_wconf 85' lang='lat' dir='ltr'>et</span> <span class='ocrx_word' id='word_1_342' title='bbox 752 2922 979 2997; x_wconf 87' lang='lat' dir='ltr'>integra</span> <span class='ocrx_word' id='word_1_343' title='bbox 1007 2940 1193 2979; x_wconf 82' lang='lat' dir='ltr'>causae</span> <span class='ocrx_word' id='word_1_344' title='bbox 1222 2922 1455 2995; x_wconf 87' lang='lat' dir='ltr'>virtute,</span> <span class='ocrx_word' id='word_1_345' title='bbox 1487 2930 1628 2997; x_wconf 88' lang='lat' dir='ltr'>puta</span> <span class='ocrx_word' id='word_1_346' title='bbox 1651 2920 1862 2978; x_wconf 84' lang='lat' dir='ltr'>Christi</span> <span class='ocrx_word' id='word_1_347' title='bbox 1893 2917 2220 2977; x_wconf 89' lang='lat' dir='ltr'>obedientia</span> <span class='ocrx_word' id='word_1_348' title='bbox 2249 2928 2306 2976; x_wconf 88' lang='lat' dir='ltr'>et</span> <span class='ocrx_word' id='word_1_349' title='bbox 2328 2920 2572 2996; x_wconf 86' lang='lat' dir='ltr'>justitia,</span> <span class='ocrx_word' id='word_1_350' title='bbox 2605 2943 2734 2998; x_wconf 90' lang='lat' dir='ltr'>pro-</span> 
     </span>
     <span class='ocr_line' id='line_1_33' title="bbox 330 2999 2734 3078; baseline 0.002 -21"><span class='ocrx_word' id='word_1_351' title='bbox 330 3000 512 3057; x_wconf 91' lang='lat' dir='ltr'>ficisci</span> <span class='ocrx_word' id='word_1_352' title='bbox 540 3000 954 3074; x_wconf 76' lang='lat' dir='ltr'>existimamuS,</span> <span class='ocrx_word' id='word_1_353' title='bbox 987 3020 1095 3057; x_wconf 90' lang='lat' dir='ltr'>nec</span> <span class='ocrx_word' id='word_1_354' title='bbox 1123 3001 1275 3058; x_wconf 88' lang='lat' dir='ltr'>enim</span> <span class='ocrx_word' id='word_1_355' title='bbox 1312 3002 1413 3078; x_wconf 91' lang='lat' dir='ltr'>jus</span> <span class='ocrx_word' id='word_1_356' title='bbox 1440 3000 1515 3057; x_wconf 88' lang='lat' dir='ltr'>ad</span> <span class='ocrx_word' id='word_1_357' title='bbox 1560 3000 1740 3057; x_wconf 83' lang='lat' dir='ltr'>vitam</span> <span class='ocrx_word' id='word_1_358' title='bbox 1783 2999 1952 3057; x_wconf 89' lang='lat' dir='ltr'>nobis</span> <span class='ocrx_word' id='word_1_359' title='bbox 1995 3005 2128 3055; x_wconf 88' lang='lat' dir='ltr'>ante</span> <span class='ocrx_word' id='word_1_360' title='bbox 2171 3006 2393 3074; x_wconf 87' lang='lat' dir='ltr'>partum</span> <span class='ocrx_word' id='word_1_361' title='bbox 2426 3010 2529 3074; x_wconf 87' lang='lat' dir='ltr'>est,</span> <span class='ocrx_word' id='word_1_362' title='bbox 2563 3021 2734 3077; x_wconf 89' lang='lat' dir='ltr'>quam</span> 
     </span>
     <span class='ocr_line' id='line_1_34' title="bbox 330 3078 2732 3157; baseline 0.001 -20"><span class='ocrx_word' id='word_1_363' title='bbox 330 3088 629 3157; x_wconf 90' lang='lat' dir='ltr'>peecatum</span> <span class='ocrx_word' id='word_1_364' title='bbox 658 3078 831 3137; x_wconf 79' lang='lat' dir='ltr'>fuerit</span> <span class='ocrx_word' id='word_1_365' title='bbox 858 3080 1171 3157; x_wconf 85' lang='lat' dir='ltr'>expiatum,</span> <span class='ocrx_word' id='word_1_366' title='bbox 1202 3099 1309 3138; x_wconf 90' lang='lat' dir='ltr'>nec</span> <span class='ocrx_word' id='word_1_367' title='bbox 1352 3099 1551 3138; x_wconf 88' lang='lat' dir='ltr'>rursus</span> <span class='ocrx_word' id='word_1_368' title='bbox 1595 3092 1728 3138; x_wconf 89' lang='lat' dir='ltr'>ante</span> <span class='ocrx_word' id='word_1_369' title='bbox 1772 3079 2065 3155; x_wconf 84' lang='lat' dir='ltr'>expiatum</span> <span class='ocrx_word' id='word_1_370' title='bbox 2097 3086 2185 3135; x_wconf 91' lang='lat' dir='ltr'>est</span> <span class='ocrx_word' id='word_1_371' title='bbox 2213 3089 2530 3155; x_wconf 87' lang='lat' dir='ltr'>peccatum,</span> <span class='ocrx_word' id='word_1_372' title='bbox 2562 3100 2732 3157; x_wconf 88' lang='lat' dir='ltr'>quam</span> 
     </span>
     <span class='ocr_line' id='line_1_35' title="bbox 329 3158 2739 3237; baseline 0.001 -19"><span class='ocrx_word' id='word_1_373' title='bbox 329 3161 427 3218; x_wconf 83' lang='lat' dir='ltr'>lex</span> <span class='ocrx_word' id='word_1_374' title='bbox 458 3160 583 3235; x_wconf 92' lang='lat' dir='ltr'>ipsa</span> <span class='ocrx_word' id='word_1_375' title='bbox 612 3158 783 3217; x_wconf 88' lang='lat' dir='ltr'>fuerit</span> <span class='ocrx_word' id='word_1_376' title='bbox 810 3159 1079 3237; x_wconf 79' lang='lat' dir='ltr'>impleta3</span> <span class='ocrx_word' id='word_1_377' title='bbox 1110 3179 1225 3216; x_wconf 92' lang='lat' dir='ltr'>non</span> <span class='ocrx_word' id='word_1_378' title='bbox 1256 3159 1370 3218; x_wconf 92' lang='lat' dir='ltr'>alio</span> <span class='ocrx_word' id='word_1_379' title='bbox 1418 3159 1605 3236; x_wconf 87' lang='lat' dir='ltr'>potuit</span> <span class='ocrx_word' id='word_1_380' title='bbox 1651 3178 1822 3237; x_wconf 87' lang='lat' dir='ltr'>quam</span> <span class='ocrx_word' id='word_1_381' title='bbox 1873 3158 2216 3217; x_wconf 66' lang='lat' dir='ltr'>obedientiae</span> <span class='ocrx_word' id='word_1_382' title='bbox 2262 3160 2543 3219; x_wconf 83' lang='lat' dir='ltr'>sacrificio</span> <span class='ocrx_word' id='word_1_383' title='bbox 2573 3162 2739 3221; x_wconf 83' lang='lat' dir='ltr'>favor</span> 
     </span>
     <span class='ocr_line' id='line_1_36' title="bbox 334 3238 2738 3319; baseline 0.002 -21"><span class='ocrx_word' id='word_1_384' title='bbox 334 3240 445 3299; x_wconf 91' lang='lat' dir='ltr'>Dei</span> <span class='ocrx_word' id='word_1_385' title='bbox 473 3238 784 3314; x_wconf 89' lang='lat' dir='ltr'>conciliari,</span> <span class='ocrx_word' id='word_1_386' title='bbox 828 3259 934 3297; x_wconf 91' lang='lat' dir='ltr'>nec</span> <span class='ocrx_word' id='word_1_387' title='bbox 963 3239 1081 3297; x_wconf 90' lang='lat' dir='ltr'>ulla</span> <span class='ocrx_word' id='word_1_388' title='bbox 1109 3239 1299 3316; x_wconf 89' lang='lat' dir='ltr'>potuit</span> <span class='ocrx_word' id='word_1_389' title='bbox 1326 3238 1655 3298; x_wconf 88' lang='lat' dir='ltr'>obedientia</span> <span class='ocrx_word' id='word_1_390' title='bbox 1691 3248 1912 3298; x_wconf 89' lang='lat' dir='ltr'>reatum</span> <span class='ocrx_word' id='word_1_391' title='bbox 1932 3246 1990 3297; x_wconf 91' lang='lat' dir='ltr'>et</span> <span class='ocrx_word' id='word_1_392' title='bbox 2019 3258 2246 3316; x_wconf 87' lang='lat' dir='ltr'>poenam</span> <span class='ocrx_word' id='word_1_393' title='bbox 2277 3241 2500 3300; x_wconf 88' lang='lat' dir='ltr'>amoliri</span> <span class='ocrx_word' id='word_1_394' title='bbox 2531 3254 2738 3319; x_wconf 58' lang='lat' dir='ltr'>praeter</span> 
     </span>
     <span class='ocr_line' id='line_1_37' title="bbox 331 3319 2740 3398; baseline 0.002 -19"><span class='ocrx_word' id='word_1_395' title='bbox 331 3340 457 3380; x_wconf 90' lang='lat' dir='ltr'>eam</span> <span class='ocrx_word' id='word_1_396' title='bbox 487 3340 615 3397; x_wconf 82' lang='lat' dir='ltr'>quae</span> <span class='ocrx_word' id='word_1_397' title='bbox 644 3319 719 3377; x_wconf 92' lang='lat' dir='ltr'>ad</span> <span class='ocrx_word' id='word_1_398' title='bbox 748 3327 1064 3377; x_wconf 85' lang='lat' dir='ltr'>extremum</span> <span class='ocrx_word' id='word_1_399' title='bbox 1112 3339 1295 3396; x_wconf 91' lang='lat' dir='ltr'>usque</span> <span class='ocrx_word' id='word_1_400' title='bbox 1341 3319 1706 3379; x_wconf 89' lang='lat' dir='ltr'>demissionis</span> <span class='ocrx_word' id='word_1_401' title='bbox 1752 3319 1992 3398; x_wconf 85' lang='lat' dir='ltr'>gradum</span> <span class='ocrx_word' id='word_1_402' title='bbox 2022 3319 2303 3398; x_wconf 88' lang='lat' dir='ltr'>producta</span> <span class='ocrx_word' id='word_1_403' title='bbox 2330 3332 2436 3380; x_wconf 87' lang='lat' dir='ltr'>est.</span> <span class='ocrx_word' id='word_1_404' title='bbox 2523 3324 2740 3385; x_wconf 80' lang='lat' dir='ltr'>Memit</span> 
     </span>
     <span class='ocr_line' id='line_1_38' title="bbox 330 3400 2738 3481; baseline 0.001 -21"><span class='ocrx_word' id='word_1_405' title='bbox 330 3422 469 3478; x_wconf 87' lang='lat' dir='ltr'>ergo</span> <span class='ocrx_word' id='word_1_406' title='bbox 489 3400 911 3469; x_wconf 85' lang='lat' dir='ltr'>satisfaciendo,</span> <span class='ocrx_word' id='word_1_407' title='bbox 942 3409 999 3458; x_wconf 90' lang='lat' dir='ltr'>et</span> <span class='ocrx_word' id='word_1_408' title='bbox 1028 3401 1300 3458; x_wconf 89' lang='lat' dir='ltr'>merendo</span> <span class='ocrx_word' id='word_1_409' title='bbox 1324 3400 1601 3461; x_wconf 83' lang='lat' dir='ltr'>satisfecit</span> <span class='ocrx_word' id='word_1_410' title='bbox 1625 3423 1640 3477; x_wconf 87' lang='lat'>;</span> <span class='ocrx_word' id='word_1_411' title='bbox 1672 3402 1874 3459; x_wconf 81' lang='lat' dir='ltr'>Tantae</span> <span class='ocrx_word' id='word_1_412' title='bbox 1897 3400 2162 3459; x_wconf 70' lang='lat' dir='ltr'>efficacize</span> <span class='ocrx_word' id='word_1_413' title='bbox 2193 3402 2301 3461; x_wconf 87' lang='lat' dir='ltr'>fuit</span> <span class='ocrx_word' id='word_1_414' title='bbox 2330 3402 2457 3480; x_wconf 77' lang='lat' dir='ltr'>eJus</span> <span class='ocrx_word' id='word_1_415' title='bbox 2485 3405 2738 3481; x_wconf 80' lang='lat' dir='ltr'>perfecta</span> 
     </span>
     <span class='ocr_line' id='line_1_39' title="bbox 331 3480 2738 3561; baseline 0.001 -21"><span class='ocrx_word' id='word_1_416' title='bbox 331 3481 659 3540; x_wconf 88' lang='lat' dir='ltr'>obedientia</span> <span class='ocrx_word' id='word_1_417' title='bbox 688 3488 745 3538; x_wconf 88' lang='lat' dir='ltr'>et</span> <span class='ocrx_word' id='word_1_418' title='bbox 763 3480 906 3537; x_wconf 89' lang='lat' dir='ltr'>tanti</span> <span class='ocrx_word' id='word_1_419' title='bbox 926 3480 1113 3538; x_wconf 88' lang='lat' dir='ltr'>meriti</span> <span class='ocrx_word' id='word_1_420' title='bbox 1133 3481 1257 3559; x_wconf 87' lang='lat' dir='ltr'>ejus</span> <span class='ocrx_word' id='word_1_421' title='bbox 1274 3481 1609 3557; x_wconf 90' lang='lat' dir='ltr'>plenissima</span> <span class='ocrx_word' id='word_1_422' title='bbox 1632 3480 1947 3540; x_wconf 85' lang='lat' dir='ltr'>satisfactio</span> <span class='ocrx_word' id='word_1_423' title='bbox 1975 3489 2041 3539; x_wconf 91' lang='lat' dir='ltr'>ut</span> <span class='ocrx_word' id='word_1_424' title='bbox 2068 3502 2170 3558; x_wconf 90' lang='lat' dir='ltr'>per</span> <span class='ocrx_word' id='word_1_425' title='bbox 2197 3482 2356 3541; x_wconf 89' lang='lat' dir='ltr'>illam</span> <span class='ocrx_word' id='word_1_426' title='bbox 2389 3484 2536 3559; x_wconf 88' lang='lat' dir='ltr'>“jus</span> <span class='ocrx_word' id='word_1_427' title='bbox 2561 3484 2738 3561; x_wconf 81' lang='lat' dir='ltr'>Legis</span> 
     </span>
     <span class='ocr_line' id='line_1_40' title="bbox 330 3560 2738 3637; baseline 0.001 -17"><span class='ocrx_word' id='word_1_428' title='bbox 330 3563 391 3620; x_wconf 89' lang='lat' dir='ltr'>in</span> <span class='ocrx_word' id='word_1_429' title='bbox 420 3562 587 3619; x_wconf 89' lang='lat' dir='ltr'>nobis</span> <span class='ocrx_word' id='word_1_430' title='bbox 616 3560 978 3636; x_wconf 87' lang='lat' dir='ltr'>impleatur,’&#39;</span> <span class='ocrx_word' id='word_1_431' title='bbox 1012 3561 1180 3619; x_wconf 87' lang='lat' dir='ltr'>Rom.</span> <span class='ocrx_word' id='word_1_432' title='bbox 1210 3562 1332 3620; x_wconf 85' lang='lat' dir='ltr'>viii.</span> <span class='ocrx_word' id='word_1_433' title='bbox 1364 3566 1418 3637; x_wconf 84' lang='lat'>4,</span> <span class='ocrx_word' id='word_1_434' title='bbox 1450 3583 1557 3622; x_wconf 92' lang='lat' dir='ltr'>nec</span> <span class='ocrx_word' id='word_1_435' title='bbox 1604 3571 1831 3622; x_wconf 88' lang='lat' dir='ltr'>tantum</span> <span class='ocrx_word' id='word_1_436' title='bbox 1880 3583 1914 3620; x_wconf 89' lang='lat' dir='ltr'>a</span> <span class='ocrx_word' id='word_1_437' title='bbox 1957 3570 2140 3619; x_wconf 86' lang='lat' dir='ltr'>morte</span> <span class='ocrx_word' id='word_1_438' title='bbox 2189 3562 2514 3637; x_wconf 85' lang='lat' dir='ltr'>liberemur,</span> <span class='ocrx_word' id='word_1_439' title='bbox 2547 3566 2651 3623; x_wconf 88' lang='lat' dir='ltr'>sed</span> <span class='ocrx_word' id='word_1_440' title='bbox 2680 3576 2738 3623; x_wconf 89' lang='lat' dir='ltr'>ct</span> 
     </span>
     <span class='ocr_line' id='line_1_41' title="bbox 330 3640 2736 3720; baseline 0.001 -20"><span class='ocrx_word' id='word_1_441' title='bbox 330 3642 510 3700; x_wconf 82' lang='lat' dir='ltr'>vitam</span> <span class='ocrx_word' id='word_1_442' title='bbox 540 3660 974 3717; x_wconf 86' lang='lat' dir='ltr'>consequamur.</span> <span class='ocrx_word' id='word_1_443' title='bbox 1060 3640 1258 3719; x_wconf 89' lang='lat' dir='ltr'>Atque</span> <span class='ocrx_word' id='word_1_444' title='bbox 1286 3642 1421 3700; x_wconf 90' lang='lat' dir='ltr'>hine</span> <span class='ocrx_word' id='word_1_445' title='bbox 1451 3643 1780 3720; x_wconf 86' lang='lat' dir='ltr'>colligimus</span> <span class='ocrx_word' id='word_1_446' title='bbox 1809 3662 1923 3719; x_wconf 91' lang='lat' dir='ltr'>quo</span> <span class='ocrx_word' id='word_1_447' title='bbox 1947 3642 2079 3699; x_wconf 91' lang='lat' dir='ltr'>loco</span> <span class='ocrx_word' id='word_1_448' title='bbox 2107 3643 2354 3700; x_wconf 72' lang='lat' dir='ltr'>Justitiae</span> <span class='ocrx_word' id='word_1_449' title='bbox 2383 3642 2598 3701; x_wconf 85' lang='lat' dir='ltr'>Christi</span> <span class='ocrx_word' id='word_1_450' title='bbox 2635 3646 2736 3703; x_wconf 80' lang='lat' dir='ltr'>im-</span> 
     </span>
     <span class='ocr_line' id='line_1_42' title="bbox 320 3720 2738 3800; baseline 0.002 -21"><span class='ocrx_word' id='word_1_451' title='bbox 320 3722 547 3798; x_wconf 79' lang='lat' dir='ltr'>putatio</span> <span class='ocrx_word' id='word_1_452' title='bbox 574 3720 841 3779; x_wconf 88' lang='lat' dir='ltr'>habenda</span> <span class='ocrx_word' id='word_1_453' title='bbox 890 3722 966 3779; x_wconf 90' lang='lat' dir='ltr'>sit</span> <span class='ocrx_word' id='word_1_454' title='bbox 1009 3721 1067 3779; x_wconf 91' lang='lat' dir='ltr'>in</span> <span class='ocrx_word' id='word_1_455' title='bbox 1109 3722 1562 3799; x_wconf 81' lang='lat' dir='ltr'>justificatione3</span> <span class='ocrx_word' id='word_1_456' title='bbox 1606 3743 1724 3781; x_wconf 91' lang='lat' dir='ltr'>non</span> <span class='ocrx_word' id='word_1_457' title='bbox 1769 3732 2044 3800; x_wconf 86' lang='lat' dir='ltr'>tanquam</span> <span class='ocrx_word' id='word_1_458' title='bbox 2076 3742 2208 3799; x_wconf 85' lang='lat' dir='ltr'>pars</span> <span class='ocrx_word' id='word_1_459' title='bbox 2237 3743 2364 3799; x_wconf 83' lang='lat' dir='ltr'>quae</span> <span class='ocrx_word' id='word_1_460' title='bbox 2394 3724 2738 3797; x_wconf 87' lang='lat' dir='ltr'>respondeat</span> 
     </span>
     <span class='ocr_line' id='line_1_43' title="bbox 330 3801 2740 3879; baseline 0.001 -19"><span class='ocrx_word' id='word_1_461' title='bbox 330 3809 695 3879; x_wconf 89' lang='lat' dir='ltr'>peccatorum</span> <span class='ocrx_word' id='word_1_462' title='bbox 724 3801 1063 3875; x_wconf 87' lang='lat' dir='ltr'>remissioni,</span> <span class='ocrx_word' id='word_1_463' title='bbox 1097 3810 1160 3861; x_wconf 94' lang='lat' dir='ltr'>ut</span> <span class='ocrx_word' id='word_1_464' title='bbox 1204 3802 1439 3879; x_wconf 91' lang='lat' dir='ltr'>quidam</span> <span class='ocrx_word' id='word_1_465' title='bbox 1486 3823 1560 3861; x_wconf 86' lang='lat' dir='ltr'>ex</span> <span class='ocrx_word' id='word_1_466' title='bbox 1607 3804 1822 3862; x_wconf 90' lang='lat' dir='ltr'>nostris</span> <span class='ocrx_word' id='word_1_467' title='bbox 1858 3822 1974 3861; x_wconf 89' lang='lat' dir='ltr'>non</span> <span class='ocrx_word' id='word_1_468' title='bbox 2005 3802 2144 3860; x_wconf 87' lang='lat' dir='ltr'>satis</span> <span class='ocrx_word' id='word_1_469' title='bbox 2173 3811 2436 3860; x_wconf 85' lang='lat' dir='ltr'>accurate</span> <span class='ocrx_word' id='word_1_470' title='bbox 2466 3802 2740 3863; x_wconf 73' lang='lat' dir='ltr'>videntur</span> 
     </span>
     <span class='ocr_line' id='line_1_44' title="bbox 332 3882 2736 3959; baseline 0.001 -20"><span class='ocrx_word' id='word_1_471' title='bbox 332 3882 618 3957; x_wconf 84' lang='lat' dir='ltr'>statuisse,</span> <span class='ocrx_word' id='word_1_472' title='bbox 650 3882 751 3957; x_wconf 88' lang='lat' dir='ltr'>qui</span> <span class='ocrx_word' id='word_1_473' title='bbox 778 3882 986 3941; x_wconf 85' lang='lat' dir='ltr'>volunt</span> <span class='ocrx_word' id='word_1_474' title='bbox 1013 3882 1407 3941; x_wconf 82' lang='lat' dir='ltr'>remissionem</span> <span class='ocrx_word' id='word_1_475' title='bbox 1441 3892 1806 3959; x_wconf 86' lang='lat' dir='ltr'>peccatorum</span> <span class='ocrx_word' id='word_1_476' title='bbox 1837 3882 2174 3958; x_wconf 75' lang='lat' dir='ltr'>praecedere,</span> <span class='ocrx_word' id='word_1_477' title='bbox 2209 3882 2297 3939; x_wconf 91' lang='lat' dir='ltr'>cui</span> <span class='ocrx_word' id='word_1_478' title='bbox 2330 3882 2601 3942; x_wconf 84' lang='lat' dir='ltr'>succedat</span> <span class='ocrx_word' id='word_1_479' title='bbox 2630 3885 2736 3942; x_wconf 91' lang='lat' dir='ltr'>im-</span> 
     </span>
     <span class='ocr_line' id='line_1_45' title="bbox 328 3960 2737 4039; baseline 0.002 -20"><span class='ocrx_word' id='word_1_480' title='bbox 328 3960 553 4038; x_wconf 88' lang='lat' dir='ltr'>putatio</span> <span class='ocrx_word' id='word_1_481' title='bbox 577 3961 858 4037; x_wconf 81' lang='lat' dir='ltr'>justitiae3</span> <span class='ocrx_word' id='word_1_482' title='bbox 905 3962 1007 4020; x_wconf 88' lang='lat' dir='ltr'>sed</span> <span class='ocrx_word' id='word_1_483' title='bbox 1056 3972 1120 4021; x_wconf 91' lang='lat' dir='ltr'>ut</span> <span class='ocrx_word' id='word_1_484' title='bbox 1164 3962 1599 4022; x_wconf 89' lang='lat' dir='ltr'>fundamentum</span> <span class='ocrx_word' id='word_1_485' title='bbox 1647 3972 1704 4023; x_wconf 91' lang='lat' dir='ltr'>ct</span> <span class='ocrx_word' id='word_1_486' title='bbox 1749 3983 1924 4021; x_wconf 90' lang='lat' dir='ltr'>causa</span> <span class='ocrx_word' id='word_1_487' title='bbox 1967 3982 2095 4039; x_wconf 83' lang='lat' dir='ltr'>quae</span> <span class='ocrx_word' id='word_1_488' title='bbox 2145 3962 2438 4039; x_wconf 87' lang='lat' dir='ltr'>geminum</span> <span class='ocrx_word' id='word_1_489' title='bbox 2470 3962 2737 4023; x_wconf 86' lang='lat' dir='ltr'>effectum</span> 
     </span>
     <span class='ocr_line' id='line_1_46' title="bbox 330 4042 2737 4121; baseline 0.002 -22"><span class='ocrx_word' id='word_1_490' title='bbox 330 4050 462 4118; x_wconf 91' lang='lat' dir='ltr'>post</span> <span class='ocrx_word' id='word_1_491' title='bbox 490 4062 552 4099; x_wconf 89' lang='lat' dir='ltr'>se</span> <span class='ocrx_word' id='word_1_492' title='bbox 583 4042 775 4100; x_wconf 88' lang='lat' dir='ltr'>trahat</span> <span class='ocrx_word' id='word_1_493' title='bbox 803 4043 1173 4101; x_wconf 80' lang='lat' dir='ltr'>remissionem</span> <span class='ocrx_word' id='word_1_494' title='bbox 1214 4053 1575 4118; x_wconf 85' lang='lat' dir='ltr'>peccatorum</span> <span class='ocrx_word' id='word_1_495' title='bbox 1604 4052 1664 4103; x_wconf 91' lang='lat' dir='ltr'>et</span> <span class='ocrx_word' id='word_1_496' title='bbox 1691 4046 1791 4119; x_wconf 74' lang='lat' dir='ltr'>jus</span> <span class='ocrx_word' id='word_1_497' title='bbox 1819 4044 1902 4102; x_wconf 81' lang='lat' dir='ltr'>ad</span> <span class='ocrx_word' id='word_1_498' title='bbox 1925 4044 2114 4101; x_wconf 48' lang='lat' dir='ltr'>‘ta-itam.</span> <span class='ocrx_word' id='word_1_499' title='bbox 2199 4042 2345 4099; x_wconf 88' lang='lat' dir='ltr'>Nam</span> <span class='ocrx_word' id='word_1_500' title='bbox 2378 4062 2448 4100; x_wconf 87' lang='lat' dir='ltr'>ex</span> <span class='ocrx_word' id='word_1_501' title='bbox 2482 4064 2550 4101; x_wconf 89' lang='lat' dir='ltr'>eo</span> <span class='ocrx_word' id='word_1_502' title='bbox 2579 4046 2737 4121; x_wconf 92' lang='lat' dir='ltr'>quod</span> 
     </span>
     <span class='ocr_line' id='line_1_47' title="bbox 322 4121 2738 4201; baseline 0.002 -21"><span class='ocrx_word' id='word_1_503' title='bbox 322 4121 555 4199; x_wconf 87' lang='lat' dir='ltr'>justitia</span> <span class='ocrx_word' id='word_1_504' title='bbox 603 4121 815 4180; x_wconf 87' lang='lat' dir='ltr'>Christi</span> <span class='ocrx_word' id='word_1_505' title='bbox 872 4122 1041 4180; x_wconf 90' lang='lat' dir='ltr'>nobis</span> <span class='ocrx_word' id='word_1_506' title='bbox 1098 4122 1426 4199; x_wconf 87' lang='lat' dir='ltr'>imputatur,</span> <span class='ocrx_word' id='word_1_507' title='bbox 1480 4124 1740 4201; x_wconf 86' lang='lat' dir='ltr'>sequitur</span> <span class='ocrx_word' id='word_1_508' title='bbox 1783 4132 1841 4182; x_wconf 91' lang='lat' dir='ltr'>et</span> <span class='ocrx_word' id='word_1_509' title='bbox 1889 4132 2126 4200; x_wconf 86' lang='lat' dir='ltr'>peecata</span> <span class='ocrx_word' id='word_1_510' title='bbox 2177 4122 2346 4179; x_wconf 83' lang='lat' dir='ltr'>nobis</span> <span class='ocrx_word' id='word_1_511' title='bbox 2396 4125 2626 4197; x_wconf 87' lang='lat' dir='ltr'>remitti,</span> <span class='ocrx_word' id='word_1_512' title='bbox 2679 4134 2738 4185; x_wconf 88' lang='lat' dir='ltr'>et</span> 
     </span>
     <span class='ocr_line' id='line_1_48' title="bbox 322 4201 2738 4280; baseline 0.002 -20"><span class='ocrx_word' id='word_1_513' title='bbox 322 4204 423 4280; x_wconf 87' lang='lat' dir='ltr'>jus</span> <span class='ocrx_word' id='word_1_514' title='bbox 478 4202 553 4260; x_wconf 87' lang='lat' dir='ltr'>ad</span> <span class='ocrx_word' id='word_1_515' title='bbox 582 4202 763 4261; x_wconf 87' lang='lat' dir='ltr'>vitam</span> <span class='ocrx_word' id='word_1_516' title='bbox 818 4202 1055 4261; x_wconf 90' lang='lat' dir='ltr'>concedi</span> <span class='ocrx_word' id='word_1_517' title='bbox 1081 4225 1095 4275; x_wconf 90' lang='lat'>;</span> <span class='ocrx_word' id='word_1_518' title='bbox 1167 4211 1224 4261; x_wconf 89' lang='lat' dir='ltr'>et</span> <span class='ocrx_word' id='word_1_519' title='bbox 1278 4203 1424 4261; x_wconf 90' lang='lat' dir='ltr'>ratio</span> <span class='ocrx_word' id='word_1_520' title='bbox 1481 4212 1570 4263; x_wconf 86' lang='lat' dir='ltr'>est</span> <span class='ocrx_word' id='word_1_521' title='bbox 1625 4203 1864 4263; x_wconf 84' lang='lat' dir='ltr'>evidens</span> <span class='ocrx_word' id='word_1_522' title='bbox 1890 4225 1904 4261; x_wconf 71' lang='grc' dir='ltr'>ε</span> <span class='ocrx_word' id='word_1_523' title='bbox 1961 4202 2098 4279; x_wconf 91' lang='lat' dir='ltr'>quia</span> <span class='ocrx_word' id='word_1_524' title='bbox 2124 4201 2269 4258; x_wconf 88' lang='lat' dir='ltr'>nihil</span> <span class='ocrx_word' id='word_1_525' title='bbox 2299 4209 2488 4278; x_wconf 85' lang='lat' dir='ltr'>potest</span> <span class='ocrx_word' id='word_1_526' title='bbox 2541 4224 2576 4262; x_wconf 88' lang='lat' dir='ltr'>a</span> <span class='ocrx_word' id='word_1_527' title='bbox 2625 4206 2738 4264; x_wconf 88' lang='lat' dir='ltr'>Dei</span> 
     </span>
     <span class='ocr_line' id='line_1_49' title="bbox 329 4281 2738 4360; baseline 0.001 -19"><span class='ocrx_word' id='word_1_528' title='bbox 329 4290 643 4359; x_wconf 87' lang='lat' dir='ltr'>conspectu</span> <span class='ocrx_word' id='word_1_529' title='bbox 681 4290 919 4360; x_wconf 89' lang='lat' dir='ltr'>peccata</span> <span class='ocrx_word' id='word_1_530' title='bbox 962 4290 1159 4340; x_wconf 87' lang='lat' dir='ltr'>nostra</span> <span class='ocrx_word' id='word_1_531' title='bbox 1207 4290 1420 4359; x_wconf 88' lang='lat' dir='ltr'>tegere,</span> <span class='ocrx_word' id='word_1_532' title='bbox 1467 4283 1579 4343; x_wconf 87' lang='lat' dir='ltr'>nisi</span> <span class='ocrx_word' id='word_1_533' title='bbox 1628 4284 1810 4341; x_wconf 85' lang='lat' dir='ltr'>vestis</span> <span class='ocrx_word' id='word_1_534' title='bbox 1859 4281 2015 4340; x_wconf 90' lang='lat' dir='ltr'>illius</span> <span class='ocrx_word' id='word_1_535' title='bbox 2059 4281 2386 4358; x_wconf 84' lang='lat' dir='ltr'>applicatiO,</span> <span class='ocrx_word' id='word_1_536' title='bbox 2423 4303 2525 4341; x_wconf 89' lang='lat' dir='ltr'>seu</span> <span class='ocrx_word' id='word_1_537' title='bbox 2563 4284 2738 4359; x_wconf 88' lang='lat' dir='ltr'>justi-</span> 
     </span>
     <span class='ocr_line' id='line_1_50' title="bbox 327 4360 2736 4441; baseline 0.001 -19"><span class='ocrx_word' id='word_1_538' title='bbox 327 4364 425 4422; x_wconf 80' lang='lat' dir='ltr'>tiae</span> <span class='ocrx_word' id='word_1_539' title='bbox 470 4362 811 4440; x_wconf 80' lang='lat' dir='ltr'>imputati03</span> <span class='ocrx_word' id='word_1_540' title='bbox 856 4361 1339 4441; x_wconf 86' lang='lat' dir='ltr'>quemadmodum</span> <span class='ocrx_word' id='word_1_541' title='bbox 1386 4383 1501 4421; x_wconf 90' lang='lat' dir='ltr'>non</span> <span class='ocrx_word' id='word_1_542' title='bbox 1548 4364 1706 4440; x_wconf 86' lang='lat' dir='ltr'>prius</span> <span class='ocrx_word' id='word_1_543' title='bbox 1736 4362 1925 4420; x_wconf 89' lang='lat' dir='ltr'>animo</span> <span class='ocrx_word' id='word_1_544' title='bbox 1969 4360 2191 4438; x_wconf 87' lang='lat' dir='ltr'>concipi</span> <span class='ocrx_word' id='word_1_545' title='bbox 2223 4370 2411 4438; x_wconf 85' lang='lat' dir='ltr'>potest</span> <span class='ocrx_word' id='word_1_546' title='bbox 2465 4364 2586 4441; x_wconf 88' lang='lat' dir='ltr'>tegi</span> <span class='ocrx_word' id='word_1_547' title='bbox 2629 4385 2736 4425; x_wconf 89' lang='lat' dir='ltr'>nu-</span> 
     </span>
     <span class='ocr_line' id='line_1_51' title="bbox 330 4440 2739 4522; baseline 0.002 -21"><span class='ocrx_word' id='word_1_548' title='bbox 330 4444 571 4503; x_wconf 88' lang='lat' dir='ltr'>ditatem</span> <span class='ocrx_word' id='word_1_549' title='bbox 602 4462 949 4520; x_wconf 82' lang='lat' dir='ltr'>corpoream</span> <span class='ocrx_word' id='word_1_550' title='bbox 996 4462 1169 4520; x_wconf 91' lang='lat' dir='ltr'>quam</span> <span class='ocrx_word' id='word_1_551' title='bbox 1216 4442 1439 4520; x_wconf 89' lang='lat' dir='ltr'>corpori</span> <span class='ocrx_word' id='word_1_552' title='bbox 1483 4444 1664 4501; x_wconf 82' lang='lat' dir='ltr'>vestis</span> <span class='ocrx_word' id='word_1_553' title='bbox 1693 4441 2012 4520; x_wconf 89' lang='lat' dir='ltr'>applicetur</span> <span class='ocrx_word' id='word_1_554' title='bbox 2039 4450 2096 4500; x_wconf 88' lang='lat' dir='ltr'>et</span> <span class='ocrx_word' id='word_1_555' title='bbox 2124 4440 2446 4501; x_wconf 87' lang='lat' dir='ltr'>inducatur.</span> <span class='ocrx_word' id='word_1_556' title='bbox 2534 4444 2739 4522; x_wconf 85' lang='lat' dir='ltr'>Itaque</span> 
     </span>
     <span class='ocr_line' id='line_1_52' title="bbox 330 4520 2738 4601; baseline 0.002 -19"><span class='ocrx_word' id='word_1_557' title='bbox 330 4525 391 4582; x_wconf 89' lang='lat' dir='ltr'>in</span> <span class='ocrx_word' id='word_1_558' title='bbox 448 4526 491 4584; x_wconf 88' lang='lat' dir='ltr'><strong>J</strong></span> <span class='ocrx_word' id='word_1_559' title='bbox 496 4523 877 4583; x_wconf 84' lang='lat' dir='ltr'>ustificatione</span> <span class='ocrx_word' id='word_1_560' title='bbox 938 4521 1293 4599; x_wconf 87' lang='lat' dir='ltr'>concipimus</span> <span class='ocrx_word' id='word_1_561' title='bbox 1348 4542 1451 4599; x_wconf 89' lang='lat' dir='ltr'>per</span> <span class='ocrx_word' id='word_1_562' title='bbox 1504 4532 1563 4582; x_wconf 89' lang='lat' dir='ltr'>et</span> <span class='ocrx_word' id='word_1_563' title='bbox 1626 4532 1860 4601; x_wconf 88' lang='lat' dir='ltr'>propter</span> <span class='ocrx_word' id='word_1_564' title='bbox 1913 4522 2084 4581; x_wconf 89' lang='lat' dir='ltr'>unius</span> <span class='ocrx_word' id='word_1_565' title='bbox 2144 4520 2388 4599; x_wconf 73' lang='lat' dir='ltr'>justitiae</span> <span class='ocrx_word' id='word_1_566' title='bbox 2443 4524 2738 4601; x_wconf 88' lang='lat' dir='ltr'>perfectis-</span> 
     </span>
     <span class='ocr_line' id='line_1_53' title="bbox 332 4602 2740 4683; baseline 0.001 -19"><span class='ocrx_word' id='word_1_567' title='bbox 332 4606 493 4664; x_wconf 81' lang='lat' dir='ltr'>simae</span> <span class='ocrx_word' id='word_1_568' title='bbox 560 4604 774 4663; x_wconf 90' lang='lat' dir='ltr'>Christi</span> <span class='ocrx_word' id='word_1_569' title='bbox 839 4604 1293 4681; x_wconf 87' lang='lat' dir='ltr'>imputationem,</span> <span class='ocrx_word' id='word_1_570' title='bbox 1353 4612 1475 4662; x_wconf 89' lang='lat' dir='ltr'>tum</span> <span class='ocrx_word' id='word_1_571' title='bbox 1530 4604 1670 4681; x_wconf 86' lang='lat' dir='ltr'>tegi,</span> <span class='ocrx_word' id='word_1_572' title='bbox 1728 4612 1786 4662; x_wconf 90' lang='lat' dir='ltr'>et</span> <span class='ocrx_word' id='word_1_573' title='bbox 1850 4602 2030 4663; x_wconf 89' lang='lat' dir='ltr'>deleri</span> <span class='ocrx_word' id='word_1_574' title='bbox 2095 4610 2331 4680; x_wconf 87' lang='lat' dir='ltr'>peccata</span> <span class='ocrx_word' id='word_1_575' title='bbox 2394 4614 2606 4683; x_wconf 87' lang='lat' dir='ltr'>nostra,</span> <span class='ocrx_word' id='word_1_576' title='bbox 2671 4628 2740 4667; x_wconf 85' lang='lat' dir='ltr'>ae</span> 
     </span>
     <span class='ocr_line' id='line_1_54' title="bbox 332 4682 2738 4765; baseline 0.002 -22"><span class='ocrx_word' id='word_1_577' title='bbox 332 4684 573 4763; x_wconf 87' lang='lat' dir='ltr'>proinde</span> <span class='ocrx_word' id='word_1_578' title='bbox 618 4706 727 4744; x_wconf 86' lang='lat' dir='ltr'>nos</span> <span class='ocrx_word' id='word_1_579' title='bbox 774 4684 848 4744; x_wconf 87' lang='lat' dir='ltr'>ab</span> <span class='ocrx_word' id='word_1_580' title='bbox 892 4684 978 4743; x_wconf 90' lang='lat' dir='ltr'>ira</span> <span class='ocrx_word' id='word_1_581' title='bbox 1024 4692 1084 4743; x_wconf 92' lang='lat' dir='ltr'>et</span> <span class='ocrx_word' id='word_1_582' title='bbox 1128 4682 1530 4745; x_wconf 87' lang='lat' dir='ltr'>maledictione</span> <span class='ocrx_word' id='word_1_583' title='bbox 1574 4693 1790 4743; x_wconf 85' lang='lat' dir='ltr'>aeterna</span> <span class='ocrx_word' id='word_1_584' title='bbox 1829 4683 2078 4759; x_wconf 89' lang='lat' dir='ltr'>liberari,</span> <span class='ocrx_word' id='word_1_585' title='bbox 2127 4690 2250 4743; x_wconf 88' lang='lat' dir='ltr'>tum</span> <span class='ocrx_word' id='word_1_586' title='bbox 2299 4685 2470 4745; x_wconf 85' lang='lat' dir='ltr'>etiam</span> <span class='ocrx_word' id='word_1_587' title='bbox 2520 4694 2585 4746; x_wconf 80' lang='lat' dir='ltr'>ut</span> <span class='ocrx_word' id='word_1_588' title='bbox 2611 4708 2738 4765; x_wconf 87' lang='lat' dir='ltr'>per-</span> 
     </span>
    </p>
   </div>
  </div>
 </body>
</html>
