3234 5192
510 322 627 379 462
1070 334 1147 373 ns
1177 332 1655 375 sArrsrAcrroms
1683 334 1920 377 cuarsrr
1950 334 2269 377 vuamx'ra.
2503 314 2765 397 [nrsrur.
2796 336 2930 377 xm.

512 478 709 537 statim
737 494 857 535 ver.
888 478 984 549 21,
1016 474 1251 533 modum
1278 473 1764 535 reconciliationis
1791 474 1960 535 istius
1979 494 2080 553 per
2101 476 2392 535 Christum
2413 474 2580 535 factm
2607 476 2926 554 explicans,

512 557 677 617 addit
692 555 1179 632 elegantissimam
1202 554 1613 613 satisfactionis
1626 555 1840 613 Christi
1857 555 2320 633 descriptionem,
2343 558 2522 613 “nam
2539 555 2678 615 fecit
2689 577 2816 615 eam
2827 558 2928 635 qui

512 658 631 695 non
650 643 893 695 noverat
912 643 1539 712 peccatum,peccatum
1562 654 1666 711 pro
1686 634 1873 711 nobis,
1897 644 1961 693 ut
1979 654 2234 696 essemus
2252 637 2295 695 J
2302 636 2498 695 ustitia
2521 636 2634 695 Dei
2649 636 2711 694 in
2737 636 2926 714 ipso.”

516 717 643 775 Nec
669 715 975 775 dicendum
1005 724 1095 775 est
1122 716 1515 775 remissionem
1556 716 1780 791 peccati
1805 734 1924 774 non
1963 736 2134 793 posse
2161 716 2476 776 consistere
2503 736 2635 775 cum
2665 717 2924 776 satisfac-

514 798 707 873 tione,
751 797 876 855 haec
904 796 1055 853 enim
1094 814 1213 854 non
1252 814 1378 853 esse
1406 794 1673 853 «ἑο-ὕπατε
1716 796 1821 855 sed
1859 796 2234 855 subordinata
2261 798 2386 874 jam
2427 804 2600 855 antea
2625 796 2924 873 evicimus,

514 898 647 937 cum
674 876 934 935 remissio
963 876 1065 934 fiat
1090 894 1194 951 pro
1221 874 1391 933 nobis
1418 884 1477 933 et
1516 874 1834 935 satisfactio
1871 877 2140 953 exigatur
2167 897 2204 935 a
2230 876 2478 951 Christo,
2509 886 2569 936 et
2595 876 2726 936 ideo
2755 878 2922 937 satis-

515 957 691 1016 factio
717 956 987 1033 exigatur
1014 975 1049 1013 a
1078 955 1307 1015 Christo
1336 962 1401 1014 ut
1436 954 1603 1013 nobis
1641 956 1904 1015 remissio
1945 956 2130 1033 possit
2169 956 2478 1033 indulgeri,
2521 957 2677 1016 unde
2708 958 2924 1018 Paulus

514 1038 641 1097 haec
685 1036 800 1095 duo
842 1035 1149 1109 connectit,
1203 1035 1370 1093 Rom.
1418 1035 1499 1093 iii.
1549 1038 1644 1111 25,
1680 1035 2158 1113 Redemptionem
2205 1056 2309 1114 per
2353 1036 2646 1096 Christum
2690 1037 2752 1095 in
2796 1038 2926 1115 ejus

516 1117 815 1193 sanguine,
860 1124 919 1175 et
954 1114 1431 1193 justificationem
1458 1115 1805 1192 gratuitam:
1847 1116 2108 1177 remissio
2137 1116 2400 1175 excludit
2425 1116 2770 1175 solutionem
2799 1118 2926 1195 ejus

516 1196 612 1255 cui
637 1196 703 1255 fit
729 1196 1009 1271 remissio,
1034 1194 1139 1253 sed
1160 1215 1275 1254 non
1296 1215 1521 1254 omnem
1546 1196 1900 1274 simpliciter,
1932 1196 2192 1257 excludit
2211 1196 2500 1274 propriam
2519 1214 2638 1255 non
2655 1196 2920 1275 alienam,

515 1276 813 1335 hominum
840 1296 957 1335 non
987 1274 1219 1337 Christi.

604 1358 777 1417 LIII.
822 1356 923 1415 Ad
952 1360 1032 1415 ‘4¹¹²
1062 1356 1343 1415 Peccatur
1368 1355 1497 1415 fals.
1526 1355 1771 1433 hypoth.
1801 1355 1970 1433 quasi
2009 1376 2126 1415 una
2151 1364 2374 1417 tantum
2403 1363 2462 1415 et
2493 1356 2742 1433 simplex
2769 1357 2828 1415 in
2856 1379 2924 1417 eo

516 1439 645 1499 loco
672 1444 999 1497 occurreret
1034 1435 1441 1509 reconciliatiO,
1484 1454 1615 1494 cum
1660 1436 1830 1495 modo
1875 1436 2192 1496 dixerimus
2237 1437 2382 1496 duas
2426 1436 2694 1495 distincte
2735 1439 2926 1497 notari

518 1521 649 1597 ejus
674 1526 885 1595 partes,
914 1517 1087 1575 aliam
1116 1536 1152 1573 a
1176 1524 1339 1593 parte
1372 1514 1500 1591 Dei,
1531 1516 1706 1575 aliam
1745 1536 1782 1573 a
1819 1524 1984 1593 parte
2013 1517 2326 1593 hominum,
2351 1536 2482 1575 nam
2513 1524 2571 1577 et
2599 1516 2697 1575 ille
2725 1517 2926 1576 debuit

514 1598 731 1677 placari
760 1605 819 1655 et
847 1617 921 1655 ex
950 1595 1174 1655 infenso
1202 1595 1422 1655 amicus
1464 1595 1650 1671 reddi,
1697 1604 1758 1654 et
1799 1615 1906 1653 nos
1949 1596 2294 1656 beneficium
2335 1597 2593 1656 oblatum
2635 1598 2920 1674 amplecti,

515 1688 575 1737 et
602 1696 801 1735 rursus
848 1675 925 1733 ad
971 1675 1161 1751 ipsum
1210 1673 1397 1733 redire
1446 1694 1483 1733 a
1527 1694 1645 1751 quo
1695 1674 1984 1734 fueramus
2032 1676 2306 1753 alienati3
2339 1678 2592 1735 Primam
2623 1677 2782 1736 Deus
2819 1697 2925 1755 per

516 1756 807 1816 Christum
865 1762 1149 1831 operatur,
1213 1754 1453 1813 alteram
1500 1754 1752 1813 instituit
1805 1754 2123 1815 ministerio
2180 1756 2592 1833 Apostolorum
2666 1758 2766 1834 qui
2818 1777 2928 1817 nos

516 1834 731 1895 Christi
756 1834 987 1893 nomine
1030 1835 1332 1893 hortantur
1358 1842 1423 1893 ut
1450 1834 1886 1893 reconciliemur
1915 1834 2076 1912 Deo;
2123 1836 2238 1895 Illa
2265 1836 2339 1895 ab
2367 1846 2582 1895 aeterno
2609 1837 2841 1897 decreta
2866 1848 2946 1897 et·

512 1917 575 1974 in
605 1914 833 1975 Christo
862 1914 1041 1975 semel
1068 1913 1221 1973 facta
1248 1933 1350 1990 per
1376 1932 1702 1973 sermonem
1727 1915 2124 1989 annunciatur,
2155 1916 2280 1975 haec
2305 1936 2448 1975 vero
2475 1937 2577 1995 per
2605 1938 2925 1977 sermonem

514 1996 703 2073 ipsum
726 2002 1082 2073 procuratur.
1126 1998 1183 2053 2.
1214 1993 1644 2073 Distinguenda
1671 2002 1762 2054 est
1787 1996 2250 2055 reconciliationis
2275 1997 2566 2073 acquisitio
2587 1998 2660 2057 ab
2683 2000 2926 2073 q’toedcm

517 2076 893 2152 applicatione
910 2099 934 2147 ‚·
963 2074 1067 2133 illa
1093 2074 1374 2153 sanguine
1404 2074 1619 2134 Christi
1649 2076 1959 2152 peragitur,
1985 2075 2097 2137 ista
2124 2076 2302 2135 verbo
2331 2077 2590 2154 ejusdem
2615 2086 2678 2137 et
2705 2078 2926 2155 spiritu,

515 2156 619 2215 illa
643 2176 747 2234 per
775 2156 1069 2215 Christum
1098 2155 1303 2230 solum,
1332 2156 1459 2215 haec
1486 2175 1590 2231 per
1614 2154 1932 2232 Apostolos
1953 2165 2012 2217 et
2039 2156 2185 2215 alios
2207 2157 2509 2217 Ministros
2535 2166 2924 2235 promovetur,

512 2236 669 2295 unde
713 2236 1093 2295 ministerium
1137 2234 1622 2295 reconciliationis
1665 2236 1784 2294 illis
1821 2237 2100 2296 traditum
2143 2236 2370 2313 dicitur,
2417 2256 2524 2295 nec
2567 2244 2761 2315 potest
2803 2239 2926 2297 sine

515 2316 874 2393 blasphemia
914 2315 1045 2389 dici,
1096 2315 1389 2373 Christum
1432 2332 1550 2372 non
1597 2314 1714 2371 alia
1755 2315 1978 2374 ratione
2021 2316 2174 2375 circa
2213 2317 2364 2375 hanc
2400 2316 2928 2377 reconciliationem

514 2404 809 2455 versatum
836 2412 965 2453 esse
990 2412 1163 2470 quam
1196 2394 1529 2471 Apostolos,
1572 2392 1731 2467 quod
1767 2392 1914 2451 foret
1943 2402 2134 2452 tamen
2176 2394 2226 2451 si
2253 2394 2410 2469 quod
2439 2396 2643 2453 volunt
2669 2396 2930 2455 haeretici

516 2475 661 2533 nihil
690 2472 849 2532 aliud
875 2472 1091 2531 faceret
1117 2491 1291 2548 quam
1320 2471 1477 2529 viam
1503 2469 1808 2529 ostendere
1829 2472 2312 2547 quemadmodum
2341 2492 2448 2531 nos
2475 2472 2550 2531 ad
2569 2473 2760 2531 Deum
2787 2492 2924 2531 con-

517 2554 666 2613 verti
692 2561 865 2630 atque
894 2551 971 2611 ad
1006 2570 1138 2611 eum
1180 2550 1417 2609 modum
1454 2549 1541 2608 illi
1576 2549 1935 2609 reconciliari
1977 2558 2254 2627 oporteat,
2301 2550 2564 2628 Idipsum
2591 2551 2744 2609 enim
2773 2551 2924 2611 fece·

516 2642 651 2693 runt
678 2642 737 2693 et
766 2632 1041 2709 Apostoli
1074 2630 1295 2689 faciunt
1320 2638 1379 2689 et
1398 2628 1712 2707 Evangelii
1737 2629 2004 2689 ministri.
2069 2630 2274 2707 Itaque
2301 2630 2568 2690 dicantur
2595 2650 2734 2691 sane
2755 2650 2924 2709 apos-

516 2715 623 2775 toli
650 2722 709 2773 et
735 2712 985 2773 ministri
1010 2710 1379 2771 reconciliare
1407 2710 1658 2784 oblativc,
1687 2710 2040 2786 applicativc,
2081 2720 2134 2769 et
2161 2710 2598 2771 minium-italicar
2615 2734 2635 2769 .·
2676 2720 2740 2771 at
2767 2712 2927 2772 solus

518 2795 785 2855 Christus
812 2792 1145 2853 reconciliat
1170 2792 1472 2865 mrum-ie,
1494 2790 1909 2867 principaliter,
1939 2801 1992 2850 et
2015 2791 2406 2865 satisfactorie.

600 2876 764 2935 LIV.
810 2873 913 2933 Ad
952 2878 1033 2933 5¹³
1073 2872 1319 2933 fatemur
1348 2870 1557 2949 Apost.
1586 2870 1664 2929 ad
1693 2870 1844 2947 Eph.
1873 2870 1934 2929 ii.
1969 2872 2062 2947 15,
2096 2874 2188 2946 16,
2217 2890 2392 2947 agere
2411 2870 2487 2930 de
2507 2872 2550 2932 J
2553 2870 2850 2931 udseorurn
2868 2880 2928 2930 et

519 2956 797 3015 Gentium
825 2955 977 3025 inter
1004 2973 1065 3013 se
1092 2952 1577 3025 reconciliatione,
1622 2950 1726 3009 sed
1765 2970 2048 3029 negamus
2087 2950 2162 3011 de
2203 2971 2274 3009 ea
2313 2971 2488 3029 agere
2525 2952 2824 3011 exclusive
2851 2951 2928 3009 ad

518 3034 1041 3095 reconciliationem
1070 3033 1369 3093 hominum
1396 3052 1529 3092 cum
1560 3031 1688 3090 Deo
1719 3054 1734 3091 ε
1775 3031 1892 3091 imo
1932 3031 2258 3091 necessario
2297 3051 2426 3091 eam
2469 3031 2763 3091 includere
2799 3050 2924 3109 per-

518 3114 845 3173 tendimus:
888 3123 1013 3173 tum
1040 3134 1117 3171 ex
1144 3114 1327 3190 ipsius
1353 3121 1559 3172 natura
1578 3111 1680 3187 rei,
1711 3132 1846 3169 nam
1868 3112 2038 3171 amici
2059 3132 2186 3171 esse
2207 3131 2324 3171 non
2351 3119 2664 3189 potuerunt
2689 3111 2838 3170 inter
2865 3131 2926 3169 se

519 3194 563 3252 J
570 3193 719 3250 udaei
746 3201 807 3250 et
834 3193 1057 3251 Gentes
1077 3192 1191 3251 nisi
1216 3212 1319 3270 per
1338 3192 1650 3252 amicitiam
1673 3212 1801 3251 cum
1823 3192 1968 3267 Deo,
1999 3192 2212 3269 quippe
2239 3191 2355 3250 duo
2382 3191 2616 3251 diversa
2641 3212 2772 3269 quae
2790 3192 2926 3268 jun-

520 3278 738 3347 guntur
766 3271 847 3327 ita
882 3271 1212 3347 junguntur
1250 3272 1401 3331 inter
1442 3291 1505 3329 se
1546 3277 1613 3329 ut
1649 3270 1808 3347 prius
1849 3291 1917 3329 ac
1958 3272 2152 3348 potius
2187 3272 2512 3349 jungantur
2535 3272 2648 3348 ipsi
2675 3270 2926 3347 vincu10,

520 3367 627 3407 nec
656 3346 809 3407 enim
828 3348 1158 3423 junguntur
1184 3350 1334 3407 inter
1370 3368 1431 3406 se
1470 3348 1582 3406 nisi
1625 3368 1728 3425 per
1767 3356 1825 3407 et
1865 3358 2100 3426 propter
2138 3350 2471 3411 vinculum:
2513 3360 2636 3410 tum
2663 3350 2802 3427 quia
2827 3370 2927 3408 ex·

522 3446 720 3505 presse
747 3426 903 3484 illius
931 3426 1211 3501 meminit,
1240 3446 1361 3485 ver.
1395 3430 1487 3501 16,
1518 3426 1599 3484 i'm
1641 3430 2060 3499 ὶπωταλλέξη
2097 3430 2212 3495 τοὺς
2251 3414 2552 3512 ἇιῶηὲςιυς
2579 3432 2620 3489 iv
2645 3434 2705 3490 ἐπ’
2731 3430 2930 3505 σάματι

518 3510 715 3585 vap-919.
794 3505 857 3565 Si
876 3524 1015 3583 ergo
1044 3505 1173 3564 Deo
1201 3506 1415 3565 debent
1440 3507 1818 3581 reconciliari,
1849 3527 1966 3565 non
1981 3509 2180 3586 utique
2209 3519 2434 3571 tantum
2461 3511 2612 3569 inter
2639 3531 2734 3571 se:
2781 3512 2928 3569 Nam

522 3590 679 3669 quod
708 3585 1011 3647 haereticus
1054 3586 1185 3645 vult
1226 3592 1581 3663 postremum
1608 3585 1758 3645 illud
1784 3587 2132 3647 vocabulum
2158 3590 2421 3667 finaliter
2447 3610 2574 3651 esse
2603 3590 2928 3667 intelligen-

522 3671 661 3730 dum
688 3669 766 3728 id.
795 3675 863 3727 ut
889 3665 1285 3725 reconciliaret
1310 3664 1467 3743 ipsos
1495 3665 1646 3724 inter
1683 3684 1745 3725 se
1784 3673 1851 3724 ut
1881 3666 2008 3726 Deo
2050 3668 2324 3745 serviant,
2368 3690 2484 3729 non
2514 3671 2684 3729 modo
2722 3671 2932 3729 durum

521 3760 612 3811 est
640 3759 697 3814 et
725 3756 1005 3822 coactum,
1026 3746 1130 3805 sed
1156 3754 1216 3806 et
1243 3745 1549 3805 verborum
1570 3748 1901 3821 ἅλληλονχίι
1923 3747 2224 3807 manifeste
2245 3759 2547 3828 repugnat,
2569 3749 2717 3810 illud
2744 3752 2934 3829 ipsum

522 3830 809 3908 siquidem
845 3828 1087 3906 jamjam
1116 3834 1403 3904 posuerat,
1433 3846 1557 3885 ver.
1592 3829 1684 3902 14,
1720 3830 1811 3902 15,
1843 3846 1976 3885 cum
2003 3827 2154 3887 dixit
2183 3830 2220 3861 “
2251 3838 2492 3909 utraque
2521 3850 2700 3890 unum
2727 3830 2933 3891 fecisse

522 3920 591 3973 ut
616 3932 693 3971 ex
719 3907 947 3969 duobus
992 3906 1109 3965 illis
1151 3906 1427 3966 conderet
1462 3906 1525 3965 in
1564 3906 1874 3983 semetipso
1913 3926 2092 3966 unum
2135 3928 2354 3967 novum
2393 3910 2684 3969 hominem
2715 3910 2933 3971 faciens

523 3992 783 4070 pacem,'’
814 3988 955 4067 quid
984 4006 1125 4065 ergo
1150 4006 1297 4065 opus
1326 3986 1433 4045 fuit
1460 3986 1611 4047 idem
1637 3986 1856 4065 absque
1885 3988 2226 4049 necessitate
2253 3990 2350 4049 hic
2381 3994 2684 4067 repetere?
2725 3992 2933 4069 Itaque

522 4072 757 4131 omnino
786 4066 1155 4129 statuendum
1180 4075 1271 4127 cst
1300 4066 1547 4127 Paulum
1571 4076 1896 4145 postquam,
1935 4087 2057 4127 ver.
2094 4071 2186 4143 15,
2218 4068 2290 4127 de
2319 4070 2362 4129 J
2367 4070 2660 4129 udaeorum
2686 4079 2746 4129 et
2775 4071 2933 4131 Gen-

524 4153 669 4213 tium
698 4152 847 4209 inter
876 4170 937 4209 se
966 4146 1427 4207 reconciliatione
1456 4147 1636 4205 verba
1663 4147 1816 4222 fecit,
1852 4148 1976 4226 jam
2004 4168 2126 4207 ver.
2159 4151 2252 4225 16,
2283 4149 2356 4209 de
2399 4158 2772 4226 utrorumque
2801 4170 2934 4210 cum

524 4232 650 4291 Deo
668 4229 1133 4289 reconciliatione
1150 4248 1279 4305 quae
1296 4226 1504 4306 prioris
1525 4228 1684 4287 illius
1702 4236 1761 4287 et
1776 4227 2214 4289 fundamentum
2230 4238 2320 4289 est
2341 4238 2400 4289 et
2419 4230 2568 4305 finis,
2593 4250 2786 4307 agere,
2797 4250 2933 4289 nam

520 4320 589 4370 ut
614 4310 777 4369 nulla
802 4308 991 4370 solida
1030 4316 1119 4369 est
1153 4308 1409 4368 amicitia
1432 4307 1547 4367 nisi
1574 4306 1638 4367 in
1667 4308 1794 4367 Deo
1819 4307 2077 4383 fundata,
2125 4309 2209 4369 sic
2250 4309 2462 4369 frustra
2499 4310 2705 4370 fuisset
2747 4310 2936 4369 omnis

520 4389 624 4447 illa
648 4390 945 4449 hominum
974 4389 1125 4449 inter
1152 4408 1213 4449 se
1241 4388 1567 4449 conciliatio
1594 4387 1710 4447 nisi
1735 4388 2260 4449 reconciliationem
2287 4409 2418 4449 cum
2449 4390 2576 4449 Deo
2593 4410 2790 4449 secum
2817 4398 2934 4449 tra·

520 4468 717 4525 heret:
763 4468 906 4529 Ideo
934 4468 1077 4527 dicit
1105 4468 1396 4529 Christum
1424 4468 1672 4527 solvisse
1709 4478 1935 4547 septum
1979 4470 2312 4547 intergerini
2343 4469 2576 4547 parietis
2603 4480 2662 4529 et
2688 4470 2934 4529 inimici-

520 4546 633 4604 tias
658 4546 983 4605 abolevisse
1010 4555 1077 4606 ut
1102 4551 1365 4607 conderet
1380 4569 1455 4607 ex
1474 4550 1686 4607 duobus
1713 4569 1884 4607 unum
1905 4570 2106 4607 novum
2125 4551 2416 4625 hominem,
2440 4547 2569 4625 &c.,
2594 4560 2648 4609 et
2673 4560 2936 4627 utrosque

518 4628 581 4683 in
609 4644 719 4683 uno
747 4644 985 4701 corpore
1012 4628 1398 4685 reconciliaret
1424 4630 1553 4685 Deo
1570 4648 1687 4703 per
1713 4648 1930 4687 crucem
1949 4653 1972 4701 ,·
2017 4628 2089 4687 In
2118 4650 2248 4688 eum
2279 4628 2562 4706 siquidem
2584 4628 2760 4689 finem
2791 4628 2934 4691 utri-
