3234 5192
302 361 539 403 msrur.
569 346 747 419 xxm]
859 359 937 398 m:
968 356 1458 399 ssrxsrscnoms
1488 358 1733 400 efflusi-1
1766 362 2194 406 rsnrscrioss.
2276 372 2281 376 ·
2593 352 2707 411 679

297 510 410 572 rat,
439 502 553 561 nisi
581 504 741 579 quod
774 503 859 561 ita
900 498 1101 558 testari
1130 500 1325 557 voluit
1350 499 1595 557 unicum
1636 521 1760 559 esse
1787 502 2200 563 satisfactionis
2226 524 2435 580 genus,
2464 528 2585 585 quo
2604 510 2707 586 ju-

301 583 527 640 dicium
555 601 727 639 suum
758 582 1065 658 placatur;
1112 577 1349 653 Quippe
1397 596 1470 637 ea
1496 598 1633 655 quae
1663 588 1792 638 tum
1821 584 2149 641 offerebant
2175 585 2460 643 sacrificia
2489 586 2706 646 Israe'l-

300 662 419 730 itae,
450 679 571 717 non
599 662 675 718 ab
702 660 1014 718 hominum
1060 676 1256 731 opera,
1286 659 1389 715 sed
1436 674 1473 715 a
1499 676 1609 716 sua
1643 659 1908 737 veritate,
1941 663 2053 718 hoc
2082 669 2171 719 est
2191 682 2335 720 vero
2368 662 2582 723 Christi
2612 685 2704 723 sa-

298 738 518 797 crificio
547 739 1010 795 aestimabantur.
1074 734 1293 811 Neque
1313 736 1411 794 hic
1438 738 1774 795 audiendus
1802 736 2086 797 Bellarm.
2116 741 2220 815 qui
2247 742 2351 798 lib.
2379 741 2458 801 iv.
2478 745 2552 801 de
2572 742 2704 801 Poe-

302 819 409 874 nit.
440 836 567 892 cap.
601 816 690 887 15,
721 817 865 874 dicit
892 814 1177 872 sacrificia
1219 816 1333 873 ista
1358 815 1801 873 immunditiem
1829 824 2067 875 tantum
2093 818 2350 893 legalem
2378 826 2438 878 et
2463 840 2702 897 poenam

300 896 691 970 temporalem
738 894 1025 971 expiasse,
1054 894 1159 951 sed
1201 911 1321 951 non
1351 894 1591 968 culpam
1638 900 1698 951 et
1731 913 1968 969 poenam
1993 904 2297 969 aeternam,
2326 916 2400 955 ex
2450 898 2607 960 Psal.
2636 900 2701 957 li.

300 972 467 1032 Nam
514 972 625 1030 etsi
675 974 887 1031 damus
928 990 1069 1029 vere
1117 979 1177 1029 et
1222 971 1462 1030 realiter
1505 988 1628 1029 non
1657 974 1916 1048 potuisse
1937 976 2175 1050 expiare
2201 985 2528 1052 peccatum,
2558 978 2702 1054 quia

298 1053 473 1109 nulla
499 1051 619 1108 fuit
660 1052 1041 1111 victimarum
1068 1058 1129 1108 et
1156 1069 1292 1107 cum
1330 1050 1447 1108 Dei
1477 1050 1735 1124 justitia,
1763 1062 1822 1112 et
1849 1073 1984 1111 cum
2014 1054 2272 1112 hominis
2299 1064 2540 1131 peccato
2566 1074 2702 1133 pro-

299 1131 515 1207 porti0,
534 1128 689 1187 Heb.
720 1151 777 1187 x.
798 1132 855 1201 4,
876 1130 931 1200 5,
960 1130 1061 1187 se‘d
1084 1135 1319 1185 tantum
1346 1130 1609 1203 potuisse
1637 1148 1894 1205 purgare
1916 1134 2118 1207 quoad
2143 1133 2463 1209 puritatem
2490 1136 2702 1207 carnis,

298 1210 380 1267 id.
408 1208 766 1266 munditiem
792 1208 1067 1284 legalem,
1092 1207 1248 1265 Heb.
1291 1207 1373 1264 ix.
1405 1207 1499 1279 13,
1545 1206 1791 1266 Certum
1837 1216 2036 1267 tamen
2067 1218 2155 1269 est
2175 1213 2368 1287 typice
2397 1221 2457 1271 et
2481 1216 2700 1289 figura„

299 1288 421 1346 tive
466 1286 799 1362 perfectum
830 1286 1047 1346 Christi
1090 1285 1436 1344 sacrificium
1485 1288 1650 1361 quod
1678 1304 1892 1364 corpus
1939 1296 2027 1346 est
2055 1292 2323 1348 omnium
2351 1294 2702 1351 umbrarum

300 1372 767 1441 repraesentasse,
806 1373 877 1424 ut
902 1384 973 1423 eo
1000 1366 1285 1423 tendebat
1308 1370 1443 1422 tota
1469 1365 1597 1422 Lex
1629 1364 2080 1436 Caerimonialis,
2110 1366 2266 1427 Heb.
2295 1389 2354 1427 x.
2388 1370 2442 1427 1.
2529 1370 2626 1429 Ita
2653 1372 2703 1431 si

301 1462 425 1502 non
452 1444 573 1501 alia
614 1445 968 1520 expiationis
1014 1443 1166 1502 ratio
1211 1444 1613 1517 praescribitur
1661 1463 1844 1519 quam
1884 1463 1992 1520 per
2019 1446 2318 1518 sacrificia,
2348 1448 2586 1523 signum
2615 1458 2704 1509 est

298 1540 421 1579 non
470 1522 614 1579 alibi
658 1542 839 1599 quam
881 1523 945 1579 in
974 1521 1254 1580 sacrificio
1285 1520 1506 1580 Christi
1548 1524 1931 1597 quaerendam
1977 1541 2100 1581 esse
2128 1526 2528 1601 expiationem
2570 1544 2704 1587 nos·

299 1608 474 1659 tram.
538 1599 672 1659 Nec
699 1603 899 1660 obstat
928 1602 1095 1657 locus
1124 1600 1284 1659 Psal.
1332 1600 1417 1670 li.‚
1447 1600 1593 1676 quia
1635 1621 1758 1660 non
1787 1602 1914 1678 agit
1940 1604 2014 1661 de
2044 1604 2340 1662 sacrificiis
2366 1606 2430 1663 in
2452 1624 2513 1664 se
2541 1624 2702 1682 speo-

300 1680 445 1738 tatis
475 1682 675 1755 quoad
705 1681 819 1739 Dei
863 1679 1317 1751 institutionem,
1349 1680 1452 1736 sed
1481 1682 1683 1753 quoad
1703 1683 2020 1739 hominum
2061 1683 2511 1757 hypocritarum
2559 1687 2704 1743 abu-

301 1776 437 1816 sum
484 1760 591 1833 qui
637 1766 951 1817 externum
994 1758 1225 1815 cultum
1269 1759 1345 1815 ab
1392 1758 1631 1816 interno
1669 1761 2038 1849 separabant,
2068 1768 2127 1817 et
2154 1761 2355 1819 cortici
2381 1781 2487 1820 seu
2513 1763 2703 1823 literae

300 1838 609 1909 haerentes,
638 1838 991 1913 mysterium
1018 1843 1079 1895 et
1105 1836 1416 1894 veritatem
1443 1836 1814 1911 spiritualem
1835 1838 2236 1913 negligebant,
2255 1840 2594 1915 cujusmodi
2615 1860 2706 1901 sa·

300 1916 521 1973 crificia
546 1934 683 1974 vere
704 1916 868 1973 Deus
894 1915 1087 1989 rejicit
1112 1922 1173 1972 et
1199 1916 1543 1973 detestatur.

384 1994 605 2052 XXII.
653 1993 743 2051 Ut
768 2011 910 2050 vero
939 1996 1067 2050 haec
1094 1994 1353 2067 expiatio
1380 1994 1443 2049 in
1472 1995 1750 2052 omnibus
1779 1994 2077 2053 sacrificiis
2105 1997 2392 2055 hilasticis
2436 2016 2704 2056 occurre-

300 2073 419 2146 bat,
451 2074 540 2129 ita
564 2072 929 2129 luculentius
956 2071 1197 2145 patebat
1221 2070 1287 2126 in
1314 2071 1545 2127 solenni
1572 2080 1636 2128 et
1661 2072 2068 2129 anniversario
2097 2092 2262 2131 sacro
2285 2080 2449 2150 quod
2477 2078 2574 2133 die
2601 2096 2704 2133 ex-

300 2150 633 2225 piationum
659 2149 789 2206 fieri
836 2148 1081 2217 solebat,
1125 2154 1186 2203 et
1232 2147 1296 2202 in
1326 2147 1515 2205 Hirco
1541 2148 1682 2206 vivo
1711 2149 1814 2223 qui
1843 2150 2051 2207 debuit
2077 2154 2388 2209 amandari
2415 2154 2478 2210 in
2507 2156 2707 2211 deser-

302 2237 451 2299 tum,
477 2228 553 2284 de
581 2243 703 2302 quo
733 2226 968 2295 dicitur,
1000 2224 1269 2283 Lev.xvi.
1311 2225 1405 2296 20,
1436 2226 1530 2296 21,
1561 2226 1656 2297 22,
1685 2227 1847 2301 quod
1879 2227 2090 2284 Aaron
2119 2236 2434 2306 utramque
2456 2248 2705 2289 manum

298 2324 479 2382 super
505 2311 686 2380 caput
727 2304 877 2361 hirci
904 2304 1252 2379 imponeret,
1279 2308 1341 2360 ct
1388 2310 1423 2337 “
1446 2305 1826 2362 confiteretur
1867 2322 2043 2380 super
2084 2324 2224 2364 eum
2252 2326 2456 2367 omnes
2482 2308 2702 2385 iniqui-

300 2391 453 2443 tates
478 2385 741 2441 filiorum
774 2382 1028 2454 Israelis,
1051 2389 1111 2440 et
1132 2398 1336 2439 omnes
1356 2383 1873 2458 praevaricationes
1899 2402 2107 2443 eorum
2135 2404 2209 2443 ex
2236 2387 2544 2461 quibusvis
2572 2406 2706 2464 pec-

300 2464 466 2535 catis,
510 2470 572 2521 et
612 2480 749 2519 cum
799 2478 899 2519 eas
925 2460 1075 2519 hirci
1102 2460 1283 2535 capiti
1328 2461 1699 2537 imposuerit,
1729 2464 2078 2521 amandabit
2118 2482 2257 2523 eum
2297 2465 2358 2524 in
2402 2468 2706 2525 desertum

302 2560 409 2619 per
455 2560 707 2600 manum
752 2541 867 2597 viri
915 2540 1126 2616 parati,
1153 2546 1215 2597 et
1260 2540 1526 2615 portabit
1570 2542 1774 2599 hircus
1818 2542 1924 2601 ille
1958 2560 2136 2619 super
2162 2562 2223 2601 se
2253 2562 2458 2604 omnes
2484 2545 2707 2621 iniqui-

302 2629 456 2680 tates
484 2638 693 2680 eorum
717 2620 781 2676 in
810 2628 1029 2678 terram
1055 2618 1568 2689 inhabitabilem‚''
1598 2638 1705 2677 seu
1751 2620 2062 2693 desertam,
2093 2628 2153 2680 ct
2171 2624 2248 2680 ab
2277 2623 2410 2681 aliis
2437 2643 2571 2698 quae
2599 2624 2706 2681 ha-

301 2700 571 2760 bitantur
598 2700 913 2757 divulsam.
998 2696 1095 2755 Ex
1137 2698 1351 2772 quibus
1378 2697 1685 2771 colligitur
1729 2716 1850 2753 non
1878 2700 2058 2757 unius
2085 2701 2183 2756 vel
2209 2701 2456 2757 alterius
2484 2702 2706 2776 peccati
2791 2732 2800 2741 ·

299 2779 521 2837 factam
546 2778 729 2835 fuisse
754 2783 889 2834 tum
915 2775 1329 2849 expiationem,
1359 2776 1461 2832 sed
1490 2775 1760 2831 omnium
1801 2777 2045 2833 omnino
2068 2797 2084 2847 3
2128 2783 2162 2810 “
2187 2776 2280 2834 Eo
2301 2780 2397 2836 die
2419 2778 2707 2853 expiatio-

300 2875 441 2914 nem
482 2857 659 2913 faciet
702 2873 813 2929 pro
859 2854 1045 2923 vobis,
1091 2854 1169 2909 ad
1217 2853 1637 2908 mundandum
1679 2868 1802 2925 vos,
1833 2855 1908 2911 ab
1947 2854 2225 2911 omnibus
2273 2856 2529 2929 peccatis
2575 2874 2705 2912 ves-

301 2935 408 2991 tris
472 2951 670 2991 coram
727 2931 770 2989 J
775 2934 967 2987 ehova
1012 2928 1505 2986 mundabimini.”
1584 2930 1792 3003 Atque
1846 2932 1974 2988 haec
2025 2930 2263 2988 videtur
2313 2932 2496 2991 fuisse
2548 2932 2700 2990 ratio

303 3028 488 3087 quare
515 3010 715 3067 hircus
742 3010 851 3067 iste
879 3008 1303 3066 amandaretur
1337 3007 1401 3063 in
1437 3009 1740 3065 desertum
1767 3010 1976 3082 procul
2002 3026 2041 3065 a
2068 3011 2420 3081 sanctuario,
2451 3016 2522 3067 ut
2548 3010 2704 3069 scili-

298 3097 394 3147 cet
420 3094 730 3145 notaretur
775 3086 1027 3143 remotio
1055 3091 1117 3142 et
1158 3085 1459 3159 elongatio
1486 3090 1774 3159 perpetua
1818 3092 2195 3161 peccatorum
2223 3106 2261 3145 a
2284 3087 2435 3146 faeie
2458 3087 2571 3146 Dei
2598 3088 2704 3164 qui

302 3169 365 3225 in
397 3166 751 3226 Sanctuario
777 3164 1121 3239 apparebat.
1208 3163 1290 3220 Et
1306 3162 1445 3220 hinc
1462 3164 1642 3221 etiam
1669 3180 1788 3220 non
1817 3166 1975 3221 male
2003 3165 2135 3239 conj
2144 3158 2244 3223 ic'it
2275 3165 2704 3225 celeberrimus

302 3246 641 3305 Bochartus
664 3244 725 3300 in
754 3242 1151 3300 eruditissimo
1170 3258 1349 3316 opere
1365 3243 1441 3299 de
1469 3240 1872 3313 Animalibus,
1895 3243 1960 3299 li.
1987 3242 2049 3301 ii.
2073 3261 2123 3300 c.
2153 3242 2247 3315 56,
2276 3244 2571 3303 rationem
2597 3264 2705 3303 no-

303 3323 479 3383 minis
509 3324 737 3382 Azazcl
766 3322 929 3398 quod
958 3321 1053 3378 hic
1081 3318 1354 3390 occurrit,
1382 3337 1572 3395 quum
1589 3318 1824 3391 dicitur,
1848 3340 1969 3380 ver.
1998 3322 2055 3392 8,
2088 3328 2122 3355 “
2145 3322 2382 3381 duobus
2400 3323 2578 3381 hircis
2593 3323 2706 3381 im-

302 3404 610 3480 ponendas
630 3419 755 3459 esse
782 3408 984 3470 sortes,
1008 3416 1191 3457 unam
1218 3397 1261 3455 J
1264 3399 1489 3471 ehovae,
1519 3400 1771 3456 alteram
1798 3399 1970 3457 ¹„st
2003 3400 2269 3474 Azazeli,
2311 3408 2382 3459 ut
2419 3401 2707 3460 nimirum

302 3482 573 3557 designet
598 3479 1023 3555 separationem
1048 3485 1111 3535 et
1136 3478 1524 3535 remotionem
1553 3476 1702 3534 hirci
1730 3476 1835 3552 qui
1863 3478 2072 3536 debuit
2095 3478 2159 3535 in
2187 3480 2488 3537 desertum
2515 3479 2705 3552 mitti;

307 3560 389 3618 Et
416 3558 817 3617 nomenclatio
844 3555 967 3631 peti
993 3562 1188 3631 potest
1214 3556 1290 3613 ab
1321 3555 1632 3613 Arabibus
1658 3557 1819 3629 apud
1847 3574 2000 3632 quos
2027 3556 2278 3615 verbum
2298 3558 2496 3615 Azala
2523 3576 2706 3615 remo-

302 3658 434 3696 vere
473 3645 533 3695 et
578 3656 861 3713 separare
906 3635 1216 3709 significat,
1260 3636 1421 3691 unde
1464 3634 1715 3691 formari
1761 3635 1960 3709 potuit
2008 3635 2224 3692 Azazil
2252 3636 2414 3710 quod
2457 3633 2706 3693 Hebraei

300 3717 442 3775 bis„
476 3715 704 3773 Azazel
730 3714 1004 3785 efferunt,
1050 3714 1214 3788 quod
1256 3718 1507 3793 χυςισ-μὶι
1534 3718 1596 3769 et
1623 3713 1927 3794 ἅναχόςησιι
1969 3712 2222 3773 notabit.
2286 3712 2384 3772 Ita
2409 3720 2565 3770 recte
2585 3712 2707 3769 hir-

300 3786 511 3853 corum
558 3810 717 3851 unus
764 3794 995 3851 dicetur
1043 3792 1305 3851 Domino
1351 3793 1537 3851 fuisse
1583 3800 1866 3863 servatus,
1909 3808 2120 3867 nempe
2166 3798 2236 3848 ut
2289 3810 2467 3867 super
2518 3792 2708 3848 altare

306 3878 597 3930 mactatus
622 3872 715 3928 illi
741 3879 894 3929 esset
920 3871 981 3927 in
1012 3871 1383 3942 sacrificium,
1413 3871 1574 3946 quod
1619 3872 1696 3928 de
1723 3871 1976 3929 victimis
2003 3869 2222 3946 passim
2250 3869 2505 3947 legitur3
2553 3870 2708 3926 alter

304 3956 577 4008 servatus
604 3952 777 4009 ¹„st
798 3952 877 4007 ad
909 3950 1134 4008 Azazel
1162 3954 1281 4032 ²3³⁶
1309 3952 1615 4031 ἀνιχάςηση
1638 3950 1723 4007 ad
1747 3948 2190 4026 separationem,
2211 3948 2360 4006 utin
2381 3948 2582 4005 locum
2605 3948 2709 4004 de-

302 4029 445 4087 serti
473 4036 772 4086 remotum
798 4035 859 4086 et
885 4030 961 4087 ab
990 4028 1121 4086 aliis
1148 4039 1489 4104 separatum
1516 4031 1926 4099 deduceretur,
1949 4028 2053 4103 qui
2081 4044 2202 4084 ver.
2233 4027 2327 4097 22,
2357 4024 2576 4084 dicitur
2603 4043 2708 4101 vsu

306 4127 420 4165 nm
452 4108 627 4165 tertia
648 4108 849 4180 emisa,
874 4125 979 4165 seu
1002 4106 1247 4166 divulsa.
1300 4109 1397 4167 Sic
1419 4109 1644 4184 optime
1661 4108 1920 4165 duorum
1939 4106 2190 4163 istorum
2217 4105 2519 4161 hircorum
2541 4122 2708 4178 sepa-

303 4187 457 4244 ratio
486 4186 867 4262 respondebit
888 4185 1113 4259 duplici
1152 4186 1536 4243 Anathemati
1578 4186 1744 4261 quod
1770 4184 2058 4243 sustinere
2086 4183 2294 4241 debuit
2321 4183 2424 4239 ille
2452 4182 2559 4257 qui
2583 4200 2708 4257 poe-

304 4282 446 4323 nam
471 4264 697 4339 peccati
722 4264 986 4321 ferebat:
1015 4264 1210 4337 primo
1239 4271 1310 4322 ut
1338 4272 1488 4323 esset
1513 4263 1646 4322 Deo
1681 4283 1846 4321 sacer
1872 4268 2080 4336 utpote
2108 4260 2222 4335 ipsi
2250 4262 2330 4318 ad
2358 4260 2710 4320 satisfactio-

304 4360 443 4400 nem
462 4344 715 4417 justitiss
745 4344 1016 4412 oblatus3
1048 4340 1325 4400 Secundo
1354 4349 1423 4399 ut
1449 4349 1601 4399 esset
1623 4342 1698 4399 ab
1715 4340 1848 4398 aliis
1874 4350 2186 4415 separatus
2212 4344 2503 4414 tanquam
2533 4341 2708 4401 ἔπακ-

304 4424 535 4559 τοίςατοῦ
549 4429 609 4479 et
626 4420 809 4557 {xitio
827 4422 1114 4497 devotus;
1148 4420 1331 4488 Quod
1352 4427 1678 4495 utrumque
1698 4436 1805 4495 per
1819 4418 2161 4475 Anathema
2187 4416 2486 4494 designari
2513 4420 2712 4479 obser-

304 4508 454 4561 vant
538 4499 609 4557 iri
675 4498 806 4557 octi.

388 4578 653 4639 XXIII.
696 4577 1008 4638 Secundus
1036 4577 1283 4637 effectus
1312 4575 1743 4637 Satisfactionis
1773 4574 1994 4635 Christi
2023 4581 2111 4634 est
2151 4575 2430 4635 Rmissio
2449 4589 2712 4653 peccato-

308 4679 459 4731 rum,
492 4658 645 4734 Eph.
674 4657 713 4715 i.
744 4656 801 4728 7,
831 4656 989 4715 Heb.
1020 4656 1101 4716 ix.
1123 4657 1217 4732 15,
1241 4656 1461 4717 Matth.
1490 4653 1653 4714 xxvi.
1683 4654 1779 4727 28,
1808 4672 1883 4715 ex
1901 4672 2024 4730 qua
2049 4672 2171 4714 non
2199 4655 2398 4714 minus
2425 4674 2606 4730 quam
2633 4674 2708 4715 ex
