3234 5192
268 384 497 429 Dlsl’ur.
532 370 665 453 xx.]
899 388 977 428 ns
1006 390 1484 430 suisne-rioms
1512 391 1752 432 cnnis'rr
1781 392 2100 433 vsnrrA'rs.
2563 380 2678 438 629

264 528 411 589 bene
441 531 555 590 dici
584 530 921 605 debitorem,
954 529 1057 589 sed
1084 550 1201 589 non
1226 551 1397 609 posse
1427 532 1542 591 dici
1564 530 1824 593 debitum
1843 533 2162 611 remissum,
2184 536 2416 611 quando
2437 536 2514 595 ad
2539 538 2672 597 ulti·

266 629 423 668 mum
452 632 637 689 usque
666 610 1043 689 quadrantem
1074 611 1321 671 creditor
1364 613 1581 690 recepit
1622 613 1779 689 quod
1807 612 2125 673 debebatur
2142 636 2157 690 3
2201 618 2284 674 4⁰.
2319 616 2384 673 Si
2412 616 2676 678 Christus

263 689 393 749 loco
438 702 635 753 nostro
685 691 877 767 solvit,
908 691 968 748 in
1017 711 1086 749 eo
1115 700 1174 749 et
1214 712 1345 751 cum
1390 712 1458 752 eo
1508 712 1614 752 nos
1661 693 1906 753 solvisse
1954 694 2192 770 censeri,
2225 703 2286 755 at
2333 697 2384 753 si
2426 697 2670 759 solvisse

260 790 581 848 censemur,
612 793 729 831 non
750 773 875 849 jam
904 792 979 830 ex
1008 772 1195 847 gratia
1223 771 1509 833 diceretur
1537 774 1700 833 Deus
1720 782 1958 851 peecata
1975 775 2284 851 remittere,
2315 775 2419 835 sed
2448 796 2522 835 ex
2542 778 2670 855 jus-

265 850 409 924 titia,
442 852 578 929 quia
605 854 887 929 injustum
915 862 1068 911 esset
1097 852 1250 929 apud
1294 853 1487 913 Deum
1536 854 1821 914 solutione
1871 854 2050 915 semel
2096 856 2356 933 praestita
2401 876 2506 915 nos
2555 878 2673 917 non

262 930 599 1009 absolvere3
646 937 726 993 5⁰.
758 932 880 991 Nos
912 932 1246 991 Pontificios
1275 934 1459 993 solere
1486 934 1747 995 refellere
1775 936 1876 1012 qui
1904 934 2149 1013 gratiam
2179 944 2238 996 et
2273 936 2672 997 remissionem

262 1024 629 1087 peccatorum
658 1032 789 1073 cum
818 1012 1305 1072 satisfactionibus
1334 1014 1455 1073 suis
1496 1015 1823 1091 conciliant,
1853 1016 1964 1075 hoc
2011 1016 2372 1093 potissimum
2417 1018 2667 1095 nomine,

260 1092 419 1167 quod
463 1094 588 1152 haec
637 1094 809 1153 simul
838 1102 986 1151 stare
1016 1113 1131 1151 non
1158 1093 1398 1171 possint,
1430 1114 1547 1153 non
1574 1115 1744 1173 posse
1775 1115 1914 1173 ergo
1941 1096 2036 1155 hic
2065 1095 2181 1155 duo
2209 1096 2334 1157 haec
2362 1096 2508 1157 bene
2530 1118 2667 1157 con-

252 1172 278 1248 j
289 1173 465 1248 uugi3
510 1174 594 1233 sic
635 1182 936 1251 argutatur
983 1172 1227 1233 Socinus
1255 1174 1326 1233 de
1360 1174 1557 1234 Serva.
1588 1175 1690 1233 lib.
1721 1176 1802 1234 iii.
1831 1196 1881 1235 c.
1912 1180 1967 1251 2,
1999 1184 2058 1235 et
2086 1176 2278 1236 Crelli.
2308 1186 2464 1236 cont.
2496 1178 2664 1239 Grot.

342 1252 463 1310 IX.
512 1254 627 1312 Sed
655 1254 761 1311 has
786 1253 1154 1331 profanorum
1182 1255 1478 1313 hominum
1501 1256 1964 1333 vitilitigationes
1982 1276 2098 1314 non
2127 1256 2358 1317 difficile
2385 1266 2476 1316 est
2501 1258 2669 1319 refel—

260 1332 397 1390 lere.
486 1336 539 1393 1.
569 1336 701 1393 ‘Per
728 1335 1124 1395 concessionem
1153 1334 1399 1393 fatemur
1431 1356 1538 1394 nos
1567 1336 1692 1395 sola
1723 1336 1833 1395 Dei
1862 1338 2050 1413 gratia
2076 1345 2135 1395 et
2161 1356 2320 1395 mera
2348 1337 2666 1397 misericor-

260 1410 357 1469 dia
384 1414 567 1472 nostri
594 1423 859 1491 respectu
887 1414 1117 1489 salvari,
1150 1415 1408 1491 adeoque
1456 1435 1559 1493 per
1592 1436 1790 1475 veram
1818 1426 1878 1475 et
1904 1417 2132 1495 proprie
2159 1416 2372 1475 dictam
2401 1429 2664 1495 peccato-

260 1511 387 1550 rum
415 1494 828 1568 remissionem,
860 1494 943 1553 sic
986 1495 1137 1553 enim
1184 1495 1373 1555 foedus
1420 1496 1609 1573 legale
1656 1496 1730 1555 ab
1776 1497 2134 1575 Evangelico
2183 1496 2574 1575 distinguitur,
2606 1500 2664 1557 in

258 1572 361 1631 illo
391 1573 675 1651 siquidem
703 1576 764 1632 in
793 1574 961 1633 nobis
989 1575 1219 1652 propria
1246 1575 1575 1635 obedientia
1591 1576 1922 1635 felicitatem
1955 1576 2230 1653 consequi
2257 1576 2562 1637 debuimus
2589 1600 2666 1639 ex

248 1654 481 1729 justitia
512 1655 639 1731 Dei,
670 1656 731 1713 in
759 1654 871 1714 isto
900 1674 1039 1715 vero
1082 1655 1326 1715 salutem
1364 1656 1427 1713 in
1453 1656 1566 1716 alio
1596 1657 1924 1717 obtinemus
1951 1677 2027 1716 ex
2053 1657 2259 1734 gratia.
2346 1657 2463 1717 Sed
2489 1678 2665 1737 nega-

258 1753 389 1792 mus
416 1743 610 1793 tamen
638 1736 772 1794 inde
802 1735 966 1811 sequi
994 1755 1111 1793 non
1138 1755 1309 1813 posse
1338 1755 1443 1793 nos
1472 1736 1862 1796 satisfactione
1894 1737 2107 1797 Christi
2137 1737 2366 1813 salvari,
2397 1749 2668 1815 peccatur

258 1814 411 1871 enim
428 1817 665 1875 Elench.
684 1817 938 1892 opposit,
960 1826 1326 1893 opponuntur
1352 1816 1447 1875 hic
1465 1830 1739 1894 tanquam
1763 1817 2114 1877 contrariaet
2135 1814 2516 1899 ἇπιὸιηςιιμὶνα,
2537 1839 2668 1896 quse

258 1896 655 1971 componenda
672 1905 807 1956 sunt
822 1904 887 1956 ut
906 1896 1293 1971 subordinate,
1304 1898 1501 1973 qratia
1522 1899 1641 1957 Dei
1655 1906 1714 1955 et
1728 1898 1984 1974 pretium
2003 1918 2038 1956 a
2050 1898 2280 1958 Christo
2289 1900 2662 1975 persolutum,

257 1976 507 2033 remissio
537 1984 595 2035 et
620 1977 945 2051 satisfactio.
1032 1978 1244 2035 Fateor
1284 1976 1517 2053 quidem
1560 1978 1609 2035 si
1637 1986 1902 2054 respectu
1933 1980 2174 2052 ejusdem
2204 1987 2264 2037 et
2289 1978 2366 2037 ad
2391 1979 2546 2037 idem
2575 2000 2664 2038 re·-

259 2053 531 2129 fcrantur,
582 2056 837 2133 aliquam
882 2076 1009 2115 esse
1059 2056 1481 2115 contrarietatis
1526 2057 1791 2133 speciem,
1823 2076 2010 2133 neque
2060 2058 2210 2115 enim
2258 2058 2444 2133 gratia
2471 2068 2664 2135 potest

258 2132 373 2191 dici
403 2135 617 2193 salvari
644 2137 745 2212 qui
773 2136 1003 2213 proprio
1032 2136 1237 2194 merito
1282 2135 1526 2193 salutem
1568 2134 1807 2211 obtinet,
1839 2156 1946 2195 nec
1973 2136 2233 2195 remissio
2261 2137 2348 2193 illi
2375 2137 2502 2195 fieri
2528 2158 2662 2197 cen-

259 2222 418 2271 setur
446 2215 546 2291 qui
574 2216 918 2274 solutionem
949 2215 1129 2275 debiti
1157 2214 1216 2272 in
1260 2215 1491 2292 propria
1528 2235 1774 2293 persona
1801 2216 2104 2292 praestitit:
2149 2223 2210 2274 at
2237 2216 2288 2273 si
2316 2215 2388 2275 de
2417 2217 2666 2277 diversis

257 2292 540 2370 dicantur,
572 2295 653 2353 ita
680 2304 746 2354 ut
774 2296 961 2372 gratia
986 2296 1089 2355 fiat
1116 2294 1379 2370 debitori,
1410 2296 1659 2373 pretium
1698 2315 1838 2355 vero
1869 2296 1964 2354 vel
1991 2294 2308 2355 satisfactio
2333 2298 2606 2373 exigatur
2629 2318 2668 2357 a

259 2372 445 2449 Vade,
476 2384 701 2434 tantum
729 2375 895 2435 abest
920 2384 987 2435 ut
1014 2396 1076 2435 se
1104 2382 1306 2434 mutuo
1332 2375 1557 2451 tollant,
1589 2376 1730 2453 quin
1758 2376 1952 2453 potius
1978 2374 2304 2435 necessario
2333 2396 2396 2435 se
2423 2386 2662 2455 ponant,

258 2454 619 2530 potissimum
649 2455 749 2514 ubi
778 2457 971 2534 agitur
1014 2458 1087 2515 de
1128 2455 1328 2533 judice
1378 2457 1478 2533 qui
1526 2466 1585 2515 et
1633 2476 1855 2517 summe
1899 2456 1978 2516 sit
2001 2456 2328 2515 misericors
2356 2466 2414 2517 et
2442 2477 2664 2517 summe

246 2536 461 2611 justus,
494 2536 592 2613 qui
622 2556 737 2595 non
765 2538 949 2614 possit
976 2538 1383 2615 proprietatem
1425 2536 1665 2597 alteram
1707 2557 1836 2595 cum
1880 2536 2183 2614 dispendio
2211 2537 2448 2596 alterius
2477 2539 2663 2616 expli-

256 2634 404 2689 care,
436 2617 593 2693 quod
619 2618 714 2676 hic
742 2618 915 2677 etiam
944 2618 1159 2676 factum
1188 2616 1454 2676 videmus
1477 2640 1492 2694 ;
1536 2637 1672 2676 nam
1705 2625 1772 2676 ut
1797 2617 1985 2695 gratia
2010 2616 2174 2675 fieret
2199 2617 2386 2693 nobis,
2415 2618 2664 2695 pretium

257 2703 526 2755 exactum
555 2697 663 2755 fuit
690 2718 725 2756 a
754 2699 1001 2773 Christ0‚
1033 2706 1091 2757 et
1118 2708 1185 2756 ut
1210 2706 1447 2773 possent
1482 2697 1698 2755 remitti
1724 2697 1894 2755 nobis
1921 2704 2158 2773 peccata
2183 2706 2398 2772 nostra,
2429 2716 2533 2773 pro
2562 2718 2664 2756 no-

257 2774 348 2833 bis
376 2776 473 2834 ille
504 2776 833 2837 satisfacere
883 2778 1120 2852 debuit;
1168 2776 1341 2835 Unde
1391 2776 1688 2853 Scriptura
1735 2776 1859 2835 haec
1909 2774 2024 2834 duo
2068 2784 2342 2851 tanquam
2371 2776 2665 2835 indivulso

256 2873 411 2913 nexu
442 2857 751 2932 conjuncta
778 2858 991 2933 passim
1012 2856 1281 2933 proponit
1302 2856 1555 2931 qratiam
1578 2855 1788 2930 Patris,
1820 2864 1878 2914 et
1888 2855 2169 2931 justitiam
2192 2874 2296 2913 scu
2317 2853 2664 2933 redemptio-

257 2953 389 2991 nem
418 2935 570 3009 Filii,
595 2936 1069 3012 justificationem
1090 2944 1345 2995 nostram
1368 2956 1471 2993 seu
1492 2935 1886 2993 remissionem
1906 2942 2270 3011 peccatorum
2293 2953 2330 2992 a
2351 2934 2478 2993 Deo
2495 2936 2664 2995 nobis

256 3012 557 3089 indultam,
590 3024 649 3073 et
674 3015 1123 3075 satisfactionem
1154 3034 1257 3074 seu
1286 3015 1533 3092 pretium
1562 3034 1597 3072 a
1627 3014 1856 3073 Christo
1897 3012 2270 3091 persolutum,
2303 3023 2368 3071 ut
2395 3014 2504 3072 sub
2531 3014 2664 3092 lege

256 3094 511 3170 expiatio
539 3096 761 3171 peccati
803 3115 907 3171 pcr
946 3095 1215 3153 victimas
1259 3094 1427 3169 facta,
1458 3094 1832 3171 conjungitur
1875 3112 2006 3153 cum
2037 3091 2376 3153 remissione
2404 3094 2664 3171 ejusdem

257 3194 387 3251 quae
431 3176 720 3251 peccatori
764 3175 1201 3248 concedebatur,
1253 3178 1289 3207 “
1311 3174 1571 3251 expiabit
1614 3194 1747 3232 eum
1792 3172 2060 3232 sacerdos
2104 3182 2163 3232 et
2195 3174 2519 3235 remittetur
2545 3175 2660 3251 ei,”

259 3254 401 3313 Lev.
433 3256 511 3313 iv.
531 3255 637 3329 203
658 3255 741 3313 sic
769 3255 915 3313 nihil
943 3254 1299 3331 frequentius
1328 3254 1387 3312 in
1420 3254 1716 3331 Scriptura
1737 3253 1984 3313 occurrit
2003 3272 2176 3331 quam
2200 3254 2492 3313 Christum
2513 3256 2663 3333 seip-

256 3354 384 3393 sum
414 3341 518 3413 pr'o
547 3336 714 3394 nobis
742 3336 1025 3416 ὦηίλυτροι
1054 3334 1299 3409 dedisse,
1330 3342 1389 3393 et
1432 3342 1627 3393 tamen
1671 3354 1777 3393 nos
1804 3334 1992 3412 gratia
2021 3334 2250 3410 salvari,
2280 3334 2434 3393 unde
2461 3336 2662 3395 missio

256 3425 315 3475 ct
332 3415 524 3493 passio
545 3415 760 3475 Christi
778 3436 881 3495 pro
898 3416 1067 3475 nobis
1088 3414 1411 3494 praecipuus
1432 3415 1644 3475 dicitur
1664 3434 1792 3475 esse
1813 3414 2139 3473 dilectionis
2161 3415 2375 3475 divinae
2403 3415 2661 3493 effectus,

256 3498 300 3555 J
304 3498 397 3555 oh.
427 3496 508 3555 iii.
543 3498 635 3572 16,
670 3496 838 3555 Rom.
870 3517 925 3555 v.
958 3500 1013 3573 8,
1050 3500 1077 3554 1
1112 3496 1249 3557 Joh.
1282 3496 1361 3555 iv.
1394 3498 1449 3571 9,
1480 3504 1539 3555 et
1578 3496 1744 3554 locus
1771 3503 1863 3555 est
1887 3495 2170 3572 imprimis
2195 3493 2456 3570 illustris,
2491 3496 2658 3555 Rom.

255 3577 336 3635 iii.
368 3581 464 3650 24,
496 3579 592 3650 25,
623 3577 724 3635 ubi
751 3586 1057 3654 utrumque
1086 3577 1472 3655 conjungitur,
1505 3579 1544 3609 “
1565 3576 1608 3636 J
1612 3574 1967 3635 ustificamur
1993 3576 2175 3653 gratis
2202 3575 2392 3651 gratia
2422 3575 2534 3633 Dei
2559 3596 2665 3653 per

254 3656 705 3733 redemptionem
736 3677 865 3733 quse
894 3668 983 3717 est
1026 3658 1086 3715 in
1132 3657 1379 3732 Christ0‚
1409 3676 1579 3733 quem
1628 3657 1788 3715 Deus
1817 3656 2126 3733 praestituit
2149 3655 2574 3733 placamentum
2601 3656 2664 3713 in

256 3739 382 3815 ejus
412 3736 693 3813 sanguine
721 3758 823 3815 per
864 3737 1097 3796 fidem.'’
1182 3738 1384 3812 Vides,
1414 3746 1481 3796 ut
1517 3736 1858 3814 justificatio
1896 3734 2150 3813 gratuita
2175 3754 2293 3793 non
2319 3744 2660 3811 opponatur,

254 3816 357 3875 sed
388 3826 765 3893 componatur
785 3828 843 3879 et
865 3818 1287 3892 subordinetur,
1310 3816 1694 3893 redemptioni
1715 3826 1774 3875 et
1794 3817 1978 3892 pretio
2006 3835 2109 3892 per
2137 3814 2427 3873 Christum
2451 3815 2659 3874 soluto.

257 3898 465 3973 Itaque
494 3897 681 3973 gratia
726 3898 839 3957 Dei
884 3918 1061 3975 quum
1106 3897 1453 3975 praedicatur
1498 3896 1559 3955 in
1603 3896 1840 3973 negotio
1882 3896 2084 3955 salutis
2133 3894 2392 3953 excludit
2435 3902 2662 3954 tantum

253 3978 459 4035 merita
487 3985 545 4035 et
572 3997 747 4055 opera
772 3988 987 4052 nostra,
1017 3998 1146 4055 quae
1167 3978 1329 4036 nulla
1376 3977 1501 4035 dari
1541 3984 1786 4053 possunt
1811 3976 1910 4035 ubi
1937 3975 2023 4033 illi
2053 3974 2216 4033 locus
2243 3982 2348 4048 est,
2379 3994 2497 4033 non
2523 3995 2663 4034 vero

242 4057 531 4135 justitiam
560 4066 619 4115 et
648 4058 1095 4117 satisfactionem
1127 4057 1357 4131 Christi,
1388 4076 1504 4134 qua
1531 4057 1718 4133 magis
1747 4056 2036 4115 stabilitur
2063 4064 2122 4113 et
2149 4054 2352 4113 efficax
2379 4053 2659 4115 redditur.

336 4138 420 4195 X.
466 4138 707 4197 Frustra
734 4158 874 4197 vero
920 4138 1198 4197 adversus
1234 4139 1385 4195 hanc
1432 4136 1863 4213 responsionem
1910 4144 2166 4193 nostram
2214 4142 2536 4211 reponunt:
2585 4139 2665 4196 1⁰.

256 4219 391 4277 Non
416 4238 587 4295 posse
616 4218 733 4276 dici
760 4218 1018 4279 debitum
1046 4218 1261 4277 remitti
1308 4216 1465 4294 quod
1512 4217 1683 4293 plane
1712 4214 1960 4275 solutum
2009 4223 2098 4274 est
2125 4223 2184 4273 et
2216 4234 2319 4291 pro
2348 4234 2465 4291 quo
2491 4215 2663 4275 datur

252 4300 352 4375 qui
382 4298 549 4375 plene
581 4297 912 4358 satisfaciat.
966 4298 1114 4373 Quia
1134 4297 1295 4356 aliud
1322 4307 1410 4356 est
1436 4296 1597 4374 loqui
1618 4296 1692 4354 de
1719 4296 1899 4366 rebus,
1922 4293 2081 4353 aliud
2102 4294 2173 4353 de
2193 4295 2473 4370 personnis,
2501 4296 2663 4355 aliud

253 4380 326 4438 de
356 4379 533 4437 debito
545 4379 767 4454 poenali
791 4399 893 4437 seu
920 4388 1083 4437 reatu
1092 4377 1403 4455 personali,
1426 4386 1492 4435 ut
1526 4377 1692 4435 aliter
1712 4375 2056 4452 judicabant
2091 4375 2134 4435 J
2137 4374 2284 4433 udaei
2326 4396 2477 4433 natm>
2530 4398 2658 4436 ψ-τι

252 4461 314 4518 in
342 4460 525 4519 litibus
546 4461 910 4536 pecuniariis,
934 4459 1102 4519 aliter
1141 4470 1285 4519 mes:
1316 4480 1443 4517 ψ-τι
1486 4457 1545 4514 in
1574 4456 1756 4515 litibus
1776 4456 2100 4514 animarum
2121 4475 2224 4513 seu
2245 4454 2658 4516 criminalibus.

255 4542 329 4599 In
355 4540 529 4601 rebus
555 4540 903 4617 pecuniariis
931 4538 1167 4617 perinde
1196 4549 1284 4597 est
1311 4558 1346 4597 a
1363 4556 1726 4615 quocumque
1755 4536 2014 4595 solvatur
2041 4535 2318 4610 debitum,
2345 4535 2468 4595 sive
2497 4556 2532 4595 a
2559 4535 2659 4595 de—

250 4622 436 4681 bitore
467 4622 593 4699 ipso
639 4621 763 4679 sive
794 4641 827 4679 a
856 4639 1131 4697 sponsore
1177 4618 1279 4678 fiat
1327 4617 1555 4693 solutio,
1604 4616 1814 4677 sufficit
1841 4616 1916 4675 ad
1962 4616 2360 4676 liberationem
2404 4626 2470 4676 ut
2513 4617 2663 4675 alius

254 4702 503 4779 idipsum
532 4701 691 4779 quod
720 4702 779 4761 in
808 4700 1161 4777 obligatione
1191 4708 1313 4758 erat
1342 4700 1547 4775 solvat,
1580 4718 1686 4758 nec
1715 4697 1964 4759 creditor
1992 4696 2108 4756 dici
2133 4705 2325 4776 potest
2353 4697 2660 4771 remittere,
