3234 5192
307 393 539 439 msrur.
568 376 782 460 xvn1.]
945 395 1026 435 na
1053 393 1534 436 suusne-rioms
1561 393 1801 436 cnnls'n
1827 394 2149 436 vaux-rara.
2595 382 2711 441 669

867 537 953 594 Et
976 537 1202 612 culpam
1227 535 1562 594 miserorum
1586 543 1767 594 morte
1782 536 2042 612 piabunt.

389 695 550 755 Hinc
567 695 861 772 piaculum
888 693 1108 754 dictum
1123 693 1272 752 illud
1291 713 1460 753 omne
1478 693 1637 772 quod
1658 713 1761 771 pro
1784 692 2172 754 satisfactione
2188 695 2411 772 peccati
2432 694 2678 756 dabatur
2696 718 2711 773 ;

303 773 618 869 piacularis
637 775 830 834 hostia
853 794 985 852 quae
1007 772 1084 832 ad
1098 773 1390 853 piaculum
1416 773 1747 833 faciendum
1764 772 2127 850 offerebatur,
2146 793 2262 852 quo
2278 775 2594 852 respiciunt
2612 775 2717 834 illa

312 853 587 915 Plomma
618 877 633 914 ζ
741 936 912 992 Mene
929 933 1286 1010 piacularem
1315 940 1536 1009 oportet
1541 932 1687 1012 fiere
1710 933 1777 991 ob
1795 933 2086 992 smltitiam
2112 941 2284 1010 tuam,

758 1015 834 1073 Ut
858 1033 1039 1072 meum
1067 1020 1284 1090 tergum
1308 1011 1554 1071 stultitia
1580 1021 1693 1070 tuoe
1716 1013 1923 1072 subdas
1948 1015 2349 1072 mecedamum
2370 1015 2399 1071 ,²

389 1173 484 1232 Id.
529 1173 844 1251 Oportetne
883 1180 1046 1231 tuam
1087 1171 1392 1231 stultitiam
1433 1190 1562 1230 mea
1601 1190 1775 1249 poena
1814 1171 2037 1250 expiari
2062 1175 2091 1231 Ρ
2148 1172 2247 1232 Sic
2300 1192 2421 1231 vox
2472 1170 2599 1229 hoec
2640 1171 2717 1230 ad
2760 1233 2782 1252 x

308 1269 476 1310 sacra
513 1252 796 1311 translata
843 1251 1244 1311 liberationem
1269 1250 1504 1328 quidem
1529 1259 1695 1310 notat
1734 1271 1771 1308 a
1810 1253 2033 1328 peccati
2070 1270 2244 1329 poena
2284 1251 2389 1310 sed
2429 1269 2557 1327 quae
2598 1270 2717 1308 non

309 1328 380 1390 fit
433 1331 548 1389 nisi
607 1351 712 1408 per
761 1329 1126 1390 afflictionem
1189 1349 1292 1389 seu
1340 1349 1572 1408 posnam
1644 1330 2075 1408 succedaneam,
2134 1351 2321 1408 neque
2374 1329 2717 1390 sacrificium

309 1411 698 1487 expiatorium
739 1409 853 1468 alio
907 1409 1082 1470 modo
1125 1408 1352 1487 concipi
1389 1416 1583 1487 potest
1623 1418 1723 1468 aut
1762 1409 2049 1488 intelligi;
2105 1411 2189 1470 Ut
2229 1411 2325 1470 hic
2366 1411 2477 1470 tria
2515 1429 2715 1469 neees-

309 1492 466 1548 sario
493 1497 869 1550 concurrant:
915 1493 966 1551 1.
999 1491 1238 1566 Afflictio
1266 1497 1324 1548 et
1351 1489 1584 1566 quidem
1601 1490 1846 1566 poenalis
1886 1498 2157 1568 tanquam
2188 1509 2395 1568 causa;
2454 1493 2511 1548 2.
2544 1491 2720 1549 Poma

309 1573 658 1630 succedanea
701 1590 806 1648 pro
854 1570 1092 1629 crimine
1135 1579 1196 1629 et
1241 1577 1560 1648 peccatore,
1609 1569 1763 1628 unde
1805 1568 2101 1629 veteribus
2144 1571 2321 1630 θνσίω
2361 1566 2717 1645 iuuencum&-

308 1673 454 1725 pum
493 1651 666 1709 dictae
713 1669 843 1726 quse
887 1652 948 1709 in
989 1651 1232 1710 aliorum
1291 1649 1482 1708 locum
1541 1648 1947 1725 succedebant,
2004 1651 2328 1728 cujusmodi
2384 1649 2719 1726 subrogatio

309 1730 381 1790 fit
405 1731 469 1788 in
511 1730 670 1788 omni
711 1730 988 1808 piaculari
1016 1731 1291 1806 victima;
1336 1732 1392 1790 3.
1439 1729 1728 1788 Liber-atio
1760 1731 1846 1790 rei
1873 1737 1933 1790 et
1951 1731 2219 1808 purgatio
2262 1739 2455 1790 reatus
2482 1749 2613 1807 quse
2654 1729 2721 1788 fit

309 1829 416 1888 per
455 1811 590 1870 talis
629 1830 818 1888 poenae
869 1810 1178 1886 lationem;
1221 1817 1380 1888 patet
1417 1809 1530 1868 hoc
1557 1829 1635 1868 ex
1662 1809 1865 1868 ordine
1906 1810 2253 1888 expiationis
2292 1810 2499 1888 legalis
2527 1832 2543 1885 3
2588 1829 2723 1868 nam

308 1900 377 1951 ut
417 1898 686 1968 peccator
726 1891 1064 1950 liberaretur
1103 1891 1305 1949 debuit
1337 1891 1591 1966 purqari
1642 1909 1678 1946 a
1719 1898 1956 1966 peccato
2012 1909 2135 1966 su0‚
2190 1892 2369 1962 ἄφεσις
2422 1895 2723 1969 nae-sema·

311 1969 692 2047 supponebat,
723 1971 990 2046 purgatio
1033 1989 1152 2027 non
1200 1969 1310 2028 fuit
1335 1969 1518 2045 aqua,
1551 1968 1655 2028 sed
1680 1970 1985 2046 sanquim's,
2026 1969 2104 2026 id.
2156 1989 2287 2047 quae
2328 1971 2491 2028 fieret
2538 1979 2722 2028 morte

312 2049 574 2108 violenta
599 2056 660 2107 et
687 2048 871 2124 pretio
899 2048 1094 2124 aliquo
1121 2047 1423 2123 interjecto
1446 2068 1461 2121 3
1507 2047 1808 2123 sanguinis
1837 2046 1987 2106 fusio
2014 2048 2162 2105 nihil
2189 2049 2403 2125 profuit
2429 2049 2542 2106 nisi
2570 2057 2724 2108 esset

311 2128 570 2187 victimae
610 2127 840 2186 selectas
881 2134 940 2185 et
967 2125 1042 2184 ad
1063 2126 1242 2184 altare
1270 2124 1570 2200 adductae;
1615 2126 1838 2184 victima
1874 2145 1993 2183 non
2020 2127 2243 2201 quaevis
2270 2126 2375 2186 sed
2401 2147 2531 2202 quae
2559 2126 2723 2186 fieret

301 2215 602 2284 peecatum
653 2213 714 2264 et
767 2204 1110 2264 execrabilis
1163 2203 1446 2278 offerenti,
1491 2211 1558 2262 ut
1611 2203 1699 2261 ini
1740 2213 1893 2263 esset
1932 2204 2097 2262 nefas
2151 2225 2278 2264 eam
2332 2213 2583 2282 gustare,
2640 2207 2725 2264 ita

313 2284 474 2362 quod
513 2285 686 2344 homo
715 2284 1042 2342 merebatur
1087 2283 1224 2343 huic
1257 2285 1382 2362 jam
1425 2283 1843 2343 immittebatur
1866 2291 1935 2342 ut
1958 2283 2107 2342 liber
2146 2285 2319 2344 homo
2346 2284 2720 2363 abscederet;

315 2364 491 2426 Unde
529 2365 716 2442 liquet
760 2364 1160 2424 liberationem
1206 2364 1454 2424 obtineri
1499 2383 1618 2421 non
1664 2364 1921 2441 potuisse
1968 2363 2081 2423 nisi
2118 2365 2351 2442 praeviis
2390 2364 2589 2424 multis
2630 2386 2725 2424 ac·

313 2445 471 2506 tibus
499 2445 576 2504 ad
616 2443 1066 2504 satisfactionem
1094 2443 1452 2504 necessariis.
1517 2443 1707 2518 Quare
1736 2463 1913 2522 quum
1946 2444 2191 2505 Socinus
2219 2445 2607 2524 expiationem
2635 2446 2724 2504 ni·

311 2525 400 2584 hil
427 2524 589 2584 aliud
615 2545 741 2584 esse
769 2524 898 2584 vult
923 2544 1098 2603 quam
1127 2525 1446 2603 simplicem
1473 2524 1891 2599 liberationem,
1920 2524 1983 2582 id
2023 2544 2193 2585 omne
2233 2527 2295 2585 in
2336 2546 2451 2603 quo
2496 2527 2727 2604 propria

313 2605 462 2666 ratio
513 2605 861 2682 expiationis
905 2606 1018 2665 sita
1063 2613 1154 2664 est
1201 2605 1414 2664 omittit
1470 2613 1531 2664 et
1583 2605 1925 2680 intervertit,
1970 2604 2053 2666 id.
2093 2625 2293 2664 veram
2336 2606 2726 2683 expiationem

312 2694 509 2764 negat.
581 2686 659 2744 Et
707 2705 844 2744 sane
899 2685 951 2744 si
1004 2685 1261 2762 expiatio
1307 2704 1468 2744 mera
1493 2694 1552 2744 et
1593 2685 1842 2762 simplex
1870 2692 2024 2744 esset
2070 2685 2352 2759 liberatio,
2386 2706 2502 2743 non
2528 2695 2727 2762 posset

313 2785 352 2824 a
390 2765 728 2825 remissione
769 2764 1069 2842 distingui,
1099 2764 1257 2841 quod
1284 2764 1498 2824 diserte
1525 2763 1592 2823 fit
1631 2771 1843 2838 tamen,
1876 2763 2019 2821 Lev.
2050 2784 2107 2822 v.
2139 2768 2193 2838 6,
2243 2767 2277 2797 “
2302 2764 2575 2823 Adducet
2603 2784 2727 2823 rea-

311 2853 436 2904 tum
493 2863 661 2904 suum
713 2843 758 2903 J
760 2844 962 2902 ehovae
1017 2852 1250 2920 propter
1301 2849 1602 2920 peccatum
1659 2861 1827 2901 suum
1868 2861 1984 2916 quo
2028 2843 2346 2918 peccavit,”
2376 2841 2486 2901 &c.
2577 2846 2612 2876 ‘⁶
2632 2843 2727 2903 Ita

317 2922 580 3000 expiabit
623 2942 756 2980 eum
805 2921 1073 2981 sacerdos
1129 2942 1166 2979 a
1207 2929 1444 2998 peccato
1483 2939 1588 2978 suo
1644 2928 1703 2978 et
1756 2919 2081 2979 remittetur
2126 2921 2239 2980 ei.’'
2288 2921 2403 2980 Sic.
2459 2939 2579 2979 ver.
2630 2925 2722 2998 13,

319 3005 412 3077 16,
461 3004 554 3075 18,
622 3003 658 3035 “
685 3000 966 3060 Sacerdos
1013 3000 1274 3078 expiabit
1321 3019 1452 3058 eum
1499 3018 1603 3075 per
1630 2998 1867 3057 arietem
1916 2997 2080 3057 illum
2122 3007 2317 3058 reatus
2364 3009 2425 3058 et
2470 3000 2723 3060 remitte-

317 3089 414 3142 tur
439 3081 554 3140 ei.''
638 3079 826 3138 Aliud
866 3081 937 3139 E.
986 3087 1077 3138 est
1117 3077 1373 3156 expiatio
1421 3085 1633 3152 reatus,
1684 3077 1843 3136 aliud
1887 3097 2027 3137 vero
2067 3078 2333 3139 liberatio
2359 3087 2420 3138 et
2444 3081 2724 3158 remissie,

315 3181 447 3239 quae
477 3179 581 3237 per
627 3179 756 3218 eam
803 3159 1114 3219 obtinetur.
1160 3157 1426 3234 Denique
1473 3158 1723 3234 capiatio
1770 3157 1997 3235 proprie
2048 3167 2271 3235 spectat
2300 3169 2595 3236 peccatum
2623 3181 2727 3220 seu

315 3248 538 3300 reatum
567 3239 670 3316 qui
697 3239 826 3298 tolli
873 3239 1064 3317 debet,
1109 3238 1362 3297 later-atio
1403 3257 1543 3296 vero
1581 3257 1891 3313 personam
1932 3238 2116 3315 ipsam
2157 3240 2490 3316 peccatoris,
2532 3261 2665 3319 quas
2693 3261 2729 3300 a

315 3339 490 3400 poena
525 3319 894 3397 impendente
941 3327 1032 3378 est
1079 3316 1424 3388 eximenda;
1465 3316 1620 3376 unde
1668 3318 1780 3376 etsi
1826 3319 2253 3397 conjungantur
2293 3321 2619 3379 necessario
2661 3329 2729 3380 ut

321 3421 499 3460 causa
525 3410 584 3460 et
611 3399 852 3459 effectus
879 3419 996 3458 non
1025 3398 1238 3458 debent
1263 3406 1458 3456 tamen
1485 3396 1780 3456 confundi.

396 3481 518 3540 XI.
567 3478 852 3553 Secund0,
881 3478 1311 3537 hallucinantur
1355 3477 1532 3537 etiam
1565 3477 1823 3555 graviter
1850 3477 1987 3536 dum
2033 3485 2295 3538 statuunt
2323 3479 2574 3538 Mortem
2618 3480 2729 3538 etsi

318 3559 394 3618 ad
422 3559 572 3618 hanc
599 3558 988 3636 expiationem
1014 3556 1336 3616 faciendam
1364 3557 1773 3630 intercesserit,
1819 3557 2213 3618 intercessisse
2258 3567 2449 3618 tamen
2476 3568 2543 3618 ut
2570 3568 2725 3618 antc-

315 3643 513 3699 cedens
534 3637 770 3716 aliquod
797 3647 1097 3714 remotum,
1129 3645 1414 3714 quatenus
1458 3657 1560 3714 per
1587 3647 1830 3696 mortem
1857 3637 2076 3697 aditum
2106 3638 2218 3698 sibi
2264 3637 2402 3697 fecit
2430 3639 2489 3696 in
2517 3639 2725 3696 coelum

315 3718 420 3778 ubi
447 3719 838 3796 expiationem
866 3738 968 3778 seu
1014 3717 1414 3777 liberationem
1463 3725 1722 3776 nostram
1750 3726 2039 3794 procurat,
2072 3737 2353 3777 summam
2382 3725 2725 3795 potestatem

317 3798 562 3876 adeptus
587 3819 696 3858 nos
722 3819 758 3858 a
783 3799 986 3858 mortis
1006 3797 1257 3857 vinculis
1285 3795 1601 3872 emittendi,
1634 3803 1693 3855 et
1720 3797 2069 3874 sempiterna
2110 3797 2383 3856 felicitate
2432 3797 2723 3873 donandi3

315 3879 474 3955 quod
506 3879 658 3938 Soci.
688 3878 900 3938 diserte
929 3878 1132 3938 statuit
1159 3878 1220 3936 in
1252 3880 1283 3935 1
1308 3877 1350 3936 J
1355 3876 1448 3934 oh.
1479 3877 1558 3934 iv.
1591 3878 1687 3952 10,
1721 3878 1757 3908 ‘⁶
1780 3877 1998 3954 Expiat
2026 3885 2263 3954 peccata
2287 3887 2487 3935 nostra
2530 3877 2725 3935 Chris-

315 3966 414 4018 tus
443 3958 556 4017 Dei
581 3957 754 4033 filius,
785 3979 902 4018 non
928 3958 1087 4036 quod
1127 3958 1172 4017 J
1175 3956 1388 4016 ustitise
1417 3956 1651 4015 Divinas
1697 3975 1803 4032 pro
1831 3957 2083 4033 peccatis
2130 3956 2343 4016 nostris
2392 3957 2725 4034 satisfaciat,

316 4037 422 4097 sed
440 4038 578 4115 quia
595 4039 774 4097 vitam
799 4048 1070 4097 aeternam
1098 4037 1268 4096 nobis
1295 4034 1532 4110 confert,
1564 4055 1681 4112 qua
1701 4044 2027 4096 nostrorum
2054 4044 2421 4113 peccatorum
2450 4035 2722 4113 expiatio,

313 4116 378 4176 id
418 4125 524 4192 est,
556 4118 629 4175 ab
672 4118 926 4196 ipsorum
955 4135 1128 4195 poena
1162 4117 1428 4175 liberatio
1455 4114 1790 4192 plenissime
1818 4115 2201 4174 continetur.’'
2289 4114 2526 4190 Verum,
2560 4119 2613 4173 1.
2662 4116 2725 4174 Si

313 4197 452 4256 huic
473 4197 774 4256 sententies
796 4198 958 4256 locus
980 4204 1149 4271 esset,
1182 4194 1583 4256 resurrectioni
1607 4193 1823 4254 Christi
1850 4203 1909 4254 et
1928 4195 2067 4254 vitae
2096 4195 2221 4271 ejus
2242 4195 2547 4254 tribuenda
2574 4203 2729 4254 esset

314 4277 442 4335 haec
471 4277 744 4353 expiatio,
773 4277 952 4353 longe
979 4277 1173 4353 potius
1201 4295 1372 4353 quam
1402 4275 1576 4334 morti
1601 4283 1663 4333 et
1690 4271 1959 4351 sanguini
1990 4297 2003 4350 ;
2045 4295 2179 4332 nam
2229 4294 2383 4332 mors
2412 4274 2625 4335 Christi
2651 4295 2729 4334 ex

314 4355 427 4414 hac
453 4356 766 4434 hypothesi
793 4365 883 4415 est
929 4362 1156 4415 tantum
1203 4375 1378 4414 eausa
1421 4355 1538 4414 sine
1563 4374 1680 4430 qua
1710 4375 1821 4413 non
1849 4354 2017 4413 istius
2056 4354 2422 4432 expiationis,
2453 4355 2590 4432 quia
2616 4355 2730 4413 nisi

313 4443 577 4496 mortuus
604 4435 812 4495 fuisset
839 4455 957 4494 non
983 4435 1282 4512 ingressus
1328 4435 1533 4494 fuisset
1559 4433 1620 4491 in
1664 4433 1903 4512 gloriam
1934 4433 1996 4492 in
2022 4453 2138 4510 qua
2165 4435 2553 4510 expiationem
2579 4435 2730 4494 hanc

314 4516 486 4575 nobis
515 4525 804 4592 procurat,
851 4536 1028 4575 causa
1069 4535 1209 4574 vero
1235 4515 1468 4592 propria
1493 4521 1554 4573 et
1586 4535 1703 4590 per
1726 4533 1785 4572 se
1822 4523 1977 4573 esset
2002 4513 2297 4590 exaltati0,
2327 4523 2389 4574 at
2436 4515 2733 4592 Scriptura

314 4615 604 4674 nusquam
632 4596 991 4673 exaltationi,
1024 4595 1128 4655 sed
1157 4615 1382 4672 semper
1409 4594 1579 4653 morti
1616 4602 1677 4654 et
1703 4593 1957 4671 passioni
2002 4594 2154 4654 hanc
2186 4594 2573 4672 expiationem
2629 4594 2729 4654 tri·

314 4675 462 4736 buit.
564 4681 622 4736 2.
669 4677 732 4737 Si
774 4696 932 4736 mors
979 4675 1326 4737 antecedens
1377 4683 1604 4734 tantum
1652 4673 1763 4733 suit
1804 4674 1973 4734 istius
2018 4674 2381 4752 expiationis,
2428 4695 2545 4734 non
2594 4696 2735 4738 vera
