3234 5192
352 387 582 429 Disru'r.
613 365 769 447 xva]
978 387 1057 425 us
1087 383 1569 427 SATISPACTIONIS
1594 386 1834 427 cuman
1862 386 2183 429 vantra-rs.
2646 371 2762 431 523

362 530 605 602 dixerat,
638 535 697 585 et
724 528 851 604 ipsa
876 526 1117 585 historia
1158 526 1498 603 evangelica
1538 548 1668 605 quae
1711 528 2086 605 gravissimos
2127 528 2264 587 illos
2295 528 2514 589 Christi
2541 530 2771 589 dolores

366 608 639 689 graphice
666 607 839 665 nimis
867 606 1161 679 describit,
1193 624 1365 683 quam
1394 614 1459 666 ut
1488 617 1742 667 externae
1771 616 1994 667 tantum
2025 609 2253 686 speciei,
2286 625 2402 667 non
2430 630 2570 668 vero
2599 617 2658 669 et
2684 610 2771 669 in-

367 701 529 749 terno
558 688 737 745 animi
762 687 947 745 motui
987 686 1239 745 adscribi
1280 687 1539 765 possint:
1582 687 1726 765 quid
1757 689 1915 765 quod
1955 689 2066 748 hoc
2108 688 2286 748 semel
2327 690 2518 767 posito
2559 690 2778 750 corruit

369 778 555 830 totum
570 766 985 843 redemptionis
1011 774 1223 825 nostrae
1244 767 1603 845 mysterium,
1625 788 1758 825 nam
1781 769 1832 827 si
1851 769 2114 827 Christus
2135 786 2252 827 non
2279 788 2434 844 vere,
2467 769 2571 828 sed
2599 770 2774 828 simu—

368 850 485 908 late
512 856 737 907 tantum
767 847 995 907 dolores
1014 847 1157 905 istos
1178 848 1377 921 sensit,
1400 847 1599 924 utique
1618 849 1794 907 etiam
1815 857 2014 907 nostra
2029 848 2347 926 redemptio
2369 867 2488 907 non
2507 868 2648 907 vera
2675 848 2780 907 sed

373 928 641 988 simulata
667 926 856 1001 fuerit,
879 926 1037 1005 quod
1054 927 1151 985 vel
1172 928 1427 1004 cogitare
1456 927 1713 1004 impium,
1745 928 1914 987 Unde
1943 928 2138 1007 opinio
2167 928 2270 987 illa
2288 936 2460 987 vetus
2478 928 2776 1007 Aphthar-

374 1009 773 1068 todocetarum
801 1006 1035 1083 publico
1066 1007 1345 1065 Ecclesiae
1373 1026 1658 1067 consensu
1672 1009 1796 1085 jam
1825 1008 1964 1066 olim
1991 1008 2236 1085 explosa
2262 1016 2321 1068 et
2348 1009 2620 1067 damnata
2647 1015 2756 1067 est.

454 1089 529 1147 V.
578 1087 696 1145 Sed
721 1106 829 1145 nec
857 1086 1085 1145 admitti
1112 1095 1304 1163 potest
1330 1088 1616 1146 recentior
1657 1088 2091 1147 Pontificiorum
2117 1108 2276 1147 error
2302 1089 2402 1165 qui
2432 1090 2483 1147 si
2509 1088 2778 1165 agoniam

372 1169 525 1227 hane
551 1186 669 1225 non
716 1167 929 1225 tollunt
970 1166 1217 1242 penitus,
1250 1166 1559 1227 admodum
1610 1175 1804 1227 tamen
1832 1175 2186 1244 extenuant3
2229 1167 2368 1227 dum
2397 1168 2690 1228 Christum
2717 1168 2781 1226 in

376 1265 613 1323 corpore
640 1246 891 1322 quidem,
918 1245 1019 1304 sed
1048 1258 1163 1303 non
1192 1246 1253 1303 in
1280 1247 1471 1305 anima
1497 1265 1732 1325 passum
1760 1266 1886 1307 esse
1910 1247 2281 1321 contendunt,
2311 1248 2408 1307 vel
2437 1248 2486 1306 si
2509 1249 2650 1325 quid
2677 1247 2781 1306 do-

376 1328 519 1385 loris
547 1326 728 1385 sensit
754 1326 815 1383 in
841 1326 1049 1400 anima,
1081 1326 1143 1383 id
1168 1333 1389 1404 partem
1418 1326 1743 1386 inferiorem
1781 1336 1840 1386 et
1873 1328 2212 1387 sentientem
2241 1328 2526 1387 duntaxat
2551 1346 2782 1405 passam

379 1424 505 1465 esse
533 1424 653 1463 non
681 1414 872 1464 autem
901 1406 1251 1482 superiorem
1300 1415 1359 1465 et
1386 1407 1722 1466 rationalem
1751 1430 1764 1466 ι
1811 1407 1928 1465 Sed
1974 1416 2280 1485 utrumque
2307 1407 2466 1467 istud
2493 1426 2780 1466 commen-

380 1497 505 1545 tum
534 1485 692 1543 facili
718 1485 953 1563 negotio
980 1484 1299 1545 refellitur:
1332 1487 1527 1545 Primo
1554 1488 1714 1565 quod
1743 1488 2006 1547 Christus
2032 1506 2149 1545 nou
2178 1506 2414 1564 corpore
2437 1495 2661 1547 tantum
2679 1487 2783 1545 sed

382 1576 441 1625 et
468 1566 659 1623 anima
685 1584 889 1643 passus
918 1565 1010 1640 sit,
1039 1566 1145 1623 vix
1174 1584 1318 1643 opus
1346 1574 1436 1626 est
1462 1576 1528 1626 ut
1553 1568 1830 1644 probetur
1855 1586 1987 1627 eum
2015 1574 2074 1627 et
2106 1566 2416 1645 Scripturas
2456 1586 2578 1626 vox
2605 1575 2664 1626 et
2692 1586 2781 1625 sa-

379 1646 519 1705 lutis
572 1652 785 1703 nostrae
838 1646 1152 1704 necessitas
1196 1646 1343 1707 illud
1390 1655 1508 1707 tam
1538 1648 1692 1707 clare
1737 1646 2045 1725 praedicet3
2091 1646 2300 1725 ecquid
2327 1649 2499 1719 enim]
2519 1649 2616 1706 vel
2659 1648 2781 1705 ani-

380 1744 534 1784 mam
562 1745 773 1803 ponere
800 1724 1102 1802 diceretur,
1134 1724 1177 1785 J
1180 1727 1273 1785 oh.
1318 1746 1379 1786 x.
1430 1730 1521 1801 15,
1553 1728 1652 1786 vel
1679 1747 1804 1786 eam
1833 1727 1894 1785 in
1921 1727 2262 1786 sacrificium
2299 1748 2404 1805 pro
2433 1726 2644 1786 delicto
2671 1736 2788 1787 tra·

385 1807 537 1879 dere,
570 1806 686 1864 Isa.
714 1806 818 1864 liii.
846 1809 938 1881 10,
970 1806 1065 1865 vel
1092 1826 1195 1865 cur
1222 1806 1424 1865 eadem
1452 1808 1635 1866 tristis
1663 1816 1722 1867 et
1749 1808 2090 1867 conturbata
2120 1807 2527 1885 perhiberetur,
2575 1806 2786 1867 Matth.

386 1886 573 1961 xxvi„
600 1906 702 1945 cur
724 1888 981 1957 ἀδημονία
1003 1886 1089 1943 illi
1110 1894 1171 1945 et
1192 1887 1513 1956 ἐκθάμῢησις
1540 1906 1671 1963 quae
1693 1888 1919 1965 proprie
1949 1896 2084 1947 sunt
2100 1888 2306 1946 animae
2327 1887 2659 1947 affectiones
2687 1888 2789 1947 tri·

384 1967 714 2041 buerentur,
746 1966 796 2023 si
824 1984 1155 2042 corpoream
1182 1974 1407 2025 tantum
1455 1976 1700 2026 mortem
1727 1974 2114 2044 externosque
2143 1969 2430 2027 cruciatus
2473 1969 2748 2027 sensisset
2765 1970 2798 2026 ἰ’

390 2046 616 2105 Deinde
644 2046 745 2121 qui
772 2045 995 2103 animas
1016 2044 1218 2103 debuit
1245 2064 1407 2123 seque
1452 2047 1733 2105 redimere
1755 2066 1822 2103 ac
1852 2066 2108 2123 corpora,
2138 2065 2330 2105 nonne
2359 2056 2602 2124 utraque
2631 2066 2794 2106 assu-

386 2144 542 2183 mere
572 2134 631 2183 et
657 2125 719 2181 in
745 2126 1003 2199 utrisque
1029 2123 1161 2181 loco
1186 2132 1385 2183 nostro
1411 2126 1534 2201 pati
1561 2124 1764 2183 debuit
1784 2125 1859 2182 ad
1884 2144 2116 2201 poenam
2142 2126 2310 2183 nobis
2337 2126 2398 2183 in
2425 2135 2669 2203 utroque
2697 2126 2798 2185 do-

386 2204 567 2263 bitam
595 2203 1035 2280 persolvendam
1052 2207 1080 2260 P
1123 2204 1245 2261 Nec
1274 2203 1503 2261 diffiteri
1545 2203 1780 2263 tandem
1808 2211 2119 2280 potuerunt
2147 2204 2480 2281 adversarii,
2512 2204 2616 2263 sed
2637 2224 2706 2263 eo
2735 2222 2800 2265 se

393 2284 679 2360 recipiunt
723 2290 789 2340 ut
831 2282 1027 2341 dicant
1073 2284 1171 2341 vel
1214 2284 1274 2340 in
1323 2284 1515 2342 anima
1556 2292 1779 2343 tantum
1807 2285 2200 2362 sympathetice
2226 2292 2458 2363 propter
2485 2286 2714 2343 dolores
2741 2293 2803 2345 et

397 2363 683 2422 cruciatus
712 2363 968 2439 corporis
984 2380 1111 2422 esse
1139 2382 1392 2441 passum,
1422 2365 1519 2423 vel
1540 2364 1602 2422 in
1629 2372 1792 2444 parte
1812 2372 2038 2424 tantum
2075 2364 2330 2424 inferiori
2356 2384 2474 2425 non
2501 2352 2801 2444 superio‘ri.

397 2446 474 2503 Et
502 2444 573 2502 de
602 2444 778 2520 priori
806 2438 1022 2521 effugio
1048 2444 1194 2503 nihil
1216 2464 1369 2504 nunc
1389 2446 1634 2505 ulterius
1655 2445 1938 2523 addimus,
1969 2445 2108 2524 quia
2132 2446 2196 2505 in
2223 2446 2596 2523 sequentibus
2623 2446 2804 2523 pluri·

396 2524 507 2583 bus
552 2525 661 2583 erit
704 2524 1128 2583 discutiendum
1150 2548 1165 2601 ;
1208 2528 1496 2603 posterius
1542 2544 1684 2585 vero
1729 2528 1870 2587 satis
1915 2546 2199 2605 superque
2241 2546 2316 2585 ex
2365 2546 2433 2585 eo
2481 2526 2808 2586 retunditur

398 2604 555 2681 quod
584 2605 849 2663 Christus
870 2624 986 2663 non
1014 2614 1240 2665 tantum
1268 2607 1327 2664 in
1356 2607 1464 2666 hac
1513 2606 1610 2666 vel
1637 2606 1740 2665 illa
1765 2614 1928 2685 parte
1969 2607 2176 2665 animm
2203 2608 2388 2666 tristis
2415 2606 2657 2682 dicatur,
2703 2606 2808 2665 sed

400 2686 647 2744 animam
676 2686 947 2744 habuisse
976 2685 1213 2745 tristitia
1236 2686 1493 2764 undique
1520 2696 1859 2765 occupatam
1887 2695 1946 2745 et
1973 2687 2284 2761 obsessam,
2315 2686 2448 2763 quis
2474 2706 2614 2745 vero
2643 2686 2807 2744 dixe·

400 2765 478 2824 rit
504 2772 730 2825 tantum
758 2782 1030 2841 angorem
1061 2766 1297 2825 haesisse
1346 2766 1633 2825 duntaxat
1673 2767 1734 2823 in
1763 2766 2033 2841 inferiori,
2064 2784 2183 2824 non
2207 2783 2348 2823 vero
2375 2774 2706 2843 penetrasse
2735 2764 2812 2822 ad

404 2846 757 2922 superiorem
806 2844 1013 2902 animae
1056 2852 1276 2921 partem
1298 2848 1327 2903 P
1368 2845 1662 2903 Viderunt
1704 2846 1818 2902 hoc
1844 2850 1963 2901 no‘n
2003 2845 2172 2921 pauci
2213 2862 2290 2902 ex
2341 2844 2678 2919 Pontificiis,
2711 2845 2812 2920 qui

405 2924 537 2982 ideo
564 2924 803 2981 Thomas
827 2924 1171 2981 sententiam
1196 2923 1513 3001 rejiciendo
1542 2923 1836 2981 Christum
1866 2922 1926 2979 in
1968 2931 2210 2999 utraque
2240 2923 2444 2980 animae
2492 2930 2654 2999 parte
2681 2942 2813 2999 pas-

408 3020 536 3061 sum
558 3020 685 3060 esse
706 3010 1085 3077 agnoverunt,
1113 3002 1332 3060 Maldo.
1350 3002 1414 3060 in
1432 3002 1645 3061 Matth.
1669 3002 1854 3077 xxvi„
1878 3004 1914 3035 ‘⁸
1938 3001 2156 3060 Eorum
2174 3001 2465 3061 subtilitas
2484 3001 2587 3078 qui
2608 3003 2814 3061 volun·

408 3089 587 3140 tatem
615 3082 711 3139 hic
738 3082 1186 3157 interpretantur
1210 3080 1391 3158 partis
1419 3081 1720 3140 sentientis
1748 3080 2062 3159 appetitum
2084 3080 2383 3158 probanda
2403 3101 2518 3141 non
2541 3090 2668 3141 est:
2697 3102 2816 3142 me—

411 3162 524 3219 lius
553 3160 651 3219 alii
680 3160 1109 3236 dispensatione
1138 3160 1387 3238 quadam
1414 3160 1630 3219 factum
1661 3160 1855 3237 fuisse,
1887 3168 1952 3219 ut
1981 3180 2110 3220 cum
2135 3162 2400 3222 Christus
2419 3161 2624 3221 beatus
2645 3170 2816 3240 esset,

410 3240 705 3301 tristitiam
734 3240 906 3299 etiam
936 3240 997 3297 in
1026 3242 1375 3317 superiorem
1404 3241 1611 3300 animas
1639 3248 1860 3318 partem
1891 3240 2204 3319 admiserit,
2233 3260 2367 3301 nam
2397 3242 2548 3303 sicut
2572 3242 2820 3303 beatitu-

410 3322 605 3381 dinem
654 3340 817 3380 suam
862 3320 1129 3379 cohibere
1172 3321 1362 3399 potuit
1402 3341 1476 3381 ne
1524 3321 1804 3382 deflueret
1843 3321 1905 3381 in
1951 3342 2176 3400 corpus,
2201 3331 2288 3403 ,ut
2334 3322 2454 3401 pati
2481 3332 2695 3402 posset,
2741 3324 2824 3383 ita

415 3420 673 3481 premere
700 3420 827 3461 eam
857 3400 1047 3478 potuit
1073 3408 1131 3459 et
1159 3401 1583 3479 quodammodo
1612 3403 1901 3462 occultare
1927 3414 1994 3463 ut
2021 3404 2097 3463 ad
2123 3412 2351 3482 tempus
2379 3405 2628 3466 tristitiae
2656 3403 2822 3465 cede-

414 3492 519 3558 ret,
552 3504 682 3561 quae
708 3500 825 3541 una
851 3480 1138 3558 passionis
1165 3498 1285 3541 suae
1313 3502 1445 3559 pars
1471 3482 1668 3543 futura
1694 3484 1871 3543 erat.”
1907 3484 2002 3543 Sic
2031 3485 2242 3545 Canus.
2273 3485 2382 3545 loc.
2413 3506 2559 3545 com.
2589 3486 2690 3543 lib.
2721 3484 2825 3544 xii.

416 3582 469 3622 o.
505 3566 597 3638 13,
644 3563 829 3621 Ferus
856 3562 918 3618 in
948 3562 1160 3621 Matth.
1191 3564 1375 3640 xxvi„
1408 3564 1523 3623 alii.
1570 3564 1693 3623 Nec
1735 3564 1849 3623 alia
1877 3565 2228 3625 catechismi
2257 3566 2507 3625 Romani
2532 3566 2695 3641 fides,
2727 3584 2824 3623 cu·
2881 3566 2892 3577 '

410 3643 511 3719 jus
539 3642 651 3701 ista
678 3642 858 3699 verba
880 3648 1015 3700 sunt
1042 3642 1101 3699 in
1130 3644 1258 3702 arti.
1284 3646 1338 3719 4,
1361 3642 1567 3721 symb„
1589 3652 1896 3721 postquam
1919 3645 1990 3704 de
2013 3646 2269 3705 externis
2289 3646 2655 3722 passionibus
2675 3644 2827 3721 egis-

420 3730 524 3797 set,
556 3722 629 3779 de
674 3720 917 3780 internis
960 3722 1044 3781 sic
1092 3724 1189 3797 ait,
1237 3726 1273 3757 “
1294 3724 1452 3800 quod
1495 3742 1636 3783 vero
1665 3725 1740 3782 ad
1773 3724 2040 3785 intimum
2069 3725 2246 3783 animi
2273 3725 2532 3785 dolorem
2558 3724 2826 3800 pertinet,

418 3818 589 3859 nemo
617 3800 881 3861 dubitare
908 3810 1099 3879 potest
1126 3803 1267 3881 quin
1295 3823 1554 3863 summus
1592 3804 1654 3861 in
1685 3804 1914 3864 Christo
1943 3806 2117 3864 fuerit
2139 3805 2193 3881 ;'’
2221 3804 2363 3882 quid
2391 3822 2614 3863 summo
2641 3804 2832 3881 majus

420 3879 537 3937 dici
583 3888 775 3957 potest
793 3885 823 3940 ?
861 3882 1143 3942 rationem
1186 3883 1366 3959 addit,
1415 3887 1451 3918 “
1474 3884 1740 3944 Christus
1791 3884 2076 3944 Dominus
2125 3884 2496 3943 amarissimae
2543 3884 2830 3961 passionis

420 3960 659 4018 calicem
687 3980 861 4037 quem
882 3962 1032 4021 bibit
1058 3964 1219 4022 nulla
1242 3962 1529 4023 suavitate
1550 3964 1839 4042 permixta
1865 3965 2228 4042 temperavit,
2257 3965 2526 4022 humanm
2555 3963 2708 4021 enim
2729 3980 2831 4022 na-

420 4046 567 4097 turae
594 4058 768 4117 quam
796 4052 1187 4119 assumpserat
1234 4043 1447 4102 sentire
1490 4042 1686 4102 omnia
1729 4051 2014 4104 tormenta
2039 4044 2317 4122 permisit,
2349 4062 2464 4102 non
2493 4060 2660 4102 secus
2687 4062 2756 4101 ac
2783 4043 2835 4103 si

422 4118 596 4177 homo
624 4140 741 4179 non
770 4122 943 4180 etiam
976 4124 1137 4182 Deus
1164 4122 1423 4182 fiiissetff’
1489 4123 1605 4183 Sed
1635 4124 1846 4183 clarius
1871 4125 1984 4183 hoc
2011 4125 2200 4201 ipsum
2227 4142 2305 4181 ex
2333 4123 2608 4183 distincta
2635 4122 2834 4199 singu-

421 4198 609 4257 larum
635 4201 885 4277 partium
914 4210 973 4261 et
1000 4202 1556 4263 circumstantiarum
1578 4203 1750 4262 istius
1777 4203 2001 4281 agoniae
2030 4201 2486 4262 consideratione
2513 4202 2753 4280 patebit.

506 4279 618 4338 VI.
665 4280 789 4338 Hie
826 4300 966 4340 vero
1010 4282 1195 4359 primo
1242 4283 1373 4342 loco
1418 4284 1668 4342 occurrit
1717 4282 1864 4349 λύπη
1892 4302 2020 4359 quae
2067 4282 2296 4342 Christo
2344 4283 2615 4341 tribuitur
2643 4305 2658 4357 ;
2699 4298 2836 4341 nam

424 4366 731 4435 appetente
802 4362 1129 4438 gravissimi
1175 4362 1505 4422 certaminis
1548 4370 1805 4439 tempore
1835 4362 2010 4439 coepit
2053 4364 2341 4437 λυπῒσθαι,
2388 4362 2576 4439 inquit
2623 4363 2836 4424 Matth.

424 4440 591 4499 xxvi.
608 4442 681 4499 3⁷
690 4486 704 4499 .
736 4439 903 4501 Licet
912 4442 1256 4519 quibusdam
1276 4442 1571 4519 praeludiis
1590 4441 1774 4500 filium
1797 4460 1964 4500 suum
1987 4441 2344 4501 exercuisset
2360 4442 2660 4520 Dominus,
2683 4462 2841 4503 nunc

422 4526 621 4578 tamen
664 4521 933 4598 propiore
960 4523 1164 4581 mortis
1192 4529 1505 4599 conspectu
1554 4540 1686 4580 eum
1735 4522 2002 4581 vulnerat
2051 4522 2288 4599 gravius
2315 4531 2376 4583 et
2401 4523 2698 4583 insolitum
2723 4532 2840 4584 ter-

423 4617 614 4659 rorem
642 4601 883 4677 incutit3
915 4601 1067 4661 unde
1112 4622 1229 4661 non
1258 4609 1479 4661 tantum
1508 4600 1721 4661 dicitur
1748 4602 2134 4679 contristatus,
2168 4602 2272 4663 sed
2306 4604 2432 4684 ipse
2459 4604 2720 4664 moeroris
2747 4605 2841 4665 sui

424 4681 886 4757 magnitudinem
928 4682 1232 4761 discipulis
1280 4682 1401 4743 suis
1447 4682 1757 4760 aperiendo
1785 4683 1866 4742 ait
1895 4686 2178 4761 περίλυπός
2206 4685 2311 4741 ἐστι
2339 4684 2514 4764 ψυχὴ
2540 4688 2645 4755 faofi
2669 4687 2837 4764 μέχρι
