3234 5192
261 341 509 383 msrur.
540 321 725 404 xxm]
842 340 923 381 ns
952 339 1701 385 smxsncnomncnmsrt
1729 344 2150 387 Psnrscrxoxs.
2574 332 2689 391 671

270 482 362 541 sit
393 482 627 541 Christo
656 490 719 541 et
744 481 884 559 ipsis
910 482 1126 541 sanctis
1170 484 1586 556 honorificum,
1629 486 1926 544 humanas
1969 485 2402 545 satisfactiones
2441 489 2562 547 suis
2589 492 2697 549 ad-

256 562 549 637 jungere,
578 569 650 619 ut
676 580 911 619 summa
938 563 1020 619 sic
1050 562 1285 621 Christo
1312 563 1593 623 inuratur
1619 566 1986 623 contumelia
2024 574 2086 623 et
2125 567 2340 623 sanctis
2381 568 2687 640 probrum.

270 639 343 697 N
347 658 449 697 am
484 642 537 697 si
576 640 811 699 Christo
848 641 1179 714 gloriosum
1224 649 1315 699 est
1354 660 1463 716 pro
1505 643 1760 717 peccatis
1803 644 2024 700 nostris
2067 642 2432 715 satisfecisse,
2461 654 2694 719 quanto

272 718 605 777 satisfactio
646 719 777 792 ejus
816 719 1132 793 perfectior
1172 720 1302 791 erit,
1347 739 1481 796 quae
1519 722 1692 779 nullo
1729 720 1850 779 alio
1893 720 2308 779 satisfactionis
2334 723 2695 798 cujusquam

274 805 461 871 egeat
511 798 949 872 supplemento,
991 804 1162 855 tanto
1204 798 1399 873 major
1439 800 1518 857 ad
1562 818 1702 857 eum
1746 799 2112 857 redundabit
2153 800 2364 873 gloria,
2397 800 2480 859 Et
2524 808 2700 861 tanto

274 875 479 933 minor
505 876 617 932 erit
644 882 872 951 quanto
900 876 1092 950 magis
1120 876 1275 935 inter
1304 876 1611 937 Christum
1639 884 1700 935 et
1728 877 1978 937 Sanctos
2006 878 2327 937 dividetur.
2385 878 2540 947 Quis
2567 880 2699 937 dix-

275 953 397 1011 erit
422 954 605 1011 etiam
632 956 811 1012 valde
838 954 1233 1013 honorificum
1262 974 1387 1016 esse
1416 956 1649 1015 Sanctis
1688 957 1883 1013 multa
1906 956 2033 1031 pati
2069 963 2142 1014 ut
2173 964 2374 1014 actum
2403 964 2606 1032 agant,
2635 966 2697 1017 et

264 1032 529 1106 justitiae
558 1032 779 1090 divinae
809 1033 1059 1107 cui-jam
1077 1035 1253 1109 plene
1274 1034 1646 1093 satisfactum
1667 1042 1756 1093 est
1777 1034 2160 1107 satisfaciant,
2185 1036 2282 1091 vel
2316 1042 2382 1093 ut
2408 1036 2698 1095 honorem

277 1110 401 1169 soli
429 1110 666 1171 Christo
696 1112 969 1171 debitum
994 1119 1291 1187 qnantum
1330 1112 1395 1170 in
1435 1112 1577 1188 ipsis
1612 1120 1704 1171 est
1737 1131 1843 1187 per
1883 1132 2184 1171 summum
2213 1114 2590 1189 sacrilegium
2618 1118 2698 1173 ad

276 1206 344 1247 se
376 1190 611 1247 trahere
640 1192 973 1249 coneum-2
1032 1190 1277 1258 Quanto
1304 1192 1520 1249 rectius
1544 1198 1609 1251 et
1636 1191 1964 1266 simplicius
1991 1198 2080 1249 est
2110 1190 2329 1249 Christi
2355 1194 2536 1251 unius
2564 1212 2698 1268 pas-

278 1266 555 1325 sionibus
590 1274 779 1327 totam
816 1287 925 1345 pro
962 1270 1217 1343 peccatis
1253 1270 1471 1327 nostris
1507 1269 1968 1328 satisfactionem
1997 1270 2296 1340 tribuere;
2342 1270 2700 1329 Sanctorum

278 1364 427 1403 vero
470 1345 869 1421 passionibus
907 1348 1062 1405 hanc
1104 1348 1348 1407 laudem
1388 1367 1624 1407 servare
1666 1349 1829 1424 quod
1872 1348 2013 1405 fidei
2058 1355 2120 1405 et
2160 1348 2398 1423 pietatis
2429 1349 2701 1424 ipsorum

277 1423 513 1559 {inerint
547 1432 903 1501 argumenta
930 1424 1274 1498 clarissima,
1314 1426 1445 1485 Deo
1472 1426 1758 1502 gloriosa,
1787 1426 2076 1501 nobisque
2104 1428 2181 1483 ad
2209 1428 2554 1503 exemplum
2581 1429 2698 1487 uti·-

330 1521 529 1561 ssima.
2538 1520 2546 1541 ⁸

369 1581 488 1641 IX.
525 1582 787 1641 Addunt
808 1585 1069 1641 secundo
1094 1584 1445 1643 Adversarii
1470 1584 1628 1641 nihil
1653 1584 1929 1659 derogari
1955 1582 2236 1641 infinitati
2265 1589 2326 1641 et
2349 1584 2700 1660 perfectioni

285 1659 722 1720 satisfactionis
747 1662 967 1721 Christi
993 1680 1099 1737 per
1118 1670 1357 1721 nostras
1380 1662 1829 1733 satisfactioneS,
1863 1662 2026 1731 Quia
2055 1662 2338 1723 satisfecit
2365 1670 2604 1723 tantum
2630 1682 2703 1723 ea

282 1740 421 1815 lege
463 1745 533 1797 ut
571 1741 745 1799 nobis
784 1741 891 1799 illa
928 1742 1278 1817 applicetur,
1308 1741 1599 1817 applicari
1627 1748 1829 1799 autem
1858 1760 1964 1815 per
1990 1750 2222 1799 nostras
2248 1740 2701 1814 satisfactiones,

281 1819 467 1893 plane
493 1820 705 1876 eodem
732 1838 907 1877 sensu
935 1838 1057 1895 quo
1089 1820 1455 1880 Sacrificium
1493 1820 1699 1878 altaris
1726 1820 1944 1877 volunt
1978 1820 2204 1895 requiri
2240 1822 2318 1878 ad
2353 1819 2702 1896 applicatio-

284 1914 427 1953 nem
466 1896 748 1955 Sacrificii
784 1898 1011 1969 crucis;
1052 1899 1134 1957 sic
1165 1898 1471 1969 Bellarm.,
1503 1898 1804 1969 Costerus,
1835 1896 2121 1969 Salmero,
2149 1898 2438 1973 Klingius
2477 1906 2538 1957 et
2576 1900 2699 1957 alii.

287 1974 409 2033 Sed
432 1993 554 2031 non
573 1974 808 2033 felicius
828 1976 1169 2034 elabuntur.
1220 1977 1437 2035 Fateor
1465 1978 1712 2051 quidem
1737 1977 2157 2051 applicandam
2185 1995 2310 2034 esse
2333 1977 2504 2035 nobis
2531 1978 2703 2035 satis-

284 2052 607 2109 factionem
638 2052 857 2111 Christi
884 2060 955 2111 ut
980 2055 1112 2128 ejus
1137 2054 1403 2113 fructum
1430 2056 1759 2113 sentiamus
1781 2076 1798 2123 ;
1845 2054 1963 2112 Sed
1991 2055 2348 2129 applicanda
2373 2062 2463 2112 est
2489 2056 2702 2113 mediis

285 2148 327 2188 a
371 2130 488 2187 Dei
529 2130 711 2187 verbo
754 2132 1128 2205 praescriptis,
1176 2150 1301 2188 non
1346 2133 1423 2187 ab
1471 2133 1736 2189 humano
1779 2131 2018 2189 cerebro
2063 2139 2285 2189 temere
2329 2132 2700 2205 excogitatis,

286 2208 499 2265 Media
536 2208 649 2265 illa
690 2215 834 2266 sunt
874 2209 1093 2283 partim
1134 2207 1388 2279 interna,
1420 2208 1581 2285 fides
1625 2208 1848 2267 scilicet
1889 2214 1950 2265 et
1993 2210 2268 2279 charitas,
2305 2208 2460 2284 pr.
2490 2210 2572 2267 iii.
2609 2212 2702 2283 17,

286 2288 325 2343 2
356 2285 491 2344 Cor.
520 2304 577 2343 v.
611 2285 703 2356 14,
746 2286 965 2361 partim
1005 2294 1271 2357 externa,
1298 2284 1549 2345 Verbum
1576 2294 1637 2344 et
1665 2286 2064 2358 Sacramenta,
2105 2286 2438 2362 baptismus
2477 2288 2541 2346 in
2578 2308 2700 2363 quo

288 2364 597 2425 Christum
626 2364 951 2436 induimuS,
985 2364 1121 2425 Gal.
1142 2365 1227 2423 iii.
1257 2364 1354 2437 27,
1397 2384 1443 2423 s.
1472 2383 1640 2423 coena
1680 2384 1815 2440 qun
1857 2372 1948 2423 est
1982 2366 2326 2423 communio
2353 2368 2616 2443 corporis
2644 2375 2706 2427 et
2779 2406 2784 2411 -

286 2442 597 2517 sanguinis
622 2443 772 2517 ejus,
805 2444 835 2500 1
872 2442 1005 2503 Cor.
1036 2463 1093 2501 x.
1122 2444 1211 2501 16.
1270 2444 1387 2503 His
1414 2444 1628 2503 mediis
1659 2442 1964 2503 Christum
1991 2445 2166 2503 nobis
2194 2445 2396 2502 offerri
2422 2453 2482 2504 et
2509 2446 2701 2522 appli-

278 2523 415 2586 ‚cari
442 2540 565 2579 non
594 2523 774 2579 semel
803 2524 977 2581 docet
1006 2522 1331 2599 Scriptura.
1404 2523 1523 2583 Sed
1554 2523 1659 2581 ubi
1687 2542 1956 2599 unquam
1983 2523 2229 2595 dictum,
2263 2524 2380 2581 hoc
2405 2542 2512 2599 per
2538 2527 2705 2583 satis-

290 2599 580 2659 factiones
604 2607 837 2659 nostras
862 2602 991 2659 fieri
1018 2602 1278 2662 debere?
1336 2603 1489 2671 Quis
1529 2620 1803 2677 unquam
1843 2602 2079 2661 audivit
2119 2602 2480 2660 solutionem
2515 2604 2705 2662 debiti

294 2681 715 2755 applicandam
741 2698 866 2739 esse
896 2681 1018 2739 alia
1044 2681 1361 2752 solutione,
1402 2680 1756 2739 sacrificium
1782 2681 1904 2738 alio
1933 2680 2234 2751 sacrificio,
2263 2687 2323 2738 et
2348 2682 2704 2740 medicinam

293 2758 415 2816 alia
440 2758 778 2817 medicina?
827 2758 1053 2817 Nonne
1080 2759 1277 2816 media
1302 2756 1719 2833 applicationis
1747 2758 1964 2814 diversi
1990 2758 2223 2831 generis
2251 2765 2311 2814 et
2341 2759 2564 2816 ordinis
2584 2779 2623 2818 a
2641 2779 2706 2817 re

293 2838 593 2911 applicata
632 2854 758 2893 esse
800 2838 1075 2910 oportet?
1121 2835 1273 2903 Quis
1313 2852 1660 2910 sponsorem
1685 2834 1870 2891 ferret
1895 2834 2001 2908 qui
2027 2853 2136 2908 pro
2165 2836 2287 2891 alio
2316 2835 2558 2909 quidem
2585 2840 2705 2895 sol-

292 2931 431 2969 vere
458 2914 658 2982 vellet,
704 2914 807 2971 sed
851 2932 923 2971 ea
965 2914 1097 2986 lege
1135 2920 1206 2970 ut
1242 2913 1293 2969 si
1328 2913 1475 2969 velit
1506 2912 1859 2970 beneficium
1886 2913 2002 2969 hoc
2028 2911 2174 2983 fieri,
2218 2913 2448 2969 solvere
2490 2914 2706 2973 debeat

296 2989 453 3047 illud
484 2992 685 3065 ipsum
711 2993 876 3065 quod
904 2991 1169 3049 solutum
1190 2991 1320 3064 jam
1348 2997 1469 3061 est3
1512 2988 1738 3047 Nonne
1764 2989 2006 3063 egregia
2031 2996 2187 3047 esset
2213 2997 2274 3048 et
2299 2990 2548 3048 mirifica
2575 2993 2706 3066 ejus

293 3068 664 3127 liberalitas?
705 3068 869 3125 Nam
898 3069 949 3125 si
974 3068 1170 3139 solvit,
1194 3087 1300 3125 cur
1327 3086 1479 3143 opus
1504 3074 1597 3125 est
1623 3085 1765 3125 eum
1792 3068 2022 3126 solvere
2039 3070 2068 3127 ἕ
2111 3068 2192 3127 Et
2220 3068 2272 3125 si
2294 3087 2444 3145 opus
2471 3077 2560 3127 est
2587 3074 2704 3129 sol-

292 3165 450 3216 vere,
478 3164 679 3204 nonne
704 3146 899 3204 inanis
926 3154 987 3205 et
1013 3145 1245 3204 inutilis
1270 3154 1400 3205 erat
1430 3164 1501 3203 eo
1532 3146 1662 3221 ipso
1692 3147 2030 3221 praecedens
2058 3147 2326 3206 solutio?
2381 3150 2436 3207 2.
2468 3147 2702 3208 Deinde

300 3224 640 3285 Satisfactio
678 3243 839 3282 nova
872 3243 995 3283 non
1038 3225 1231 3298 magis
1263 3224 1592 3301 requiritur
1625 3226 1704 3282 ad
1733 3224 2214 3284 satisfactionem
2253 3224 2473 3285 Christi
2514 3230 2706 3305 appli-

299 3304 569 3375 candam,
594 3322 777 3378 quam
804 3322 963 3361 nova
988 3302 1178 3375 Mors,
1209 3301 1588 3379 Redemptio,
1612 3303 2006 3376 Resurrectio,
2027 3307 2104 3363 ad
2134 3312 2408 3377 mortem,
2435 3307 2706 3383 redemp-

297 3383 536 3455 tionem,
558 3389 619 3439 et
643 3382 1135 3440 resurrectionem
1158 3380 1378 3442 Christi
1404 3382 1842 3457 applicandam.
1894 3384 1949 3440 3.
1981 3384 2144 3453 Quid
2170 3385 2334 3459 quod
2359 3383 2704 3459 Purgatorii

298 3481 485 3538 poenae
530 3468 591 3519 et
631 3461 794 3519 mala
834 3460 1068 3531 similia,
1111 3462 1347 3519 nullam
1382 3462 1507 3517 vim
1548 3462 1775 3519 habent
1809 3469 2064 3521 mortem
2094 3463 2310 3523 Christi
2344 3464 2703 3538 applicandi,

300 3541 443 3616 quia
468 3558 577 3597 nec
602 3546 857 3597 mortem
886 3537 1105 3599 Christi
1132 3540 1355 3597 habent
1381 3540 1513 3598 ulla
1536 3540 1769 3598 ratione
1795 3559 1904 3616 pro
1933 3541 2165 3615 objecto
2195 3542 2564 3617 applicando,
2593 3562 2704 3601 nec

298 3620 487 3676 ullam
529 3617 929 3692 aptitudinem
974 3618 1199 3675 habent
1240 3619 1318 3677 ad
1361 3618 1534 3677 illam
1576 3625 1830 3676 mortem
1870 3621 1967 3678 vel
2011 3622 2576 3696 apprehendendam
2603 3623 2702 3678 vel

296 3696 785 3771 significandam3
832 3695 985 3754 Cum
1028 3696 1187 3755 enim
1231 3698 1311 3754 ad
1354 3696 1814 3772 applicationem
1855 3697 2285 3757 Satisfactionis
2323 3696 2542 3756 Christi
2579 3699 2701 3756 duo

298 3774 667 3851 potissimum
693 3775 1097 3849 requirantur,
1130 3774 1392 3849 primum
1427 3793 1466 3832 a
1504 3780 1674 3850 parte
1703 3772 1816 3832 Dei
1844 3785 1915 3833 nt
1941 3796 2013 3835 ea
2040 3775 2212 3835 nobis
2239 3776 2585 3849 imputetur,
2615 3778 2704 3835 al-

298 3862 491 3911 terum
518 3870 553 3909 a
579 3860 747 3928 parte
776 3854 963 3911 nostri
990 3860 1059 3911 ut
1084 3874 1123 3913 a
1147 3853 1320 3911 nobis
1346 3852 1684 3927 recipiatur,
1725 3861 2007 3912 neutrum
2034 3862 2230 3931 potest
2255 3855 2458 3911 locum
2484 3854 2702 3913 habere

298 3931 357 3988 in
386 3931 575 4005 poenis
599 3931 721 3988 illis
748 3930 1172 3989 satisfactoriis.
1243 3930 1300 3987 4.
1332 3931 1397 3991 Si
1425 3931 1751 3989 satisfactio
1782 3932 2002 3991 Christi
2025 3952 2146 3991 non
2176 3939 2372 4008 potest
2399 3932 2569 3989 nobis
2597 3952 2702 4009 ap-

300 4009 505 4085 plicari
538 4010 655 4067 nisi
690 4028 795 4084 per
828 4016 1089 4068 nostram
1120 4010 1618 4082 Satisfactionem,
1660 4010 1999 4070 Satisfactio
2025 4018 2231 4070 nostra
2255 4008 2476 4086 pariter
2503 4012 2703 4088 egebit

298 4088 421 4147 alia
451 4086 867 4145 satisfactione
888 4106 992 4163 per
1014 4108 1196 4164 quam
1219 4088 1565 4164 applicetur,
1584 4096 1645 4147 et
1671 4088 1753 4147 sic
1779 4089 1840 4145 in
1869 4089 2190 4160 infinitum,
2209 4089 2382 4147 nulla
2408 4088 2568 4147 enim
2595 4091 2700 4147 da-

301 4173 398 4224 tur
438 4166 591 4223 ratio
636 4185 741 4223 cur
786 4184 909 4223 una
945 4166 1280 4226 Satisfactio
1324 4168 1510 4242 possit
1550 4166 1837 4243 applicari
1879 4170 2008 4227 sine
2045 4167 2459 4228 Satisfactione
2499 4168 2703 4242 potius

300 4263 481 4319 quam
516 4245 653 4303 alia.
736 4244 791 4301 5.
842 4244 907 4301 Si
946 4245 1383 4304 satisfactiones
1414 4253 1557 4305 sunt
1581 4245 1800 4318 media,
1836 4248 2032 4303 media
2058 4254 2199 4304 sunt
2217 4244 2617 4321 acquisitionis
2643 4254 2704 4304 et

300 4323 733 4397 impetrationis
752 4324 961 4399 gratiae
983 4342 1108 4381 non
1127 4343 1271 4381 vero
1292 4323 1715 4400 applicationis,
1737 4324 1882 4398 quia
1897 4325 2096 4383 Deum
2115 4324 2352 4399 proprie
2379 4324 2704 4399 respiciunt

302 4420 415 4459 non
444 4402 732 4459 homines.
798 4400 1075 4475 Denique
1102 4402 1211 4460 etsi
1238 4403 1517 4460 daremus
1542 4402 1742 4459 media
1768 4404 1884 4461 ista
1909 4402 2368 4479 applicationem
2393 4403 2700 4479 respicere,

300 4479 430 4555 quis
457 4480 677 4539 dixerit
702 4480 1069 4538 contrarium
1095 4480 1382 4555 applicari
1408 4498 1515 4555 per
1542 4481 1926 4553 contrarium,
1949 4481 2145 4540 lucem
2171 4500 2278 4556 per
2299 4480 2590 4554 tenebras,
2611 4502 2703 4541 sa-

301 4559 555 4617 lutarem
584 4558 944 4617 medicinam
970 4577 1075 4634 per
1101 4558 1583 4635 propinationem
1608 4559 1824 4617 veneni
1847 4562 1870 4619 ἓ
1926 4559 2030 4618 An
2071 4560 2334 4637 perfecta
2372 4560 2701 4619 satisfactio

305 4636 520 4696 Christi
545 4637 623 4695 iis
651 4636 863 4695 mediis
888 4638 1302 4713 applicabitur,
1322 4655 1457 4713 quae
1484 4638 1671 4716 ipsius
1696 4638 2043 4714 perfectioni
2073 4638 2384 4697 manifeste
2411 4640 2704 4735 derogant

299 4723 355 4774 et
381 4716 468 4773 illi
498 4723 641 4774 sunt
664 4716 998 4791 injuriosa?
