3234 5192
574 296 690 356 576
1142 312 1222 352 ns
1251 307 1729 353 samsrsc'rtoms
1756 307 1993 352 cums-n
2022 306 2343 348 vanu-Ars.
2506 284 2771 367 [msrur.
2802 307 2995 350 xvm.

571 459 720 512 tram
751 448 862 511 Dei
909 452 1189 528 consedit,
1219 451 1362 530 quid
1409 449 1570 510 aliud
1591 448 1852 526 sequitur
1887 467 2062 525 quam
2110 445 2404 507 Christum
2448 443 2525 504 ad
2570 446 2839 507 dextram
2874 450 2995 510 Dei

571 530 868 592 sedentem
895 532 1324 592 infirmitatibus
1361 551 1488 590 esse
1533 528 1948 603 circundatum,
1978 535 2039 586 et
2082 526 2375 586 Christum
2420 526 2719 586 moriendo
2798 549 2995 608 raepa-

573 631 732 671 rasse
761 631 822 672 se
842 621 928 672 ut·
935 621 1067 690 post
1093 611 1569 672 resurrectionem
1609 617 1671 668 et
1712 607 2105 667 ascensionem
2132 606 2195 664 in
2223 605 2401 664 coelos
2437 625 2475 664 a
2500 615 2685 666 morte
2711 607 2757 665 li
2830 629 2993 670 rare-

573 699 672 750 tur
690 695 719 751 Ρ
774 693 907 752 Non
933 691 1252 752 diffitentur
1279 691 1431 750 enim
1459 697 1703 748 mortem
1750 687 2102 764 praeeipuum
2148 684 2298 746 illud
2344 683 2522 744 fuisse
2562 686 2779 746 malum
2804 708 2843 747 a
2868 709 2995 767 quo

573 771 854 830 sacrificio
883 791 988 831 suo
1015 772 1294 831 liberatus
1337 777 1427 830 est
1469 787 1649 846 quum
1690 766 1837 827 illud
1878 785 1983 844 pro
2012 785 2075 825 se
2122 764 2351 824 obtulit.
2398 765 2684 842 Secundo,
2715 766 2991 828 Aoristo·

569 869 698 910 rum
725 851 896 910 istam
924 851 1368 929 explicationem
1397 849 1700 908 admittere
1726 865 1845 905 non
1894 853 2138 924 possunt
2172 845 2303 904 loca
2342 844 2579 904 laudata
2616 846 2743 906 sine
2770 847 2834 905 vi
2860 868 2988 908 ma-

573 929 799 1006 nifesta,
831 940 1163 1008 supponunt
1189 931 1360 1006 enim,
1408 936 1476 988 ut
1518 928 1616 987 vel
1662 926 1908 987 intuenti
1945 933 2121 1004 patet,
2168 925 2571 1002 purgationem
2617 927 2991 1002 praecessisse

575 1010 907 1086 sessionem,
939 1018 998 1068 et
1023 1010 1182 1087 quod
1225 1011 1432 1087 Apost-
1462 1007 1620 1082 dicit,
1666 1005 2067 1084 purgationem
2114 1013 2481 1082 peccatorum
2527 1013 2855 1064 nostrorum
2876 1027 2993 1084 per

573 1089 814 1166 seipsum
844 1088 998 1170 (quse
1026 1089 1206 1148 verba
1251 1107 1550 1167 perperam
1593 1087 1690 1144 hic
1716 1106 1754 1145 a
1782 1085 1863 1144 V.
1892 1085 1970 1143 V.
1988 1164 2000 1178 ο
2018 1082 2259 1164 omissa)
2288 1083 2511 1177 fecisse,
2534 1083 2683 1142 nihil
2708 1085 2870 1144 aliud
2894 1097 2991 1147 est

575 1169 1254 1328 ἓξὲῗιοᾛίἳῖἰέἓεὶἓ,
1267 1166 1658 1308 {mfflfssff
1688 1173 1942 1320 ‘¹1¹3an
1934 1163 2743 1321 Ε’ἑὲὲἓὲῃῗὲξῗὲἑιὲᾟ
2744 1184 2989 1306 *effi

575 1327 653 1385 ad
681 1328 946 1388 dextram
973 1329 1197 1388 sedenti
1218 1346 1514 1405 nunquam
1541 1325 1745 1386 tribuit
1776 1323 2089 1401 Scriptura,
2120 1322 2225 1381 sed
2251 1322 2792 1400 interpellationem,
2827 1325 2985 1384 Heb.

575 1407 678 1466 vii.
707 1410 804 1485 25,
835 1417 894 1468 et
922 1409 1092 1468 Rom.
1121 1409 1243 1466 viii.
1275 1411 1374 1482 34,
1401 1425 1550 1484 quos
1596 1404 1745 1464 duos
1786 1402 2171 1462 sacerdotales
2198 1409 2361 1462 actus
2389 1400 2527 1462 licet
2570 1401 2897 1464 indivulsos
2924 1414 2987 1464 et

573 1485 725 1546 inter
751 1507 814 1546 se
842 1507 1154 1563 connexos,
1203 1487 1452 1562 pessime
1499 1494 1695 1545 tamen
1738 1481 2113 1543 confundunt.
2178 1480 2558 1540 Praesentatio
2600 1481 2665 1540 in
2690 1482 2839 1542 coelo
2866 1503 2989 1543 non

577 1574 667 1625 est
693 1587 848 1625 nova
874 1567 1108 1642 oblatiO,
1141 1565 1244 1624 sed
1270 1574 1495 1625 tantum
1523 1563 1743 1642 peracti
1769 1561 2035 1623 sacrificii
2070 1561 2554 1637 commemoratiO,
2583 1580 2692 1620 nee
2720 1561 2988 1623 Christus

577 1644 640 1702 in
671 1645 884 1704 Sancta
931 1647 1270 1704 Sanctorum
1319 1664 1422 1722 per
1462 1643 1758 1721 proprium
1803 1641 2143 1717 sanguinem
2188 1641 2486 1717 ingressus
2533 1648 2625 1699 est
2648 1649 2716 1700 ut
2740 1641 2826 1700 ibi
2852 1663 2990 1702 eum

577 1741 733 1782 novo
781 1724 897 1782 ritu
923 1723 1206 1798 funderet,
1251 1723 1355 1782 sed
1379 1732 1447 1783 ut
1473 1731 1534 1782 et
1559 1742 1769 1800 corpus
1794 1721 1967 1780 morti
2002 1719 2277 1779 traditum
2320 1718 2574 1794 inferret,
2620 1728 2681 1779 et
2720 1721 2991 1782 sacrificii

578 1800 698 1860 vim
727 1810 788 1860 et
813 1802 1080 1860 meritum
1108 1809 1563 1880 repraesentaret.

661 1881 920 1938 XXIII.
965 1881 1212 1956 Instant,
1244 1880 1593 1958 Apostolum
1642 1880 1719 1938 ad
1768 1879 1923 1939 Heb.
1951 1899 2013 1938 x.
2058 1881 2115 1954 5,
2148 1881 2205 1948 9,
2250 1879 2324 1938 de
2350 1878 2459 1938 tali
2504 1880 2779 1940 oblatione
2824 1881 2991 1959 loqui

577 1980 710 2037 quse
739 1960 890 2020 facta
907 1961 982 2021 sit
1009 1961 1070 2019 in
1090 1962 1342 2038 ingressu
1361 1980 1480 2038 quo
1503 1959 1783 2036 abrogata
1803 1968 1941 2019 sunt
1961 1958 2241 2018 sacrificia
2254 1958 2486 2036 legalia,
2508 1978 2631 2018 ver.
2650 1961 2707 2036 5,
2732 1962 2788 2036 6,
2812 1962 2869 2036 8,
2898 1962 2991 2020 At

577 2039 845 2118 ingressu
874 2041 1088 2101 Christi
1113 2041 1176 2099 in
1203 2040 1482 2100 mundum
1511 2039 1801 2099 visibilem
1829 2038 2044 2116 leg-alia
2070 2038 2351 2097 sacrificia
2376 2057 2494 2097 non
2520 2057 2649 2098 esse
2685 2038 2987 2117 abrogata,

579 2119 649 2179 E.
674 2121 746 2180 de
764 2121 1032 2199 ingressu
1047 2121 1108 2180 in
1120 2121 1331 2180 coelum
1351 2118 1791 2198 intelligendam
1808 2137 1955 2178 esse.
1974 2117 2171 2196 Resp.,
2205 2117 2323 2177 Sed
2337 2118 2450 2178 hoc
2470 2127 2857 2178 commentum
2866 2139 2991 2179 non

577 2198 771 2260 ferunt
792 2201 972 2260 verba
999 2201 1227 2280 Apost.,
1246 2221 1378 2279 quae
1407 2218 1679 2277 expresse
1706 2198 2021 2258 adventum
2048 2198 2109 2256 in
2150 2199 2419 2257 mundum
2445 2197 2735 2257 visibilem
2762 2206 2989 2276 notant,

582 2280 1046 2357 “Quapropter,”
1067 2281 1272 2358 inquit,
1296 2300 1418 2339 ver.
1449 2283 1504 2356 5,
1539 2277 1917 2355 “ingrediens
1952 2277 2017 2334 in
2040 2276 2321 2337 mundum
2348 2276 2507 2352 dicit,
2542 2277 2901 2338 Sacrificium
2928 2290 2993 2340 et

581 2357 930 2418 oblationem
967 2359 1262 2418 noluisti.”
1295 2362 1348 2417 1.
1369 2360 1464 2417 Ex
1491 2377 1602 2417 usu
1622 2357 1923 2416 tritissimo
1956 2357 2265 2433 Scripturas
2292 2375 2579 2434 nusquam
2616 2358 2897 2434 inqreasus
2934 2360 2992 2418 in

575 2440 846 2496 mnndum
872 2437 1032 2496 aliud
1057 2444 1222 2496 notat
1262 2457 1436 2515 quam
1479 2436 1934 2496 incarnationem
1961 2444 2021 2494 et
2046 2436 2426 2512 nativitatem,
2456 2437 2501 2496 J
2504 2436 2599 2496 oh.
2644 2437 2728 2497 iii.
2761 2440 2853 2512 17,
2892 2441 2989 2516 19,

579 2523 640 2574 et
682 2517 762 2574 vi.
812 2518 906 2592 14,
937 2525 994 2576 et
1042 2517 1124 2575 ix.
1171 2518 1266 2593 39,
1313 2517 1435 2574 xvi.
1483 2518 1578 2592 28,
1608 2523 1669 2575 et
1712 2515 1856 2574 xvii.
1905 2515 1998 2591 18,
2029 2523 2089 2574 et
2134 2515 2287 2574 Heb.
2318 2515 2354 2573 i.
2386 2517 2443 2592 6,
2474 2523 2533 2575 et
2580 2515 2723 2576 alibi
2746 2518 2988 2595 passim.

579 2597 637 2653 2.
689 2594 976 2655 Ascensio
1025 2595 1240 2655 Christi
1285 2615 1403 2654 non
1450 2602 1643 2674 potest
1709 2594 1825 2653 dici
1872 2594 2186 2672 ingressus,
2232 2594 2338 2655 sed
2384 2595 2579 2674 potius
2622 2615 2894 2689 egressus
2932 2607 2993 2658 et

579 2673 870 2735 discessus
924 2694 957 2734 e
1003 2675 1237 2751 mundo,
1303 2675 1350 2735 J
1351 2676 1444 2735 oh.
1490 2675 1613 2733 xvi.
1663 2676 1762 2734 28.
1838 2677 1894 2734 3.
1938 2673 2199 2734 Mundus
2251 2675 2516 2735 absolute
2562 2684 2787 2753 positus
2838 2695 2991 2736 nun·

579 2772 752 2831 quam
797 2753 870 2814 de
910 2754 1120 2832 future,
1165 2755 1269 2815 sed
1309 2755 1384 2814 de
1422 2753 1697 2834 praesenti
1742 2753 2103 2832 intelligitur.
2162 2762 2221 2814 4.
2251 2755 2415 2814 Tunc
2458 2755 2757 2832 ingressus
2784 2765 2875 2815 est
2928 2757 2993 2816 in

579 2834 861 2894 mundum
889 2855 1021 2894 cum
1049 2855 1257 2914 corpus
1283 2835 1372 2894 illi
1399 2843 1659 2914 aptatum
1686 2842 1777 2893 est
1802 2841 1869 2894 ut
1894 2833 1957 2891 in
2004 2833 2105 2892 illo
2132 2832 2347 2894 faceret
2375 2835 2565 2894 Patris
2608 2835 2989 2912 voluntatem,

623 2923 744 2974 atet
772 2935 848 2974 ex
874 2935 996 2976 ver.
1049 2917 1104 2992 5,
1139 2918 1175 2949 “
1190 2915 1333 2976 Ideo
1378 2914 1713 2993 ingrediens
1758 2913 1820 2972 in
1866 2912 2146 2972 mundum
2194 2913 2352 2989 dicit,
2387 2913 2744 2974 Sacrificium
2788 2923 2849 2975 et
2886 2916 2995 2976 ob-

578 2933 852 3054 lationem
881 2995 1137 3071 noluisti,
1177 2996 1400 3072 Corpus
1426 3014 1566 3054 vero
1613 2993 1828 3072 aptasti
1852 2993 2057 3068 mihi,”
2084 3001 2145 3052 et
2170 3011 2294 3054 ver.
2325 2997 2380 3068 7,
2414 2995 2451 3027 “
2472 2993 2639 3054 Tunc
2658 2994 2803 3071 dixi,
2834 2995 2995 3056 Ecce

578 3075 770 3151 venio,
801 3074 863 3131 in
890 3074 1182 3134 volumine
1225 3074 1362 3133 libri
1409 3075 1687 3153 scriptum
1734 3080 1823 3132 est
1850 3071 1923 3132 de
1964 3092 2077 3149 me,
2106 3071 2295 3132 facere
2336 3072 2695 3133 voluntatem
2742 3081 2925 3152 tuam,
2956 3095 2999 3134 ο

583 3151 802 3228 Ι)8118,”
831 3151 940 3211 818.
965 3176 980 3228 ;
1029 3153 1112 3212 At
1139 3173 1348 3232 corpus
1375 3162 1634 3232 aptatum
1662 3161 1753 3212 est
1773 3151 2003 3212 Christo
2024 3152 2086 3210 in
2105 3152 2276 3212 terris
2300 3171 2405 3231 per
2430 3151 2905 3230 incarnationem,
2934 3165 3005 3216 et

581 3229 718 3288 fecit
744 3230 1102 3290 voluntatem
1133 3232 1324 3291 Patris
1351 3252 1482 3291 cum
1511 3252 1574 3292 88
1601 3231 1836 3291 demisit
1862 3229 1939 3290 ad
1963 3240 2209 3291 mortem
2236 3232 2441 3308 crucis,
2474 3232 2626 3291 Phil.
2654 3232 2716 3292 ii.
2747 3236 2805 3293 8.
2834 3234 3001 3294 Rus-

582 3327 699 3382 sus,
741 3311 797 3366 5.
839 3308 1022 3367 Aliud
1049 3317 1138 3368 est
1163 3309 1324 3386 loqui
1351 3310 1424 3369 de
1451 3311 1578 3389 ipso
1594 3311 1892 3388 ingressus
1909 3317 2215 3387 momente,
2245 3311 2406 3371 aliud
2432 3310 2506 3371 de
2532 3319 2657 3372 toto
2684 3311 2787 3371 iuo
2814 3313 3005 3372 inter-

582 3385 740 3445 vallo
767 3386 922 3464 quod
951 3387 1124 3448 fluxit
1149 3389 1223 3448 ab
1250 3389 1642 3448 incarnatione
1669 3389 1747 3448 ad
1771 3392 2184 3450 ascensionem.
2246 3390 2441 3450 Primo
2484 3391 2721 3469 quidem
2764 3393 3005 3470 ingres·

584 3483 685 3525 sus
711 3474 1002 3526 momento
1029 3485 1147 3526 non
1167 3465 1344 3527 fuisse
1372 3468 1653 3546 abrogata
1678 3468 1899 3546 damus,
1930 3469 2035 3529 sed
2070 3478 2263 3529 tamen
2289 3469 2570 3548 abrogata
2597 3470 2775 3532 fuisse
2801 3473 3007 3549 primo

583 3544 685 3604 illo
713 3546 968 3606 adventu
996 3547 1073 3607 ad
1097 3566 1205 3606 nos
1232 3547 1556 3624 statuimus,
1575 3567 1755 3626 quum
1784 3568 1863 3608 sc.
1887 3567 2095 3628 corpus
2123 3569 2292 3609 suum
2320 3550 2499 3609 semel
2526 3550 2793 3610 Christus
2818 3552 3009 3612 obtu-

581 3625 652 3685 lit
677 3627 835 3704 quod
854 3627 1044 3686 vicem
1071 3627 1349 3706 implebat
1375 3627 1632 3687 omnium
1660 3628 2041 3705 victimarum,
2072 3629 2297 3707 corpori
2323 3629 2475 3688 enim
2504 3630 2723 3690 umbrae
2750 3638 2811 3690 et
2834 3632 3006 3691 veri-

581 3706 688 3766 tati
714 3707 916 3786 figurae
944 3706 1134 3767 locum
1163 3707 1351 3768 facere
1385 3707 1727 3768 debuerunt.
1812 3709 2018 3786 Itaque
2060 3708 2347 3768 adventus
2394 3709 2436 3768 iv
2462 3709 2645 3768 «adm
2673 3711 3007 3772 sumendus

581 3793 686 3862 est,
717 3806 835 3846 non
861 3807 965 3866 pro
993 3787 1260 3865 ingressu
1287 3789 1430 3856 sole,
1461 3788 1565 3847 sed
1591 3808 1697 3866 pro
1742 3795 1867 3847 toto
1908 3787 2217 3848 intervallo
2244 3807 2361 3866 quo
2396 3788 2459 3847 in
2506 3790 2675 3848 terris
2720 3798 3009 3851 versatus

577 3873 685 3925 est.
717 3867 1108 3944 Praeterquam
1129 3867 1288 3945 quod
1311 3888 1430 3928 non
1455 3876 1690 3928 notatur
1708 3867 1835 3947 ipsa
1849 3867 2088 3946 proecise
2114 3867 2431 3946 abrogatio,
2456 3868 2561 3928 sed
2586 3877 2811 3929 tantum
2830 3871 3013 3947 quod

577 3945 630 4004 is
677 3945 850 4006 fuerit
893 3946 1028 4007 finis
1069 3948 1357 4008 adventus
1385 3947 1618 4008 Christi.
1682 3950 1739 4007 6.
1793 3947 2106 4024 Abroqatio
2160 3946 2380 4040 duplex
2414 3947 2590 4008 etiam
2611 3949 2708 4009 vel
2746 3951 2818 4008 de
2848 3953 3011 4024 jure

579 4025 678 4084 vel
705 4029 774 4084 de
798 4027 978 4104 sacto,
1012 4027 1324 4087 Posteriori
1371 4036 1639 4105 respectu
1680 4033 1879 4086 secuta
1904 4034 2097 4104 potest
2149 4026 2265 4086 dici
2296 4027 2708 4088 exaltationem
2752 4028 3005 4105 Christi,

579 4123 699 4164 non
725 4114 1037 4183 potuerunt
1063 4108 1218 4166 enim
1245 4106 1508 4166 absolute
1534 4105 1806 4184 abrogari
1832 4125 2034 4166 omnes
2054 4107 2410 4166 eaemmoniae
2436 4107 2553 4168 nisi
2578 4115 2711 4185 post
2736 4127 3009 4185 evange-

577 4183 645 4242 lii
689 4186 1060 4262 praeconium,
1109 4207 1226 4264 quo
1271 4205 1468 4246 earum
1510 4186 1742 4245 vanitas
1779 4193 1839 4245 et
1866 4181 2065 4246 οὖὶίκια
2112 4185 2634 4262 demensa-abatur,
2668 4187 2785 4248 Sed
2810 4187 3011 4266 priori

579 4265 812 4324 omnino
839 4265 993 4326 facta
1035 4275 1126 4326 est
1151 4267 1212 4324 in
1257 4285 1444 4342 cruce,
1491 4264 1847 4326 caeremoniae
1890 4265 2043 4324 enim
2092 4273 2228 4325 sunt
2271 4285 2404 4326 cum
2450 4266 2679 4326 Christo
2726 4274 3004 4344 mortuae,

579 4344 735 4402 cruci
763 4344 1000 4405 affixum
1027 4365 1097 4406 ac
1125 4345 1380 4406 delatum
1409 4345 1556 4405 illud
1593 4352 1683 4406 est
1705 4345 2154 4424 chirographum
2196 4345 2429 4423 rituum,
2461 4346 2586 4406 Col.
2614 4347 2676 4406 11.
2709 4349 2803 4422 14,
2834 4345 3006 4424 Eph.

578 4420 655 4512 ii..
673 4421 812 4558 143⁸
796 4432 1000 4501 ruptus
1043 4433 1133 4486 est
1157 4427 1348 4504 paries
1394 4425 1504 4486 iste
1531 4425 1935 4504 intergerinus,
1966 4425 2069 4503 qui
2094 4425 2141 4485 J
2141 4425 2341 4486 udaeos
2380 4445 2419 4485 a
2446 4425 2737 4486 Gentibus
2782 4423 3013 4486 dister-

579 4517 736 4556 mma
811 4509 853 4559 t.

659 4577 910 4638 XXIV.
946 4581 1142 4660 Sexto,
1173 4592 1642 4662 argumentamur
1660 4605 1737 4644 ex
1754 4607 1806 4647 8.
1834 4605 1893 4646 v.
1925 4584 2112 4664 Epist.
2134 4584 2211 4645 ad
2229 4586 2380 4663 Eph.
2410 4605 2531 4646 ver.
2560 4589 2618 4663 2,
2648 4583 2753 4646 ubi
2778 4583 3009 4664 Apost.
