3234 5192
507 342 625 397 454
1052 355 1128 395 m:
1160 354 1635 396 suist-Acrroms
1663 354 1900 395 cnms'rr
1931 355 2248 397 vnmrxrn.
2495 336 2758 417 [msru‘r.
2789 357 2920 395 xm.

509 498 826 576 triumphat
852 496 1105 574 proedam
1135 496 1207 555 iis
1234 516 1395 555 susm
1426 496 1722 573 eripiendo
1746 519 1761 570 ς
1795 496 2060 574 Denique
2089 516 2288 556 omnes
2310 496 2399 555 illi
2419 496 2756 557 Servatores
2769 497 2917 557 libe-

512 590 711 638 rarunt
757 598 875 637 non
922 577 1145 654 aliquid
1186 575 1450 637 faciendo
1494 578 1648 635 circa
1693 577 2024 636 liberandos
2051 577 2212 655 quod
2239 576 2468 637 Christo
2496 578 2784 653 tribuitur,
2817 578 2921 637 sed

514 656 839 718 amovendo
867 666 1091 717 tantum
1118 657 1401 717 libertatis
1444 657 1874 736 impedimenta.
1957 658 2120 733 Ergo
2147 676 2265 716 non
2293 656 2467 716 debet
2493 658 2690 735 urgeri
2716 658 2917 716 simili-

512 740 655 799 tudo
702 738 897 817 quoad
942 737 1178 797 modum
1220 737 1594 813 liberationis,
1625 736 1772 795 alias
1810 737 1996 797 multa
2021 737 2274 797 absurda
2301 748 2692 814 sequerentur,
2723 737 2920 796 dicen-

516 820 654 878 dum
682 828 835 879 esset
862 819 1075 896 quippe
1120 818 1413 877 Christum
1460 837 1569 876 nos
1616 818 1912 877 miraculis
1959 837 2026 877 ac
2073 817 2356 895 prodigiis
2384 825 2444 876 et
2489 838 2594 895 per
2619 818 2918 875 hominum

516 908 757 959 mortem
786 900 1079 975 liberasse,
1110 897 1268 975 quod
1286 897 1485 956 Moses
1501 896 1655 972 fecit,
1675 917 1793 956 non
1819 906 2010 957 autem
2033 898 2266 976 proprio
2288 898 2584 975 sanguine,
2605 897 2765 975 quod
2785 898 2915 955 Mo-

518 982 568 1039 si
598 998 703 1037 nec
732 978 1019 1051 tribuitur,
1050 997 1158 1036 nec
1184 977 1359 1036 tribui
1389 985 1583 1055 potest

600 1058 955 1117 XXXVII.
982 1058 1081 1115 Ad
1100 1062 1195 1117 3¹³.
1221 1058 1368 1117 Exc.
1400 1058 1576 1134 Resp.
1610 1057 1848 1116 Peccari
1883 1056 2012 1117 fals.
2041 1058 2282 1135 hypoth.
2313 1056 2570 1134 gemina:
2605 1059 2658 1114 1.
2677 1056 2834 1132 quod
2855 1056 2918 1114 in

518 1140 676 1197 omni
728 1158 868 1199 vera
920 1137 1311 1215 redemptione
1365 1138 1692 1215 requiratur
1746 1156 1972 1215 semper
2023 1137 2234 1215 aliquis
2287 1137 2390 1214 qui
2430 1135 2604 1217 λῖη-ςυ
2651 1136 2913 1213 accipiat,

522 1220 577 1278 N
578 1240 673 1278 am
702 1239 831 1278 cum
855 1217 951 1277 λῦτ
982 1244 1028 1276 ον
1054 1225 1218 1277 notet
1236 1218 1561 1295 prorniscue
1588 1217 1686 1276 vel
1713 1236 1835 1275 rem
1863 1218 1961 1276 vel
1982 1218 2196 1277 factum
2225 1237 2340 1295 quo
2367 1216 2758 1277 intercedente
2787 1217 2917 1292 quis

515 1300 794 1359 liberatur
818 1301 893 1357 ab
921 1246 1115 1376 aiiquo
1141 1298 1399 1376 periculo
1426 1298 1525 1356 vel
1551 1297 1932 1373 incommod0,
1963 1307 2022 1357 et
2063 1296 2278 1357 factum
2305 1306 2406 1357 aut
2434 1316 2603 1375 poena
2629 1317 2666 1355 a
2691 1296 2918 1355 nemine

516 1382 745 1458 proprie
792 1380 1084 1457 loquendo
1112 1380 1297 1456 possit
1322 1378 1523 1454 accipi,
1553 1377 1704 1435 nihil
1729 1377 1922 1437 obstat
1942 1397 2146 1438 verum
2173 1398 2298 1438 esse
2329 1377 2521 1459 λῦτςυ,
2549 1376 2708 1454 quod
2727 1384 2922 1435 tamen

518 1480 687 1519 nemo
715 1461 952 1537 praecise
980 1460 1241 1536 accipiat.
1274 1458 1427 1516 Sane
1448 1457 1734 1534 Virgilius
1755 1458 2042 1534 propriam
2071 1458 2522 1534 redemptionem
2553 1456 2917 1533 intelligebat

518 1560 649 1599 cum
698 1540 867 1615 dixit,
907 1541 1223 1612 sifratrcm
1264 1538 1476 1596 Pollux
1500 1540 1728 1595 alterna
1769 1547 1946 1595 morte
1972 1538 2221 1613 redemit,
2267 1546 2328 1595 at
2352 1558 2508 1596 mors
2535 1538 2638 1596 illa
2667 1536 2924 1595 Pollucis

519 1620 907 1693 nihilominus,
932 1638 1049 1695 qua
1066 1620 1272 1676 Castor
1296 1615 1473 1674 frater
1488 1618 1614 1693 ejus
1632 1636 1668 1673 a
1692 1624 1970 1692 perpetuo
1991 1616 2228 1675 interitu
2241 1616 2537 1690 liberatur,
2569 1622 2684 1679 tale
2714 1630 2803 1679 est
2831 1617 2922 1676 κίο-

516 1725 627 1779 τςυ
652 1698 724 1756 de
752 1718 868 1774 quo
897 1698 991 1756 cui
1039 1697 1207 1755 detur
1232 1704 1293 1754 et
1318 1715 1354 1753 a
1380 1714 1497 1772 quo
1544 1694 1860 1771 accipiatur
1885 1694 2034 1753 bene
2061 1694 2178 1753 dici
2217 1714 2334 1753 non
2361 1704 2570 1773 potest.
2619 1700 2835 1758 Fateor
2859 1697 2922 1754 in

518 1777 714 1836 debito
742 1777 1074 1853 pecuniario
1092 1775 1435 1833 solutionem
1461 1774 1634 1851 pretii
1659 1773 1786 1831 ficri
1812 1774 2085 1833 creditori
2110 1774 2212 1851 qui
2237 1774 2486 1851 pretium
2511 1776 2662 1838 illud
2688 1778 2919 1856 accipit,

518 1858 665 1915 adeo
694 1866 758 1915 ut
814 1856 917 1915 fiat
942 1854 1244 1914 translatio
1301 1854 1539 1913 dominii
1574 1862 1634 1912 et
1673 1873 1744 1911 eo
1771 1853 1900 1931 ipso
1937 1853 2014 1913 sit
2041 1854 2263 1913 auctior
2289 1861 2350 1912 et
2375 1854 2719 1933 locupletior
2745 1860 2798 1918 is
2827 1859 2923 1917 cui

517 1936 903 2015 persolvitur3
935 1935 1021 1994 At
1048 1934 1163 1993 alia
1190 1942 1279 1993 est
1306 1935 1452 1992 ratio
1482 1932 1664 1993 debiti
1689 1935 1953 2011 poenalis,
1977 1954 2166 2010 neque
2194 1934 2348 1993 enim
2377 1954 2680 2013 supremus
2707 1939 2922 2016 magis-

516 2024 701 2076 tratus
729 2018 830 2095 qui
856 2034 1086 2093 poenam
1114 2015 1303 2092 exigit
1330 2013 1519 2073 induit
1535 2014 1818 2073 rationem
1845 2014 2148 2073 creditoris
2175 2014 2280 2073 sed
2300 2014 2534 2092 judicis,
2566 2028 2634 2078 ut
2661 2019 2802 2078 alibi
2829 2038 2921 2077 os-

516 2106 764 2171 tensum,
796 2098 896 2175 qui
944 2096 1181 2175 respicit
1218 2115 1335 2155 non
1382 2094 1692 2154 utilitatem
1741 2094 2030 2173 propriam
2051 2094 2156 2154 sed
2181 2095 2398 2155 bonum
2423 2096 2604 2157 totius
2641 2099 2924 2158 universi·

517 2178 654 2237 tatis
682 2187 742 2238 et
771 2178 997 2255 Legum
1041 2176 1557 2250 conservationem,
1600 2173 1756 2234 unde
1783 2173 1927 2233 nihil
1965 2195 2112 2253 opus
2139 2183 2229 2235 est
2265 2176 2340 2234 ab
2367 2194 2437 2235 eo
2463 2180 2649 2257 accipi
2675 2180 2924 2257 pretium

517 2280 635 2335 quo
659 2258 1003 2335 locupletior
1028 2256 1146 2331 fiat,
1198 2255 1411 2315 sufficit
1452 2256 1626 2315 modo
1651 2263 1720 2315 ut
1747 2256 1806 2313 in
1843 2276 2144 2333 poenarum
2170 2256 2386 2315 latione
2423 2276 2557 2317 reus
2573 2259 2670 2317 vel
2700 2280 2805 2319 vas
2833 2278 2925 2318 sa·-

516 2338 767 2397 tisfaciat
786 2337 951 2414 Legi.
982 2336 1202 2395 Verum
1224 2336 1491 2412 quamvis
1513 2334 1742 2411 proprie
1761 2335 2054 2410 loquendo
2070 2334 2318 2413 pretium
2341 2336 2498 2394 istud
2519 2358 2554 2395 a
2575 2340 2803 2399 nemine
2831 2358 2926 2397 ac-

518 2417 632 2493 cipi
654 2417 837 2493 possit
865 2424 965 2475 aut
994 2415 1237 2474 debeat:
1279 2434 1399 2472 non
1415 2413 1726 2472 diffitemur
1752 2421 1946 2472 tamen
1962 2414 2099 2472 laxo
2127 2413 2378 2489 quodam
2399 2415 2730 2491 significatu
2757 2436 2928 2494 posse

516 2496 633 2555 dici
660 2495 857 2554 datum
886 2504 946 2554 et
973 2501 1271 2571 acceptum
1320 2492 1858 2577 fuissemquomodo
1895 2492 1949 2550 is
1976 2493 2078 2569 qui
2118 2491 2292 2551 debet
2317 2513 2520 2569 poenas
2560 2496 2927 2573 magistratui

515 2596 615 2636 eas
644 2576 780 2634 dare
808 2584 868 2635 et
894 2575 1196 2635 exsolvere
1225 2580 1493 2632 censetur
1520 2592 1651 2631 cum
1680 2572 1983 2649 plectitur3
2016 2574 2096 2631 ita
2115 2572 2380 2631 Christus
2399 2592 2538 2633 vere
2569 2575 2696 2634 Deo
2725 2596 2928 2653 supre-

516 2677 612 2715 mo
633 2655 1086 2793 jndieiprefium
1108 2653 1266 2713 istud
1294 2653 1565 2728 exsolvit,
1596 2651 1753 2711 unde
1781 2650 1994 2711 dieitur
2023 2652 2275 2731 seipsum
2299 2652 2579 2713 obtulisse
2600 2655 2744 2733 Dee,
2777 2656 2929 2733 Eph.

519 2758 578 2797 v.
610 2740 647 2795 2
696 2736 791 2794 He
836 2780 851 2795 .
884 2736 965 2794 ix.
1000 2737 1093 2794 14.
1502 2770 1511 2779 ·

602 2782 995 2876 x'xxvm.
1038 2819 1094 2873 2.
1140 2813 1299 2872 sals.
1346 2813 1589 2890 hypoth.
1635 2812 1840 2871 nititur
1885 2813 2059 2871 etiam
2101 2812 2358 2871 haeretiei
2403 2814 2550 2874 ratio
2597 2816 2766 2893 quasi
2807 2836 2929 2876 om-

518 2898 693 2957 nibus
747 2897 820 2955 iis
874 2897 972 2974 qui
1020 2914 1129 2953 nos
1182 2912 1526 2971 quocunque
1574 2892 1748 2951 modo
1803 2891 2062 2952 detinent
2115 2892 2460 2951 solvendum
2535 2895 2612 2953 sit
2663 2896 2929 2973 pretium,

522 2998 653 3037 cum
687 2977 1003 3055 principali
1025 2984 1077 3034 et
1102 2974 1391 3051 primario
1418 2974 1684 3031 detinenti
1705 2980 1930 3031 tantum
1959 2974 2034 3031 sit
2061 2970 2522 3049 expendendum.
2609 2976 2724 3051 Qui
2769 2996 2930 3035 reum

524 3067 583 3117 et
610 3058 995 3116 facinorosum
1022 3076 1057 3113 a
1084 3074 1313 3113 carcere
1338 3062 1397 3112 et
1414 3053 1675 3130 patibulo
1696 3053 1916 3125 eximit,
1937 3072 2014 3111 an
2033 3052 2246 3111 carceri
2273 3060 2334 3111 et
2361 3053 2640 3130 patibu10,
2668 3076 2744 3114 an
2763 3056 2930 3115 licto-

522 3138 683 3195 ribus
712 3145 770 3195 et
798 3136 1050 3195 carnifici
1079 3134 1353 3210 dependit
1378 3133 1628 3209 pretium
1647 3136 1678 3191 1>
1747 3133 2142 3209 Nequaquam,
2175 3132 2278 3191 sed
2298 3133 2486 3210 judici
2512 3143 2736 3194 tantum
2765 3138 2934 3214 cujus

522 3216 686 3292 leges
714 3215 974 3288 violavit,
1004 3222 1064 3272 et
1112 3214 1281 3289 cujus
1309 3211 1565 3271 dominio
1594 3232 1663 3270 ac
1703 3212 2096 3289 jurisdictioni
2139 3212 2356 3271 subest.
2429 3213 2526 3272 Ita
2549 3214 2646 3273 hic
2673 3224 2926 3293 peccata,

520 3294 871 3370 iniquitates,
902 3312 1057 3351 vana
1081 3292 1443 3351 conversatio
1482 3298 1646 3350 erant
1685 3311 1882 3350 carcer
1923 3292 1985 3351 in
2026 3312 2140 3369 quo
2169 3292 2583 3367 detinebamur,
2614 3304 2673 3352 et
2701 3294 2935 3353 vincula

522 3373 733 3451 quibus
761 3372 1311 3448 constringebamur,
1346 3370 1630 3429 Diabolus
1673 3390 1812 3429 vero
1855 3371 2096 3447 justitiae
2137 3370 2350 3430 divinae
2377 3373 2639 3432 minister
2663 3381 2724 3432 et
2751 3382 2934 3433 tortor

524 3472 631 3511 nos
659 3452 931 3511 continuo
958 3451 1230 3525 vexabat,
1261 3458 1323 3508 at
1351 3450 1511 3509 Deus
1528 3459 1618 3509 est
1635 3468 1936 3525 supremus
1957 3449 2161 3527 judex,
2194 3452 2286 3509 cui
2315 3461 2381 3512 ut
2409 3453 2518 3512 soli
2543 3454 2930 3529 peccavimug

524 3534 607 3592 ita
631 3532 717 3591 illi
747 3544 805 3591 et
830 3550 1032 3609 poenas
1060 3529 1333 3607 exigendi
1362 3538 1421 3588 et
1467 3530 1716 3607 pretium
1763 3530 2083 3608 accipiendi
2102 3532 2204 3608 jus
2231 3532 2458 3609 proprie
2486 3533 2848 3610 competebat
2875 3544 2936 3593 et

524 3620 799 3692 potestas,
831 3612 1035 3688 Itaque
1063 3610 1173 3669 etsi
1200 3609 1467 3686 captivus
1484 3610 1557 3668 ab
1573 3610 1668 3667 his
1688 3610 1956 3668 omnibus
1981 3610 2271 3686 liberetur,
2301 3620 2496 3671 tamen
2523 3612 2936 3690 redemptionis

522 3694 768 3773 pretium
798 3690 1027 3751 nonnisi
1055 3703 1338 3767 supremo·
1360 3689 1549 3766 judici
1576 3697 1636 3748 et
1679 3689 1923 3748 carceris
1959 3689 2208 3749 Domino
2237 3691 2600 3769 persolvitur,
2631 3693 2782 3751 solvi
2809 3695 2934 3771 qui-

525 3775 657 3833 dem
686 3772 887 3833 debuit
922 3792 1039 3849 pro
1068 3771 1184 3829 istis
1212 3769 1311 3829 sed
1353 3789 1470 3828 non
1496 3770 1629 3845 istis,
1659 3769 1814 3828 unde
1863 3770 2154 3847 sophisma
2179 3769 2348 3829 facile
2397 3772 2644 3831 solvitur
2691 3775 2938 3851 Major-123

525 3855 853 3913 limitatione
879 3876 903 3927 ;
934 3852 1031 3910 Illi
1060 3850 1279 3910 scilicet
1306 3850 1549 3927 pretium
1581 3850 1925 3908 ‘solvendum
1953 3850 2061 3909 fuit
2088 3848 2188 3925 qui
2215 3868 2323 3909 nos
2350 3852 2614 3929 captivos
2641 3853 2938 3913 detinebat

521 3935 811 4013 primario,
842 3931 1248 4011 principaliter,
1281 3940 1341 3989 et
1368 3938 1431 3990 ut
1462 3930 1746 3989 Dominus
1773 3938 1832 3988 et
1865 3928 2070 4006 judex,
2111 3938 2172 3987 at
2199 3948 2306 3988 nec
2337 3932 2516 3990 Satan
2543 3952 2652 3990 nec
2679 3942 2934 4011 peccata,

524 4036 631 4075 nec
658 4015 809 4092 legis
836 4012 1142 4087 execratio,
1174 4012 1255 4069 ita
1282 4030 1388 4069 nos
1432 4010 1696 4088 captivos
1721 4009 2071 4087 detinebant,
2097 4029 2166 4068 ac
2191 4010 2432 4086 proinde
2461 4012 2578 4071 illis
2604 4032 2722 4070 non
2749 4015 2938 4092 potuit

525 4103 627 4155 aut
653 4094 855 4154 debuit
882 4092 997 4153 tale
1025 4092 1271 4170 pretium
1298 4089 1580 4164 exhiberi,
1612 4088 1718 4148 sed
1747 4090 1891 4147 Deo.

606 4174 935 4233 XXXIX.
982 4174 1161 4231 Porro
1188 4170 1346 4248 quod
1372 4170 1695 4244 cavillatur,
1725 4172 1805 4243 4⁰,
1837 4187 1952 4227 non
1971 4169 2226 4244 potuisse
2252 4170 2378 4228 Deo
2403 4172 2660 4247 persolvi
2686 4174 2932 4250 pretium

522 4276 654 4315 cum
682 4256 803 4333 ipse
832 4253 1285 4331 redemptionem
1305 4250 1510 4310 fecisse
1532 4249 1773 4325 dicatur,
1797 4248 1939 4307 Luc.
1957 4246 1997 4306 i.
2016 4249 2112 4323 68,
2137 4258 2196 4308 et
2215 4249 2428 4329 Filiqm
2451 4271 2619 4311 suum
2635 4272 2740 4329 pro
2767 4252 2936 4311 nobis

521 4336 783 4411 tradisse,
816 4334 984 4393 inane
1013 4342 1102 4393 est
1128 4340 1189 4392 et
1222 4330 1531 4391 ficulneum
1558 4352 1571 4389 :
1616 4329 1766 4387 Nam
1811 4329 1920 4387 etsi
1964 4328 2413 4407 redemptionem
2463 4332 2562 4389 ille
2595 4332 2932 4409 procurarit,

519 4435 637 4474 non
665 4414 857 4473 obstat
884 4424 1075 4473 tamen
1106 4412 1413 4491 quominus
1440 4411 1553 4489 ipsi
1590 4410 1838 4487 pretium
1861 4408 1986 4467 dari
2027 4410 2278 4486 potuerit
2298 4414 2399 4471 :.1.
2433 4410 2588 4478 Quia
2615 4411 2935 4486 nonkpieuc

520 4504 579 4553 et
606 4494 669 4551 in
694 4494 925 4569 propria
956 4512 1203 4572 persona
1244 4490 1391 4550 illud
1434 4490 1718 4568 praestitit,
1751 4489 1906 4566 quod
1951 4488 2250 4566 fingebant
2279 4490 2710 4566 Pan-ipassiani,
2743 4492 2846 4550 sed
2873 4493 2934 4549 in

524 4572 753 4631 Christo
780 4580 839 4630 et
864 4592 969 4649 per
1012 4573 1323 4631 Christum.
1355 4576 1411 4630 2.
1442 4570 1574 4628 Κατ’
1601 4570 1742 4629 &aaa
1767 4574 1857 4628 zai
1883 4566 2030 4629 aaz»
2076 4579 2382 4647 utrumque
2425 4570 2512 4628 illi
2561 4578 2714 4631 recte
2757 4572 2934 4630 tribui

520 4661 727 4729 potest,
758 4650 917 4727 prius
947 4651 1259 4710 secundum
1290 4650 1756 4723 misericordiam,
1787 4648 2074 4728 posterius
2094 4649 2286 4727 quoad
2305 4648 2590 4727 justitiam
2617 4674 2632 4729 ;
2683 4650 2758 4710 ad
2787 4653 2936 4711 hanc
