3234 5192
310 342 543 383 msrur.
574 322 665 403 v.]
1034 340 1261 381 Nosrna
1304 340 1381 379 AB
1424 340 1706 381 accusem
1749 341 2022 382 nonnus.
2611 331 2724 391 113

394 484 646 543 XXVI.
706 482 879 543 Unde
906 482 1051 541 nihil
1078 481 1283 543 mirum
1308 480 1433 559 jam
1461 480 1646 540 videri
1688 480 1878 559 debet,
1923 482 1974 541 si
2013 482 2196 542 nihilo
2237 486 2434 545 mitius
2478 486 2721 549 aliorum

310 566 527 643 scripta
572 571 909 624 tractentur.
994 562 1263 640 Longum
1304 569 1458 621 esset
1498 562 1705 639 impias
1745 581 1946 621 eorum
1985 572 2138 622 artes
2180 564 2274 623 hic
2301 567 2586 644 persequi,
2618 569 2722 630 sed

309 647 411 723 qui
438 666 537 705 eas
570 664 920 722 cognoscere
957 643 1223 718 voluerit,
1268 642 1437 701 adeat
1472 643 1698 701 Indices
1737 644 2202 720 Empurqatorios
2241 645 2434 705 varios
2475 649 2720 709 antehac

310 726 515 801 editos,
540 734 598 785 et
618 724 1015 798 novissimum,
1042 723 1142 801 qui
1168 722 1229 781 in
1256 722 1443 781 lucem
1473 721 1689 799 prodiit
1711 722 1950 781 Madriti
1979 743 2070 782 an.
2106 725 2278 800 166⁷,
2321 726 2424 785 ubi
2451 726 2718 789 immanis

308 806 715 884 inquisitorum
758 804 1001 864 audacia
1039 803 1101 861 in
1129 801 1561 881 corrumpendis
1604 802 1954 862 doctissimis
1981 812 2040 863 et
2065 804 2342 881 piissimis
2373 806 2716 886 quibusque,

310 906 426 965 qua
452 894 715 947 veterum
742 904 858 963 qua
884 884 1267 943 recentiorum
1298 882 1812 957 lucubrationibus,
1843 892 2018 959 patet.
2077 884 2166 943 Eo
2195 886 2408 963 quippe
2435 890 2720 964 processit

312 966 483 1043 furor,
514 975 580 1026 ut
606 967 667 1025 in
696 966 855 1043 ipsos
880 965 1078 1040 libros,
1122 984 1239 1022 non
1268 982 1435 1021 secus
1462 983 1531 1021 ac
1558 964 1619 1021 in
1649 963 1910 1023 veritatis
1950 963 2302 1042 professores
2329 976 2552 1043 agatur,
2597 988 2716 1027 non

310 1049 547 1123 ratione,
580 1046 685 1106 sed
712 1065 903 1121 manu,
934 1064 1051 1103 non
1080 1044 1251 1121 stylo,
1297 1042 1400 1102 sed
1428 1042 1594 1118 ferro,
1625 1062 1744 1103 non
1772 1044 2018 1121 scriptis,
2051 1043 2153 1103 sed
2180 1046 2716 1123 proscriptionibus.

311 1128 523 1187 Pacem
550 1127 705 1186 enim
734 1126 952 1186 nullam
980 1132 1187 1202 putant
1212 1123 1326 1183 nisi
1346 1124 1680 1183 vastitatem
1705 1124 1960 1199 fecerint,
1992 1125 2268 1185 damnant
2288 1127 2426 1203 quia
2453 1127 2714 1201 oderunt,

309 1208 555 1267 oderunt
598 1207 736 1285 quia
778 1208 1064 1283 ignorant,
1109 1214 1171 1263 et
1208 1204 1431 1263 malunt
1472 1204 1712 1279 nescire,
1756 1204 1894 1281 quia
1935 1204 2127 1264 odisse
2169 1206 2393 1281 volunt,
2437 1228 2612 1285 quam
2655 1208 2718 1269 id

310 1289 474 1364 scire,
495 1287 653 1365 quod
676 1288 725 1347 si
752 1288 955 1362 sciant,
1002 1285 1193 1345 odisse
1238 1303 1353 1343 non
1382 1292 1663 1361 poterant,
1695 1292 1761 1343 ut
1789 1285 1931 1343 scite
1959 1283 2031 1343 de
2063 1286 2328 1345 Ethnicis
2371 1288 2718 1365 loquebatur

311 1368 738 1444 Tertullianus;
770 1374 1035 1427 metuunt
1064 1366 1300 1439 scilicet,
1332 1384 1405 1423 ne
1434 1364 1539 1423 lux
1556 1364 1820 1424 veritatis
1849 1364 2238 1442 AEgyptiacas
2265 1367 2716 1447 tenebrosasque

310 1456 465 1509 artes
494 1456 551 1507 et
576 1448 782 1526 prodat
809 1455 867 1506 et
894 1446 1113 1525 perdat.
1202 1445 1344 1503 Ideo
1372 1444 1650 1521 quicquid
1689 1444 1875 1504 inerat
1914 1446 2156 1504 masculi
2183 1454 2243 1505 et
2269 1446 2478 1507 sinceri
2504 1448 2564 1507 in
2593 1469 2712 1507 om·

311 1529 471 1589 nium
517 1529 777 1606 gentium
822 1545 1213 1605 generumque
1258 1524 1652 1602 scriptoribus,
1696 1524 1974 1602 quicquid
2009 1525 2334 1602 tyrannidis
2379 1546 2498 1587 suae
2547 1530 2714 1588 saevi-

308 1610 468 1676 tiam,
500 1608 924 1687 superstitionis
952 1605 1291 1679 foeditatem,
1323 1614 1381 1665 et
1404 1604 1591 1664 Curiae
1622 1605 1790 1663 Rom.
1823 1606 2244 1682 corruptionem
2267 1608 2712 1686 perstringebat,

310 1690 551 1749 consilio
580 1710 720 1749 sane
747 1687 1148 1763 audacissimo,
1175 1686 1279 1745 sed
1304 1684 1732 1745 consultoribus
1759 1685 2027 1762 pessimo,
2057 1686 2342 1747 novacula
2363 1706 2468 1748 sua
2489 1696 2548 1747 et
2567 1688 2716 1749 falce

308 1769 721 1849 expurgatoria
748 1768 1059 1845 praecidere
1087 1766 1213 1825 ausi
1242 1772 1395 1825 sunt.
1490 1765 1723 1823 Nemini
1751 1766 2042 1843 parcitur-3
2087 1766 2186 1825 alii
2213 1767 2272 1825 in
2302 1774 2486 1827 totum
2513 1788 2713 1829 arcen-

308 1860 404 1911 tur
430 1858 489 1909 et
516 1851 880 1925 damnantur,
911 1857 971 1908 et
998 1847 1173 1907 fronti
1201 1846 1395 1905 inusto
1424 1845 1678 1907 cauterio
1707 1845 1939 1923 nigrum
1979 1845 2298 1923 praefigitur
2340 1848 2552 1923 Theta;
2597 1849 2714 1925 alii,

307 1940 373 1991 ut
400 1930 591 1990 dubiae
620 1938 679 1989 et
706 1937 989 2007 suspectae
1015 1928 1169 2002 fidei,
1200 1926 1369 1985 obelo
1396 1925 1898 2003 interpunguntur.
1982 1924 2110 1984 Alii
2129 1946 2260 1985 cum
2301 1928 2720 2006 expurgatione

306 2012 735 2089 permittuntur,
764 2018 831 2068 ut
856 2008 1002 2067 nihil
1034 2008 1159 2086 jam
1187 2007 1283 2065 vel
1314 2014 1507 2083 patres
1562 2006 1660 2063 vel
1699 2006 2010 2084 scriptores
2049 2004 2152 2064 alii
2191 2007 2516 2084 loquantur,
2561 2008 2720 2086 quod

308 2111 425 2150 non
472 2091 659 2167 sapiat
698 2090 775 2147 ad
818 2088 991 2165 Papae
1034 2087 1309 2165 palatum.
1394 2086 1471 2145 Et
1500 2105 1571 2144 ne
1600 2084 1731 2163 quis
1758 2094 1922 2163 putet
1946 2085 2072 2145 haec
2101 2086 2175 2145 ab
2203 2086 2276 2145 iis
2303 2088 2453 2145 clam
2481 2088 2623 2165 fieri,
2661 2098 2722 2149 et

306 2172 371 2229 in
389 2171 634 2243 occultO,
666 2176 733 2227 ut
760 2168 1021 2226 incautos
1048 2166 1352 2245 decipiant,
1376 2168 1550 2243 juxta
1570 2174 1742 2225 vetus
1764 2166 1909 2225 illud
1928 2166 1982 2223 si
2003 2186 2116 2225 non
2143 2176 2292 2225 caste
2315 2170 2512 2227 saltem
2539 2178 2717 2245 caute,

307 2261 507 2329 aperte
552 2256 735 2324 agunt
762 2256 821 2307 et
846 2256 1119 2325 tanquam
1148 2247 1219 2306 de
1248 2268 1309 2307 re
1346 2247 1493 2306 bene
1536 2254 1704 2323 gesta
1743 2246 2080 2323 gloriantur.
2164 2245 2398 2305 Testem
2438 2247 2720 2309 habemus

308 2330 471 2390 omni
496 2328 837 2405 exceptione
864 2328 1157 2405 majorem,
1199 2328 1571 2405 Auqustinum
1600 2326 1864 2385 Venetiis
1907 2325 2062 2405 apud
2081 2326 2126 2386 J
2128 2334 2300 2387 untas
2339 2346 2618 2387 excusum
2659 2330 2720 2387 in

306 2418 533 2491 quarto,
576 2428 727 2467 anno
760 2410 931 2483 1584,
962 2408 1063 2485 qui
1090 2428 1267 2485 penes
1294 2427 1400 2467 nos
1428 2416 1535 2483 est,
1566 2407 1627 2465 in
1655 2427 1770 2484 quo
1799 2407 1898 2485 qui
1927 2406 2165 2467 editioni
2193 2406 2560 2485 praefuerunt,
2604 2418 2718 2469 tes-

306 2499 507 2552 tantur
532 2488 594 2547 in
622 2490 748 2566 ipsa
775 2488 908 2548 libri
936 2488 1324 2566 inscriptione,
1360 2491 1395 2521 “
1418 2508 1497 2563 se,
1529 2497 1738 2565 praeter
1753 2488 2012 2547 locorum
2053 2486 2364 2547 multorum
2405 2490 2721 2549 restitutio·

311 2591 445 2631 nem
488 2569 808 2630 secundum
851 2568 1219 2628 collationem
1246 2576 1509 2627 veterum
1551 2568 1986 2645 exemplarium,
2034 2587 2266 2627 curasse
2307 2571 2594 2628 removeri
2619 2570 2724 2629 illa

309 2652 519 2725 omnia,
564 2671 694 2729 quae
722 2649 979 2709 fidelium
1010 2658 1233 2708 mentes
1260 2649 1531 2708 haeretica
1558 2648 1842 2726 pravitate
1871 2648 2105 2707 inficere
2131 2657 2386 2725 possent,
2423 2658 2524 2709 aut
2551 2670 2586 2707 a
2627 2670 2720 2709 ca·

308 2732 527 2791 tholica
569 2729 894 2791 orthodoxa
938 2728 1051 2789 fide
1095 2729 1389 2788 deviare.''
1476 2729 1565 2785 Ea
1606 2747 1745 2786 vero
1775 2728 1964 2805 specie
1993 2728 2188 2804 plagia
2217 2728 2507 2805 quaelibet,
2548 2728 2717 2806 furta,

310 2820 371 2871 et
396 2810 736 2888 corruptelas
771 2810 1012 2869 obvolvi
1052 2817 1313 2887 possunt,
1343 2828 1417 2867 ne
1444 2808 1688 2885 posthac
1714 2816 1908 2884 patres
1936 2806 2244 2883 quicquam
2273 2808 2521 2885 amplius
2551 2808 2722 2867 Rom.

312 2891 499 2951 Curias
528 2892 835 2951 molestum
864 2900 1087 2949 sonent.

394 2970 679 3030 XXVII.
741 2970 860 3031 Sed
900 2978 1127 3046 tempus
1168 2975 1273 3041 est,
1318 2976 1383 3025 ut
1416 2966 1492 3024 ad
1532 2968 1869 3025 Potestatem
1911 2974 2200 3040 ιομοδιτιιιιιυ
2241 2974 2615 3043 transeamus,
2661 2967 2722 3026 in

314 3070 431 3129 qua
466 3052 841 3111 saevissimam
872 3050 1047 3109 etiam
1076 3046 1441 3125 tyrannidem
1483 3046 1543 3103 in
1589 3045 1812 3103 animas
1855 3054 2088 3104 exercet
2130 3045 2394 3104 Ecclesia
2437 3046 2718 3106 Romana.

317 3130 463 3189 Cum
504 3132 657 3190 enim
700 3131 965 3190 Christus
994 3148 1055 3186 se
1094 3146 1271 3186 unum
1316 3124 1609 3185 doctorem
1653 3132 1712 3183 et
1763 3125 2154 3201 legislatorem
2197 3144 2322 3183 esse
2365 3124 2718 3203 profiteatur,

310 3230 488 3288 penes
506 3230 677 3288 quem
696 3208 965 3269 servandi
995 3216 1053 3267 et
1080 3205 1359 3283 perdendi
1397 3214 1656 3283 potestas
1683 3213 1772 3264 est
1799 3204 2004 3283 posita,
2034 3205 2079 3265 J
2081 3226 2166 3265 ac.
2197 3205 2274 3265 iv.
2312 3209 2402 3281 12,
2435 3207 2534 3283 qui
2563 3208 2724 3267 solus

312 3290 553 3368 proinde
594 3290 897 3367 imperium
938 3288 1114 3347 habet
1141 3287 1204 3345 in
1229 3285 1467 3361 animas,
1499 3294 1557 3345 et
1585 3306 1620 3344 a
1637 3286 1806 3361 cujus
1832 3295 1976 3346 nutu
2005 3286 2254 3362 pendere
2283 3286 2576 3362 debemus,
2625 3287 2724 3347 isti

312 3390 499 3429 novos
527 3378 586 3429 et
612 3370 847 3447 quidem
888 3388 923 3427 a
952 3367 1183 3427 Christo
1223 3366 1519 3427 institutos
1560 3366 1910 3443 pertendunt
1949 3386 2076 3425 esse
2105 3386 2168 3427 se
2197 3368 2577 3443 nomothetas,
2623 3367 2725 3444 qui

313 3470 431 3509 non
460 3449 630 3509 modo
660 3448 1167 3509 constitutionibus
1208 3446 1613 3507 ecclesiasticis
1641 3446 2010 3524 prospiciant,
2039 3457 2106 3506 ut
2147 3448 2340 3506 omnia
2368 3448 2638 3507 decenter
2665 3459 2726 3508 et

312 3530 517 3589 ordine
546 3530 693 3589 fiant
720 3528 779 3587 in
811 3528 1090 3603 Ecclesia,
1138 3526 1322 3606 (quod
1350 3525 1423 3585 ad
1452 3547 1652 3587 omnes
1693 3526 1984 3605 legitimos
2005 3527 2284 3586 Ecclesiae
2312 3536 2562 3586 rectores
2592 3548 2720 3604 per-

310 3609 463 3668 tinet
494 3630 571 3668 ex
600 3608 873 3667 mandato
904 3608 1091 3683 Pauli,
1129 3611 1157 3666 l
1194 3608 1325 3666 Cor.
1355 3607 1479 3667 xiv.
1510 3607 1617 3687 40)
1675 3607 1779 3665 sed
1807 3608 1909 3685 qui
1937 3606 2271 3668 infallibiles
2299 3628 2363 3666 se
2385 3608 2632 3683 jactent,
2664 3616 2724 3667 et

308 3690 411 3768 jus
440 3690 551 3749 sibi
596 3697 869 3767 arrogent
908 3690 1071 3767 leges
1112 3687 1333 3747 ferendi
1376 3687 1760 3763 conscientiis,
1807 3707 1936 3763 quae
1978 3707 2082 3764 pro
2123 3686 2450 3745 necessario
2497 3694 2555 3744 et
2583 3706 2724 3745 vero

320 3770 431 3829 Dei
476 3770 637 3829 cultu
681 3768 1039 3847 ingeruntur,
1084 3767 1253 3845 quasi
1292 3768 1549 3825 maxima
1589 3767 1890 3845 religionis
1931 3775 1990 3826 et
2017 3766 2248 3845 pietatis
2274 3784 2408 3843 pars
2436 3764 2495 3821 in
2526 3784 2718 3823 earum

314 3850 719 3909 observatione
764 3849 876 3908 sita
918 3849 1011 3909 sit.
1112 3848 1383 3925 Longum
1426 3855 1581 3907 esset
1620 3868 1816 3907 earum
1859 3846 2186 3923 catalogum
2227 3854 2442 3918 texere,
2475 3852 2532 3902 ct
2560 3845 2720 3902 vani-

314 3937 495 3989 tatem
536 3950 604 3989 ac
632 3929 983 4007 impietatem
1012 3928 1353 4002 describere,
1386 3927 1490 3987 sed
1517 3927 1650 4004 quis
1677 3946 1792 3985 non
1822 3926 2019 3985 videat
2040 3928 2250 4002 jugum
2295 3942 2422 3982 esse
2450 3934 2722 3992 σεβαστικ-

310 4034 409 4082 ·rov,
454 4008 610 4085 quod
638 4008 1004 4069 conscientiis
1032 4008 1361 4085 imponitur,
1392 4015 1453 4067 et
1478 4027 1595 4084 quo
1623 4006 1828 4065 misere
1857 4013 2195 4083 torquentur
2213 4007 2241 4062 ?

400 4087 720 4146 XXVIII.
772 4088 857 4149 Ut
882 4108 1023 4147 vero
1050 4108 1123 4147 ex
1154 4088 1469 4147 innumeris
1496 4106 1670 4145 unam
1691 4086 1786 4145 vel
1815 4084 2055 4143 alteram
2081 4092 2304 4143 tantum
2333 4082 2721 4160 attingamus;

314 4167 451 4245 quis
492 4166 568 4225 ad
610 4169 959 4241 corffessionzs
986 4169 1333 4227 auricularis
1360 4167 1688 4227 institutum
1733 4164 2029 4224 attendere
2069 4170 2278 4239 potest,
2323 4181 2438 4237 quo
2481 4161 2726 4239 quisque

312 4248 549 4307 adultus
578 4247 902 4324 baptizatus
930 4256 1176 4323 tenetur,
1208 4246 1385 4306 semel
1414 4248 1619 4306 saltem
1647 4246 1710 4303 in
1737 4264 1906 4317 anno,
1937 4250 2175 4320 peccata
2215 4240 2409 4299 omnia
2439 4260 2559 4317 sua,
2591 4262 2722 4301 cum

311 4328 583 4388 omnibus
623 4347 819 4387 eorum
850 4327 1311 4402 circumstantiis,
1342 4326 1601 4387 confiteri
1631 4324 1690 4383 in
1717 4343 1914 4382 aurem
1957 4320 2287 4394 sacerdotis,
2319 4328 2384 4379 ut
2411 4339 2606 4380 eorum
2635 4343 2725 4383 re-

313 4408 649 4468 missionem
692 4408 966 4484 obtineat,
1010 4409 1111 4485 qui
1154 4428 1272 4467 non
1304 4407 1473 4466 fateri
1514 4413 1755 4483 cogatur
1795 4421 2032 4479 gravem
2075 4420 2202 4459 esse
2243 4400 2722 4463 conscientiarum

314 4488 724 4562 carnificinam,
770 4488 1095 4565 tyrannidis
1124 4498 1185 4548 et
1212 4485 1543 4563 rapacitatis
1573 4482 1892 4543 l'ontificiae
1934 4501 2234 4559 organum,
2277 4501 2488 4541 arcana
2514 4485 2723 4561 princi·

316 4588 453 4647 pum
482 4578 541 4629 et
569 4568 913 4627 familiarum
956 4567 1202 4626 rimandi
1243 4566 1585 4639 machinam,
1617 4572 1676 4623 et
1705 4562 1985 4622 scelerum
2015 4582 2084 4621 ae
2125 4562 2514 4641 impuritatem
2557 4566 2724 4623 scho-

316 4648 431 4707 lam
452 4653 481 4709 Ρ
586 4649 729 4724 Quis
776 4650 919 4708 Vota
960 4647 1281 4707 Mona-stica
1322 4644 1615 4723 expendit,
1659 4643 1760 4721 qui
1801 4642 1955 4702 idem
1997 4642 2322 4723 tyrannidis
2355 4646 2566 4722 jugum
2609 4665 2726 4702 non

2401 4742 2446 4780 ιι
