3234 5192
506 321 619 378 114
1266 335 1345 373 m:
1388 332 1754 375 nscsssama
1798 333 2147 376 ssesssmss
2542 314 2801 400 [msru'r.
2845 334 2906 380 v.

500 477 937 550 animadvertat,
980 495 1097 533 non
1124 474 1297 534 modo
1326 474 1465 535 dum
1491 475 1710 535 nemini
1737 476 1876 535 licet
1903 478 2081 536 sacris
2123 479 2362 557 operari,
2407 478 2522 538 nisi
2561 480 2664 558 qui
2704 482 2910 540 volens

498 560 703 618 nolens
732 558 1028 617 caelibatus
1056 557 1245 633 legem
1274 556 1387 615 sibi
1413 556 1767 633 imposuerit,
1799 556 1904 616 sed
1931 564 1989 615 et
2017 557 2152 617 dum
2183 568 2344 617 tanta
2371 558 2539 619 istius
2559 561 2686 620 voti
2711 580 2911 621 neces-

502 640 643 699 sitas
688 638 955 711 creditur,
1000 645 1064 696 ut
1092 636 1337 713 capitale
1364 637 1441 695 sit
1468 637 1557 695 illi
1582 638 1937 713 renunciare,
1985 646 2043 697 et
2083 648 2356 717 tanquam
2399 640 2674 718 votifragi
2714 642 2912 700 tradu-

502 728 725 792 cuntur,
771 719 873 795 qui
913 717 1241 777 libertatem
1286 717 1686 795 evangelicam
1737 718 2176 795 amplectuntur,
2224 740 2356 779 cum
2399 728 2596 779 tamen
2639 722 2700 779 in
2756 722 2912 799 turpi

502 808 640 859 voto
669 798 1007 858 mutandum
1037 798 1113 857 sit
1141 796 1451 872 decretum,
1482 806 1541 856 et
1570 798 1751 856 satius
1780 798 1856 856 sit
1881 798 2325 875 matrimonium,
2351 800 2509 877 quod
2535 802 2686 861 inter
2713 822 2914 861 omnes

504 890 593 939 est
620 906 795 955 τιμιοι,
842 878 994 937 Heb.
1024 878 1148 935 xiii.
1180 881 1235 951 4,
1270 878 1625 952 contrahere,
1657 897 1830 955 quam
1858 879 1966 953 uri,
2003 882 2032 936 1
2067 879 2197 938 Cor.
2227 880 2328 938 vii.
2362 883 2397 939 9
2419 884 2448 939 Ῥ
2491 881 2634 955 Quis
2663 882 2913 960 denique·

504 969 592 1021 tot
604 964 779 1035 festa,
814 959 1053 1035 jejunia,
1102 958 1337 1034 υἰρίῑὶαε,
1377 966 1437 1016 et
1484 959 1860 1034 caeremonias,
1911 959 2118 1036 partim
2173 980 2249 1019 ex
2279 961 2662 1037 EthnicismO,
2704 964 2914 1039 partim

504 1040 548 1101 J
550 1040 816 1099 udai‘smo
846 1038 1121 1113 derivata,
1166 1038 1377 1115 quibus
1406 1038 1773 1097 conscientiae
1801 1040 1962 1097 velut
1990 1040 2334 1115 gravissimo
2363 1061 2534 1101 onere
2562 1050 2916 1120 premuntur,

508 1130 568 1181 et
596 1128 820 1179 tantum
848 1138 965 1177 non
994 1118 1407 1196 opprimuntur,
1452 1119 1724 1193 intuetur,
1769 1120 1868 1195 qui
1897 1119 2315 1179 intolerandam
2351 1121 2502 1180 hanc
2549 1122 2914 1199 tyrannidem

507 1220 627 1259 non
654 1198 912 1259 defleat?
954 1198 1425 1275 Conquerebatur
1466 1218 1570 1257 suo
1598 1206 1856 1275 tempore
1885 1200 2160 1277 Anqusti„
2193 1203 2378 1277 Epist.
2414 1205 2546 1261 119.
2577 1205 2661 1261 ad
2672 1204 2912 1277 Janua.,

508 1280 666 1359 quod
706 1278 987 1357 neglectis
1018 1278 1129 1337 Dei
1161 1278 1481 1355 praeceptis,
1525 1286 1643 1337 tam
1685 1279 1886 1339 multis
1925 1282 2470 1358 praesumptionibus
2511 1283 2682 1359 plena
2723 1290 2917 1341 essent

510 1360 718 1437 omnia,
749 1368 815 1419 ut
832 1359 1069 1436 gravius
1092 1358 1485 1437 corriperetur,
1507 1360 1606 1435 qui
1635 1378 1738 1435 per
1766 1369 2002 1419 octavas
2035 1374 2170 1419 suas
2189 1370 2397 1420 terram
2426 1362 2582 1420 nudo
2609 1362 2756 1439 pede
2783 1363 2914 1423 teti·

509 1448 691 1520 gerat,
722 1460 895 1518 quam
923 1440 1024 1518 qui
1050 1449 1303 1498 mentem
1330 1438 1650 1497 vinolentia
1677 1440 1999 1517 sepelierat.
2075 1442 2546 1519 conquerebatur
2574 1442 2912 1517 Ecclesiam,

510 1542 685 1601 quam
715 1521 828 1580 Dei
854 1519 1246 1579 misericordia
1285 1519 1527 1577 liberam
1555 1538 1681 1577 esse
1712 1520 1912 1597 voluit,
1959 1520 2266 1581 servilibus
2305 1523 2576 1581 oneribus
2604 1523 2688 1581 sic
2715 1522 2914 1599 premi,

509 1615 577 1662 ut
604 1600 960 1661 tolerabilior
998 1598 1169 1658 fuerit
1210 1598 1464 1657 conditio
1505 1599 1548 1658 J
1551 1598 1867 1660 udaeorum.
1956 1601 2019 1659 Si
2047 1602 2156 1659 hoc
2185 1602 2380 1660 seculo
2417 1609 2650 1660 sanctus
2699 1602 2797 1661 ille
2825 1602 2918 1659 vir

512 1682 773 1756 vixisset,
819 1680 1031 1757 quibus
1058 1680 1307 1757 querelis
1336 1678 1692 1755 deplorasset
1719 1700 1863 1755 eam,
1909 1700 2038 1757 quae
2067 1700 2220 1740 nune
2247 1682 2308 1738 in
2339 1681 2660 1740 Ecclesiam
2686 1682 2919 1741 invecta

512 1770 618 1837 est,
652 1761 1005 1835 servitutem,
1031 1760 1082 1818 si
1110 1760 1354 1819 vidisset
1394 1759 1712 1819 innumeris
1755 1760 1872 1819 illis
1915 1761 2140 1836 ritibuS,
2178 1762 2386 1839 partim
2428 1762 2640 1839 ineptis
2687 1770 2747 1821 et
2789 1762 2916 1821 inu·

513 1842 730 1915 tilibus,
752 1840 961 1919 partim
978 1839 1169 1917 impiis
1192 1847 1250 1897 et
1270 1838 1449 1915 falsis,
1475 1840 1744 1899 omnibus
1782 1860 1921 1899 sane
1941 1841 2161 1901 fictitiis
2183 1851 2242 1902 et
2262 1862 2416 1901 mere
2427 1842 2714 1918 humanis,
2734 1850 2920 1901 totum

516 1923 626 1982 Dei
656 1922 875 1981 cultum
904 1920 1235 1997 corrumpi?

596 2002 857 2061 XXIX.
918 2000 1035 2060 Sed
1076 2000 1312 2078 gravius
1344 2002 1453 2059 hoc
1483 2008 1571 2061 est
1610 2001 1785 2079 longe
1820 2010 1879 2061 et
1905 2003 2340 2079 intolerabiliuS,
2386 2002 2543 2080 quod
2585 2023 2704 2063 non
2747 2003 2922 2063 modo

514 2084 677 2161 leges
726 2082 853 2141 istae
894 2080 1157 2140 feruntur
1198 2080 1583 2157 conscientiis,
1631 2081 1736 2141 sed
1763 2090 1822 2141 et
1867 2092 2030 2142 tanto
2071 2084 2264 2161 rigore
2325 2091 2620 2161 urgentur,
2665 2092 2732 2142 nt
2770 2084 2920 2162 legis

514 2163 728 2223 divinae
757 2162 997 2222 violatio
1036 2161 1183 2221 nihil
1211 2160 1478 2221 videatur
1504 2182 1632 2221 esse
1669 2183 1787 2239 prae
1829 2163 2058 2221 illarum
2101 2165 2578 2242 transgressione.
2663 2164 2742 2223 Et
2784 2184 2920 2223 sane

514 2244 647 2321 quis
688 2244 889 2319 nescit,
931 2243 1107 2319 longe
1147 2242 1422 2318 majorem
1465 2252 1688 2301 reatum
1717 2244 1872 2321 apud
1923 2244 2275 2303 sacrificulos
2319 2243 2654 2303 Pontificios
2695 2252 2920 2303 contra-

512 2324 669 2399 here,
714 2323 815 2401 qui
842 2342 1071 2382 earnem
1100 2321 1193 2381 die
1223 2322 1468 2381 Veneris
1498 2324 1838 2399 gustaverit,
1881 2344 2055 2401 quam
2083 2325 2184 2401 qui
2225 2325 2485 2402 linguam
2525 2324 2924 2401 blasphemam

516 2404 795 2464 adversus
838 2404 1027 2461 Deum
1070 2403 1385 2461 extulerit?
1468 2403 1579 2477 Qui
1616 2404 2007 2479 auricularem,
2039 2403 2457 2464 confessionem
2483 2424 2634 2463 anno
2661 2412 2923 2463 vertente

514 2484 959 2562 praetermiserit,
1004 2502 1175 2560 quam
1205 2483 1305 2560 qui
1332 2484 1744 2560 nequissimam
1772 2484 1952 2543 vitam
1980 2484 2040 2543 in
2069 2493 2254 2544 totum
2289 2504 2502 2543 annum
2542 2483 2926 2562 produxerit?

518 2564 631 2639 Qui
661 2564 917 2623 votivam
959 2562 1479 2639 peregrinationem
1504 2584 1622 2621 non
1651 2565 2010 2641 persolverit,
2054 2584 2225 2641 quam
2256 2566 2358 2642 qui
2383 2566 2444 2622 in
2472 2564 2769 2642 promissis
2803 2584 2922 2623 om-

516 2644 688 2703 nibus
730 2643 905 2702 fidem
948 2642 1259 2701 fefellerit?
1361 2643 1473 2718 Qui
1516 2644 1738 2702 idolum
1781 2644 1904 2703 sine
1945 2646 2162 2705 honore
2206 2645 2562 2723 praeterierit,
2607 2664 2782 2722 quam
2825 2644 2927 2721 qni

516 2724 779 2784 homines
824 2723 1235 2783 contumeliose
1280 2724 1658 2783 tractaverit?
1741 2725 1852 2799 Qui
1883 2724 2062 2783 sacris
2089 2745 2332 2802 operans
2368 2724 2630 2801 legitimo
2660 2744 2722 2783 se
2751 2744 2922 2801 copu-

513 2804 724 2865 laverit
780 2804 1162 2878 matrimoniO,
1206 2823 1379 2881 quam
1448 2803 1549 2881 qui
1609 2804 1768 2863 mille
1811 2805 2076 2864 sordibus
2118 2826 2326 2883 eorpus
2365 2805 2612 2879 foedarit,
2654 2804 2754 2881 qui
2807 2823 2925 2861 non

515 2884 1034 2945 demurmuraverit
1062 2884 1233 2943 certis
1261 2883 1435 2958 horis,
1468 2892 1528 2943 et
1554 2883 1632 2942 ad
1659 2885 1922 2961 gobulos,
1969 2894 2124 2945 certa
2154 2886 2276 2944 sine
2307 2905 2480 2944 sensu
2509 2884 2703 2960 verba,
2749 2902 2922 2959 quam

516 2966 617 3044 qui
649 2966 965 3043 legitimam
1012 2964 1328 3023 orationem
1372 2963 1565 3023 animo
1610 2984 1905 3042 nunquam
1949 2967 2323 3043 conceperit?
2405 2964 2561 3039 Quid
2587 2972 2674 3023 est
2701 2964 2924 3023 irritum

498 3050 704 3121 facere
739 3056 983 3124 propter
1024 3066 1157 3103 suas
1206 3044 1535 3103 traditiones
1583 3044 1702 3102 Dei
1733 3054 2096 3121 praeceptum,
2169 3046 2218 3105 si
2259 3046 2370 3104 hoc
2413 3065 2532 3103 non
2579 3054 2684 3119 est,
2747 3062 2924 3121 quum

517 3126 949 3185 observationes
978 3124 1377 3182 mandatorum
1408 3123 1522 3183 Dei
1547 3122 1756 3201 frigide
1785 3132 2008 3183 tantum
2030 3134 2088 3185 et
2108 3125 2492 3203 perfunctorie
2522 3123 2924 3184 commendan-

516 3214 624 3280 tes,
670 3225 905 3263 suorum
932 3212 1196 3263 exactam
1224 3203 1611 3262 obedientiam
1639 3224 1756 3262 non
1784 3205 1974 3264 minus
2001 3206 2174 3265 anxie
2201 3214 2428 3283 urgent,
2466 3224 2640 3282 quam
2669 3205 2718 3263 si
2747 3211 2928 3263 totam

518 3284 751 3362 pietatis
792 3284 911 3341 vim
940 3284 1000 3341 in
1050 3302 1111 3341 se
1146 3282 1539 3357 continerent3
1603 3304 1784 3361 quum
1828 3283 2042 3343 divinae
2087 3285 2236 3363 legis
2280 3284 2652 3343 violationem
2697 3284 2928 3343 levibus

520 3363 974 3423 satisfactionum
1005 3362 1237 3421 mulctis
1270 3362 1630 3440 ulciscentes,
1673 3364 1848 3423 unius
1889 3365 1979 3423 sui
2007 3364 2223 3423 decreti
2250 3366 2348 3424 vel
2374 3364 2665 3423 minimam
2697 3362 2930 3422 offensi-

520 3462 691 3503 onem
732 3443 893 3501 nulla
932 3442 1149 3501 leviore
1175 3462 1347 3519 poena
1373 3442 1650 3520 plectunt,
1682 3464 1857 3521 quam
1890 3464 2133 3521 carcere,
2165 3445 2342 3504 exilio
2371 3453 2472 3504 aut
2499 3442 2695 3521 gladio
2714 3446 2744 3501 Ρ
2830 3442 2928 3501 Sic

520 3522 781 3583 coelestia
810 3522 922 3581 Dei
950 3522 1183 3581 oracula
1210 3522 1496 3583 vilescunt
1524 3545 1642 3601 prae
1669 3524 1866 3583 verbis
1911 3524 2228 3601 hominum,
2259 3534 2317 3585 et
2337 3526 2436 3583 lex
2485 3522 2694 3583 summi
2723 3522 2926 3581 Numi-

520 3603 613 3663 nis
640 3603 927 3663 mandatis
954 3601 1309 3661 infirmorum
1338 3604 1664 3663 mortalium
1692 3604 2074 3682 postponitur.
2295 3671 2308 3681 ‚

1128 3682 1353 3741 XXX.
1412 3684 1588 3742 Plura
1629 3692 1867 3761 possent
1899 3684 2091 3744 afferri
2130 3684 2475 3761 istiusmodi,
2519 3684 2732 3761 quibus
2774 3702 2930 3742 saeva

520 3764 763 3837 myrmnis
836 3762 1007 3811 Eccle-
1047 3762 1355 3841 tyrannide
1382 3762 1442 3821 in
1491 3765 1850 3823 conscientias
1880 3765 2070 3824 Roma
2104 3774 2436 3843 grassatur3
2496 3763 2651 3823 unde
2679 3782 2796 3822 non
2822 3763 2928 3821 mi-

562 3822 882 3941 gsspossom‘
953 3823 1005 3867 ¹¹¹
1046 3862 1175 3901 rum
1205 3843 1343 3901 siin
1370 3864 1617 3920 corpora
1646 3843 1821 3903 etiam
1871 3846 2090 3921 saeviat,
2134 3854 2194 3904 et
2219 3845 2523 3923 imperium
2567 3864 2736 3903 suum
2777 3842 2928 3901 ferro

1046 3932 1104 3981 et
1152 3922 1414 3998 flammis,
1460 3924 1704 4000 aliisque
1745 3924 2140 4003 injustissimis
2173 3924 2466 3984 violentiae
2507 3923 2713 3982 mediis
2756 3922 2931 3981 stabi-

520 4004 628 4063 lire
657 4010 913 4063 conetur.
984 4002 1107 4061 Nee
1135 4002 1379 4062 obscura
1408 4012 1543 4062 sunt
1568 4004 1698 4081 ejus
1725 4005 1810 4063 rei
1837 4004 2198 4065 documenta.
2256 4004 2400 4079 Quis
2427 4003 2578 4063 enim
2603 3999 2934 4079 ambigendi

523 4085 687 4142 locus
714 4102 842 4143 esse
869 4090 1075 4161 potest,
1122 4092 1253 4158 post
1280 4102 1349 4141 ea
1376 4103 1506 4160 quae
1537 4084 1815 4160 superiori
1843 4086 2039 4144 seculo
2067 4094 2125 4145 et
2150 4086 2260 4145 hoc
2288 4093 2486 4143 nostro
2520 4083 2888 4160 contigerunt
2905 4083 2936 4139 ?

513 4164 915 4222 *Consulantur
954 4162 1385 4240 martyrologia,
1432 4172 1489 4223 et
1532 4164 1878 4223 evolvantur
1919 4165 2156 4225 annales
2196 4186 2386 4225 rerum
2434 4185 2471 4223 a
2495 4164 2685 4223 tribus
2726 4160 2937 4220 seculis

521 4252 836 4319 gestarum,
870 4252 927 4303 et
954 4242 1166 4301 clarius
1191 4242 1304 4301 hoc
1332 4243 1636 4317 constabit,
1680 4262 1854 4319 quam
1881 4254 1947 4304 ut
1973 4245 2308 4323 probatione
2336 4244 2614 4321 indigeat.
2690 4242 2840 4301 Nam
2867 4247 2936 4299 ut

518 4322 673 4379 nihil
700 4342 853 4381 nune
894 4322 1155 4381 dicamus
1185 4322 1256 4382 de
1285 4324 1419 4381 Joh.
1460 4324 1710 4397 Wiclefo,
1742 4324 1842 4399 qui
1871 4336 2004 4384 ante
2033 4328 2152 4385 350
2174 4346 2356 4385 annos
2385 4343 2561 4384 ausus
2611 4330 2702 4382 est
2733 4322 2935 4381 Romae

528 4400 749 4459 bellum
768 4401 959 4478 palam
988 4401 1260 4478 indicere,
1290 4410 1351 4461 et
1378 4403 1559 4481 cujus,
1585 4402 1822 4460 immani
1849 4405 2206 4480 crudelitate,
2229 4403 2674 4482 quadragesimo
2703 4401 2936 4461 demum

530 4486 662 4556 post
678 4488 921 4538 mortem
950 4500 1117 4555 anno,
1143 4491 1393 4542 cremata
1414 4491 1549 4542 sunt
1570 4500 1704 4541 ossa
1725 4482 2001 4562 Oxoniae;
2045 4484 2191 4543 nihil
2207 4486 2378 4544 etiam
2401 4484 2476 4542 de
2496 4484 2762 4541 Johanne
2777 4484 2936 4539 Hus-

528 4579 610 4633 80,
631 4566 690 4617 et
716 4558 1066 4635 Hieronymo
1093 4562 1389 4639 Praqensz}
1421 4564 1537 4640 qui,
1558 4562 1779 4623 violata
1804 4565 2038 4641 publica
2062 4562 2177 4622 fide
2197 4564 2550 4623 Constantine
2572 4582 2648 4621 ex
2677 4560 2936 4621 Pseudo·

534 4636 759 4717 Synodi
786 4637 1035 4715 decreto,
1066 4641 1377 4703 execrabili
1403 4642 1662 4720 perfidia,
1691 4662 1810 4703 non
1835 4652 2060 4705 tantum
2089 4642 2397 4704 durissimo
2425 4662 2652 4702 carcere
2693 4641 2941 4719 aliisque
