3234 5192
506 356 623 415 136
1266 368 1344 407 m:
1373 364 1736 407 Nscassanm
1769 367 2120 408 ssesssmxs
2549 344 2809 427 [mspcr.
2841 370 2947 411 vr.-

508 512 716 573 denda.
842 512 987 571 Cum
1041 530 1183 569 vero
1228 508 1455 569 secessio
1484 508 1702 587 duplex
1757 510 1942 587 possit
1969 507 2267 585 distingui,
2325 508 2440 567 alia
2483 511 2676 569 localis
2720 520 2780 571 et
2809 532 2916 587 po-

506 595 659 653 litica
686 593 879 671 quoad
908 591 1122 667 sedem,
1172 591 1287 649 alia
1332 591 1645 667 spiritualis
1687 599 1745 649 et
1789 590 2016 666 mystica
2042 588 2234 668 quoad
2266 588 2472 665 fidem;
2515 591 2758 668 primam
2806 592 2847 651 J
2853 614 2918 650 u-

507 674 677 733 da'1'co
732 673 946 751 populo
1002 671 1142 730 olim
1196 671 1535 748 imperatam
1576 670 1772 745 fuisse,
1823 681 1990 729 extra
2027 669 2478 729 controversiam
2522 671 2776 748 positum
2805 680 2911 746 est,

506 763 589 829 ut,
610 754 812 813 relicta
827 753 1147 829 Babylone,
1180 750 1451 810 Judaeam
1472 758 1774 828 repeteret,
1801 758 1860 809 et
1885 750 2152 809 libertate
2181 750 2424 827 pristina
2449 749 2765 828 frueretur3
2797 772 2912 829 quo

504 834 827 911 respiciunt
864 834 995 891 loca
1035 840 1169 891 ante
1214 831 1407 905 citata,
1455 830 1571 889 Isa.
1615 829 1802 889 xlviii.
1835 832 1929 906 20,
1973 831 2100 890 Jer.
2141 830 2203 888 li.
2237 832 2291 905 6,
2337 830 2514 888 Zach.
2543 829 2604 889 ii.
2636 834 2690 906 6,
2725 836 2780 890 Ἰ.
2831 833 2910 893 Ut

505 915 661 973 enim
692 913 955 971 Ecclesia
980 912 1334 989 migraverat
1360 930 1478 968 non
1504 910 1784 984 moenibus,
1827 909 1929 969 sed
1977 911 2238 985 moribus,
2289 918 2348 969 et
2402 918 2744 987 mutaverat,
2794 932 2910 971 non

502 998 704 1067 sedem,
727 992 829 1052 sed
845 994 1065 1070 fidem3
1112 1010 1228 1049 non
1255 1010 1470 1065 nomen,
1520 990 1622 1049 sed
1671 990 1816 1067 proh
1860 990 2064 1049 dolori
2148 1010 2388 1065 numen3
2433 990 2516 1049 ita
2557 1010 2672 1049 non
2718 994 2912 1069 agitur

504 1074 735 1151 proprie
764 1073 836 1131 de
864 1072 1161 1130 secessione
1178 1070 1417 1147 politica
1458 1077 1518 1128 et
1560 1070 1721 1145 civili,
1769 1070 1961 1147 quoad
2013 1070 2428 1130 habitationem
2471 1080 2530 1129 et
2575 1071 2906 1148 hospitium,

506 1154 611 1212 sed
658 1152 731 1212 de
768 1153 1067 1211 secessione
1105 1170 1278 1209 sacra
1320 1159 1381 1209 et
1434 1151 1682 1227 mystica,
1725 1150 1916 1227 quoad
1957 1150 2314 1228 religionem,
2365 1170 2469 1228 per
2496 1170 2670 1227 quam
2697 1152 2814 1227 fiat,
2845 1163 2912 1213 ut

504 1234 725 1292 nullam
746 1232 809 1291 in
835 1232 1013 1291 sacris
1068 1250 1199 1291 cum
1228 1250 1298 1289 ea
1346 1230 1806 1289 communionem
1849 1231 2096 1307 amplius
2138 1231 2412 1289 colamus.
2499 1232 2724 1289 Rursus
2779 1254 2908 1291 cum

504 1315 732 1374 secessio
758 1334 930 1372 sacra
958 1313 1034 1372 sit
1060 1312 1158 1371 vel
1186 1311 1389 1387 cordis,
1422 1310 1518 1369 vel
1546 1312 1663 1370 oris
1686 1334 1701 1388 ς
1733 1311 1829 1369 vel
1857 1314 2034 1369 latens
2051 1318 2110 1369 et
2126 1312 2402 1387 neyativa,
2421 1331 2525 1389 per
2539 1312 2909 1389 rejectionem

503 1414 759 1454 errorum
789 1394 1090 1468 internam,
1121 1411 1300 1469 quum
1328 1391 1459 1469 quis
1488 1411 1549 1450 se
1578 1410 1786 1469 purum
1815 1400 1874 1450 et
1900 1391 2210 1449 immunem
2257 1399 2490 1470 praestat
2519 1411 2554 1449 a
2581 1392 2741 1452 cultu
2784 1392 2908 1452 ido-

499 1473 780 1549 lolatrico,
810 1494 929 1533 non
957 1471 1433 1533 communicando
1463 1492 1593 1529 cum
1644 1471 1788 1549 ipsc,
1819 1472 1976 1548 quod
2003 1471 2260 1531 fecerunt
2309 1480 2529 1549 septem
2557 1472 2739 1530 millia
2765 1481 2907 1532 tem-

501 1574 639 1632 pore
686 1554 849 1629 Eliae,
894 1553 993 1613 vel
1036 1562 1243 1629 patens
1288 1559 1348 1611 et
1392 1554 1655 1627 positiva,
1702 1572 1806 1627 per
1853 1560 2108 1629 apertam
2162 1550 2423 1611 veritatis
2477 1550 2906 1629 professionem,

501 1654 682 1711 quum
709 1635 901 1712 palam
930 1653 1035 1691 nos
1063 1640 1343 1691 testamur
1363 1632 1583 1690 alienos
1612 1632 1686 1689 ab
1715 1632 2002 1689 erroribus
2044 1639 2104 1690 et
2131 1632 2634 1709 superstitionibus
2663 1632 2907 1711 alicujus

502 1712 799 1789 Ecclesiae,
830 1714 947 1771 imo
976 1721 1036 1772 et
1062 1720 1246 1772 coetus
1274 1730 1547 1787 segreges
1575 1711 1650 1769 ab
1679 1730 1748 1768 ea
1788 1711 2158 1785 instituimus,
2208 1719 2268 1771 et
2295 1712 2580 1789 puriorem
2630 1712 2742 1771 Dei
2787 1715 2906 1795 cul-

499 1800 625 1852 tum
648 1793 886 1853 seorsim
928 1791 1279 1870 profitemur,
1310 1790 1600 1867 quomodo
1645 1790 1909 1850 Gentiles
1937 1792 2010 1851 ab
2055 1792 2416 1850 Ethnicismo
2459 1792 2806 1852 secedebant
2831 1794 2908 1853 ad

500 1872 1021 1948 Christianismum,
1072 1871 1168 1931 hic
1204 1890 1323 1929 non
1363 1870 1697 1930 alterutram
1743 1878 1984 1946 tantum,
2031 1872 2135 1930 sed
2175 1880 2477 1949 utramque
2533 1873 2704 1932 simul
2759 1894 2908 1952 prae-

500 1953 675 2013 scribi
704 1962 923 2012 certum
952 1961 1056 2026 est,
1088 1950 1377 2028 quomodo
1405 1951 1450 2010 J
1453 1950 1601 2009 udaei
1633 1958 1828 2028 aperte
1860 1951 2222 2028 Babylonem
2250 1952 2583 2029 delinquere
2631 1954 2904 2013 teneban-

496 2040 609 2105 tur,
641 2042 707 2093 ut
737 2033 1207 2110 Hierosolymam
1231 2051 1291 2091 se
1318 2031 1657 2108 reciperent.
1692 2030 1888 2108 Atque
1917 2032 2027 2090 hoc
2056 2032 2206 2091 clare
2231 2032 2500 2108 insinuat,
2533 2034 2648 2092 Isa.
2691 2034 2773 2093 lii.
2809 2034 2899 2110 11,

499 2115 539 2147 “
557 2113 872 2190 Discedite,
896 2130 899 2135 ·
926 2113 1221 2189 discedite,
1268 2111 1423 2171 exite
1472 2112 1650 2188 illinc,
1703 2111 2060 2171 immundum
2117 2132 2234 2170 non
2279 2112 2564 2190 attingite.
2649 2114 2823 2174 Exite
2871 2134 2902 2173 e

493 2194 686 2254 medio
714 2195 901 2271 istiuS,
931 2202 1175 2272 purgate
1204 2212 1328 2268 vos,
1358 2199 1658 2270 portantes
1685 2212 1830 2251 vasa
1861 2192 2155 2267 Domini,''
2185 2192 2268 2251 ibi
2309 2194 2462 2251 enim
2492 2193 2568 2251 ad
2595 2202 2901 2273 utrumque

495 2274 717 2335 exitum
746 2276 996 2353 respicit,
1028 2275 1268 2351 typicum
1296 2294 1371 2332 ex
1401 2272 1689 2348 Chaldaea,
1741 2280 1800 2331 et
1847 2274 2132 2349 mysticum
2160 2292 2236 2331 ex
2265 2272 2568 2350 Babylone
2597 2274 2900 2351 spirituali.

498 2353 668 2416 Unde
700 2356 916 2415 Paulus
943 2356 1055 2413 hoc
1081 2355 1211 2413 loco
1240 2354 1435 2428 utitur,
1466 2358 1503 2411 2
1530 2352 1659 2411 Cor.
1692 2353 1768 2411 vi.
1805 2356 1895 2429 16,
1933 2356 2024 2428 17,
2057 2352 2132 2412 ad
2175 2352 2579 2413 insinuandam
2622 2356 2899 2415 secessio·

488 2435 581 2494 nis
610 2436 684 2495 ab
710 2436 937 2513 impuro
994 2434 1301 2512 impiorum
1350 2442 1505 2491 coetu
1550 2433 1970 2509 necessitatem,
2000 2436 2037 2465 ‘⁴
2059 2433 2418 2511 Quapropter
2465 2434 2620 2493 exite
2649 2454 2680 2493 e
2709 2436 2900 2495 medio

486 2514 762 2592 ipsorum,
820 2515 1010 2591 inquit
1053 2514 1355 2588 DominuS,
1380 2514 1668 2591 impurum
1697 2532 1768 2572 ne
1811 2512 2160 2591 attingitote‚
2206 2522 2266 2573 ct
2292 2526 2402 2591 eg‘o
2431 2532 2538 2573 vos
2565 2516 2897 2593 recipiam.’'

492 2594 607 2670 Sic,
642 2594 777 2655 Act.
808 2596 866 2654 ii.
898 2598 993 2670 40,
1024 2594 1227 2655 eadem
1257 2594 1505 2653 secessio
1560 2602 1758 2671 aperta
1802 2601 1860 2652 et
1907 2594 2158 2671 positiva
2185 2614 2220 2652 a
2247 2594 2289 2654 J
2293 2594 2560 2653 udaismo
2601 2594 2674 2652 ad
2707 2596 2896 2655 Chris·

486 2675 821 2735 tianismum
850 2676 894 2736 J
897 2675 1079 2737 udaeis
1112 2676 1428 2752 imperatur
1454 2694 1490 2733 a
1520 2672 1712 2748 Petr0,
1765 2675 2086 2733 Ser-vamini
2123 2694 2196 2733 ex
2215 2676 2324 2733 hac
2352 2694 2630 2751 perversa
2658 2696 2896 2751 yenera-

486 2758 649 2816 tione.
736 2758 858 2817 Nec
908 2756 1077 2816 aliter
1110 2756 1237 2814 fieri
1284 2761 1492 2832 potest,
1541 2754 1592 2812 si
1643 2754 1816 2813 saluti
1865 2763 2075 2814 nostrae
2125 2756 2452 2815 consultum
2501 2755 2787 2834 volumus,
2831 2768 2898 2817 ut

485 2838 781 2913 geminum
810 2838 905 2897 hic
934 2837 1235 2915 scopulum
1292 2854 1455 2912 aeque
1494 2835 1885 2911 periculosum
1927 2834 2299 2911 declinemus,
2352 2836 2595 2894 alterum
2639 2837 2894 2913 hypocri-

482 2927 689 2994 tarum,
738 2918 855 2997 qui,
902 2937 1139 2997 corpore
1189 2916 1493 2992 Babylone
1523 2915 1892 2992 egrediendo,
1923 2916 2115 2974 animo
2145 2935 2370 2994 semper
2397 2925 2456 2975 et
2482 2916 2654 2974 corde
2683 2918 2896 2977 ibidem

478 3008 747 3075 manent3
808 2999 1053 3058 alterum
1106 3017 1247 3057 vero
1296 2996 2048 3071 Pseudo-Nicodemitarum‚
2123 2996 2223 3073 qui
2279 3016 2340 3055 se
2396 2996 2566 3056 corde
2629 2998 2894 3059 secedere

478 3079 837 3155 profitentur,
887 3079 1026 3138 licet
1081 3097 1317 3155 corpore
1347 3076 1537 3136 adhuc
1564 3076 1646 3135 ibi
1684 3077 1957 3137 haereant.

562 3158 751 3216 XXI.
798 3160 876 3217 Et
916 3158 991 3216 ad
1036 3158 1417 3217 secessionem
1454 3157 1646 3217 cordis
1695 3158 1850 3234 quod
1895 3157 2116 3233 attinet,
2157 3178 2288 3218 cum
2337 3158 2500 3216 nulla
2545 3158 2728 3235 possit
2769 3178 2896 3217 esse

478 3236 806 3295 communio
836 3237 985 3295 inter
1010 3237 1197 3295 lucem
1244 3246 1303 3295 et
1346 3238 1632 3313 tenebras,
1680 3256 1928 3297 errorem
1983 3246 2043 3296 et
2087 3238 2406 3313 veritatem,
2447 3238 2724 3313 templum
2783 3240 2894 3298 Dei

476 3324 537 3374 et
584 3315 757 3389 idola,
802 3324 861 3373 et
918 3316 1079 3373 Deus
1128 3335 1226 3373 cor
1269 3324 1529 3374 nostrum
1576 3336 1748 3393 super
1795 3316 1988 3375 omnia
2032 3318 2301 3395 postulet,
2346 3338 2515 3377 nemo
2556 3337 2672 3375 non
2715 3319 2892 3395 videt,

470 3396 825 3454 secessionem
852 3396 1040 3454 cordis
1064 3395 1160 3453 hic
1186 3394 1373 3471 primo
1398 3394 1631 3471 requiri,
1661 3404 1742 3471 ut,
1783 3416 2010 3455 omnem
2053 3417 2302 3457 errorem
2331 3407 2392 3457 et
2415 3398 2768 3475 impietatem
2797 3400 2895 3457 ab·

472 3483 772 3553 negantes,
804 3494 948 3553 puro
976 3474 1149 3533 corde
1176 3482 1235 3532 et
1261 3472 1375 3533 fide
1402 3500 1707 3556 auva-ungar?
1738 3477 1924 3534 Deum
1955 3496 2295 3536 veneremur
2321 3486 2380 3537 et
2407 3478 2680 3538 colamuS.
2727 3478 2896 3539 Alias

472 3555 618 3634 quid
636 3556 873 3632 juvaret
901 3574 999 3613 ore
1028 3562 1197 3614 tenus
1224 3553 1299 3612 ad
1330 3554 1519 3613 Deum
1568 3555 1858 3631 accedere,
1901 3556 1951 3615 si
1999 3576 2097 3616 cor
2124 3558 2197 3616 ab
2247 3578 2316 3617 eo
2365 3568 2648 3618 remotum
2669 3580 2895 3638 semper

469 3638 715 3695 manet?
797 3636 951 3711 Quid
970 3636 1208 3711 juvaret
1232 3634 1537 3693 veritatem
1564 3636 1924 3695 extrinsecus
1941 3638 2212 3713 profiteri,
2233 3636 2371 3697 dum
2399 3640 2656 3716 pestiferi
2685 3650 2742 3700 et
2770 3642 2892 3700 exi-

470 3716 641 3776 tiales
670 3736 891 3775 errores
913 3715 973 3773 in
1002 3723 1193 3775 mente
1221 3713 1527 3773 foventur?
1550 3715 1704 3790 Quid
1723 3715 2022 3793 prodesset
2041 3716 2464 3792 Hierosolymae
2487 3719 2673 3779 civem
2693 3742 2754 3780 se
2769 3723 2894 3799 jac-

468 3806 611 3872 tare,
636 3807 696 3858 et
724 3796 1087 3874 Babylonem
1108 3814 1345 3872 corpore
1372 3794 1692 3873 reliquisse,
1739 3795 1788 3855 si
1831 3796 2056 3854 animus
2086 3796 2146 3853 in
2175 3816 2302 3855 eam
2331 3818 2555 3876 semper
2582 3821 2896 3861 conversus

470 3886 577 3953 est,
607 3878 725 3936 imo
755 3879 803 3937 si
834 3877 1104 3956 Babylon
1133 3875 1293 3935 cordi
1320 3895 1549 3953 semper
1572 3876 1754 3935 haeret
1779 3875 1960 3935 infixa
1977 3880 2007 3935 ἰ’
2051 3876 2246 3936 Satius
2287 3878 2521 3936 omnino
2570 3880 2720 3941 foret
2744 3902 2890 3941 nun·

470 3978 644 4035 quam
674 3979 749 4018 ex
777 3979 847 4019 ea
868 3976 1165 4035 egressum
1194 3976 1337 4031 esse,
1361 3976 1533 4033 quam
1554 3957 1682 4033 ejus
1699 3956 1894 4015 odium
1912 3956 2266 4035 hypocritice
2285 3956 2625 4035 simulando,
2650 3982 2892 4039 pronum

470 4058 611 4116 erga
637 4039 822 4118 ipsam
851 4038 1119 4098 affectum
1150 4056 1375 4115 semper
1399 4036 1635 4095 habere.
1729 4036 1902 4096 Unde
1929 4058 2048 4095 non
2073 4037 2299 4114 mirum,
2333 4037 2382 4096 si
2409 4040 2555 4098 tales
2584 4041 2891 4101 Vertumni

472 4118 683 4179 Proteo
712 4120 922 4197 quovis
950 4118 1362 4191 mutabiliores,
1408 4115 1512 4193 qui
1554 4116 1894 4193 religionem
1920 4117 2167 4195 propriis
2215 4120 2532 4179 commodis
2569 4141 2888 4183 accommo-

470 4197 609 4258 dare
638 4202 917 4276 volentes,
952 4200 1243 4259 Christum
1272 4196 1545 4257 videntur
1570 4197 1860 4275 amplecti,
1890 4218 2068 4275 quum
2097 4220 2128 4258 e
2155 4219 2219 4259 re
2241 4219 2346 4259 sua
2373 4200 2482 4260 hoc
2511 4219 2638 4261 esse
2667 4202 2886 4262 vident.

472 4278 659 4337 Iidem
690 4288 884 4341 tamen
912 4279 1175 4355 subinde,
1206 4298 1384 4359 quum
1414 4277 1526 4337 sibi
1546 4278 1749 4337 utilius
1779 4277 1900 4338 fore
1919 4278 2204 4357 judicant,
2248 4281 2324 4340 ad
2347 4281 2709 4358 Babylonem
2737 4282 2884 4339 rela-

468 4356 697 4433 bantur,
722 4362 857 4437 quia
884 4381 959 4419 ex
989 4381 1057 4419 ea
1084 4380 1377 4437 nunquam
1407 4358 1556 4417 serio
1584 4368 1644 4417 et
1672 4358 1892 4419 sincere
1919 4358 2146 4421 fuerant
2172 4362 2408 4440 egressi,
2439 4362 2512 4420 de
2541 4360 2752 4435 quibus
2781 4361 2887 4417 im-

466 4436 662 4515 pletur
677 4440 834 4515 quod
850 4442 933 4500 ait
950 4441 1175 4516 PetruS,
1199 4440 1411 4500 “Canis
1431 4440 1507 4499 ad
1522 4439 1806 4499 vomitum
1822 4442 2145 4518 revertitur,
2165 4450 2224 4501 et
2245 4462 2344 4501 sus
2361 4441 2434 4500 ad
2456 4439 2884 4513 volutabrum‚’'

469 4537 521 4575 c.
550 4516 609 4575 ii.
642 4520 908 4577 secundae
938 4540 1059 4579 ver.
1090 4526 1185 4579 22.

550 4596 778 4656 XXII.
827 4599 943 4659 Sed
998 4599 1079 4659 ita
1134 4600 1381 4660 secessio
1430 4600 1622 4661 cordis
1663 4608 1798 4661 ante
1843 4602 2036 4662 omnia
2077 4600 2401 4678 requiritur,
2447 4606 2510 4657 ut
2558 4598 2884 4657 necessaria

468 4677 641 4739 etiam
672 4678 747 4738 sit
772 4680 1001 4739 secessio
1030 4680 1147 4737 oris
1188 4691 1241 4738 et
1280 4682 1548 4756 corporis,
1578 4700 1712 4739 nam
1743 4690 1808 4741 ut
1833 4686 2002 4741 corde
2049 4682 2302 4740 ereditur
2342 4682 2426 4737 ad
2451 4678 2749 4753 justitiam,
2803 4680 2886 4738 ita
