3234 5192
523 314 597 371 4⁷
606 315 643 370 4
1121 331 1201 371 nn
1230 330 1708 371 sarismc‘noms
1735 328 1974 370 cnms'n
2003 329 2322 370 vsnrmrs.
2528 311 2788 392 [msru'r.
2819 334 2948 375 nv.

526 470 707 531 simus
734 480 801 531 ut
839 470 1081 549 imagini
1124 471 1307 550 ipsius
1352 472 1533 531 simus
1576 470 1918 546 conformes,
1951 472 2121 530 Rom.
2169 471 2292 531 viii.
2336 474 2431 548 29,
2461 472 2623 550 prius
2666 473 2728 532 in
2775 494 2947 535 cruce

524 570 699 628 quam
746 552 809 609 in
851 553 1054 630 gloria,
1103 552 1167 611 in
1196 552 1499 613 sanctitate
1546 571 1720 629 quam
1763 551 1826 609 in
1874 551 2168 624 felicitate,
2197 552 2258 609 in
2299 560 2481 611 morte
2509 572 2682 632 quam
2711 554 2774 613 in
2799 556 2943 616 vita.

525 631 684 690 Hinc
710 652 814 710 pro
842 633 1020 691 variis
1048 652 1178 709 quae
1206 633 1268 690 in
1294 640 1479 691 morte
1510 631 1727 691 Christi
1755 632 2064 691 eluxenmt
2096 631 2426 707 virtutibus,
2468 633 2642 693 modo
2669 634 2745 693 ad
2770 635 2940 711 hanc,

522 711 699 770 modo
719 712 795 771 ad
819 713 998 788 illam,
1022 713 1195 772 modo
1215 712 1485 771 universe
1506 710 1581 770 ad
1603 730 1806 771 omnes
1825 712 2166 771 incitamur:
2190 715 2219 769 1
2255 712 2380 771 Pet.
2410 712 2470 771 ii.
2501 717 2597 789 21,
2628 714 2691 771 in
2716 715 2940 791 patien-

522 791 620 851 tiae
648 800 709 851 ct
734 792 1054 852 tolerantiae
1080 792 1421 870 proponitur
1448 792 1797 869 exemplum,
1831 792 1967 868 quia
1993 791 2094 866 ibi,
2129 800 2196 851 ut
2223 812 2298 851 ex
2327 792 2476 852 serie
2501 802 2678 871 patet,
2708 792 2782 853 de
2809 814 2942 872 pas-

523 872 784 931 sionibus
810 872 1069 932 fidelium
1096 873 1379 949 agebatur
1401 894 1415 947 ;
1463 872 1682 931 Paulus
1715 872 1792 930 ad
1819 872 1992 931 Rom.
2033 871 2133 946 vi.,
2163 892 2242 930 ex
2269 892 2338 931 ea
2365 873 2510 950 petit
2537 882 2940 951 argumentum

522 951 598 1010 ad
626 952 805 1011 totius
832 951 1305 1011 sanctificationis
1333 951 1588 1011 studium
1616 951 2153 1026 commendandum,
2184 954 2323 1028 quia
2347 952 2410 1010 in
2436 972 2506 1012 eo
2534 961 2673 1026 erat,
2702 962 2770 1013 ιιι
2795 955 2940 1014 alte-

523 1048 652 1091 rum
678 1032 791 1090 hoc
806 1032 1151 1091 beneficium
1179 1051 1214 1089 a
1232 1031 1650 1108 justificatione
1668 1031 1854 1091 fluens
1881 1030 2235 1091 describeret
2257 1054 2272 1108 ς
2303 1033 2441 1110 quia
2467 1052 2606 1091 vero
2635 1034 2679 1093 J
2682 1033 2939 1093 ohannes

523 1110 769 1170 dilectus
780 1111 995 1171 Christi
1005 1110 1323 1189 discipulus
1332 1119 1491 1171 totus
1512 1110 1571 1170 in
1582 1112 1862 1170 charitate
1871 1110 2264 1189 promovenda
2275 1120 2555 1189 versatur,
2567 1131 2684 1172 non
2705 1114 2941 1174 aliunde

526 1190 728 1250 fortius
756 1199 816 1252 et
840 1192 1127 1251 efficacius
1156 1192 1487 1269 exemplum
1513 1200 1707 1269 petere
1735 1192 1925 1269 potuit
1945 1211 2118 1269 quam
2147 1211 2222 1250 ex
2249 1192 2378 1267 ejus
2405 1212 2510 1269 pro
2536 1193 2706 1252 nobis
2733 1202 2935 1253 morte.

526 1272 563 1306 “
585 1271 659 1329 In
686 1272 810 1347 e0,”
840 1272 1045 1350 inquit,
1081 1274 1117 1307 “
1146 1272 1551 1349 cognoscimus
1598 1272 1932 1331 charitatem
1980 1272 2109 1347 Dei,
2141 1270 2298 1349 quod
2339 1272 2440 1330 ille
2482 1273 2732 1331 animam
2773 1294 2938 1333 suam

523 1370 627 1429 pro
654 1353 822 1411 nobis
850 1352 1132 1431 deposuit,
1162 1372 1270 1411 nos
1314 1351 1493 1429 igitur
1538 1351 1817 1411 debemus
1861 1371 1965 1429 pro
2007 1351 2281 1411 fratribus
2328 1351 2548 1411 animas
2573 1356 2842 1430 ponere‚'’
2871 1362 2940 1415 ut

522 1432 809 1509 significet
835 1434 1107 1492 nimirum
1135 1432 1473 1491 charitatem
1518 1431 1904 1491 Christianam
1929 1452 2019 1491 ·eo
2063 1450 2248 1509 usque
2293 1432 2560 1509 exemplo
2590 1433 2807 1493 Christi
2833 1454 2936 1494 ex-

522 1511 869 1571 tendendam
898 1532 1041 1588 esse,
1073 1532 1191 1571 non
1220 1512 1409 1571 solum
1434 1519 1502 1571 ut
1528 1511 1589 1569 in
1617 1512 1814 1571 verbis
1842 1512 2120 1571 consistat
2147 1511 2244 1570 vel
2271 1511 2540 1571 amicitiae
2559 1512 2932 1591 professione,

524 1591 625 1651 sed
656 1600 720 1651 ut
748 1592 839 1649 sui
866 1592 1038 1651 etiam
1054 1592 1311 1669 ‘quisque
1340 1592 1718 1651 obliviscatur
1743 1600 1810 1650 ut
1835 1590 2108 1650 fratribus
2135 1592 2414 1651 consulat.

604 1670 691 1729 X.
735 1671 1021 1729 Caeterum
1047 1671 1206 1747 quod
1234 1670 1506 1748 Apostoli
1551 1671 1691 1729 hinc
1714 1672 2106 1730 hortationum
2134 1691 2366 1731 suarum
2403 1682 2806 1749 argumentum
2833 1694 2936 1751 pe-

521 1758 670 1825 tunt,
700 1749 860 1826 quod
887 1750 1153 1809 Christus
1179 1770 1283 1827 pro
1312 1751 1481 1809 nobis
1506 1758 1770 1809 mortuus
1798 1758 1903 1824 est,
1935 1770 2052 1808 non
2079 1760 2383 1829 propterea
2402 1753 2622 1811 faciunt
2647 1761 2714 1811 ut
2741 1762 2933 1813 osten-

523 1829 666 1887 dant
692 1847 799 1887 nos
826 1829 1031 1889 eodem
1058 1830 1229 1906 plane
1258 1829 1429 1888 modo
1458 1838 1516 1889 et
1542 1830 1658 1889 fine
1687 1849 1802 1907 quo
1833 1830 2096 1890 Christus
2139 1851 2244 1909 pro
2272 1832 2441 1891 nobis
2467 1852 2674 1910 passus
2701 1842 2792 1893 est
2832 1834 2933 1893 de-

520 1909 659 1968 bere
688 1908 861 1967 etiam
889 1930 993 1987 pro
1020 1909 1294 1969 fratribus
1337 1910 1474 1987 pati,
1526 1929 1662 1967 nam
1711 1918 2188 1987 argumentantur
2215 1932 2251 1970 a
2277 1912 2454 1971 simili
2497 1920 2598 1972 aut
2624 1914 2891 1991 exemplo
2917 1938 2933 1975 :

520 1988 567 2049 J
568 2007 663 2047 am
689 1996 883 2048 autem
912 1990 988 2049 ad
1014 1989 1345 2067 exemplum
1374 1989 1586 2049 sufficit
1612 1990 1663 2049 si
1691 1990 1980 2067 generalis
2001 1991 2266 2067 quaedam
2295 1991 2449 2051 adsit
2477 1992 2792 2053 similitudo
2819 1996 2938 2053 etsi

520 2069 762 2145 longum
788 2069 1086 2147 latumque
1114 2070 1175 2128 in
1203 2069 1375 2128 modo
1404 2069 1642 2147 speciali
1667 2069 1988 2130 intercedat
2017 2070 2343 2130 discrimen.
2391 2072 2488 2132 Sic
2514 2072 2790 2149 perfectio
2821 2074 2935 2133 Dei

519 2150 690 2209 nobis
716 2150 779 2208 in
806 2151 1136 2228 exemplum
1162 2150 1517 2229 proponitur,
1552 2150 1765 2209 Matth.
1795 2170 1854 2210 v.
1883 2153 1981 2227 48,
2031 2152 2067 2185 ‘⁴
2085 2152 2292 2211 Estote
2313 2152 2551 2228 perfecti
2579 2153 2731 2213 sicut
2760 2154 2936 2213 Pater

520 2238 719 2289 vester
743 2230 844 2307 qui
872 2238 962 2290 est
987 2230 1050 2288 in
1078 2232 1241 2289 coelis
1267 2230 1557 2309 perfectus
1584 2238 1674 2290 est
1693 2234 1742 2305 ;”
1785 2231 2052 2308 quamvis
2096 2232 2477 2291 certissimum
2527 2232 2604 2292 sit
2629 2232 2932 2311 perfectio-

518 2329 652 2367 nem
682 2309 941 2367 divinam
988 2310 1061 2368 ab
1090 2310 1341 2369 humana
1388 2312 1450 2368 in
1505 2310 1743 2388 speciali
1787 2311 2009 2370 ratione
2056 2312 2394 2389 longissime
2443 2312 2768 2391 discrepare
2791 2337 2804 2391 3
2851 2315 2936 2374 sic

522 2389 566 2448 J
568 2389 823 2448 ohannes
852 2387 991 2447 dum
1018 2389 1149 2447 vult
1173 2390 1250 2449 ad
1276 2390 1612 2450 charitatem
1639 2390 1874 2465 hortari,
1905 2391 2042 2467 quia
2067 2392 2291 2451 nullum
2319 2392 2524 2451 fortius
2567 2401 2625 2452 et
2651 2394 2936 2453 illustrius

520 2468 852 2543 exemplum
880 2468 1017 2527 dare
1044 2470 1250 2546 potuit,
1307 2469 1469 2528 dedit
1495 2470 1826 2547 exemplum
1857 2471 2088 2545 Christi,
2121 2472 2226 2531 sed
2272 2479 2387 2530 non
2419 2474 2614 2531 sta-tim
2657 2474 2718 2531 in
2747 2473 2932 2533 omni-

519 2548 633 2607 bus
650 2546 1009 2622 imitandum,
1028 2548 1202 2607 etiam
1218 2548 1291 2609 iis
1312 2569 1442 2627 quas
1464 2557 1599 2609 sunt
1627 2550 1918 2614 ἁκοτιᾶητα
1944 2559 2002 2610 et
2027 2551 2114 2609 illi
2130 2552 2376 2630 propria,
2407 2560 2548 2631 puta
2567 2562 2934 2630 peccatorum

522 2626 853 2704 expiatione
882 2636 940 2687 et
959 2628 1204 2705 justitiae
1232 2629 1445 2687 divinae
1474 2628 1881 2705 satisfactione,
1915 2629 2050 2709 (hoc
2079 2632 2233 2690 enim
2261 2632 2588 2710 Apostolus
2623 2652 2776 2692 nunc
2803 2634 2932 2710 qui-

523 2706 653 2766 dem
683 2726 799 2766 non
828 2706 1087 2789 respicit)
1118 2709 1223 2769 sed
1247 2710 1311 2768 in
1337 2709 1467 2769 aliis
1495 2710 1913 2787 communibuS,
1943 2712 2085 2788 puta
2111 2712 2408 2772 charitatis
2425 2720 2486 2771 et
2510 2714 2932 2773 benevolentias

522 2787 1029 2865 demonstratione,
1053 2789 1155 2866 qui
1175 2790 1219 2849 J
1221 2790 1465 2850 ohannis
1490 2790 1602 2850 fuit
1641 2791 1908 2869 proprius
1935 2810 2004 2850 ac
2024 2792 2312 2869 genuinus
2333 2811 2559 2870 scopus.
2621 2793 2934 2852 Fateamur

522 2888 663 2945 ergo
690 2876 934 2929 mortem
960 2877 1020 2929 et
1047 2869 1345 2947 passiones
1375 2871 1591 2930 Christi
1618 2892 1751 2932 cum
1778 2872 1994 2931 nostris
2020 2871 2329 2932 convenire
2355 2892 2527 2950 posse
2554 2872 2614 2930 in
2645 2874 2926 2950 generali-

520 2948 649 3025 bus,
679 2957 747 3008 ut
789 2969 888 3009 eas
928 2950 1203 3010 adeamus
1230 2972 1347 3009 non
1386 2970 1553 3011 secus
1581 2972 1652 3011 ac
1671 2952 1933 3011 Christus
1975 2972 2050 3011 ex
2091 2953 2370 3013 charitate
2398 2960 2456 3011 et
2475 2952 2760 3015 benevolo
2788 2974 2930 3031 erga

520 3027 725 3089 fratres
753 3030 979 3106 affectu,
1009 3038 1076 3090 ιιι
1096 3050 1195 3090 eas
1220 3032 1436 3109 pariter
1460 3030 1712 3091 feramus
1741 3033 2028 3110 patienter
2061 3040 2121 3091 et
2147 3032 2272 3092 sine
2315 3052 2643 3092 murmure:
2687 3034 2790 3093 sed
2815 3033 2927 3091 dif-

518 3108 763 3168 ferentia
790 3130 1015 3187 semper
1040 3111 1215 3187 longe
1236 3112 1491 3171 maxima
1516 3112 1579 3169 in
1607 3113 1954 3190 specialibus
2003 3113 2266 3188 occurrit,
2319 3114 2445 3173 sive
2485 3134 2715 3173 causam
2762 3114 2924 3185 effici-

520 3189 748 3245 cientem
776 3189 1066 3265 respicias,
1096 3191 1197 3251 ille
1241 3192 1395 3250 enim
1432 3212 1739 3269 percussus
1787 3200 1876 3251 est
1902 3213 1938 3251 a
1966 3193 2094 3251 Deo
2113 3193 2330 3270 judice,
2379 3212 2490 3252 nos
2517 3213 2554 3251 a
2595 3195 2721 3252 Deo
2765 3202 2927 3270 patre

518 3267 887 3342 castigamur,
920 3268 1045 3327 sive
1063 3271 1395 3345 passionum
1422 3280 1692 3331 naturam
1719 3281 1772 3330 et
1784 3275 2049 3347 gradum,
2089 3273 2189 3331 ille
2218 3273 2372 3332 enim
2400 3274 2636 3333 calicem
2659 3272 2924 3350 indigna-

517 3344 694 3404 tionis
715 3345 929 3404 divinae
950 3346 1133 3408 ebibit
1152 3369 1335 3426 usque
1364 3349 1439 3408 ad
1466 3350 1654 3426 fasces,
1686 3370 1794 3409 nos
1821 3352 2060 3411 summis
2079 3354 2259 3413 labris
2287 3362 2507 3413 tantum
2529 3353 2925 3431 degustamus,

518 3432 579 3483 et
604 3424 839 3501 quidem
868 3426 1096 3486 sublata
1116 3428 1237 3504 jam
1267 3430 1689 3490 maledictionis
1715 3430 2113 3510 amaritudine,
2145 3434 2269 3493 sive
2279 3435 2476 3513 finem,
2505 3434 2606 3493 ille
2653 3434 2729 3492 ad
2757 3434 2924 3492 satis·

517 3505 841 3579 factionem,
866 3525 973 3565 nos
1000 3506 1074 3565 ad
1102 3508 1463 3585 medicinam,
1494 3509 1593 3569 ille
1622 3510 1697 3569 ad
1727 3530 2021 3572 servorum
2059 3514 2528 3591 redemptionem,
2573 3533 2680 3573 nos
2709 3514 2784 3571 ad
2810 3514 2922 3571 fra·

517 3594 669 3645 trum
700 3585 1171 3662 aedificationem3
1202 3588 1356 3648 unde
1383 3598 1543 3666 patet
1589 3598 1857 3651 neutrum
1902 3612 1978 3652 ex
2019 3594 2150 3654 istis
2176 3594 2274 3653 vel
2303 3594 2461 3653 Petri
2509 3594 2608 3653 vel
2634 3595 2677 3655 J
2681 3594 2926 3653 ohannis

513 3667 659 3726 locis
686 3667 807 3726 vim
834 3668 1110 3744 phraseos
1128 3669 1289 3729 illius
1316 3670 1604 3729 infirmare
1634 3692 1710 3731 ex
1737 3692 1853 3749 qua
1879 3673 2330 3733 satisfactionem
2359 3674 2637 3734 elicimus.

596 3747 717 3807 XI.
765 3747 882 3807 Sed
908 3766 1017 3807 nec
1044 3769 1171 3808 eam
1198 3750 1463 3829 infringit
1508 3752 1716 3811 melius
1759 3753 1920 3812 locus
1963 3755 2111 3813 alter
2139 3754 2308 3813 Pauli
2335 3754 2412 3813 ad
2461 3756 2584 3813 Col.
2624 3756 2662 3814 i.
2693 3757 2788 3829 24,
2817 3754 2922 3813 ubi

512 3827 815 3905 profitetur
856 3847 917 3887 se
950 3829 1281 3908 “reliquias
1320 3831 1656 3909 passionum
1705 3832 1920 3892 Christi
1963 3836 2229 3912 supplere
2257 3854 2360 3913 pro
2407 3854 2644 3913 corpore
2686 3835 2924 3913 ipsius.’'

519 3909 571 3967 1.
606 3908 994 3987 Supponimus
1034 3930 1165 3970 cum
1208 3912 1553 3971 adversariis
1583 3920 1784 3973 contra
1813 3914 2146 3973 Pontificios
2172 3914 2392 3974 nullam
2421 3936 2458 3973 a
2485 3915 2670 3974 Paulo
2697 3916 2919 3993 praesti-

510 3996 631 4047 tam
653 3988 830 4049 fuisse
860 3990 1327 4067 satisfactionem,
1346 3992 1503 4070 quod
1534 4012 1639 4052 suo
1666 3994 1796 4052 loco
1824 3993 2270 4055 demonstraturi
2297 4015 2513 4072 sumus,
2537 4005 2597 4055 et
2623 3996 2921 4073 passiones

514 4069 729 4129 Christi
755 4090 873 4129 non
898 4073 1129 4149 proprie
1154 4073 1565 4153 intelligendas
1611 4092 1738 4133 esse
1788 4074 1861 4134 de
1889 4074 1961 4132 iis
1987 4094 2134 4151 quas
2177 4076 2238 4133 in
2266 4095 2504 4153 corpore
2534 4096 2640 4135 suo
2668 4076 2920 4135 naturali

510 4149 880 4227 perferendas
906 4151 1128 4224 habuit,
1160 4153 1264 4213 sed
1290 4153 1362 4212 de
1391 4154 1464 4212 iis
1492 4172 1638 4231 quas
1664 4154 1726 4211 in
1754 4174 1989 4233 corpore
2016 4156 2280 4232 mystico,
2325 4156 2597 4216 nimirum
2633 4155 2916 4231 Ecclesia,

508 4231 726 4307 patitur
746 4253 761 4307 ;
782 4232 1071 4309 quomodo
1096 4234 1329 4309 Paulus,
1355 4238 1391 4291 2
1416 4234 1543 4292 Cor.
1569 4234 1607 4291 i.
1629 4236 1684 4307 5,
1708 4242 1880 4293 vocat
1899 4242 2109 4314 χςιποΰ
2129 4239 2406 4311 παθήματα
2427 4236 2764 4297 afflictiones
2792 4237 2919 4313 qui·

508 4310 619 4369 bus
646 4311 721 4369 ad
750 4312 841 4369 sui
869 4312 1303 4373 similitudinem
1325 4314 1527 4373 fideles
1556 4332 1693 4372 suos
1721 4326 1969 4390 exercet,
2002 4324 2061 4375 et
2089 4317 2164 4373 ad
2193 4318 2347 4376 Heb.
2386 4318 2470 4376 xi.
2501 4320 2597 4393 26,
2628 4316 2916 4394 abjectam

507 4392 705 4467 populi
752 4391 1055 4452 Israe'litici
1098 4403 1311 4454 sortem
1356 4412 1531 4470 quam
1568 4394 1942 4473 AEgyptiacae
1983 4395 2132 4455 aulae
2177 4396 2471 4473 splendori
2517 4406 2577 4457 ct
2603 4397 2914 4474 opulentiae

506 4469 763 4546 praetulit
784 4470 999 4547 Moses,
1023 4482 1232 4555 χςιστοΰ
1246 4471 1498 4549 ὀνειδισμὸν
1514 4474 1804 4552 appellare
1825 4495 1942 4535 non
1963 4475 2269 4535 dubitavit.
2294 4482 2350 4536 2.
2373 4478 2647 4537 Fatemur
2669 4477 2917 4537 Paulum

504 4550 622 4608 dici
648 4566 881 4624 passum
904 4570 1017 4625 pro
1044 4556 1319 4626 Ecclesia,
1348 4574 1465 4612 non
1493 4555 1838 4631 redimenda,
1881 4555 1984 4615 sed
2021 4558 2356 4636 oedg'ficanda
2395 4565 2456 4617 et
2481 4560 2870 4637 confirmanda
2889 4582 2916 4631 ,-

500 4648 617 4687 non
647 4626 1050 4687 satisfaciendo
1078 4634 1231 4709 apud
1283 4634 1489 4709 Deum,
1537 4634 1642 4692 scd
1683 4636 1984 4695 veritatem
2035 4636 2398 4713 obsignando
2445 4638 2602 4715 apud
2629 4638 2911 4715 homines),
