3234 5192
331 337 560 378 mspur.
591 318 730 400 vm]
1065 338 1142 377 nn
1173 336 1465 377 samito
1495 338 1668 377 urnis
1698 337 1772 377 m·
1802 338 2002 379 1111318.
2626 320 2741 377 331

343 479 408 535 in
435 485 656 537 terram
681 480 1054 554 promissam,
1083 479 1230 555 quia
1253 478 1452 535 voluit
1499 496 1600 535 eos
1624 478 1879 552 probare
1912 478 1975 535 in
2016 478 2249 537 deserto
2276 496 2383 555 per
2406 478 2613 553 plures
2640 496 2749 535 an·-

335 575 463 629 nos,
491 565 674 633 atque
701 558 786 615 ita
812 560 958 616 dare
985 558 1330 633 symbolum
1356 556 1831 632 dispensationis,
1860 575 1985 633 qua
2012 557 2207 615 utitur
2234 574 2378 632 erga
2401 557 2609 615 fideles
2631 577 2647 628 ;
2670 574 2745 614 ex

333 654 456 711 quo
483 636 644 693 enim
671 638 964 713 redempti
993 644 1136 695 sunt
1159 654 1200 694 a
1221 634 1474 705 Christe,
1493 653 1614 692 non
1634 636 1769 693 vult
1795 637 1997 693 statim
2012 654 2113 693 eos
2132 636 2389 711 recipere
2416 635 2479 691 in
2508 636 2745 707 eoelum,

335 715 438 771 sed
465 732 572 789 per
600 715 900 773 desertum
928 716 1142 773 mundi
1169 732 1270 772 eos
1311 714 1719 784 circumducit,
1748 722 1809 771 et
1834 714 2373 789 peregrinationem
2403 714 2745 772 Canaanem

331 793 626 851 coelestem
653 812 862 853 versus
883 795 1018 851 vult
1062 793 1392 863 instituere,
1430 798 1502 848 ut
1518 793 1667 849 fides
1698 810 1907 849 eorum
1934 800 1997 849 et
2023 793 2356 851 constantia
2382 794 2743 868 exploretur.

331 870 388 929 3.
435 870 652 929 Voluit
691 872 804 931 hae
843 873 1075 931 ratione
1115 878 1426 947 expectare
1468 872 1663 927 donec
1692 869 2129 929 Cananaeorum
2166 888 2447 929 mensura
2474 871 2747 945 implere-

333 958 450 1007 tur.
531 950 588 1009 4.
619 951 895 1027 Denique
921 952 1006 1010 sic
1022 952 1223 1009 voluit
1247 952 1450 1007 locum
1477 949 1611 1006 dari
1632 949 1855 1006 illustri
1880 950 2191 1019 miracn10,
2220 970 2341 1025 quo
2358 948 2745 1025 pertinaciam

334 1035 396 1085 et
420 1027 868 1087 indurationem
897 1030 1226 1089 Pharaonis
1251 1036 1314 1086 et
1333 1027 1762 1102 AEgyptiorum
1782 1028 2039 1102 gloriose
2056 1034 2183 1085 erat
2200 1029 2458 1099 ulturus,
2476 1034 2538 1085 et
2556 1046 2749 1104 popu-

334 1107 464 1163 lum
493 1108 751 1165 mirabili
779 1116 840 1165 et
865 1109 1241 1184 inexpectata
1265 1106 1498 1164 ratione
1527 1106 1909 1163 liberaturus,

418 1184 564 1243 XV.
609 1186 725 1245 His
751 1187 838 1244 ita
863 1187 1228 1262 praestructis
1257 1186 1334 1243 ad
1363 1184 1707 1241 historicam
1727 1184 2157 1242 miraculorum
2180 1184 2433 1243 istorum
2452 1185 2743 1260 cognitio-

335 1282 493 1333 nem,
535 1263 578 1321 J
581 1283 678 1321 am
727 1266 1078 1339 mysterium
1115 1266 1228 1323 sub
1274 1265 1381 1321 illo
1421 1262 1637 1321 cortice
1680 1264 1873 1320 latens
1906 1266 2295 1321 scrutandum
2341 1270 2431 1321 est
2465 1264 2741 1339 penitius,

337 1342 490 1399 Haec
507 1342 666 1398 enim
688 1342 891 1400 omnia
900 1344 1020 1400 alio
1039 1344 1376 1419 respexisse,
1401 1342 1449 1399 si
1470 1358 1594 1397 non
1615 1342 1855 1399 doceret
1877 1342 2225 1417 Apostolus,
2250 1342 2390 1399 satis
2406 1352 2603 1399 tamen
2620 1342 2747 1417 ipsa

336 1420 422 1477 rei
444 1426 662 1477 natura
687 1422 1138 1480 demonstraret.
1171 1422 1323 1480 Cum
1345 1420 1502 1478 enim
1520 1421 1651 1476 haec
1675 1418 1901 1477 fuerint
1916 1420 2198 1478 beneficia
2215 1420 2453 1478 foederis
2471 1420 2743 1494 gratuiti,

337 1498 556 1574 quibus
585 1498 748 1556 Deus
777 1516 838 1556 se
859 1499 1104 1557 illorum
1123 1500 1320 1557 Deum
1337 1498 1685 1569 testabatur,
1704 1515 1893 1573 eoque
1914 1502 2203 1573 tanquam
2224 1498 2525 1573 peculium
2547 1505 2607 1555 et
2626 1504 2752 1557 aar

337 1576 600 1658 nge-besor
627 1578 737 1635 sibi
767 1580 1186 1650 consecrabat3
1231 1578 1484 1635 dubium
1513 1594 1637 1633 non
1664 1584 1772 1646 est,
1800 1574 2017 1647 Deum,
2048 1576 2153 1651 qui
2194 1594 2317 1633 non
2344 1582 2471 1634 tam
2498 1594 2747 1655 corpora

339 1676 525 1732 quam
573 1657 820 1728 animas,
869 1675 978 1715 nec
1023 1666 1148 1715 tam
1195 1664 1492 1714 terrenam
1539 1662 1600 1712 et
1646 1655 2035 1729 temporalem
2082 1655 2514 1727 liberationem,
2564 1675 2747 1732 quam

339 1743 621 1793 aeternam
647 1743 709 1794 et
747 1736 1042 1793 coelestem
1085 1737 1340 1794 salutem
1387 1732 1641 1809 respicit,
1691 1732 1875 1791 altius
1920 1740 2149 1791 mentes
2188 1734 2455 1809 ipsorum
2496 1737 2745 1793 evehere

337 1814 618 1884 voluisse,
647 1820 718 1872 ut
759 1815 888 1872 haec
921 1814 1126 1873 omnia
1161 1832 1284 1871 non
1313 1820 1551 1870 tantum
1579 1818 1777 1869 essent
1802 1810 2169 1869 liberationis
2195 1830 2491 1887 corporeae
2519 1831 2749 1888 organa

337 1899 399 1950 et
423 1893 640 1963 media,
668 1894 770 1949 sed
797 1894 1174 1968 potissimum
1201 1892 1456 1966 pignora
1469 1898 1531 1948 et
1558 1890 1831 1965 symbola
1856 1890 2067 1963 gratiae
2094 1897 2156 1948 et
2182 1891 2603 1965 redemptionis
2630 1893 2751 1969 spi·-

339 1970 576 2029 ritualis
621 1972 686 2028 in
717 1970 970 2042 Christo,
1020 1979 1080 2028 et
1125 1969 1544 2027 beneficiorum
1583 1966 1985 2044 spiritualium
2039 1976 2247 2043 postea
2272 1968 2747 2029 exhibendorum

338 2048 482 2124 typi.
509 2108 518 2118 ,
567 2048 649 2105 Et
675 2068 814 2106 sane
842 2058 914 2107 ut
935 2048 1213 2107 liberatio
1241 2047 1451 2123 populi
1477 2054 1661 2123 typus
1690 2047 1811 2103 fuit
1844 2045 2297 2122 Redemptionis
2324 2056 2558 2119 nostrae,
2591 2048 2752 2107 Pha-

337 2145 444 2183 rao
474 2127 735 2197 Diaboli,
767 2129 1074 2204 AEgyptus
1101 2126 1330 2195 mundi,
1363 2125 1582 2199 Agnus
1611 2124 1917 2184 Paschalis
1948 2124 2185 2197 Christi,
2218 2125 2461 2184 Canaan
2492 2126 2657 2198 coeli,
2688 2135 2748 2185 et

337 2205 452 2261 iter
519 2224 628 2279 per
696 2208 998 2263 desertum
1073 2204 1570 2279 peregrinationis
1640 2210 1859 2261 nostrae
1928 2204 1992 2260 in
2058 2211 2217 2262 terra
2245 2225 2259 2275 ;
2325 2202 2425 2261 Ita
2490 2205 2746 2264 dubium

339 2300 460 2339 non
503 2292 609 2353 est,
653 2286 802 2359 quin
843 2290 904 2342 et
941 2284 1224 2341 columna
1264 2281 1440 2339 nubis
1479 2289 1540 2340 et
1589 2283 1873 2341 transitus
1920 2300 2029 2356 per
2078 2300 2243 2340 mare
2284 2282 2513 2357 aliquid
2553 2310 2745 2360 μυοπ-

338 2360 492 2441 ςιόδις
535 2362 869 2433 habuerint,
913 2369 982 2420 ut
1029 2369 1244 2438 praeter
1281 2362 1448 2438 σχίσιν
1495 2360 1839 2419 historicam
1878 2360 1942 2417 in
1982 2361 2120 2432 illis,
2164 2362 2329 2440 enim
2370 2368 2655 2439 capsave-mul,
2687 2372 2749 2425 et

337 2446 678 2524 epea-yeneno}
731 2460 836 2499 seu
879 2460 1008 2500 esse
1042 2443 1470 2500 sacramentale
1507 2448 1568 2498 et
1598 2440 1917 2514 mysticum
1958 2440 2039 2497 sit
2068 2443 2395 2501 necessario
2438 2447 2749 2503 attenden-

337 2524 503 2581 dum.
589 2522 723 2582 Scio
751 2521 994 2597 quidem
1023 2522 1101 2579 ad
1128 2522 1244 2579 hoe
1270 2520 1649 2597 probandum
1697 2538 1735 2577 a
1759 2517 1939 2575 variis
1964 2520 2202 2579 laudari
2228 2523 2412 2579 verba
2442 2523 2747 2599 Apostoli,

336 2619 455 2658 ver.
514 2602 568 2673 6,
623 2600 797 2660 istius
844 2600 1068 2676 capitiS,
1099 2620 1290 2675 quum
1343 2600 1446 2670 ait,
1503 2606 1688 2657 Ταῧτκ
1740 2596 1790 2656 δι
1816 2596 1963 2655 τὺποι
2018 2600 2146 2675 ἡμων
2172 2604 2441 2672 mundone-ar
2481 2604 2595 2659 τἐια
2624 2602 2753 2680 typi

335 2680 493 2739 ‘nobis
503 2685 771 2756 filerunt,
801 2687 860 2738 et
886 2697 1005 2737 ver.
1041 2678 1132 2748 11,
1155 2680 1218 2735 in
1241 2680 1509 2737 eundum
1537 2696 1798 2747 Sensum,
1824 2685 2007 2736 'razu
2032 2676 2083 2737 31
2110 2706 2280 2739 πειτα
2306 2680 2452 2739 ‘rimu
2480 2680 2751 2749 συιίβιιιον

337 2761 550 2834 isdum„
609 2766 644 2795 ‘⁴
663 2759 816 2817 Haec
863 2757 1067 2815 omnia
1097 2756 1522 2831 contingebant
1567 2756 1713 2830 ipsis
1758 2754 1819 2811 in
1876 2759 2276 2831 exemplum.'’
2384 2758 2633 2830 Verum,
2697 2760 2747 2817 si

339 2848 612 2899 accurate
629 2838 813 2895 verba
828 2836 958 2910 ejus
975 2842 1036 2891 et
1051 2836 1262 2891 seriem
1274 2834 1560 2891 orationis
1579 2832 1965 2901 attendimus,
1979 2833 2178 2892 minus
2198 2844 2379 2905 recte3
2404 2836 2565 2893 Nam
2578 2846 2747 2896 ταῦτα

339 2920 510 2977 minu
527 2920 602 2973 de
625 2916 843 2988 quibus
869 2930 990 2969 ver.
1021 2914 1078 2984 6,
1107 2919 1169 2969 et
1197 2912 1289 2985 11,
1319 2930 1442 2967 11011
1472 2912 1548 2967 ad
1569 2908 1810 2979 nubem,
1840 2925 2021 2979 mare,
2044 2929 2257 2981 escam,
2276 2919 2337 2969 et
2356 2930 2576 2987 aquam
2596 2916 2753 2972 refe-

339 3006 593 3062 runtur3
643 2993 761 3049 Sed
803 2992 880 3047 ad
913 2990 1149 3062 judicia
1175 2996 1236 3045 et
1263 2988 1558 3062 supplicia
1583 2992 1723 3043 ante
1752 2996 2215 3047 commemorata
2240 2989 2579 3064 respiciunt,
2608 3012 2745 3069 quae

338 3076 410 3131 iis
439 3071 598 3147 ipsiS,
628 3069 734 3144 qui
761 3068 1180 3125 beneficiorum
1207 3066 1451 3124 illorum
1477 3062 1794 3139 participes
1820 3062 2137 3125 extiterant
2164 3067 2227 3124 in
2244 3068 2500 3139 deserte,
2530 3070 2748 3128 divini-

337 3160 437 3209 tus
463 3152 706 3207 fuerant
743 3146 1000 3215 inflicta3
1042 3144 1208 3219 quod
1257 3143 1590 3218 Apostolus
1634 3141 1849 3197 diserte
1896 3142 2085 3216 docet,
2116 3164 2306 3221 quum
2326 3146 2521 3205 verbis
2547 3150 2745 3224 proxi-

339 3230 452 3288 mis
493 3225 822 3301 subjungit,
851 3241 970 3281 ver.
1001 3224 1056 3293 6,
1089 3230 1125 3257 ‘⁶
1149 3228 1212 3287 ιίς
1237 3228 1292 3283 τὶ
1318 3225 1387 3299 μὲ
1413 3218 1528 3280 ἴσαι
1557 3222 1855 3295 ἐπιθυμῇ-ις
1880 3226 2062 3299 κακῶ,
2112 3244 2189 3282 116
2236 3224 2421 3283 simus
2468 3229 2749 3304 concupi-

343 3316 568 3367 scentes
595 3304 949 3363 malorum.’'
1031 3301 1096 3361 Si
1125 3304 1286 3362 enim
1313 3308 1622 3379 quaratur,
1642 3300 1888 3376 quinam
1916 3301 2013 3359 isti
2040 3303 2159 3362 sint
2179 3304 2325 3379 typi,
2348 3312 2457 3362 aut
2482 3324 2605 3381 quo
2626 3310 2745 3365 fine

341 3389 511 3446 nobis
541 3386 616 3443 ob
645 3384 852 3441 oculos
877 3381 1164 3456 propositi
1190 3385 1214 3440 ἓ
1253 3382 1591 3457 respondet,
1638 3387 1673 3413 ‘⁴
1696 3386 1759 3437 at
1786 3398 1861 3437 ne
1888 3398 2089 3440 rerum
2114 3384 2409 3441 malarum
2438 3387 2743 3461 eoncupis-

339 3475 538 3525 centes
566 3462 808 3531 simuS‚”
837 3461 1002 3535 quod
1030 3461 1106 3517 ad
1137 3460 1464 3537 symbolica
1488 3460 1604 3516 ista
1632 3458 1982 3533 neutiquam
2011 3462 2299 3535 pertinet;
2341 3465 2505 3537 quod
2534 3468 2747 3523 confir-

339 3552 480 3615 mat,
509 3561 629 3601 ver.
665 3540 756 3611 11,
785 3556 972 3615 quum
1003 3538 1105 3609 ait,
1149 3548 1184 3575 “
1207 3540 1353 3597 talia
1379 3538 1596 3613 scripta
1624 3556 1749 3594 esse
1776 3538 1851 3593 ad
1894 3540 2083 3597 nostri
2112 3542 2645 3613 admonitionem,”
2674 3551 2747 3601 ut

340 3624 562 3681 scilieet
578 3622 962 3676 edoceremur
977 3619 1052 3673 de
1073 3619 1264 3676 officio
1287 3624 1506 3675 nostre.
1555 3615 1772 3691 Itaque
1790 3615 1943 3683 τῦπος
1963 3618 2183 3677 hicnon
2206 3620 2481 3690 sumitur,
2492 3628 2563 3676 ut
2580 3620 2746 3692 alibi,

342 3702 418 3759 ad
448 3698 884 3771 designandum
907 3695 1157 3772 σύμβολον
1185 3700 1300 3779 αἰξὶν
1318 3704 1408 3756 καὶ
1437 3692 1760 3777 μυστηςιόδκ
1782 3722 1846 3771 τι,
1872 3704 1981 3755 aut
1998 3698 2177 3754 etiam
2202 3704 2271 3755 ut
2295 3704 2627 3777 droygaeppdv
2654 3704 2747 3759 ui

340 3781 711 3859 αιαφςαφικὶι
747 3802 813 3846 τι,
857 3779 958 3833 sed
1001 3795 1108 3851 pro
1138 3778 1388 3853 exemplo
1413 3785 1474 3835 et
1501 3776 1891 3847 monimento,
1940 3778 2103 3851 quod
2144 3776 2230 3833 rei
2278 3778 2535 3851 alicujus
2576 3779 2749 3836 utilis

340 3861 702 3925 documento
757 3872 882 3912 esse
935 3858 1134 3931 possit,
1190 3858 1494 3932 quomodo
1543 3861 1869 3928 usurpatur
1925 3854 2079 3912 Phil.
2126 3854 2207 3910 iii.
2267 3856 2359 3925 17,
2407 3855 2436 3912 1
2470 3854 2672 3913 Thess.
2702 3858 2744 3915 i.

339 3938 395 4009 7,
417 3938 531 3995 Tit.
558 3935 616 3993 ii.
640 3935 696 4006 7,
708 3953 916 3991 verum
945 3934 1043 3992 hic
1068 3954 1190 3993 non
1224 3942 1312 3993 est
1335 3932 1649 4010 exemplum
1666 3933 2021 4004 imitationis,
2042 3934 2143 3989 sed
2162 3933 2628 4005 commonitionis,
2646 3936 2745 3992 vel

340 4016 638 4087 cautionis,
665 4022 733 4072 ut
757 4012 1006 4083 Gellius,
1025 4014 1126 4072 lib.
1159 4015 1236 4071 vi.
1261 4032 1385 4089 cap.
1415 4013 1506 4083 14,
1529 4009 1863 4091 πιςιδιῖγμα
1879 4018 2133 4086 usurpat
2152 4030 2260 4085 pro
2290 4018 2325 4045 “
2348 4012 2659 4086 punitione
2680 4012 2743 4070 in

337 4096 680 4169 exemplum
709 4092 1034 4163 adhibita,’'
1065 4095 1224 4151 unde
1254 4092 1483 4151 Latinis
1511 4094 1823 4167 exemplum
1854 4108 2009 4163 saepe
2035 4108 2143 4165 pro
2170 4092 2441 4165 supplicio
2470 4090 2747 4163 sumitur,

334 4175 499 4251 quod
512 4173 644 4231 aliis
655 4173 1012 4230 documento
1031 4173 1123 4244 sit,
1145 4171 1532 4245 “exemplum
1549 4171 1610 4227 in
1630 4170 1893 4245 aliquem
1905 4169 2225 4236 statuere,”
2244 4175 2333 4225 est
2352 4187 2490 4226 eum
2502 4168 2745 4241 punire:

340 4254 530 4312 Sensu
561 4270 703 4327 ergo
753 4250 928 4309 Pauli
969 4258 1091 4321 est;
1136 4250 1308 4307 Talia
1336 4249 1567 4322 judicia
1592 4249 1816 4305 inflicta
1839 4246 2027 4303 fuisse
2058 4243 2364 4318 Israelitis,
2392 4266 2527 4323 quae
2550 4264 2749 4305 exem-

335 4334 438 4407 plo
449 4338 508 4389 et
517 4334 876 4387 documento
887 4329 1059 4385 nobis
1080 4346 1203 4385 esse
1221 4328 1496 4396 debeant,
1509 4344 1584 4382 ne
1601 4326 2138 4400 paritez-peccantes
2158 4324 2377 4400 pariter
2397 4326 2745 4399 plectamur.

419 4409 604 4467 XVI.
651 4409 766 4467 Sed
815 4406 1044 4463 Paulus
1087 4407 1318 4463 clavem
1364 4404 1631 4477 mysterii
1658 4404 1829 4461 istius
1865 4401 2036 4458 nobis
2064 4402 2251 4460 tradit
2276 4403 2338 4460 in
2368 4404 2579 4474 verbis,
2608 4424 2745 4480 quae

337 4508 458 4564 prae
513 4488 789 4544 manibus
831 4485 1158 4552 habemus;
1203 4500 1312 4539 nec
1352 4480 1508 4538 enim
1559 4482 1854 4556 potuisset
1894 4480 2106 4551 dicere,
2152 4488 2189 4515 “
2210 4482 2542 4557 baptizatos
2568 4482 2747 4541 fuisse

342 4566 547 4624 Patres
575 4566 638 4622 in
667 4564 921 4632 Mosem,
950 4563 1013 4619 in
1041 4563 1219 4631 nube,
1249 4566 1310 4617 et
1335 4560 1544 4629 mari,”
1573 4560 1687 4617 nisi
1714 4560 1996 4617 columna
2042 4560 2218 4617 nubis
2246 4570 2305 4617 et
2334 4562 2616 4619 transitus
2642 4580 2753 4637 per

341 4663 502 4699 mare
527 4644 874 4699 habuissent
903 4641 1130 4715 aliquid
1161 4640 1573 4714 symbolicum,
1605 4640 1767 4713 quod
1791 4638 2174 4713 responderet
2206 4640 2587 4699 Sat-ramento
2616 4658 2755 4696 nos-
