3234 5192
492 340 609 395 640
1037 351 1116 391 ns
1148 350 1637 391 sansucnoms
1668 348 1911 390 emus‘n
1947 350 2260 392 vxmmrr..
2509 338 2768 411 [DlsPUT.
2800 352 2900 395 xx.

482 516 608 555 sese
636 502 910 572 tanquam
938 494 1149 553 vadem
1176 495 1306 553 loco
1333 501 1699 571 peccatorum
1729 493 2133 569 substituendi,
2164 501 2223 553 et
2251 515 2318 553 ea
2346 495 2538 553 omnia
2584 496 2898 573 praestandi

483 584 542 635 et
570 575 828 653 patiendi
856 594 985 653 quae
1034 574 1357 633 necessaria
1406 581 1569 633 erant
1616 574 1693 632 ad
1737 594 1883 651 opus
1931 574 2341 653 redemptionis
2382 576 2801 653 exequendum,
2834 578 2895 634 vi

484 656 719 715 foederis
748 676 879 714 cum
908 656 1034 735 ipso
1074 655 1218 714 initi.
1265 654 1469 729 Quoad
1512 654 1778 731 priorem,
1810 653 2013 715 damus
2043 655 2332 715 Christum
2363 656 2686 733 subjectum
2715 656 2893 716 fuisse

482 737 598 814 legi
620 736 909 795 communi
928 736 1283 812 subjectione
1306 734 1553 793 naturali
1575 742 1860 811 quatenus
1880 735 2053 793 homo
2076 744 2134 794 et
2155 745 2413 795 creatura
2435 734 2557 811 fuit,
2579 736 2712 795 huic
2741 737 2894 795 enim

484 817 603 893 legi
628 818 799 876 etiam
822 816 1016 894 angeli
1039 816 1150 893 ipsi
1178 815 1237 873 in
1267 815 1413 873 coelo
1436 824 1494 873 et
1522 814 1757 892 spiritus
1779 816 2160 875 consummati
2181 817 2278 893 qui
2301 817 2510 875 suntin
2532 817 2734 895 patria,
2760 816 2895 875 sub·

478 897 775 974 jiciuntur,
797 917 965 955 nemo
996 896 1147 955 enim
1172 903 1260 954 est
1288 896 1388 971 qui
1416 915 1533 953 non
1564 903 1828 954 teneatur
1845 914 2064 954 summe
2094 916 2285 955 amare
2317 898 2504 956 Deum
2534 906 2592 954 et
2615 897 2698 953 illi
2727 898 2893 955 obsc-

484 978 619 1054 qui;
668 977 783 1036 Sed
812 986 1075 1055 respectu
1124 975 1458 1053 posterioris
1484 995 1687 1034 verum
1717 983 1807 1034 est
1856 976 2044 1035 dicere
2089 976 2380 1035 Christum
2409 997 2522 1035 non
2567 976 2742 1035 fuisse
2799 980 2894 1035 ὑπο

486 1058 620 1135 νόμον
647 1057 840 1135 quoad
869 1077 947 1132 se,
980 1056 1087 1115 sub
1116 1056 1247 1132 lege
1276 1056 1497 1114 scilicet
1525 1055 1627 1113 illa
1648 1057 2000 1115 oeconomica
2035 1065 2092 1116 et
2121 1058 2357 1133 speciali
2385 1077 2512 1135 quae
2541 1056 2660 1116 lata
2688 1057 2775 1114 illi
2803 1066 2892 1116 est

485 1139 546 1195 in
575 1148 731 1197 statu
757 1138 886 1213 viae,
925 1146 983 1195 et
1011 1138 1070 1197 in
1117 1156 1247 1195 eum
1292 1136 1465 1194 finem
1510 1144 1577 1194 ut
1602 1136 1663 1193 in
1713 1136 1894 1195 forma
1939 1138 2089 1196 servi
2119 1146 2176 1196 et
2223 1137 2566 1196 humilitatis
2611 1138 2894 1197 curriculo

485 1220 667 1277 vitam
697 1218 863 1277 nobis
892 1216 1367 1295 perfectissimam
1392 1235 1495 1275 sua
1524 1216 1852 1275 obedientia
1881 1227 2340 1294 consequeretur.
2404 1218 2526 1277 Nec
2555 1218 2709 1276 enim
2737 1227 2892 1276 tene-

484 1299 655 1358 batur
681 1319 785 1376 pro
814 1319 875 1357 se
914 1298 989 1356 ad
1020 1296 1359 1357 Mediatoris
1408 1296 1658 1355 officium
1707 1297 2150 1373 suscipiendum,
2183 1307 2546 1375 peccatorum
2590 1318 2892 1375 personam

485 1379 899 1453 sustinendam,
930 1386 990 1437 et
1018 1398 1086 1436 ea
1114 1378 1306 1435 omnia
1326 1376 1589 1435 facienda
1617 1385 1675 1435 et
1703 1378 1973 1453 patienda
1989 1398 2118 1454 quae
2148 1398 2260 1435 non
2281 1378 2452 1436 modo
2481 1399 2516 1436 a
2543 1378 2710 1437 nobis
2734 1388 2895 1437 erant

486 1459 699 1535 debita,
732 1458 835 1517 sed
879 1479 1008 1536 quae
1052 1456 1376 1517 necessaria
1419 1465 1581 1515 erant
1625 1477 1728 1533 per
1756 1476 1816 1515 se
1847 1457 1920 1514 ad
1969 1457 2212 1515 salutem
2264 1457 2655 1516 obtinendam.
2703 1458 2896 1516 Homo

484 1548 711 1617 poterat
737 1539 897 1597 nasci
926 1546 983 1596 et
1010 1538 1202 1596 viator
1220 1538 1329 1595 hoc
1351 1536 1523 1594 modo
1540 1556 1657 1593 non
1687 1536 1826 1609 fieri,
1849 1544 1912 1593 ut
1930 1537 1980 1593 si
1995 1544 2232 1594 'creatus
2261 1546 2319 1594 et
2347 1537 2663 1595 collocatus
2692 1538 2896 1596 fuisset

483 1620 642 1677 illico
687 1620 747 1675 in
791 1618 1075 1695 paradise,
1124 1616 1175 1675 si
1218 1636 1452 1674 munere
1502 1616 1838 1673 mediatorio
1889 1634 2004 1672 non
2053 1615 2255 1673 fuisset
2297 1615 2626 1674 instructus
2675 1617 2892 1675 Verum

484 1698 719 1775 quidem
749 1707 837 1756 cst
863 1697 1279 1755 humanitatem
1311 1694 1524 1753 Christi
1567 1714 1692 1753 esse
1736 1692 2120 1753 conditionem
2169 1696 2287 1753 sine
2315 1716 2428 1771 qua
2457 1716 2584 1769 non,
2616 1696 2753 1771 quia
2781 1696 2891 1755 nisi

486 1779 659 1835 homo
690 1777 909 1849 fuisset,
942 1775 1129 1834 viator
1150 1795 1277 1833 esse
1305 1795 1422 1832 non
1460 1773 1759 1851 potuisset,
1793 1773 2077 1850 siquidem
2121 1772 2196 1832 ad
2223 1775 2484 1832 homines
2513 1782 2734 1834 tantum
2765 1798 2892 1853 per-

486 1858 632 1915 tinet
660 1865 844 1916 status
873 1856 969 1914 ille
1002 1856 1111 1913 viae
1141 1854 1213 1913 de
1242 1874 1356 1932 quo
1384 1854 1690 1931 loquimur,
1723 1852 1824 1912 sed
1867 1873 1982 1911 non
2031 1854 2291 1933 sequitur
2334 1875 2410 1913 ex
2439 1875 2506 1913 eo
2536 1856 2692 1932 quod
2719 1858 2894 1915 homo

485 1946 591 2011 est,
623 1936 896 1995 continuo
924 1936 1206 1994 viatorem
1249 1955 1393 2009 esse,
1426 1934 1615 2012 potuit
1659 1933 1812 1993 enim
1855 1935 2028 1992 homo
2079 1954 2204 1994 esse
2227 1944 2286 1995 et
2333 1955 2450 1993 non
2499 1936 2702 1995 viator.
2749 1938 2892 1995 Cum

487 2038 626 2095 ergo
658 2016 921 2076 Christus
950 2016 1161 2075 dicitur
1190 2016 1335 2093 Legi
1366 2016 1663 2093 subjectus
1691 2023 1975 2092 quatenus
2001 2016 2192 2091 hom0,
2217 2014 2480 2073 bifariam
2508 2025 2699 2093 potest
2729 2017 2894 2075 intel-

486 2098 610 2177 ligi,
641 2099 736 2157 vel
765 2098 1127 2177 specfficative
1154 2105 1219 2156 ut
1246 2105 1477 2155 notetur
1520 2095 1864 2174 principium
1893 2104 1952 2155 ct
2001 2096 2323 2174 subjectum
2369 2096 2526 2174 quod
2573 2097 2893 2174 subjicitur,

490 2187 549 2239 et
594 2180 677 2238 sie
706 2184 845 2238 v'era
866 2187 955 2237 est
980 2176 1315 2256 propositiO,
1348 2177 1484 2254 quia
1511 2176 1573 2235 in
1602 2176 1831 2235 Christo
1860 2197 1976 2235 non
2015 2176 2215 2235 divina
2263 2185 2482 2251 natura,
2514 2176 2617 2236 sed
2644 2178 2895 2236 humana

490 2260 614 2319 sola
629 2268 855 2336 poterat
884 2259 1119 2317 subesse
1151 2258 1315 2333 Legi,
1349 2266 1407 2316 et
1436 2257 1719 2315 sustinere
1746 2276 2049 2335 personam
2079 2257 2351 2333 viatoris;
2383 2258 2475 2316 vel
2500 2260 2898 2335 reduplicatiz·c

488 2348 554 2399 ut
574 2340 861 2398 indicetur
887 2338 1033 2396 ratio
1062 2338 1317 2395 formalis
1346 2345 1579 2413 propter
1606 2356 1781 2412 quam
1810 2337 1886 2394 sit
1915 2336 2197 2411 subjectio
2227 2345 2286 2394 et
2333 2337 2587 2394 conditio
2636 2338 2892 2413 viatoris,

490 2420 569 2476 Et
597 2420 680 2475 sic
708 2418 854 2474 falsa
882 2424 986 2489 est,
1018 2435 1152 2472 nam
1181 2416 1231 2471 si
1258 2416 1367 2471 hoc
1396 2414 1545 2473 foret
1572 2414 1826 2471 conditio
1855 2415 2110 2487 viatoriS,
2165 2415 2401 2473 deberet
2449 2434 2573 2472 esse
2603 2416 2891 2493 insepara-

483 2496 620 2555 bilis
648 2516 683 2552 a
711 2502 987 2564 creatura,
1018 2492 1174 2568 quod
1204 2500 1395 2549 tamen
1424 2492 1630 2550 falsum
1663 2501 1768 2566 est,
1801 2512 1932 2550 cum
1958 2512 2111 2550 nunc
2153 2494 2415 2551 Christus
2463 2494 2585 2568 ipse
2615 2496 2760 2554 nulli
2789 2498 2890 2555 tali

482 2574 815 2634 necessitati
842 2572 1089 2649 amplius
1118 2571 1320 2646 subsit,
1351 2579 1410 2629 et
1437 2572 1594 2630 beati
1622 2571 1722 2648 qui
1749 2582 1885 2629 sunt
1914 2571 1972 2627 in
2011 2572 2195 2649 patria
2243 2572 2748 2647 comprehensores
2777 2598 2892 2635 non

481 2654 704 2733 possint
734 2652 982 2731 amplius
1011 2651 1126 2710 dici
1154 2651 1422 2710 viatores,
1469 2651 1565 2711 Ex
1595 2651 1806 2729 quibus
1835 2650 1986 2710 clare
2017 2660 2257 2727 constat,
2312 2651 2604 2710 Christum
2633 2674 2760 2711 cum
2792 2655 2890 2714 isti

483 2734 830 2813 subjectioni
860 2733 1199 2792 voluntariae
1229 2740 1287 2792 et
1314 2732 1683 2791 oeconomicae
1711 2752 1827 2790 non
1855 2740 2146 2791 teneretur
2172 2732 2525 2805 naturaliter,
2559 2740 2617 2791 et
2671 2754 2775 2811 pro
2805 2755 2883 2811 se,

480 2816 583 2876 sed
612 2824 835 2877 tantum
864 2834 969 2892 pro
998 2814 1164 2873 nobis
1192 2834 1268 2873 ex
1296 2812 1571 2890 peculiari
1601 2812 1940 2871 Mediatoris
1969 2812 2172 2888 officiO,
2197 2812 2420 2889 Legem
2449 2814 2622 2871 etiam
2651 2835 2766 2873 non
2785 2836 2886 2891 pro

480 2918 542 2958 se
572 2898 676 2957 sed
702 2916 806 2975 pro
828 2894 996 2954 nobis
1024 2904 1249 2955 tantum
1296 2913 1365 2952 eo
1408 2903 1676 2972 respectu
1723 2892 1960 2971 implere
2010 2892 2294 2969 debuisse,
2327 2901 2498 2971 atque
2547 2892 2691 2954 adeo
2720 2914 2890 2973 posse
2935 2916 2942 2921 ·

480 2999 607 3038 eam
638 2976 1023 3037 obedientiam
1045 2978 1204 3053 juste
1232 2974 1399 3033 nobis
1417 2974 1690 3052 imputari
1713 2996 1726 3049 ;
1759 2972 1915 3052 quod
1941 2976 2194 3052 negabat
2212 2973 2617 3033 Adversarius.

564 3058 895 3116 XXXIII.
928 3060 983 3115 4.
1030 3058 1225 3132 Resp.‚
1276 3053 1375 3113 Ad
1412 3055 1551 3114 min.
1584 3054 1847 3115 Christus
1884 3054 2234 3114 considerari
2261 3062 2469 3133 potest,
2516 3055 2612 3113 vel
2667 3056 2886 3115 ratione

484 3142 746 3197 Personoe
764 3137 856 3195 vel
888 3138 1107 3195 ratione
1150 3146 1372 3194 natm-m
1398 3136 1676 3193 humanoe.
1721 3136 1890 3193 Licet
1933 3136 2236 3213 posteriori
2286 3143 2550 3213 respectu
2595 3136 2889 3195 debuisset

480 3216 866 3275 obedientiam
896 3236 1011 3290 qua
1038 3218 1199 3274 homo
1226 3238 1251 3281 ,·
1292 3234 1408 3272 non
1437 3215 1626 3291 potuit
1653 3224 1844 3273 tamen
1873 3216 2048 3292 priori
2098 3216 2305 3275 debere
2351 3236 2464 3291 qua
2493 3218 2652 3275 Deus
2679 3216 2776 3273 vel
2797 3237 2885 3273 ra-

478 3298 634 3355 tione
661 3314 939 3371 personae,
972 3294 1108 3371 quia
1136 3314 1265 3352 cum
1298 3295 1372 3352 sit
1394 3294 1593 3352 divina
1623 3295 1982 3353 eximebatur
2010 3316 2078 3354 eo
2106 3297 2231 3372 ipso
2253 3318 2288 3353 a
2307 3295 2439 3373 jure
2468 3295 2569 3353 illo
2598 3297 2885 3355 communi

479 3377 571 3435 cui
601 3374 862 3431 homines
892 3382 1027 3431 sunt
1071 3373 1343 3447 obnoxii3
1392 3372 1539 3447 Quia
1586 3382 1778 3431 autem
1809 3374 2071 3433 Christus
2101 3378 2391 3434 stsediator
2438 3384 2526 3433 est
2572 3376 2884 3434 secundum

478 3466 781 3530 utramque
803 3462 1085 3528 naturam,
1117 3462 1177 3512 et
1202 3452 1459 3511 actiones
1488 3461 1547 3511 et
1573 3454 1887 3529 passiones,
1920 3463 1985 3513 ut
2012 3464 2228 3530 notum,
2257 3463 2390 3514 sunt
2419 3455 2841 3533 suppositorum
2869 3478 2882 3531 3

478 3536 588 3596 etsi
616 3534 847 3593 fuerunt
874 3533 1111 3592 alterius
1140 3540 1358 3591 naturae
1388 3534 1706 3613 ξηςγιίμιιτα,
1735 3534 1965 3594 fuerunt
1993 3543 2186 3595 tamen
2215 3536 2391 3594 totius
2420 3556 2678 3613 personae
2707 3542 2887 3595 ἀποπ-

481 3618 731 3693 >tiam-ra.
779 3615 984 3691 Itaque
1012 3613 1170 3691 quod
1198 3612 1269 3671 dc
1302 3614 1556 3672 Persona
1584 3614 1782 3672 divina
1811 3614 1924 3674 dici
1973 3635 2089 3673 non
2117 3624 2309 3693 potest
2355 3624 2509 3674 recte
2555 3616 2628 3675 de
2657 3617 2889 3675 Christo

480 3706 742 3776 negatur,
773 3695 911 3754 licet
940 3695 1047 3753 hoc
1097 3714 1201 3753 suo
1252 3714 1426 3752 sensu
1470 3702 1737 3771 respectu
1785 3695 2050 3755 humanae
2105 3704 2325 3754 naturae
2368 3696 2451 3753 illi
2481 3696 2655 3755 tribui
2684 3698 2886 3775 possit.

484 3780 581 3838 Sic
628 3783 805 3853 negat
848 3777 1056 3852 Apost.
1108 3774 1395 3834 Christum
1448 3774 1794 3834 decimatum
1843 3775 2020 3835 fuisse
2070 3775 2128 3834 in
2183 3776 2396 3834 lumbis
2441 3774 2698 3836 Abrahae
2753 3798 2886 3837 cum

484 3860 649 3933 Levi,
682 3856 836 3915 IIeb.
876 3855 995 3931 vii„
1025 3855 1163 3913 licet
1189 3874 1307 3912 non
1350 3854 1541 3913 minus
1590 3875 1762 3932 quam
1793 3856 1942 3914 Levi
1969 3856 2029 3914 in
2059 3856 2184 3934 ipso
2211 3855 2386 3915 fuerit
2432 3857 2653 3916 ratione
2697 3860 2885 3917 carnis

480 3948 680 4016 utpote
703 3958 778 3997 ex
806 3936 849 3995 J
856 3935 969 3995 uda
997 3935 1291 4010 oriundus,
1344 3936 1481 4011 quia
1524 3956 1640 3993 non
1691 3944 1813 3995 erat
1860 3936 1920 3994 in
1949 3936 2075 4013 ipso
2127 3935 2441 3995 secundum
2481 3944 2662 3996 totam
2689 3958 2884 4015 perso-

478 4040 613 4078 nam
653 4027 710 4078 et
752 4017 1009 4076 divinam
1058 4024 1321 4074 naturam
1366 4036 1495 4092 quae
1543 4015 1734 4093 potior
1775 4024 1862 4075 est
1913 4025 1971 4075 et
2007 4017 2254 4075 nobilior
2294 4037 2428 4093 pars
2470 4037 2726 4093 personae
2759 4018 2882 4076 Mc-

478 4100 751 4173 diatoris;
800 4097 931 4155 Pari
969 4096 1138 4174 plane
1199 4102 1367 4173 pacto
1409 4096 1545 4173 quia
1587 4096 1916 4155 obedientia
1961 4096 2174 4155 Christi
2202 4096 2548 4157 Mediatoris
2593 4098 2701 4157 fuit
2735 4102 2882 4157 Sur-

474 4178 611 4262 ’3⁴⁸³‘
632 4178 881 4238 hominis
908 4178 1050 4253 veri,
1077 4176 1309 4235 sednon
1338 4176 1496 4251 meri,
1530 4176 1710 4254 ipsius
1740 4176 1959 4235 scilicet
1990 4178 2100 4235 Dei
2126 4177 2232 4235 filii
2253 4177 2353 4255 qui
2381 4177 2591 4235 dicitur
2608 4178 2884 4238 obediens

478 4261 665 4320 factus
695 4258 855 4318 Patri
883 4278 1065 4335 usque
1084 4256 1159 4315 ad
1186 4264 1447 4333 mortem,
1474 4257 1546 4315 ad
1569 4277 1741 4334 quam
1772 4258 2104 4335 neutiquam
2135 4256 2437 4316 tenebatur
2463 4268 2726 4334 respectu
2755 4280 2881 4337 per-

480 4360 636 4399 sonae
666 4348 724 4398 et
740 4347 960 4398 naturae
989 4338 1219 4413 divinae,
1250 4345 1404 4397 recte
1450 4338 1564 4396 dici
1584 4343 1776 4415 potest
1820 4358 1946 4397 eam
1996 4358 2098 4416 pro
2129 4358 2190 4397 se
2230 4358 2344 4396 non
2392 4337 2676 4413 debuisse,
2709 4348 2882 4417 atque

476 4419 622 4478 adeo
651 4419 906 4495 potuisse
933 4419 1093 4476 illam
1110 4438 1214 4494 pro
1243 4418 1411 4477 nobis
1434 4418 1781 4496 impendere.
1830 4419 1926 4477 Sic
1948 4420 2250 4496 probatum
2278 4418 2388 4477 fuit
2420 4418 2880 4479 Satisfactionem

474 4519 591 4556 non
622 4498 798 4556 fuisse
828 4498 1237 4576 impossibilem
1270 4518 1305 4556 a
1332 4509 1492 4575 parte
1522 4498 1736 4559 Christi
1761 4519 1775 4573 3
1797 4520 1912 4558 non
1944 4500 2134 4558 minus
2155 4498 2488 4575 possibilem
2518 4518 2552 4556 a
2581 4510 2740 4576 parte
2759 4522 2882 4578 Ρω-

474 4598 562 4637 noe
588 4576 854 4651 ferendae,
886 4578 982 4636 vel
1010 4578 1290 4637 hominum
1318 4599 1544 4639 reorum
1574 4598 1822 4655 sequens
1851 4578 2080 4639 docebit
2112 4579 2456 4657 DisputatiO.
