3234 5192
932 894 1479 973 DISPUTATIO
1564 894 2154 987 THEOLOGICA,

590 1150 769 1241 DE
898 1148 1841 1243 SCRIPTURAE
1969 1150 2496 1243 SACRAE

748 1408 1289 1479 AUTHORITATE
1360 1408 1758 1477 ADVERSUS
1829 1407 2336 1478 PONTIFIGIOS.

1286 1823 1503 1884 PARS
1548 1823 1820 1885 PRIOR.

762 2064 1155 2141 zze-spondente
1185 2062 1513 2122 Mtcnsnnn
1544 2062 1958 2137 Tunnn‘rrmo,
1995 2062 2324 2122 Gomon-si.

424 2220 475 2281 1.
522 2222 741 2281 Mirum
786 2222 1057 2301 equidem
1086 2221 1275 2283 videri
1300 2222 1413 2283 hoc
1457 2222 1650 2297 debet,
1703 2230 1764 2281 et
1807 2220 2013 2280 merito
2061 2220 2394 2298 dolendum,
2425 2220 2582 2299 quod
2632 2242 2764 2282 cum

341 2322 417 2361 ex
435 2302 747 2379 Scripmris
774 2302 913 2361 olim
940 2302 1367 2381 disputaretur;
1402 2304 1527 2382 jam
1570 2322 1640 2362 eo
1687 2322 1780 2361 res
1821 2300 2057 2362 redierit
2081 2310 2148 2363 ut
2173 2304 2244 2361 de
2270 2302 2581 2379 Scriptum&
2607 2301 2770 2381 ipsis,

345 2400 591 2459 quarum
620 2390 814 2442 tamen
863 2381 1018 2461 apud
1064 2382 1423 2443 Christianos
1468 2390 1836 2445 sacrosancta
1890 2380 2094 2442 debuit
2119 2402 2248 2442 esse
2299 2382 2598 2462 Majestas,
2649 2382 2764 2443 dis-

344 2469 597 2539 putetur.
684 2461 803 2521 Hic
831 2462 1053 2523 scilicet
1088 2462 1199 2521 fuit
1228 2463 1662 2525 Pontificiorum
1691 2470 1870 2537 astus,
1901 2462 2004 2540 qui
2043 2462 2184 2523 dum
2211 2463 2272 2521 in
2303 2462 2601 2542 Scriptura
2628 2464 2770 2524 satis

346 2540 603 2620 praesidii
628 2562 747 2601 non
772 2542 1097 2619 inveniunt,
1126 2542 1203 2601 ad
1230 2542 1624 2623 Exceptiones
1651 2550 1852 2603 contra
1871 2542 1998 2602 Scri
2038 2550 2228 2605 turam
2255 2562 2383 2604 sese
2409 2554 2768 2623 receperunt,

348 2630 407 2681 et
432 2630 501 2681 ut
526 2622 907 2699 plausibiliori
956 2642 1089 2683 cum
1141 2630 1429 2700 pratextu
1476 2627 1605 2703 ejus
1653 2622 1936 2682 Tribunal
2023 2624 2355 2700 eclinarent,
2413 2630 2472 2683 et
2526 2624 2602 2683 ad
2659 2624 2770 2683 Ec-

352 2700 607 2777 clesiam,
657 2702 771 2761 hoc
816 2710 906 2763 est
951 2703 1237 2763 Doctores
1286 2723 1421 2764 suos
1450 2726 1521 2764 ac
1568 2702 1930 2777 Pontificem,
1981 2712 2382 2779 provocarent,
2429 2704 2656 2781 ipsique
2709 2704 2772 2761 in

353 2800 531 2841 causa
556 2801 663 2840 sua
689 2782 895 2842 Testes
940 2789 999 2841 et
1046 2783 1089 2843 J
1092 2782 1293 2841 udices
1330 2784 1615 2860 sederent,
1645 2784 1894 2843 ado-mh·
1941 2782 2070 2859 ejus
2098 2790 2158 2841 et
2183 2783 2545 2859 dignitatem,
2577 2782 2630 2840 si
2656 2802 2774 2841 non

354 2861 585 2939 penitus
623 2870 901 2936 evertere,
938 2862 1149 2922 mirum
1191 2862 1254 2920 in
1280 2864 1517 2924 modum
1547 2862 1753 2922 saltem
1795 2868 2101 2921 concutere
2144 2869 2204 2919 et
2243 2860 2589 2920 labefactare
2639 2871 2775 2921 sunt

358 2940 568 3001 conati.
652 2940 853 3019 Atque
880 2942 1017 3001 hinc
1067 2943 1299 3017 factum,
1346 2952 1414 3003 ut
1454 2943 1723 3021 quamvis
1751 2940 2160 3001 controversias
2197 2939 2270 2998 de
2319 2938 2617 3016 Scriptura
2655 2958 2774 2999 non

361 3018 585 3080 soleant
611 3020 763 3081 inter
810 3023 1152 3099 fflmaricw,
1198 3023 1301 3081 sed
1342 3021 1746 3097 Secundarias,
1785 3038 1916 3098 quae
1964 3018 2134 3077 nobis
2162 3038 2294 3077 cum
2323 3017 2644 3079 Pontificiis
2685 3019 2773 3077 in-

360 3099 679 3177 tercedunt,
710 3100 847 3178 quia
871 3122 987 3161 non
1016 3101 1151 3161 inde
1172 3101 1421 3179 primum
1450 3101 1735 3179 disputari
1783 3108 2036 3177 coeptum
2066 3106 2171 3174 est,
2202 3118 2320 3157 non
2363 3098 2554 3158 minus
2581 3108 2776 3159 tamen

361 3200 571 3258 graves
600 3189 660 3240 et
684 3190 1059 3241 momentosas
1086 3180 1273 3240 videri
1300 3180 1586 3257 debeant3
1633 3180 1764 3239 Imo
1791 3198 1860 3239 eo
1888 3178 2077 3257 magis
2098 3180 2436 3240 necessariae
2457 3181 2582 3259 jam
2609 3179 2776 3241 factae

362 3260 517 3336 sint;
588 3260 745 3338 quod
810 3261 993 3321 instar
1036 3260 1193 3321 basis
1246 3267 1307 3321 et
1354 3259 1714 3321 fundamenti
1763 3259 1988 3319 caeteris
2045 3262 2456 3337 praestruendae
2521 3261 2776 3322 veniant.

364 3340 509 3399 Cum
538 3340 691 3399 enim
725 3340 1021 3419 Scriptura
1050 3341 1126 3400 sit
1154 3339 1509 3419 Principium
1538 3348 1595 3400 et
1625 3340 1856 3433 Regula
1875 3339 2013 3399 fidei
2039 3348 2268 3417 nostrae,
2299 3342 2528 3403 nutabit
2555 3362 2782 3421 semper

365 3418 477 3480 ista
525 3429 587 3559 ἷξ-
622 3439 839 3559 ¹anticeps
883 3420 1143 3495 haerebit,
1190 3420 1303 3481 nisi
1344 3420 1501 3481 illius
1528 3420 1862 3481 Authomtas
1904 3429 2126 3481 asserta
2173 3424 2352 3483 semel
2378 3422 2553 3483 fuerit
2593 3430 2652 3481 et
2679 3422 2777 3482 de-

366 3518 532 3559 mons
588 3520 623 3559 a
684 3544 699 3559 .

368 3617 592 3669 Quaestio
642 3620 701 3665 d„
745 3621 849 3667 Au,
974 3582 1060 3641 ΙΙ.
1106 3583 1251 3642 Cum
1281 3601 1419 3642 vero
1449 3580 1706 3657 Quaestio
1727 3581 1801 3641 de
1827 3556 2182 3642 Authbritate
2201 3583 2516 3659 Ser-:piures
2541 3581 2777 3657 duplex,

430 3676 667 3723 thoi-itate
688 3678 851 3737 Serip-
892 3662 1175 3721 adversus
1219 3662 1336 3721 duo
1374 3662 1676 3723 hominum
1724 3680 1938 3740 genera
1983 3662 2170 3738 possit
2215 3662 2458 3722 institui.
2565 3660 2777 3736 Primo,

370 3792 413 3837 1.
430 3736 854 3841 fflfflflssffiffi..
894 3740 1203 3802 Adversus
1231 3741 1459 3803 Atheos
1487 3750 1547 3801 et
1596 3741 1933 3819 Epicureos,
1977 3741 2080 3818 qui
2137 3762 2172 3799 a
2223 3741 2502 3819 religione
2549 3740 2781 3817 penitus

370 3850 415 3897 2.
446 3848 635 3897 Contra
684 3854 853 3899 Ponti·
894 3820 1087 3897 alieni,
1131 3822 1353 3881 nullam
1381 3822 1566 3881 Verbi
1592 3822 1764 3883 istius
1810 3820 2245 3881 Authoritatem
2293 3828 2353 3880 et
2400 3818 2782 3879 Divinitatem

430 3906 569 3955 fletos
612 3924 723 3967 qum
778 3912 857 3959 hio
894 3910 1238 3979 agnoscunt.
1327 3902 1610 3978 Secundo,
1659 3910 1860 3963 contra
1908 3900 2261 3977 Pontificios,
2317 3900 2419 3978 qui
2471 3898 2612 3957 licet
2657 3918 2786 3958 eam

433 3972 695 4013 tractatur.
900 3982 1133 4042 credere
1164 4002 1225 4043 se
1252 3990 1313 4042 et
1360 3982 1632 4060 amplecti
1658 3984 2050 4062 profiteantur,
2081 3982 2165 4041 ita
2189 3989 2382 4041 tamen
2426 3978 2787 4056 suspendunt

375 4056 449 4115 ab
476 4056 849 4121 Authoritate
890 4061 1188 4137 Ecclesiae,
1217 4062 1458 4141 ejusque
1487 4063 1862 4139 TestimoniO,
1891 4070 1958 4123 ut
1985 4062 2205 4141 absque
2233 4081 2302 4121 eo
2347 4060 2396 4119 si
2423 4079 2540 4118 non
2569 4078 2697 4119 esse
2724 4057 2784 4117 in

378 4156 457 4213 se,
508 4138 713 4199 saltem
757 4141 951 4218 quoad
996 4160 1105 4201 nos
1165 4161 1283 4201 non
1325 4143 1511 4220 possit
1552 4142 1929 4205 innotescere.
2015 4143 2137 4202 Nos
2185 4140 2362 4221 priori
2403 4139 2582 4198 missa
2633 4158 2790 4199 nunc

377 4216 629 4294 quidem,
661 4240 791 4297 quse
836 4221 981 4281 alias
1017 4221 1377 4283 commodius
1418 4223 1632 4300 poterit
1685 4223 1934 4299 tractari,
1981 4222 2356 4300 posteriorem
2399 4218 2788 4297 aggredimur,

380 4298 853 4377 probandumque
883 4300 1029 4360 adeo
1072 4302 1417 4379 suscipimus
1464 4322 1595 4360 cum
1638 4303 1792 4361 bono
1837 4302 1980 4377 Deo,
2015 4300 2368 4378 Scripturam
2410 4298 2470 4360 S.
2491 4298 2575 4358 ita
2601 4321 2704 4380 per
2732 4320 2794 4361 se

381 4376 681 4437 abr-'armon
708 4399 835 4440 esse
865 4388 925 4439 et
954 4380 1247 4455 Divinam,
1278 4388 1345 4439 ut
1371 4400 1480 4441 nec
1506 4381 1567 4439 in
1596 4400 1678 4457 se,
1709 4401 1816 4441 nec
1844 4380 2038 4457 quoad
2076 4400 2184 4440 nos
2211 4379 2618 4441 authoritatem
2647 4382 2794 4442 obti-

382 4466 517 4517 neat
542 4459 618 4518 ab
661 4460 943 4519 Ecclesia.

464 4536 586 4598 111.
618 4538 737 4599 Hic
765 4546 957 4601 autem
980 4560 1053 4598 ne
1084 4538 1143 4598 in
1169 4538 1370 4597 limine
1390 4538 1800 4617 impingamus,
1833 4538 2028 4599 Primo
2049 4540 2360 4620 aperienda
2385 4552 2475 4603 est
2501 4542 2802 4620 utriusque

382 4618 562 4693 partis
590 4619 893 4698 sententia,
924 4628 989 4679 ut
1018 4618 1245 4679 facilius
1272 4618 1628 4697 deprehendi
1655 4620 1854 4698 possit,
1889 4620 1950 4680 in
1977 4640 2094 4700 quo
2122 4631 2388 4684 versetur
2413 4624 2805 4683 vexatissimae
