3234 5192
342 384 574 426 msru‘r.
604 362 783 444 xxv.]
947 382 1027 423 ns
1068 380 1405 425 00110011ομ
1446 380 1629 422 mum
1671 382 1746 423 m·
1767 380 1995 442 neom,
2029 384 2158 428 mo.
2635 370 2754 429 749

342 526 465 584 Dei
487 523 645 602 quod
672 524 789 583 tale
810 531 981 583 antea
1007 522 1132 599 fuit,
1165 524 1249 583 sic
1270 524 1458 601 Virgo
1488 522 1700 582 dicitur
1726 542 1856 599 quoe
1879 542 2062 601 nuper
2083 543 2210 584 esse
2237 526 2428 603 desiit,
2460 528 2505 588 J
2507 528 2602 589 oel
2628 529 2666 588 i.
2696 532 2753 605 8,

348 608 385 639 “
410 606 631 683 Plange
662 605 814 663 sicut
850 604 1019 682 virgo
1049 623 1216 663 sacco
1245 604 1505 663 accincta
1532 622 1705 681 super
1725 603 1914 663 virum
1943 604 2266 681 pubertatis
2293 608 2473 683 suae,”
2497 609 2656 685 quod
2683 609 2756 669 de

345 684 589 762 innupta
618 684 867 761 intelligi
895 704 1014 743 non
1045 692 1255 761 potest,
1286 685 1367 743 ita
1396 684 1578 743 Poe‘ta
1606 683 1680 742 de
1711 683 1994 760 Pasiphae
2021 692 2186 744 tauro
2215 685 2449 746 subdita
2476 688 2643 761 dixit,
2673 691 2757 747 At

359 766 532 841 Vir-90
550 765 781 839 infoelix,
813 774 871 824 et
899 765 1131 824 Terent.
1162 764 1234 823 de
1262 765 1457 843 puella
1483 763 1789 825 imminuta
1827 765 2000 841 Virgo
2029 766 2350 841 lacrymam
2377 786 2508 845 quae
2537 768 2760 828 scilicet

344 852 517 904 antea
542 845 676 903 talis
704 843 848 921 fuit3
895 845 989 903 Ita
1028 865 1146 903 non
1187 844 1495 904 obscurum
1530 864 1635 903 cur
1663 843 1986 921 Apostolus
2025 845 2138 903 hoc
2176 846 2409 905 nomine
2451 846 2757 923 designare

346 944 473 983 eam
500 924 688 983 voluit
716 924 1103 984 distinctionis
1131 944 1305 985 causa
1344 933 1579 1002 propter
1619 922 2042 1001 praecedentem
2087 932 2338 1003 statum3
2385 927 2757 1005 quemadmo-

348 1004 485 1063 dum
513 1005 624 1063 hoc
658 1005 927 1082 exemplo
954 1024 1095 1065 usus
1124 1013 1211 1065 est
1238 1004 1314 1063 ad
1342 1003 1807 1083 amplificandam
1837 1004 1948 1063 Dei
1977 1004 2240 1081 gratiam,
2271 1015 2332 1066 et
2357 1008 2757 1084 exceptionem

348 1104 577 1143 omnem
618 1085 953 1161 tollendam,
997 1086 1135 1163 quia
1178 1084 1331 1143 enim
1372 1084 1519 1144 fides
1560 1082 1885 1143 Abrahami
1925 1084 2000 1143 de
2040 1105 2158 1162 qua
2197 1086 2258 1143 in
2297 1085 2758 1166 praecedentibus

348 1172 548 1241 egerat
576 1165 1031 1224 extraordinaria
1056 1172 1283 1242 poterat
1309 1164 1514 1239 videri,
1559 1173 1618 1223 et
1661 1164 1738 1223 ad
1777 1183 1950 1241 quam
1987 1182 2289 1241 assurgere
2316 1166 2585 1225 omnibus
2612 1167 2760 1227 forte

348 1264 467 1303 non
508 1253 662 1304 esset
703 1264 1057 1319 concessum,
1110 1244 1437 1321 exemplum
1481 1243 1594 1302 1100
1635 1243 1772 1303 vilis
1817 1244 2168 1304 mulierculae
2213 1246 2496 1323 producit,
2541 1266 2672 1323 quse
2700 1257 2759 1306 et

352 1325 605 1384 Gentilis
633 1333 691 1383 et
718 1326 991 1384 meretrix
1028 1324 1155 1399 fuit,
1200 1344 1337 1382 nam
1382 1323 1433 1381 si
1475 1324 1537 1381 in
1577 1324 1692 1383 ista
1731 1324 1878 1383 fides
1918 1344 2038 1383 non
2078 1325 2263 1384 caruit
2305 1326 2426 1385 suis
2467 1327 2755 1404 operibus,

350 1424 541 1463 nonne
572 1404 789 1483 pudore
820 1404 1072 1464 suffundi
1100 1404 1315 1463 debent
1338 1402 1650 1463 Christiani
1676 1404 1849 1462 fidem
1873 1404 2151 1481 jactando
2181 1405 2304 1464 sine
2334 1407 2648 1483 operibus?
2675 1407 2760 1465 sic

348 1504 549 1544 rursus
577 1485 831 1544 ostendit
856 1485 1081 1543 nullum
1109 1504 1235 1543 esse
1263 1483 1400 1542 fidei
1430 1484 1693 1560 gradum,
1739 1504 1846 1542 nec
1875 1483 2178 1543 sublimem
2208 1493 2267 1544 et
2295 1486 2588 1545 excelsum
2620 1506 2758 1563 qua—

349 1565 425 1625 lis
447 1565 556 1624 fuit
571 1566 634 1623 in
662 1564 1017 1639 Abrahamo,
1046 1584 1155 1623 1100
1181 1564 1443 1622 infimum
1472 1571 1531 1622 et
1557 1571 1790 1622 tenuem
1819 1563 2007 1641 qualis
2028 1562 2138 1623 fuit
2166 1565 2226 1623 in
2255 1564 2483 1643 Rahab,
2515 1567 2615 1643 qui
2643 1586 2762 1625 non

352 1644 561 1705 debeat
590 1654 649 1705 et
675 1665 793 1704 non
820 1645 1005 1723 possit
1030 1645 1251 1704 fructus
1279 1644 1505 1720 aliquos
1531 1643 1817 1702 bonorum
1845 1662 2081 1721 operum
2108 1644 2444 1724 producere.

436 1726 699 1785 XXXI.
744 1726 839 1783 Ex
867 1725 959 1784 his
986 1733 1179 1784 autem
1208 1725 1290 1783 ita
1317 1723 1596 1783 discussis
1624 1724 1798 1801 plana
1828 1723 1952 1801 jam
1982 1724 2124 1783 satis
2163 1733 2223 1784 et
2263 1734 2463 1803 aperta
2501 1725 2766 1786 redditur

356 1807 777 1867 conciliationis
805 1806 969 1865 rati0.
1038 1806 1127 1865 Ne
1156 1804 1298 1883 quid
1323 1823 1464 1863 vero
1494 1804 1750 1881 scrupuli
1779 1823 2080 1881 superesse
2108 1806 2308 1882 possit,
2355 1806 2766 1884 distinguenda

356 1896 462 1963 est,
493 1892 551 1945 4.
586 1890 621 1921 “
646 1888 901 1947 Persona
926 1888 1055 1965 ipsa
1097 1906 1227 1964 quae
1242 1884 1662 1964 justificatur;”
1687 1884 1830 1942 Cum
1866 1884 2020 1943 0111111
2046 1887 2208 1945 homo
2227 1886 2335 1946 sub
2358 1887 2573 1965 duplici
2603 1887 2765 1963 σχίσει

356 1968 705 2026 considerari
734 1968 935 2044 possit,
968 1966 1066 2026 vel
1092 1975 1159 2026 ut
1175 1976 1446 2042 peccator
1471 1966 1533 2023 in
1561 1972 1715 2023 statu
1743 1972 1981 2041 naturae,
2024 1967 2124 2025 vel
2160 1975 2227 2026 ut
2266 1978 2493 2026 vocatus
2520 1968 2582 2025 in
2610 1977 2766 2028 statu

358 2047 578 2125 gratiae,
612 2047 707 2105 vel
749 2055 815 2106 ut
856 2050 1019 2105 homo
1042 2046 1381 2122 simpliciter
1406 2045 1507 2123 qui
1535 2053 1801 2103 versatur
1825 2045 1888 2102 in
1913 2046 2149 2121 mundo,
2191 2047 2290 2105 vel
2318 2056 2383 2106 ut
2415 2048 2772 2108 Christianus

356 2136 415 2186 et
460 2127 636 2186 fidem
679 2126 973 2203 professus
1016 2128 1077 2183 in
1122 2127 1419 2201 Ecclesia;
1466 2127 1642 2202 juxta
1684 2124 1980 2202 geminum
2027 2126 2182 2184 hune
2231 2128 2481 2186 hominis
2531 2136 2764 2203 statum,

355 2210 569 2284 duplex
595 2207 917 2266 instituitur
960 2206 1070 2265 Dei
1105 2206 1386 2281 judicium
1430 2224 1562 2264 eum
1607 2206 1751 2283 ips0,
1798 2204 2046 2282 primum
2093 2226 2358 2266 severum
2400 2216 2490 2267 est
2527 2216 2586 2267 et
2625 2208 2764 2285 rigi-

355 2288 493 2346 dum
522 2288 641 2346 Dei
669 2306 785 2364 qua
811 2286 1034 2345 Jadicis
1074 2304 1153 2345 ex
1191 2287 1341 2363 lege,
1394 2285 1710 2345 secundum
1737 2285 1936 2345 mitius
1965 2294 2053 2345 est
2081 2295 2140 2347 01
2167 2287 2477 2365 benignius
2505 2288 2767 2366 ejusdem

354 2378 419 2427 ut
448 2369 646 2427 Patris
691 2387 768 2427 ex
810 2365 1155 2443 Evangelio.
1232 2366 1389 2426 Huic
1433 2366 1652 2442 duplici
1689 2366 1930 2445 judicio,
1981 2369 2194 2443 duplex
2237 2368 2412 2427 etiam
2457 2388 2550 2427 res
2589 2368 2769 2429 ondet

340 2449 688 2529 justificatiO,
743 2467 863 2507 non
910 2447 1143 2525 quidem
1194 2466 1369 2505 sensu
1419 2446 1726 2505 Pontificio
1773 2446 1875 2523 qui
1924 2468 1959 2506 a
2001 2448 2170 2508 nobis
2219 2458 2390 2509 antea
2437 2470 2506 2509 00
2611 2457 2768 2509 tatus

355 2539 461 2606 est,
494 2530 599 2589 sed
626 2530 796 2608 plane
825 2528 1055 2588 diverso
1079 2550 1093 2604 ;
1140 2527 1336 2586 Prima
1361 2528 1597 2586 hominis
1613 2528 1934 2604 peccatoris
1970 2537 2030 2588 et
2062 2529 2224 2606 impii
2252 2530 2312 2587 in
2343 2538 2498 2589 statu
2525 2538 2763 2607 naturae,

356 2632 486 2689 quse
513 2611 582 2672 fit
606 2619 841 2690 propter
867 2630 1039 2670 unam
1071 2609 1285 2668 Christi
1312 2607 1760 2667 satisfactionem
1803 2608 1918 2667 fide
1956 2610 2389 2687 apprehensam,
2421 2611 2558 2687 quia
2611 2610 2764 2670 enim

356 2692 419 2750 in
467 2693 578 2751 hoe
626 2692 751 2751 foro
790 2692 1035 2769 justitiae
1082 2689 1314 2747 Divinae
1361 2688 1790 2765 acceptilationi
1840 2689 2006 2747 locus
2053 2708 2182 2749 esse
2228 2709 2346 2749 non
2394 2698 2603 2768 potest,
2661 2692 2767 2751 sed

358 2773 644 2832 solutione
689 2772 993 2847 adaequata
1035 2790 1180 2847 opus
1225 2776 1329 2845 est,
1374 2769 1507 2828 ideo
1545 2769 1670 2827 sola
1691 2768 1922 2845 justitia
1950 2768 2166 2828 Christi
2193 2790 2323 2848 quae
2349 2771 2768 2847 perfectissima

356 2861 447 2911 est
488 2860 547 2911 et
589 2850 1149 2910 consummatissima
1194 2850 1307 2908 1100
1350 2868 1596 2908 examen
1641 2848 1788 2907 ferre
1831 2856 2054 2926 potest3
2100 2849 2238 2926 quia
2274 2868 2414 2909 vero
2456 2850 2581 2910 sola
2619 2851 2766 2911 fides

356 2938 493 3008 apta
518 2938 657 2989 nata
684 2939 773 2989 est
800 2930 875 2988 ad
901 2929 1289 3007 recipiendam
1332 2940 1391 2989 et
1430 2928 1890 3007 amplectendam
1917 2929 2068 2988 hanc
2087 2929 2392 3006 justitiam,
2438 2930 2563 2989 sola
2589 2930 2764 2989 etiam

354 3010 471 3069 fide
518 3010 631 3069 11οο
672 3019 939 3087 respectu
977 3008 1286 3087 justificari
1330 3009 1577 3069 dicimur
1618 3012 1895 3088 tanquain
1937 3028 2112 3069 causa
2138 3010 2449 3086 organica;
2497 3010 2768 3070 Secunda

350 3089 690 3169 justificatio
732 3098 821 3149 est
861 3090 1097 3148 hominis
1135 3091 1323 3149 vocati
1358 3096 1419 3148 et
1439 3090 1634 3169 fidelis
1675 3090 1734 3147 in
1778 3096 1934 3148 statu
1975 3088 2176 3166 gratiae
2209 3091 2334 3167 jam
2361 3090 2648 3149 versantis
2687 3110 2764 3150 ex

358 3170 645 3249 operibus,
689 3170 752 3228 in
798 3171 911 3229 1100
958 3170 1111 3229 0111111
1149 3169 1373 3247 judicio
1414 3188 1531 3228 non
1566 3168 1860 3246 quaeritur,
1907 3168 2006 3226 An
2059 3168 2180 3246 legi
2217 3169 2558 3229 satisfecerit
2590 3170 2764 3231 homo

358 3260 423 3310 ut
450 3271 526 3309 ex
554 3270 625 3309 ea
649 3250 831 3309 vitam
872 3250 1101 3325 habeat,
1146 3250 1259 3309 hoc
1300 3249 1454 3309 enim
1496 3250 1557 3307 in
1598 3250 1783 3327 primo
1820 3250 1944 3327 jam
1983 3249 2324 3327 supponitur
2357 3250 2589 3327 factum,
2621 3270 2763 3329 qua-

356 3339 527 3391 tenus
564 3331 785 3390 scilicet
820 3330 1115 3389 hominem
1148 3330 1211 3388 in
1254 3350 1317 3389 se
1356 3338 1717 3407 peccatorem
1757 3338 1817 3389 et
1857 3349 2019 3389 reum
2057 3330 2262 3390 mortis
2303 3337 2548 3409 aeternae,
2591 3352 2762 3410 prop·

358 3420 448 3471 ter
495 3411 781 3489 justitiam
832 3410 1045 3469 Christi
1093 3410 1486 3489 plenissimam
1533 3411 1647 3487 ipsi
1694 3410 2034 3487 imputatam
2082 3419 2142 3470 et
2187 3430 2292 3488 per
2336 3410 2510 3470 fidem
2559 3430 2761 3489 appre-

358 3492 616 3567 hensam,
664 3512 699 3550 a
741 3491 1145 3550 maledictione
1171 3490 1323 3568 legis
1354 3490 1467 3549 Dei
1494 3490 1764 3565 absolvit,
1790 3498 1848 3549 et
1882 3491 1982 3567 jus
2023 3489 2111 3549 illi
2147 3490 2224 3550 ad
2249 3490 2430 3550 vitam
2459 3492 2763 3569 concedit;

360 3572 466 3632 sed
519 3572 796 3649 quaeritur
841 3590 917 3629 an
964 3572 1139 3631 homo
1189 3570 1551 3630 Christianus
1603 3571 1706 3647 qui
1755 3571 1904 3630 inter
1949 3569 2152 3629 fideles
2197 3590 2408 3629 nomen
2462 3572 2764 3649 profitetur

360 3672 529 3713 suum
567 3651 893 3729 Evangelio
935 3651 1313 3729 responderit,
1364 3659 1424 3711 01
1466 3650 1613 3709 duas
1659 3658 1854 3728 partes
1899 3650 2236 3709 essentiales
2279 3650 2512 3710 foederis
2560 3653 2762 3729 gratiae

357 3752 504 3811 quas
549 3733 709 3791 Deus
757 3732 831 3790 ab
877 3733 1111 3791 homine
1154 3730 1396 3809 requirit
1436 3730 1611 3789 fidem
1655 3730 1879 3790 scilicet
1920 3738 1979 3789 et
2023 3750 2196 3807 opera
2236 3750 2374 3789 vere
2424 3732 2764 3810 conjunctas

362 3812 699 3873 servaverit.
778 3812 923 3872 Cum
962 3813 1115 3871 enim
1155 3812 1317 3872 Deus
1360 3810 1421 3869 in
1468 3830 1624 3869 novo
1671 3810 1887 3869 foedere
1929 3813 2042 3869 duo
2077 3811 2337 3889 beneficia
2376 3810 2546 3871 nobis
2591 3813 2761 3889 polli-

360 3902 573 3967 ceatur,
622 3892 761 3951 hinc
806 3893 1204 3952 remissionem
1252 3900 1618 3969 peccatorum
1663 3910 1792 3969 quae
1841 3910 1916 3951 ex
1965 3890 2118 3949 dono
2163 3890 2302 3948 Filii
2348 3891 2578 3969 pendet,
2631 3893 2764 3952 inde

361 3972 873 4033 sanctificationem
915 3993 1043 4051 quse
1089 3992 1263 4049 opera
1314 3972 1563 4050 Spiritus
1610 3972 1810 4030 Sancti
1856 3970 2208 4049 producitur,
2257 3971 2410 4031 Heb.
2441 3992 2500 4031 x.
2541 3976 2631 4050 16,
2668 3976 2761 4049 1⁷,

364 4056 500 4113 Duo
538 4054 711 4113 etiam
739 4054 921 4126 officia
957 4074 992 4112 a
1026 4052 1197 4112 nobis
1238 4052 1493 4111 vicissim
1533 4052 1737 4129 exigit,
1765 4053 1948 4129 fidem
1988 4071 2103 4128 qua
2137 4051 2481 4129 recipiamus
2519 4054 2765 4130 gratiam

365 4134 477 4193 Dei
520 4141 581 4193 et
624 4133 889 4192 meritum
936 4133 1151 4192 Christi
1200 4132 1276 4191 ad
1320 4131 1776 4209 redemptionem
1819 4140 2094 4207 nostram,
2147 4140 2206 4192 et
2261 4134 2594 4193 char-itatem
2640 4134 2764 4194 sive

360 4216 517 4274 bona
564 4233 753 4291 opera,
812 4213 1023 4291 quibus
1078 4212 1337 4272 debitum
1393 4212 1613 4271 cultum
1659 4220 1717 4270 et
1784 4212 2198 4289 gratitudinem
2264 4214 2391 4272 Deo
2435 4213 2764 4275 reddamus.

362 4292 862 4371 Quemadmodum
888 4314 1028 4353 vero
1056 4292 1173 4351 duo
1199 4292 1483 4352 beneficia
1509 4312 1640 4370 quse
1668 4313 1704 4351 a
1734 4292 1860 4351 Deo
1903 4291 2318 4369 promittuntur
2363 4294 2768 4371 inseparabilia

364 4382 516 4450 sunt,
546 4382 606 4433 et
632 4372 926 4433 indivulso
954 4393 1111 4433 nexu
1140 4373 1290 4432 inter
1337 4392 1399 4431 se
1441 4373 1664 4450 juncta,
1695 4392 1830 4431 nam
1879 4372 1972 4431 cui
2002 4372 2268 4433 Christus
2294 4382 2384 4433 est
2403 4374 2648 4453 justitia,
2679 4376 2768 4435 illi

362 4456 537 4515 etiam
567 4462 658 4512 est
694 4454 1089 4527 sanctificatiO,
1120 4452 1220 4530 qui
1264 4453 1442 4512 habet
1486 4452 1704 4510 Filium
1748 4451 1924 4512 habet
1951 4461 2010 4512 et
2041 4452 2336 4531 Spiritum,
2368 4463 2427 4513 et
2453 4454 2554 4531 qui
2587 4456 2765 4533 Spiri—

363 4543 487 4596 tum
516 4554 632 4593 non
658 4533 835 4594 habet
860 4554 979 4593 non
1005 4533 1182 4592 habet
1210 4532 1443 4609 Filium,
1475 4532 1647 4591 Rom.
1675 4532 1798 4591 viii.
1829 4533 1883 4609 9,
1908 4540 2081 4610 prout
2107 4533 2167 4591 in
2197 4532 2305 4593 SS.
2334 4534 2616 4595 Trinitate
2637 4534 2768 4595 duae

366 4616 493 4677 istae
520 4632 781 4692 personae
810 4623 945 4674 sunt
972 4613 1383 4691 inseparabiles
1408 4636 1422 4689 ς
1468 4613 1563 4671 Ita
1588 4612 1848 4672 vicissim
1891 4612 2214 4673 arctissimo
2241 4614 2476 4675 vinculo
2505 4635 2770 4675 connexa

364 4718 495 4758 esse
524 4694 735 4755 debent
762 4694 1014 4754 hominis
1042 4694 1231 4754 fidelis
1258 4692 1461 4771 officia,
1493 4693 1575 4752 ita
1600 4701 1669 4754 ut
1695 4694 1840 4753 fides
1887 4713 2180 4771 nunquam
2211 4694 2289 4754 sit
2315 4694 2440 4755 sine
2469 4695 2766 4771 charitate,
