3234 5192
526 367 646 426 540
1077 389 1156 428 DE
1186 388 1667 432 SA'roeFAC'rloms
1694 387 1929 428 cnms‘rl
1961 385 2269 426 vEm‘rATE.
2515 361 2777 443 [DISPUT.
2808 376 2933 416 xvt.

607 527 901 588 XXXII.
935 529 1226 604 Quaeritur
1252 530 1486 591 tandem
1513 529 1608 588 hic
1640 528 1940 603 Quomodo
1971 527 2234 587 Christus
2272 526 2332 584 iu
2360 544 2430 584 ea
2456 521 2713 583 oratione
2750 537 2927 578 exan-

525 605 682 666 ditus
709 609 893 685 possit
921 611 1089 670 dicia
1108 620 1284 684 metu,
1314 619 1380 670 ut
1409 619 1653 670 testatur
1682 608 2018 686 ApostoluS‚
2052 608 2206 666 Heb.
2236 627 2293 664 v.
2324 610 2379 681 7,
2410 613 2471 664 et
2496 602 2637 662 alibi
2666 600 2930 660 Christus

523 687 824 764 profitetur
851 709 912 748 se
943 709 1168 768 semper
1194 711 1230 749 a
1259 691 1430 751 Patre
1461 689 1741 764 exaudiri,
1773 689 1817 750 J
1820 689 1912 747 oh.
1960 688 2039 745 xi.
2071 691 2167 763 42,
2198 704 2329 745 cum
2366 694 2561 744 tamen
2586 700 2743 740 mors
2790 678 2925 738 sub-

526 769 716 826 eunda
733 769 820 826 illi
850 770 1021 829 fuerit
1043 771 1383 830 necessario.
1417 771 1613 849 Resp.,
1650 773 1702 828 1.
1735 768 1905 844 Quod
1934 767 2197 826 Christus
2216 765 2552 843 simpliciter
2580 771 2638 822 et
2666 759 2927 820 absolute

525 848 729 924 voluit,
763 849 822 906 in
852 870 919 909 eo
950 871 1246 928 nunquam
1273 852 1564 928 repulsam
1591 850 1744 923 tulit,
1777 849 1880 908 sed
1908 847 2065 925 quod
2094 847 2281 906 voluit
2308 847 2416 905 sub
2446 843 2773 903 conditione
2800 849 2925 898 tan-

521 936 664 1004 tum,
694 929 842 986 nihil
868 931 1076 990 mirum
1105 933 1154 990 si
1183 951 1298 990 non
1343 931 1608 1005 obtinuit,
1641 928 1871 1006 quando
1900 949 1969 987 ea
2012 947 2129 986 non
2158 935 2273 986 tam
2304 935 2427 984 erat
2454 925 2725 983 voluntas
2752 939 2926 998 quam

523 1008 806 1085 velleitaS,
857 1029 965 1069 nec
1014 1019 1132 1070 tam
1169 1011 1438 1071 rationali
1465 1010 1609 1068 illud
1638 1009 1925 1068 desiderio
1954 1017 2077 1066 erat
2106 1005 2499 1085 deputandum
2526 1003 2685 1082 quod
2711 1002 2924 1079 primas

523 1107 749 1166 semper
777 1090 1035 1150 obtinere
1057 1090 1245 1166 debet,
1269 1111 1443 1168 quam
1471 1090 1829 1149 inclinationi
1856 1088 2103 1147 naturali
2122 1096 2181 1147 et
2208 1085 2489 1165 appetitui
2516 1083 2797 1144 sensitivo
2824 1099 2921 1138 eu-

513 1171 615 1246 jus
643 1189 938 1246 nunquam
984 1171 1288 1250 praecipuae
1333 1181 1468 1230 sunt
1495 1171 1554 1229 in
1583 1171 1839 1228 oratione
1866 1177 2079 1246 partes.
2122 1173 2178 1228 2.
2210 1167 2475 1226 Christus
2500 1163 2808 1224 exauditus
2836 1169 2925 1218 est

521 1268 556 1306 a
584 1258 744 1308 metu
769 1252 974 1310 mortis
1019 1271 1136 1310 non
1183 1251 1448 1311 absolute
1496 1251 1729 1328 quidem
1766 1249 1934 1326 quasi
1980 1268 2015 1306 a
2042 1249 2243 1308 mortis
2272 1245 2553 1306 obeundae
2578 1241 2921 1302 necessitate

518 1328 798 1389 liberatus
819 1339 990 1407 esset,
1023 1331 1126 1391 sed
1153 1331 1470 1390 secundum
1497 1329 1655 1408 quid,
1686 1338 1971 1407 quatenus
1998 1348 2204 1406 nempe
2236 1328 2396 1386 Deus
2424 1326 2525 1403 qui
2552 1325 2716 1382 illum
2744 1341 2921 1380 exau-

517 1409 668 1468 divit
695 1411 958 1469 timorem
987 1411 1150 1470 illum
1177 1413 1260 1470 ita
1287 1412 1544 1470 excussit
1565 1418 1631 1470 ut
1650 1417 1893 1468 mortem
1914 1409 2377 1468 constantissime
2406 1406 2712 1482 exciperet,
2744 1419 2921 1477 seque

519 1497 704 1548 totum
743 1491 1030 1550 voluntati
1078 1490 1290 1550 divinae
1337 1492 1717 1566 submitteret,
1746 1497 1920 1566 atque
1948 1489 2031 1547 ita
2067 1489 2176 1548 fuit
2204 1487 2573 1548 confirmatus
2600 1495 2665 1542 ut
2693 1501 2920 1541 omnem

517 1589 792 1706 {Javorem
821 1572 1022 1632 mortis
1052 1571 1397 1649 deposuerit.
1469 1571 1732 1630 Christus
1760 1569 1971 1647 quippe
2000 1569 2115 1628 duo
2138 1569 2377 1627 timebat
2404 1564 2763 1642 potissimum
2797 1582 2811 1620 ε
2866 1563 2919 1620 1.

579 1669 608 1707 θ
637 1650 806 1707 malis
855 1651 1094 1711 obrutus
1123 1651 1523 1711 succumberet
1557 1669 1687 1727 quae
1716 1649 1952 1708 videbat
1975 1648 2319 1726 gravissima
2346 1665 2488 1704 esse.
2534 1648 2589 1701 2.
2616 1643 2703 1700 Ne
2732 1649 2920 1698 morte

516 1728 934 1805 absorberetur,
987 1731 1069 1790 ita
1095 1739 1161 1789 ut
1189 1731 1383 1790 nullus
1409 1730 1544 1790 inde
1591 1738 1815 1807 pateret
1841 1730 2051 1788 exituS.
2100 1729 2257 1786 Deus
2286 1745 2421 1784 vcro
2450 1743 2581 1782 eum
2610 1720 2916 1795 exaudivit,

515 1807 594 1866 id.
624 1808 896 1868 liberavit
923 1810 995 1868 ab
1023 1819 1268 1887 utroque
1296 1811 1398 1868 illo
1427 1820 1602 1869 metu.
1634 1814 1687 1868 1.
1717 1809 1865 1883 Quia
1892 1829 2021 1867 cum
2050 1807 2131 1866 ita
2152 1807 2363 1865 virtute
2396 1803 2641 1881 Spiritus
2670 1800 2761 1860 sui
2788 1819 2916 1858 cor-

518 1889 813 1946 roboravit
833 1889 894 1946 in
921 1889 1112 1948 medio
1149 1910 1336 1967 agone
1363 1898 1430 1950 ut
1457 1889 1919 1950 constantissime
1949 1898 2006 1950 et
2034 1888 2245 1946 invicte
2274 1884 2610 1944 sustinuerit
2639 1881 2917 1958 gravissi-

517 1988 678 2026 mum
699 1968 846 2026 illud
868 1977 1175 2030 certamen.
1208 1975 1262 2029 ⁶2.
1296 1971 1444 2045 Quia
1461 1991 1590 2029 eum
1622 1990 1657 2028 a
1684 1978 1867 2028 morte
1895 1967 2165 2028 liberavit
2192 1967 2397 2026 solutis
2418 1963 2717 2024 doloribus
2744 1960 2917 2018 infer·

515 2049 578 2106 ni
606 2048 860 2125 gloriosa
879 2050 1008 2127 ejus
1033 2051 1468 2126 resurrectione,
1497 2051 1693 2128 itaque
1720 2049 2021 2108 verissime
2048 2049 2157 2106 hac
2184 2048 2245 2106 in
2264 2055 2427 2124 parte
2454 2043 2763 2104 exauditus
2790 2041 2917 2115 suit,

513 2148 631 2187 non
653 2129 888 2206 quidem
913 2151 986 2189 ne
1013 2141 1256 2191 mortem
1277 2132 1478 2207 lueret,
1511 2131 1616 2190 sed
1641 2151 1715 2189 ne
1744 2130 1817 2189 ab
1844 2149 1915 2190 ea
1940 2129 2358 2202 absorberetur,
2390 2146 2507 2185 nou
2534 2145 2607 2183 ne
2637 2129 2914 2199 gustaret,

515 2209 620 2268 sed
646 2229 718 2268 ne
747 2209 807 2268 in
857 2231 925 2270 ea
967 2212 1194 2289 periret,
1245 2233 1362 2270 non
1401 2213 1460 2270 in
1487 2231 1787 2289 poenarum
1816 2210 2191 2286 subterfiigi0‚
2224 2207 2326 2267 sed
2355 2208 2415 2265 in
2442 2203 2754 2265 earundem
2783 2221 2917 2260 con-

515 2290 690 2349 stanti
738 2290 1045 2349 tolerantia
1089 2300 1148 2350 et
1194 2292 1330 2350 forti
1356 2301 1528 2367 atque
1557 2292 1777 2350 invicta
1800 2290 2139 2348 liberatione
2170 2299 2227 2346 ct
2265 2287 2524 2347 victoria.
2568 2287 2767 2360 Atque
2794 2282 2918 2340 haec

502 2370 589 2427 'de
617 2371 843 2444 Ayonia
873 2370 1086 2428 Christi
1121 2371 1276 2429 dicta
1309 2379 1497 2430 sunto·
1529 2372 1753 2429 Caetera
1780 2389 1909 2445 quae
1938 2369 2227 2444 pertinent
2256 2368 2331 2426 ad
2360 2369 2485 2444 ejus
2514 2363 2915 2438 Desa-tionem,

512 2468 584 2586 1113}
615 2447 856 2586 ulgeriius
885 2449 1250 2523 protrahatur
1276 2451 1400 2508 haec
1432 2449 1781 2527 Disputatio,
1814 2449 1875 2504 in
1902 2447 2075 2504 aliam
2102 2467 2241 2505 mox
2260 2456 2585 2506 secuturam
2608 2464 2739 2504 cum
2765 2443 2918 2502 bono

579 2547 646 2586 eo
719 2527 733 2584 ἰ
779 2535 1032 2586 eruntur.

1107 2686 1641 2780 COROLLARIA
1686 2683 2331 2745 RESPONDENTIs.

597 2847 646 2905 Ι.
681 2846 977 2925 Scriptura
1008 2847 1066 2906 S.
1097 2847 1178 2907 ita
1214 2847 1382 2925 plene
1411 2856 1470 2907 et
1511 2848 1761 2926 perfecte
1804 2844 2061 2905 continet
2089 2843 2279 2901 omnia
2307 2842 2530 2902 creditu
2558 2848 2617 2899 et
2644 2839 2798 2898 factu
2842 2837 2913 2896 ad

514 2927 758 2986 salutem
786 2929 1112 2988 necessaria
1157 2937 1222 2988 ut
1269 2929 1446 2988 nullis
1483 2925 1890 2988 traditionibus
1919 2925 2184 3002 ἀγράφοις
2210 2933 2342 3001 post
2370 2923 2613 2983 verbum
2642 2920 2917 2996 scriptum

515 3007 680 3067 locus
700 3009 824 3086 jam
853 3029 980 3068 esse
1009 3009 1192 3087 possit
1219 3017 1319 3068 aut
1348 3009 1574 3069 debeat.

596 3089 681 3147 ΙΙ.
727 3089 856 3147 Etsi
882 3089 1038 3148 idem
1059 3090 1299 3148 verbum
1325 3090 1635 3167 Evangelii
1663 3088 1917 3147 omnium
1946 3091 2183 3144 externe
2211 3091 2548 3142 vocatorum
2571 3081 2807 3139 auribus
2828 3079 2913 3137 in·-

515 3175 697 3243 sonet,
729 3187 846 3224 nou
865 3169 1110 3227 eundem
1133 3171 1402 3228 tamenin
1422 3170 1691 3229 omnibus
1708 3177 1981 3228 eventum
2010 3165 2261 3240 sortitur,
2282 3184 2389 3224 nec
2408 3161 2620 3222 eodem
2636 3159 2751 3218 fine
2780 3160 2917 3218 sim·

513 3246 744 3324 pliciter
771 3247 1122 3322 proponitur.

595 3324 714 3381 ΙΙΙ.
751 3325 832 3384 Ut
859 3344 999 3383 vera
1026 3335 1084 3384 et
1112 3326 1372 3385 salvifica
1397 3327 1542 3386 fides
1570 3326 1792 3403 acquiri
1814 3325 2013 3402 nequit
2040 3324 2285 3402 propriis
2312 3321 2534 3380 viribus
2562 3319 2634 3378 ab
2662 3318 2912 3394 homine,

514 3403 618 3466 sed
666 3403 838 3462 unius
884 3403 996 3462 Dei
1023 3404 1239 3464 donum
1268 3415 1389 3465 est:
1429 3408 1512 3465 ita
1537 3427 1646 3465 nec
1673 3413 1864 3483 potest
1892 3406 1965 3463 ab
1987 3405 2190 3464 eodem
2215 3405 2340 3481 jam
2361 3400 2519 3460 fideli
2546 3398 2749 3474 amitti,
2782 3418 2915 3456 cum

515 3487 668 3546 dona
695 3491 753 3542 et
780 3484 1007 3543 vocatio
1039 3485 1150 3544 Dei
1179 3485 1295 3544 sint
1337 3487 1757 3555 ἀμεταμέλητα.

597 3564 706 3623 IV.
742 3563 896 3622 Hinc
924 3571 990 3623 ut
1015 3584 1122 3624 nec
1153 3564 1362 3640 David,
1395 3585 1502 3624 nec
1534 3565 1825 3640 Salomon,
1856 3583 1962 3622 nec
1993 3564 2201 3622 Petrus
2222 3583 2257 3622 a
2278 3560 2537 3622 salvifica
2552 3559 2665 3618 ista
2684 3557 2797 3616 fide
2812 3576 2913 3615 ex·

510 3649 790 3720 ciderunt,
822 3651 952 3703 utut
978 3643 1319 3721 gravissime
1349 3645 1466 3704 sint
1491 3645 1657 3722 lapsi,
1688 3645 1785 3704 Sic
1814 3663 1919 3704 nee
1952 3642 2091 3703 Saul
2118 3643 2347 3720 impius,
2366 3661 2475 3700 nec
2518 3639 2777 3717 proditor
2802 3637 2845 3697 J
2849 3657 2915 3697 u·

513 3730 634 3800 das,
666 3746 773 3783 nec
799 3723 1074 3802 profanus
1095 3725 1294 3784 Simon
1321 3745 1526 3803 magus
1554 3745 1625 3784 ea
1650 3745 1905 3802 unquam
1933 3723 2131 3784 donati
2158 3731 2311 3782 sunt.

596 3808 676 3866 V.
719 3805 762 3865 J
765 3804 1074 3864 ustificatio
1102 3805 1357 3881 gratuita
1383 3825 1500 3864 non
1527 3805 1789 3866 excludit
1817 3825 1991 3882 opera
2018 3803 2170 3878 fidei,
2202 3802 2307 3861 sed
2332 3821 2403 3860 ea
2420 3800 2615 3878 potius
2636 3798 2872 3858 stabilit.

591 3888 704 3948 VI.
749 3885 960 3942 Nullus
987 3885 1286 3944 hominum
1312 3906 1347 3945 a
1367 3886 1536 3964 lapsu
1565 3886 1799 3961 Adami,
1832 3885 1955 3944 solo
1979 3884 2207 3944 Christo
2236 3890 2499 3958 excepte,
2538 3879 2758 3958 Legem
2783 3897 2915 3956 per·

511 3971 660 4030 fecte
688 3966 927 4042 implere
951 3964 1156 4043 potuit.
