3234 5192
488 320 526 374 4
1247 331 1326 371 ns
1356 331 1721 372 uscssssnu.
1750 331 2097 372 sscsssmns
2568 311 2830 394 [mspur.
2875 332 2916 372 1.

495 473 709 534 debent
756 472 988 532 veritati
1023 471 1418 532 testimonium
1465 472 1618 532 ultro
1660 471 2017 550 perhibeant,
2064 480 2123 530 et
2163 470 2667 548 praejudicatarum
2706 473 2914 531 harum

497 553 848 631 opinionum,
880 551 1092 630 quibus
1118 551 1297 610 variis
1341 551 1583 610 infirmis
1609 572 1837 612 remora
1862 553 1924 610 in
1950 552 2049 610 via
2093 551 2297 610 salutis
2322 559 2516 628 potest
2542 551 2719 630 injici,
2750 552 2915 610 vani·

498 640 678 693 tatem
727 632 1202 708 demonstrantes,
1233 632 1464 690 illorum
1513 632 1688 692 saluti
1734 651 1851 690 non
1898 651 2064 690 secus
2091 651 2159 692 ac
2205 651 2321 690 suae
2351 641 2487 690 eant
2528 639 2917 709 prospectum.

503 712 674 787 Quod
701 732 830 772 cum
865 713 988 789 jam
1019 731 1170 788 saepe
1199 721 1370 771 antea
1411 732 1446 770 a
1491 711 1756 789 plurimis
1800 712 1942 769 viris
1983 711 2333 770 doctissimis
2358 710 2605 770 feliciter
2650 711 2727 769 sit
2772 731 2916 787 prse-

501 793 719 868 stitum,
758 811 912 850 nunc
939 792 1114 850 etiam
1161 791 1350 850 omitti
1401 809 1519 848 non
1560 790 1771 849 debetz
1826 792 1939 850 hoc
1982 791 2342 868 potissimum
2382 799 2659 868 tempore,
2686 809 2804 867 quo
2836 791 2930 849 Si-

501 870 706 931 nonias
733 871 1059 930 istiusmodi
1085 880 1255 946 artes,
1286 879 1345 928 et
1371 869 1885 946 pseudo-henotica
1926 870 2287 929 Neutralium
2308 877 2368 928 et
2396 869 2771 930 Politicorum
2788 889 2925 928 con-

507 951 636 1010 silia
679 950 946 1008 renovari
990 947 1234 1008 subinde
1281 949 1587 1007 cernimus.
1671 949 1727 1006 N
1729 969 1795 1007 ec
1841 949 2173 1009 dubitamus
2212 950 2353 1027 quin
2394 949 2563 1008 multi
2607 949 2723 1006 viri
2765 948 2924 1008 docti

504 1039 564 1089 et
591 1029 690 1106 pii,
720 1028 1122 1087 necessitatem
1163 1027 1332 1086 istius
1357 1026 1575 1086 laboris
1618 1037 2018 1106 agnoscentes,
2047 1048 2153 1106 pro
2198 1037 2400 1088 sancto
2441 1029 2567 1088 zelo
2610 1048 2715 1087 suo
2744 1048 2909 1106 argu·

509 1117 767 1166 mentum
793 1108 905 1166 hoc
933 1115 1136 1183 sponte
1165 1106 1281 1165 sint
1307 1107 1658 1183 occupaturi.
1741 1109 1865 1167 Nos
1892 1109 2126 1182 interea,
2156 1108 2313 1186 quod
2338 1108 2629 1186 ingratum
2657 1107 2777 1166 fore
2804 1128 2925 1166 non

511 1187 861 1265 putavimus,
891 1185 1146 1245 breviter
1171 1211 1257 1244 σω
1299 1189 1414 1262 Qu?
1437 1187 1534 1244 hic
1577 1195 1778 1246 contra
1823 1187 2159 1247 Pontificios
2206 1187 2712 1246 demonstrandum
2742 1188 2923 1247 susci-

511 1267 756 1344 piemus,
783 1266 1161 1325 Justaaimam
1187 1287 1258 1324 ac
1296 1285 1504 1325 summe
1550 1268 1923 1326 necessariam
1953 1267 2135 1341 ficisse
2168 1267 2537 1326 &cessionem
2576 1277 2827 1326 nmmum
2853 1269 2927 1326 ab

513 1346 774 1404 Ecclesia
815 1347 1099 1422 Romana,
1129 1354 1184 1404 et
1208 1346 1470 1422 injustum
1515 1367 1587 1405 ac
1626 1347 2027 1423 impossibilem,
2074 1346 2237 1404 rebus
2278 1347 2361 1404 ita
2386 1347 2671 1423 stantibus,
2702 1367 2825 1405 cum
2852 1367 2923 1405 ea

516 1425 966 1502 Syncreahmum.

1123 1503 1234 1563 IV.
1278 1503 1476 1582 Atque
1513 1503 1609 1562 hic
1652 1512 1960 1581 antequam
1998 1503 2239 1563 ulterius
2266 1505 2718 1582 progrediamur,
2749 1505 2929 1564 semel

521 1571 1004 1684 Pssmffidggf‘q'fg:
1061 1603 1294 1643 monere
1318 1583 1619 1686 ‘debemus
1643 1603 1657 1658 ;
1680 1663 1693 1684 Ι
1726 1603 1835 1643 nos
1886 1582 2025 1642 licet
2102 1584 2455 1676 &cessionis
2508 1585 2813 1662 justitiam,
2870 1594 2933 1644 et

587 1685 1006 1814 assasse
1059 1660 2937 1820 sfflsmflu‘ssmw

587 1805 861 1847 veritatem.
1051 1821 1221 1879 unice
1242 1841 1277 1880 a
1295 1821 1524 1880 Christo
1541 1820 2017 1897 commendatam,
2040 1823 2222 1880 Marc.
2236 1823 2315 1880 ix.
2337 1824 2443 1898 503
2476 1822 2520 1881 J
2523 1841 2692 1881 oann.
2706 1823 2827 1882 xiv.
2840 1827 2940 1898 27,

529 1919 712 1978 eoque
753 1897 941 1958 modis
978 1899 1246 1959 omnibus
1282 1900 1700 1977 procurandam
1740 1906 1798 1959 et
1820 1901 2199 1978 expetendam
2232 1901 2387 1960 Psal.
2430 1902 2609 1960 cxxii.
2632 1905 2687 1978 6,
2714 1907 2769 1978 ’1,
2794 1904 2849 1977 8,
2880 1911 2943 1961 et

532 1978 776 2040 cxxxiii.
807 1977 984 2037 Absit
1011 1998 1046 2037 a
1071 1978 1241 2038 nobis
1267 1987 1387 2038 tam
1415 1979 1593 2038 durus
1622 1988 1681 2038 et
1707 1979 2089 2057 implacabilis
2117 1981 2363 2055 animus,
2394 1988 2460 2039 ut
2479 1981 2580 2057 qui
2606 1981 2714 2040 filii
2740 2001 2943 2041 sumus

534 2058 818 2136 Principis
839 2057 1015 2134 pacis,
1041 2079 1076 2117 a
1102 2078 1241 2136 pace
1272 2067 1330 2118 et
1357 2058 1665 2118 concordia
1692 2059 1944 2118 alienum
1972 2068 2175 2137 pectus
2196 2060 2425 2137 penitus
2448 2080 2734 2136 geramus.
2817 2061 2941 2120 Vo-

530 2139 724 2199 lumus
765 2157 902 2196 sane
944 2146 1002 2196 et
1041 2139 1352 2216 quaerimus
1381 2138 1609 2214 Pacem,
1642 2137 1747 2196 scd
1774 2140 2001 2214 Pacem,
2031 2156 2160 2217 quae
2190 2159 2320 2198 cum
2360 2140 2607 2198 Ver-itate
2634 2141 2947 2218 conjuncta

534 2219 627 2292 sit,
668 2226 727 2277 et
762 2217 824 2275 in
863 2236 932 2275 ea
968 2217 1208 2276 fundata
1235 2237 1310 2276 ex
1330 2219 1666 2295 praescripto
1694 2218 1933 2277 Zachar.
1963 2218 2086 2276 viii.
2121 2221 2211 2293 19,
2244 2227 2303 2277 et
2332 2218 2499 2277 Pauli
2529 2219 2743 2296 Ephes.
2774 2220 2854 2279 iv.
2884 2224 2943 2294 4,

537 2301 592 2374 5,
622 2301 730 2372 153
759 2316 958 2374 pacem
988 2297 1218 2372 Christi,
1249 2304 1315 2356 ut
1341 2297 1489 2356 bene
1517 2297 1655 2355 olim
1684 2298 1909 2357 monuit
1936 2297 2199 2356 Hilarius
2220 2305 2421 2357 contra
2446 2297 2707 2358 Auxent.
2754 2299 2949 2377 “Spe-

531 2377 752 2437 ciosum
774 2375 1009 2453 quidem
1025 2384 1114 2435 est
1132 2395 1344 2435 nomen
1364 2376 1540 2454 pacis,
1565 2385 1625 2435 et
1642 2376 1885 2454 pulchra
1913 2378 2105 2454 opinio
2122 2378 2377 2452 unitatis,
2397 2377 2500 2436 sed
2520 2379 2651 2454 quis
2672 2378 2951 2456 ambigat,

533 2476 664 2516 eam
691 2455 874 2514 solam
903 2455 1182 2513 Ecclesiae
1210 2465 1384 2532 atque
1426 2455 1877 2532 Evangeliorum
1925 2456 2146 2514 unitam
2174 2476 2301 2516 esse
2328 2475 2546 2534 pacem,
2577 2477 2707 2535 quoe
2736 2459 2953 2518 Christi

534 2535 701 2595 est?’'
762 2534 841 2592 Et
878 2534 1118 2592 Hieron.
1150 2534 1335 2611 Epist.
1367 2534 1443 2592 ad
1471 2535 1731 2612 Theoph.
1762 2543 1961 2594 contra
1981 2555 2202 2594 errores
2229 2537 2273 2595 J
2274 2537 2368 2596 oh.
2416 2536 2649 2596 Hieros.
2696 2539 2733 2570 ‘⁴
2762 2537 2949 2596 Volu-

536 2634 666 2674 mus
707 2621 767 2672 ct
805 2632 913 2672 nos
953 2633 1170 2690 pacem,
1201 2621 1260 2672 et
1297 2633 1416 2672 non
1457 2614 1645 2672 solum
1686 2614 1974 2688 volumus,
2020 2613 2121 2672 sed
2164 2623 2223 2674 et
2261 2635 2572 2693 rogamu83
2616 2616 2721 2676 sed
2748 2637 2951 2694 pacem

537 2693 773 2768 Christi,
802 2712 1003 2770 pacem
1029 2711 1243 2767 veram,
1273 2713 1474 2770 pacem
1505 2693 1629 2752 sine
1655 2692 1990 2770 inimicitiis,
2020 2713 2219 2771 pacem
2250 2695 2311 2752 in
2338 2714 2455 2772 qua
2481 2714 2599 2753 non
2628 2694 2705 2755 sit
2730 2696 2951 2755 bellum

537 2773 880 2847 involutum,
911 2791 1127 2849 pacem,
1158 2792 1288 2848 quse
1327 2792 1446 2831 non
1485 2781 1552 2831 ut
1591 2773 1955 2832 adversarios
1996 2772 2281 2849 subjiciat,
2328 2773 2430 2832 sed
2472 2783 2539 2833 ut
2566 2775 2781 2833 amicos
2813 2777 2949 2853 jun-

539 2853 699 2932 gat.”
784 2852 957 2910 Hanc
997 2851 1048 2910 si
1086 2851 1256 2910 nobis
1283 2850 1598 2910 adversarii
1639 2851 1925 2926 offerrent,
1954 2872 2046 2910 nae
2086 2853 2433 2929 iniquissimi
2491 2855 2821 2913 mortalium
2862 2875 2953 2914 es-

537 2953 748 3008 semus,
795 2932 844 2992 si
885 2951 1012 2992 eam
1053 2933 1438 3010 rejiceremus.
1527 2930 1645 2990 Sed
1685 2931 1737 2990 si
1762 2951 1879 3008 pax
1906 2931 2001 2989 hic
2028 2931 2206 3007 nulla,
2238 2933 2351 2990 nisi
2378 2952 2509 2992 cum
2538 2934 2802 2993 veritatis
2818 2935 2946 3012 jac-

538 3023 670 3072 tura
696 3020 756 3072 et
801 3011 1160 3070 memorabili
1185 3012 1531 3071 detrimento
1559 3011 1744 3085 detur,
1768 3011 1963 3070 valeat
2001 3019 2119 3068 tam
2147 3010 2413 3070 infaustae
2466 3013 2628 3090 pacis
2670 3031 2789 3071 non
2814 3013 2950 3072 libi·—

539 3091 614 3151 do
635 3099 876 3166 tantum,
909 3090 1012 3150 sed
1039 3099 1099 3150 et
1125 3091 1590 3151 commemoratio
1615 3113 1631 3150 ι
1674 3090 1900 3148 nullum
1928 3089 2053 3147 dari
2092 3098 2287 3166 potest
2324 3091 2541 3150 bellum
2564 3091 2715 3151 adeo
2737 3090 2941 3168 ferum,

539 3169 697 3247 quod
739 3189 856 3228 non
897 3169 1316 3229 conducibilius
1341 3179 1402 3228 et
1429 3171 1636 3228 melius
1666 3169 1741 3228 sit
1766 3168 1959 3228 fucata
1986 3168 2097 3229 ista
2122 3189 2281 3246 pace,
2313 3187 2444 3247 quse
2470 3170 2687 3230 blando
2712 3173 2947 3230 nomine

541 3267 720 3326 quum
747 3246 976 3321 arridet,
1006 3247 1325 3322 insidiatur,
1370 3257 1436 3306 ut
1473 3249 1571 3306 hic
1610 3267 1749 3306 vere
1777 3267 2011 3306 aureum
2038 3250 2391 3308 Nazianzeni
2414 3249 2634 3309 dictum
2662 3269 2940 3328 usurpan-

541 3327 682 3387 dum
721 3326 812 3401 sit,
864 3325 1136 3385 Oratione
1184 3329 1237 3383 l.
1287 3326 1361 3384 de
1403 3343 1584 3402 paee:
1678 3329 1916 3406 Kgu‘ovm
1964 3328 2206 3402 ἔμπιθοῧς
2246 3330 2461 3404 ὅμοιοίσις
2488 3332 2513 3392 ἧ
2544 3331 2663 3410 '‘m-ig
2710 3333 2949 3398 ιῦαβσῖις

539 3405 818 3471 διέπει-ις.
852 3407 888 3438 “
901 3405 1116 3464 Melius
1132 3413 1220 3464 est
1235 3403 1557 3480 dissidium,
1580 3405 1811 3482 pietatis
1828 3425 2001 3464 causa
2018 3417 2224 3483 ortum,
2256 3408 2465 3467 vitiosa
2492 3410 2857 3485 concordia,''
2887 3420 2947 3470 et

539 3495 604 3546 ut
615 3485 786 3562 idem,
802 3485 960 3545 Orat.
978 3487 1070 3542 12.
1099 3483 1238 3543 dum
1255 3483 1330 3542 ad
1345 3503 1546 3562 pacem
1573 3503 1712 3543 suos
1740 3484 2087 3562 stimulabat,
2102 3486 2412 3564 prudenter
2428 3487 2771 3565 excipiebat,
2806 3493 2841 3522 ‘⁴
2855 3490 2909 3548 Ν
2911 3511 2945 3550 e

538 3566 863 3642 suspicetur
888 3563 1191 3641 quispiam,
1222 3563 1378 3640 quod
1403 3583 1623 3640 pacem,
1653 3583 1881 3623 omnem
1902 3566 2205 3624 amandam
2227 3574 2287 3626 et
2306 3567 2796 3645 complectendam
2820 3589 2945 3628 esse

539 3645 884 3720 existimem,
913 3663 1049 3702 nam
1075 3652 1142 3703 ut
1169 3643 1442 3720 optimam
1470 3643 1759 3721 quandam
1788 3643 2223 3719 dissensionem,
2254 3647 2337 3705 ita
2360 3646 2739 3724 perniciosam
2761 3667 2941 3724 quan·

537 3725 672 3784 dam
717 3743 844 3782 esse
891 3721 1255 3782 concordiam
1283 3731 1648 3800 perspectum
1691 3724 1893 3799 habe0,
1932 3728 2080 3783 ἀλλὰ
2123 3728 2205 3787 τὸν
2230 3749 2290 3796 γε
2327 3729 2502 3801 καλὸν,
2532 3731 2624 3784 καὶ
2670 3727 2751 3785 ἔπ’-ὲ
2902 3787 2915 3806 ⁸

535 3809 626 3865 καὶ
653 3811 734 3881 δερ
760 3805 1120 3876 συνάπτουσαι,
1155 3806 1190 3834 “
1213 3822 1342 3879 quse
1363 3802 1514 3860 bona
1541 3813 1646 3877 est,
1670 3803 1743 3862 ad
1762 3804 1993 3880 bonum,
2014 3813 2074 3863 et
2100 3825 2229 3882 quae
2250 3806 2377 3864 Deo
2392 3806 2678 3883 copulat,''
2708 3807 2852 3866 alias
2879 3816 2945 3867 ut

536 3886 636 3944 ille
677 3884 802 3962 ipse
830 3885 928 3956 ait,
957 3884 1172 3963 aguit-eor
1199 3882 1438 3947 ἔπαυε-ὃς
1465 3883 1680 3958 κέλερας
1709 3885 1876 3962 ligium
1902 3882 2205 3963 χυςιζοῦης
2236 3892 2379 3961 Θεοῢ,
2428 3887 2462 3920 “
2488 3886 2683 3945 Satius
2700 3895 2791 3946 est
2816 3887 2937 3946 bel·

531 3965 655 4024 lum
682 3964 972 4024 laudabile
1001 3983 1159 4040 pace,
1191 3981 1320 4040 quse
1348 3982 1454 4021 nos
1481 3983 1517 4020 a
1546 3963 1673 4022 Deo
1696 3965 1979 4040 separat.''

614 4045 692 4104 V.
736 4045 1012 4105 Nostrum
1053 4050 1143 4102 est
1185 4061 1324 4119 ergo
1364 4061 1566 4119 pacem
1607 4042 1853 4102 solidam
1893 4051 1953 4101 et
1989 4062 2119 4102 cum
2160 4044 2403 4103 veritate
2442 4045 2825 4122 conjunctam,
2875 4053 2943 4104 ut

531 4124 907 4184 novissimam
937 4121 1152 4182 Christi
1176 4129 1470 4196 tesseram,
1501 4122 1659 4180 omni
1684 4121 1856 4181 modo
1884 4121 2079 4180 fovere
2106 4130 2167 4181 et
2191 4141 2515 4199 procurare.
2601 4123 2719 4182 Sed
2746 4125 2847 4183 ubi
2875 4145 2945 4183 ea

531 4202 762 4262 nonnisi
787 4203 1051 4264 veritatis
1091 4201 1393 4279 dispendio
1419 4200 1624 4260 redimi
1652 4210 1858 4279 potest,
1888 4221 1996 4259 nec
2038 4201 2363 4261 conciliatio
2390 4201 2681 4279 quaritur,
2707 4202 2812 4261 scd
2852 4223 2939 4262 er·

531 4301 726 4341 rorum
761 4292 985 4342 tantum
1025 4281 1379 4355 incrustatio,
1415 4280 1691 4340 Ecclesiae
1722 4280 2022 4358 pernicies,
2054 4288 2113 4339 et
2140 4280 2631 4340 Conscientiamm
2660 4283 2943 4360 sang-uine

533 4360 747 4420 Christi
777 4361 1198 4438 redemptarum
1227 4361 1490 4435 servitus,
1536 4361 1796 4437 speciosa
1838 4359 1950 4418 ista
1989 4359 2148 4437 pacis
2196 4369 2255 4420 et
2294 4360 2525 4419 unionis
2557 4361 2807 4438 nomina,
2838 4362 2945 4422 sed

529 4438 767 4499 nomina
805 4447 1046 4514 tantum,
1089 4459 1382 4517 nunquam
1403 4439 1671 4499 admittet
1696 4438 1789 4497 vir
1826 4437 1993 4517 pius;
2036 4439 2153 4498 imo
2180 4438 2373 4517 potius
2402 4439 2672 4499 infamem
2714 4449 2774 4501 et
2812 4459 2939 4519 per·

529 4518 808 4578 niciosam
844 4517 908 4577 in
945 4517 1099 4577 malo
1136 4518 1617 4597 conspirationem
1646 4539 1681 4577 a
1710 4518 1822 4578 Dei
1866 4519 2132 4578 Ecclesia
2171 4539 2275 4596 pro
2302 4517 2457 4577 virili
2484 4519 2803 4596 amolietur,
2834 4539 2941 4579 nec
2972 4575 2976 4578 .

527 4599 780 4681 patietur
803 4615 1075 4678 unquam,
1115 4606 1182 4658 ut
1221 4599 1330 4657 sub
1357 4598 1650 4658 insidiosa
1688 4599 1850 4676 pacis
1877 4597 2117 4658 obtentu
2144 4599 2359 4659 bellum
2389 4597 2499 4676 ipsi
2526 4599 2757 4659 veritati
2792 4597 2940 4658 indi-
