3234 5192
541 325 656 384 53‘2
1117 332 1198 374 DE
1228 329 1720 374 sansracrloms
1750 331 1995 372 culus‘rl
2026 330 2345 371 vrtul'ratrs.
2542 313 2811 395 [msPUT.
2842 335 2970 375 xvi.

543 483 656 540 bus
681 477 1064 557 patiebantur,
1097 473 1202 534 sed
1229 475 1419 534 Deum
1461 493 1688 551 semper
1726 473 2046 550 benignum
2088 480 2147 533 et
2178 473 2491 551 propitium
2522 475 2967 552 experiebantur

546 561 649 638 qui
675 556 1084 618 certaminibus
1112 555 1367 632 ipsorum
1393 563 1656 632 praeerat,
1686 555 2079 634 virtutemque
2120 553 2343 612 ferendi
2376 574 2605 614 crucem
2634 557 2965 633 suppedita-

547 642 688 700 bat:
731 638 818 696 At
846 637 1110 696 Christus
1137 655 1254 694 non
1281 643 1400 694 tam
1428 635 1502 694 ab
1529 635 1863 695 hominibus
1891 657 2064 714 quam
2107 654 2142 693 a
2170 635 2299 693 Deo
2324 655 2633 711 percussus
2660 645 2766 711 est,
2798 639 2966 716 cujus

546 739 780 779 manum
809 717 1074 778 ultricem
1122 715 1334 774 sentire
1383 715 1598 792 debuit,
1647 716 1801 775 unde
1846 715 2058 776 dicitur
2114 719 2303 777 :mss
2354 737 2474 792 nnn,
2527 717 2643 775 Isa.
2684 716 2789 776 liii.
2818 721 2874 793 4,
2906 725 2967 776 et

551 801 812 860 desertus
840 818 875 857 a
904 798 1050 856 Deo.
1111 799 1167 854 3.
1199 796 1490 873 Martyres
1508 797 1869 856 extrinsecus
1891 797 2293 857 cruciabantur
2314 799 2375 857 in
2396 816 2648 875 corpore,
2682 797 2785 855 sed
2805 798 2963 856 intus

547 879 953 940 recreabantur
997 875 1201 934 solatio
1253 876 1502 953 Spiritus
1551 877 1610 936 S.
1657 877 1758 952 qui
1817 877 1879 935 in
1924 877 2113 938 media
2155 879 2385 938 fornace
2430 898 2616 936 rorem
2666 877 2865 954 gratiae
2908 885 2968 936 et

551 959 751 1040 gaudii
793 957 1141 1032 affundebat,
1189 975 1304 1033 quo
1349 955 1566 1033 perfusi
1607 957 2095 1035 refocillabantur,
2126 979 2199 1018 ne
2230 960 2338 1018 sub
2384 979 2555 1017 onere
2600 957 2967 1016 fatiscerent:

553 1041 641 1100 At
669 1038 934 1098 Christus
960 1045 1118 1097 totus
1161 1045 1220 1095 et
1263 1035 1454 1095 anima
1497 1044 1557 1095 et
1604 1056 1841 1114 corpore
1890 1059 2097 1116 passus
2140 1047 2267 1116 est;
2308 1040 2535 1098 nullum
2562 1038 2649 1096 illi
2679 1037 2963 1112 solatium,

551 1120 714 1180 nulla
753 1117 1040 1195 mitigatio
1084 1116 1302 1176 doloris
1345 1117 1708 1177 extrinsecus
1752 1119 2015 1194 accessit,
2046 1139 2183 1178 vere
2232 1129 2460 1178 assatus
2504 1117 2581 1176 ad
2624 1119 2819 1195 ignem
2864 1118 2964 1176 irae

554 1199 769 1260 divinae
795 1207 862 1258 ut
891 1198 1030 1257 olim
1056 1197 1118 1255 in
1147 1195 1324 1274 Agno
1357 1197 1625 1256 Paschali
1659 1196 2080 1274 adumbratum,
2114 1201 2193 1259 ita
2220 1207 2287 1259 ut
2314 1199 2531 1276 absque
2558 1197 2681 1256 ulla
2708 1198 2965 1256 consola-

553 1280 730 1340 tionis
763 1287 822 1338 et
861 1277 1146 1356 refrigerii
1193 1277 1438 1354 guttula,
1471 1277 1594 1336 solo
1638 1279 1885 1355 propriae
1926 1280 2170 1356 justitias
2215 1289 2275 1339 et
2322 1278 2661 1354 sanctitatis,
2693 1279 2743 1336 si
2770 1279 2858 1336 fas
2884 1279 2967 1336 ita

553 1360 731 1438 loqui,
763 1379 936 1418 succo
963 1358 1025 1416 in
1067 1357 1271 1416 mediis
1314 1356 1616 1416 ardoribus
1652 1358 1864 1435 judicii
1890 1359 2075 1418 divini
2102 1380 2228 1419 sese
2258 1358 2639 1419 sustenstarit.
2724 1363 2779 1417 4.
2812 1359 2967 1415 Mar-

553 1450 714 1518 tyres
741 1448 985 1499 mortem
1013 1437 1246 1514 quidem
1275 1437 1388 1496 sibi
1412 1437 1711 1496 ferendam
1739 1438 2015 1515 sciebant,
2048 1439 2150 1498 sed
2180 1440 2534 1517 corporalem
2561 1445 2804 1510 tantum,
2834 1457 2969 1496 nam

555 1522 630 1579 ab
659 1528 874 1579 aeterna
917 1538 978 1576 se
1021 1518 1296 1577 liberatos
1339 1537 1442 1595 per
1487 1517 1780 1577 Christum
1823 1527 2121 1595 noverant,
2168 1519 2308 1578 Joh.
2352 1539 2410 1576 v.
2438 1522 2518 1576 24
2550 1539 2565 1575 :
2622 1517 2709 1575 At
2737 1517 2967 1576 Christo

556 1621 688 1661 cum
717 1607 958 1676 utraque
986 1596 1320 1658 luctandum
1365 1597 1491 1673 fuit,
1523 1599 1662 1675 quia
1708 1605 1953 1676 utraque
1994 1599 2219 1675 peccati
2244 1598 2427 1656 nostri
2454 1597 2565 1654 fuit
2592 1597 2964 1672 stipendium.

559 1684 614 1740 5.
660 1679 951 1756 Martyres
978 1677 1215 1736 calicem
1257 1677 1454 1737 bibere
1496 1678 1837 1753 debuerunt,
1870 1678 1973 1737 sed
1998 1678 2165 1754 cujus
2192 1675 2513 1736 amaritudo
2540 1695 2643 1752 per
2672 1675 2969 1733 Christum

557 1759 787 1820 sublata
813 1759 1016 1830 fuerat,
1047 1757 1130 1816 ita
1153 1765 1217 1816 ut
1235 1757 1382 1816 nihil
1402 1758 1616 1816 lethale
1636 1767 1695 1817 et
1714 1758 2069 1816 mortiferum
2090 1757 2151 1814 in
2178 1777 2247 1816 eo
2275 1756 2521 1833 amplius
2550 1755 2829 1828 subesset,
2862 1755 2969 1812 sed

559 1839 822 1900 Christus
850 1838 1088 1897 calicem
1115 1837 1530 1914 indignationis
1559 1837 1771 1896 divinae
1800 1837 1877 1896 ad
1903 1837 2073 1896 faeces
2100 1857 2282 1914 usque
2310 1836 2509 1910 ebibit,
2538 1842 2782 1893 mortem
2810 1833 2970 1892 enim

557 1928 790 1998 gustare
819 1918 1020 1977 debuit
1045 1937 1152 1996 pro
1179 1918 1463 1995 omnibus,
1497 1919 1650 1977 Heb.
1680 1918 1740 1976 ii.
1764 1921 1821 1977 9.
1907 1921 1961 1977 6.
1994 1917 2094 1976 Illi
2120 1925 2362 1977 mortem
2390 1924 2448 1975 et
2474 1922 2759 1974 tormenta
2784 1913 2972 1991 patie-

555 2001 784 2075 bantur,
809 1999 912 2058 sed
929 1998 1144 2076 singuli
1165 2018 1270 2075 pro
1299 1999 1561 2075 singuliS,
1591 2006 1659 2058 ut
1684 1998 1940 2076 loquitur
1964 1999 2102 2074 Leo,
2126 2017 2231 2076 pro
2253 2017 2313 2056 se
2336 1996 2733 2073 unusquisque
2760 1994 2971 2053 morie-

554 2082 742 2156 batur,
773 2100 890 2139 non
917 2099 1020 2156 pro
1050 2079 1213 2138 aliis:
1257 2078 1343 2138 At
1371 2080 1637 2138 Christus
1656 2079 1911 2138 omnium
1938 2087 2175 2157 peccata
2190 2099 2340 2138 unus
2360 2077 2626 2155 portabat
2652 2082 2713 2134 et
2737 2075 2973 2154 publice

554 2183 660 2239 pro
678 2161 750 2220 iis
779 2158 1184 2220 satisfaciebat.
1215 2163 1248 2217 7
1257 2203 1271 2217 .
1297 2161 1588 2236 Martyres
1614 2159 1865 2238 denique
1886 2181 2017 2219 cum
2036 2167 2235 2234 morte,
2270 2159 2484 2218 Satana
2512 2165 2570 2216 et
2596 2155 2795 2214 inferis
2820 2175 2969 2233 pug-

555 2243 790 2315 nabant,
815 2240 918 2299 sed
952 2241 1076 2317 jam
1105 2259 1142 2297 a
1169 2239 1399 2298 Christo
1428 2239 1675 2298 devictis
1696 2249 1756 2298 et
1782 2241 2100 2317 prostratis,
2126 2241 2249 2299 Col.
2274 2239 2332 2298 ii.
2360 2242 2453 2314 14,
2482 2240 2573 2313 15,
2607 2235 2759 2294 Heb.
2784 2234 2842 2294 ii.
2870 2239 2963 2310 14,

555 2322 638 2380 ita
664 2328 732 2379 ut
759 2322 990 2376 ἐπινίκιον
1016 2320 1078 2377 in
1105 2319 1296 2376 medio
1315 2319 1625 2377 certamine
1655 2327 1885 2378 cantare
1907 2329 2180 2397 possent.,
2210 2323 2240 2377 1
2268 2320 2397 2378 Cor.
2420 2339 2521 2376 xv.
2553 2319 2647 2392 55,
2683 2319 2719 2349 “
2741 2316 2791 2375 Ο
2812 2335 2969 2374 mors

553 2400 656 2458 ubi
683 2405 772 2458 est
800 2397 1042 2456 victoria
1068 2397 1227 2470 tua,’'
1259 2395 1348 2455 &c
1379 2419 1394 2456 ε
1453 2395 1538 2455 At
1567 2397 1833 2456 Christus
1860 2419 1960 2457 eos
1982 2419 2181 2458 omnes
2202 2399 2391 2457 adhuc
2418 2399 2677 2474 integros
2704 2403 2763 2454 et
2788 2415 2967 2472 vege-

554 2487 648 2538 tos
676 2476 948 2550 adoritur,
979 2475 1221 2552 imperio
1248 2475 1449 2534 mortis
1477 2475 1793 2534 etiamnum
1816 2485 2003 2536 stante
2024 2485 2085 2536 et
2110 2478 2233 2536 vim
2262 2497 2424 2536 suam
2452 2477 2513 2534 in
2541 2477 2803 2535 homines
2832 2495 2964 2533 exe·

555 2565 717 2617 rente
742 2579 757 2633 ς
787 2555 945 2633 quod
970 2574 1088 2613 non
1109 2554 1297 2632 potuit
1323 2553 1532 2614 melius
1551 2555 1830 2632 explicari
1852 2576 2025 2634 quam
2048 2556 2261 2615 factum
2286 2577 2321 2613 a
2342 2557 2562 2616 Basilio
2596 2555 2964 2631 Seleuciensi,

558 2641 779 2709 Χριστὸς
809 2637 892 2693 σὺν
933 2638 1140 2712 ἀγωνιᾳ
1183 2638 1264 2692 τὸν
1293 2638 1506 2706 σταυρὸν
1553 2635 1892 2712 ὑποδέχεται,
1940 2639 2038 2692 καὶ
2079 2637 2448 2708 προλαμίζάνει
2492 2637 2648 2712 φάεος
2694 2641 2751 2692 τὸ
2780 2637 2961 2698 πάθος.

565 2720 678 2775 Διὰ
707 2721 792 2792 τ);
825 2719 902 2773 ὅτι
923 2719 1141 2794 Χξιστὸς
1159 2715 1254 2784 μὲν
1281 2717 1432 2772 κατὰ
1453 2715 1648 2794 ζῶντος
1664 2712 1739 2771 ’ές-ι
1760 2713 1998 2773 θανάτου
2018 2717 2370 2795 πραύνεται,
2394 2713 2533 2772 οὔπω
2550 2717 2840 2785 λελυμένης
2870 2717 2967 2781 τῆς

560 2799 846 2871 τυραννίδος
877 2795 1262 2868 συμπλέκεται,
1291 2793 1368 2852 ’ἔτι
1395 2798 1508 2874 γὰρ
1536 2796 1628 2862 τὴν
1664 2794 1724 2872 ἐξ
1770 2795 1951 2866 Ἀδὰμ
1980 2797 2103 2854 κατ’
2152 2799 2425 2868 ἀνθρώπων
2453 2797 2753 2852 auvam-siau
2780 2799 2803 2851 ὁ
2832 2793 2968 2861 ἅδης

557 2876 851 2956 ἐκόμπαζε,
922 2880 958 2911 “
982 2876 1244 2936 Christus
1299 2897 1430 2936 cum
1485 2897 1701 2954 angore
1759 2897 1985 2936 crucem
2034 2875 2252 2954 excipit
2298 2876 2738 2954 passionemque
2786 2894 2969 2952 pavor

555 2959 850 3037 anticipat.
935 2958 1318 3033 Quamobrem
1338 2961 1368 3016 Ρ
1407 2957 1679 3016 nimirum
1707 2957 1845 3034 quia
1872 2958 2135 3017 Christus
2162 2966 2363 3016 contra
2405 2957 2698 3015 viventem
2728 2963 2969 3014 mortem

556 3040 747 3100 adhuc
774 3047 1042 3113 armatur,
1064 3059 1310 3115 cumque
1345 3037 1601 3096 nondum
1644 3038 1833 3100 soluta
1872 3037 2179 3116 tyrannide
2216 3057 2421 3096 manus
2462 3036 2726 3110 conserit,
2758 3033 2971 3094 etenim

559 3119 861 3196 imperium
888 3118 1046 3194 quod
1073 3119 1132 3175 in
1161 3118 1424 3176 homines
1443 3119 1568 3195 jam
1597 3119 1733 3177 inde
1762 3119 1835 3176 ab
1878 3117 2073 3176 Adam
2108 3117 2405 3176 obtinebat
2432 3117 2747 3176 etiamnum
2775 3125 2965 3173 osten-

557 3197 777 3256 tabat.'’
808 3197 950 3270 Quae
977 3197 1171 3256 omnia
1197 3196 1518 3256 luculenter
1557 3205 1849 3256 testantur
1873 3207 2116 3256 mortem
2146 3197 2359 3256 Christi
2388 3205 2509 3255 toto
2540 3215 2750 3272 genere
2779 3195 2967 3254 diver-

559 3295 682 3334 sam
701 3273 876 3332 fuisse
895 3295 930 3332 a
948 3284 1130 3334 morte
1159 3285 1496 3350 martyrum,
1529 3277 1653 3334 sive
1672 3277 2036 3352 principium,
2068 3276 2191 3335 sive
2220 3277 2461 3348 modum,
2494 3275 2619 3332 sive
2627 3277 2809 3352 finem
2836 3295 2965 3352 pas-

560 3354 788 3413 sionum
809 3353 1104 3412 attendas:
1127 3353 1275 3411 Nam
1299 3354 1386 3411 illi
1407 3374 1444 3412 a
1463 3355 1588 3413 Deo
1609 3356 1781 3414 Patre
1804 3376 1879 3414 ex
1901 3375 2093 3413 amore
2106 3353 2539 3430 castigabantur
2556 3354 2618 3410 in
2636 3373 2873 3430 corpore
2892 3355 2966 3413 ad

561 3433 806 3512 gloriam
825 3432 955 3508 Dei,
967 3439 1026 3490 et
1042 3431 1502 3510 obsignationem
1525 3434 1817 3492 veritatis:
1842 3433 1924 3492 At
1942 3435 2203 3492 Christus
2220 3454 2255 3492 a
2274 3435 2401 3492 Deo
2411 3431 2609 3510 judice
2632 3453 2707 3491 ex
2722 3433 2967 3512 justitiae

559 3514 798 3593 punitur
815 3521 873 3572 et
889 3531 1126 3588 corpore
1147 3520 1207 3572 et
1223 3513 1283 3570 in
1301 3512 1492 3570 anima
1519 3513 1596 3572 ad
1613 3521 1981 3590 peccatorum
2008 3513 2397 3591 expiationem
2422 3536 2436 3572 ε
2464 3513 2527 3571 in
2546 3512 2665 3572 illis
2674 3515 2965 3592 passiones

563 3602 728 3654 erant
753 3593 850 3652 vel
861 3592 1212 3668 probatoriae
1237 3592 1336 3652 vel
1363 3594 1734 3668 medicinales,
1766 3601 1827 3652 at
1854 3593 1915 3650 in
1944 3593 2173 3653 Christo
2191 3595 2447 3671 poenales
2472 3601 2533 3652 et
2556 3594 2963 3669 satisfactorias.

645 3674 836 3734 XXI.
859 3672 1015 3731 Huic
1043 3680 1383 3750 argumento
1411 3673 1556 3732 nihil
1578 3674 1857 3732 hactenus
1884 3693 1919 3731 a
1940 3674 2263 3734 Socinianis
2284 3674 2517 3749 directe,
2549 3675 2706 3752 quod
2733 3675 2965 3752 quidem

561 3755 730 3815 nobis
757 3755 946 3813 visum
975 3752 1164 3826 fuerit,
1211 3773 1550 3830 responsum
1577 3762 1683 3813 est.
1730 3753 1975 3814 Crellius
2022 3763 2248 3815 tantum
2284 3755 2564 3814 adversus
2594 3755 2878 3830 Grotium,
2908 3775 2965 3832 p.

563 3839 642 3895 24
671 3843 731 3894 et
778 3837 874 3908 25,
905 3855 955 3892 c.
991 3836 1041 3908 1,
1073 3833 1294 3911 aliquid
1319 3853 1594 3910 reponere
1616 3841 1895 3894 conatur:
1928 3835 2219 3894 Christum
2248 3836 2469 3894 scilicet
2512 3855 2643 3894 cum
2670 3855 2870 3912 preces
2897 3835 2965 3892 il-

562 3917 652 3976 las
679 3915 830 3974 fudit
855 3914 916 3972 in
943 3914 1129 3987 hort0,
1159 3914 1258 3972 vel
1285 3913 1346 3971 in
1373 3934 1542 3974 cruce
1569 3934 1633 3974 se
1661 3934 1696 3973 a
1726 3915 1851 3974 Deo
1880 3914 2219 3975 derelictum
2246 3914 2612 3990 exclamavit,
2642 3914 2965 3992 respexisse

565 3997 767 4075 procul
794 3994 970 4054 dubio
999 3993 1074 4052 ad
1101 3994 1233 4052 illos
1261 3993 1490 4054 dolores
1517 4003 1575 4054 et
1603 3995 1891 4054 cruciatus
1924 4016 2071 4073 quos
2118 4004 2241 4055 tum
2269 3995 2696 4074 perpetiebatur
2739 4015 2870 4054 cum
2898 4015 2967 4053 ea

567 4076 746 4136 verba
766 4074 1064 4153 proferret,
1086 4073 1314 4134 dolores
1343 4073 1466 4134 scil.
1498 4075 1703 4151 crucis,
1735 4076 1835 4153 qui
1862 4095 1967 4152 per
1994 4097 2055 4135 se
2084 4077 2339 4154 corporis
2360 4084 2538 4150 erant,
2570 4075 2705 4134 inde
2734 4095 2871 4134 vero
2890 4075 2964 4133 ad

566 4157 820 4216 animum
847 4163 914 4215 ut
940 4153 1006 4213 fit
1031 4153 1498 4232 redundaverint,
1530 4156 1741 4233 quibus
1769 4155 1905 4214 addi
1948 4164 2191 4234 possunt
2234 4156 2663 4216 contumeliosas
2706 4175 2880 4214 voces
2908 4163 2967 4213 et

565 4236 968 4296 insultationes
985 4235 1238 4296 hostium
1261 4236 1617 4296 calamitates
1644 4236 1757 4314 ipsi
1774 4236 2141 4296 acerbissime
2162 4237 2660 4314 exprobrantium;
2693 4236 2783 4294 De
2804 4242 2966 4293 tanta

565 4316 802 4378 tristitia
829 4337 958 4394 quae
987 4313 1194 4394 graecis
1233 4317 1430 4376 verbis
1477 4316 1820 4394 exprimitur
1871 4317 2019 4376 nihil
2064 4317 2185 4394 legi
2224 4316 2299 4374 ab
2328 4337 2395 4374 eo
2442 4324 2699 4394 tempore
2746 4334 2861 4392 quo
2888 4333 2965 4372 ex

565 4398 734 4454 horte
764 4397 1114 4456 Gctsemane
1160 4397 1333 4456 fuerit
1379 4398 1681 4472 abductuS,
1738 4417 1995 4457 cessasse
2042 4396 2213 4456 istam
2260 4397 2433 4454 animi
2479 4394 2965 4472 perturbationem

567 4483 874 4552 postquam
903 4477 956 4533 ei
1003 4477 1268 4554 apparuit
1297 4477 1564 4555 Angelus
1587 4500 1602 4552 ;
1650 4478 1825 4536 Hunc
1852 4477 2029 4536 fuisse
2057 4477 2295 4535 calicem
2324 4475 2395 4534 de
2423 4493 2538 4553 quo
2561 4472 2823 4533 Christus
2854 4473 2967 4532 Pa-

567 4563 716 4612 trem
741 4561 862 4611 tam
889 4554 1136 4614 sollicite
1155 4559 1386 4633 rogavit
1412 4567 1478 4617 ut
1505 4577 1540 4615 a
1569 4577 1633 4616 se
1674 4559 1961 4633 transiret,
1991 4577 2109 4616 non
2134 4577 2273 4615 vero
2300 4563 2543 4613 mortem
2566 4576 2581 4630 ς
2614 4553 2827 4611 Earum
2865 4574 2963 4613 au-

567 4640 686 4692 tem
713 4651 948 4710 precum
975 4635 1170 4694 statim
1198 4645 1457 4696 secutum
1480 4637 1657 4696 fuisse
1680 4636 1947 4698 effectum
1967 4645 2275 4716 apparente
2300 4635 2567 4712 Angelo;
2614 4632 2756 4692 Ideo
2776 4633 2973 4694 Chris-
