3234 5192
919 852 1452 932 DISPUTATIO
1512 854 2101 947 THEOLOGlCA,

417 1122 549 1211 DE
632 1124 1495 1220 SATISFACTIONIS
1580 1123 2016 1217 CHRISTI
2089 1124 2662 1215 VERITATE.

1254 1414 1476 1481 PARS
1550 1414 1836 1481 PRIMA.

1344 1644 1741 1657 —————-—ae-—-—-—·

754 1816 1147 1893 Respondente
1175 1815 1650 1875 Mancmsnnsco
1681 1814 1972 1891 I'uumo,
2008 1814 2330 1876 Genevensi.

412 1970 460 2030 Ι.
506 1971 649 2031 Cum
680 1974 791 2032 tria
818 1975 999 2053 vulgo
1028 1975 1101 2034 de
1127 1976 1505 2053 satisfactione
1534 1974 1750 2034 clareti
1785 1974 1847 2032 in
1875 1974 2336 2051 disquisitionem
2367 1974 2567 2033 venire
2595 1975 2745 2033 sole-

327 2059 445 2126 ant,
475 2053 786 2129 necessitas,
814 2056 1039 2130 veritas,
1076 2056 1368 2130 perfectio,
1400 2062 1459 2113 et
1506 2054 1579 2112 de
1627 2055 1945 2112 necessitate
1992 2073 2029 2112 a
2071 2055 2239 2112 nobis
2267 2070 2384 2111 non
2411 2054 2494 2112 ita
2521 2054 2743 2130 pridem

324 2130 592 2191 instituta
617 2132 792 2192 fuerit
819 2133 1184 2209 disceptatio,
1216 2134 1360 2192 ordo
1397 2134 1520 2210 jam
1565 2133 1822 2209 postulat
1863 2140 1930 2190 ut
1973 2132 2046 2191 de
2073 2134 2308 2191 veritate
2343 2132 2745 2208 disputemus:

328 2210 497 2283 Quod
524 2230 641 2269 non
668 2212 877 2271 minori
906 2232 1043 2271 cura
1070 2219 1129 2271 et
1157 2212 1349 2271 studio
1394 2212 1800 2289 exequendum
1845 2210 2014 2271 nobis
2055 2220 2148 2269 est
2174 2219 2596 2289 argumentum,
2627 2212 2744 2270 imo

325 2288 623 2365 aliquanto
664 2292 943 2368 majorem
983 2289 1231 2373 ἇιιςῶιαν
1272 2292 1511 2369 exigere
1558 2290 1829 2352 videtur:
1873 2290 2158 2368 siquidem
2201 2290 2264 2349 in
2305 2309 2376 2349 eo
2419 2290 2745 2368 praecipuus

322 2369 501 2428 totius
528 2370 703 2448 hujus
732 2371 995 2449 capitalis
1012 2382 1071 2432 et
1089 2372 1537 2433 fundamentalis
1570 2370 1980 2432 controversiae
2007 2371 2181 2431 cardo
2209 2370 2494 2430 vertitur:
2535 2370 2748 2431 frustra

322 2449 536 2527 quippe
565 2450 973 2512 satisfactionis
1001 2461 1221 2513 asserta
1238 2453 1441 2513 fuisset
1460 2454 1794 2529 necessitas,
1821 2452 1870 2511 si
1891 2452 2153 2531 ejusdem
2175 2451 2391 2511 veritas
2417 2451 2516 2510 vel
2543 2452 2746 2530 negari

321 2536 534 2607 posset,
564 2531 662 2589 vel
688 2532 750 2589 in
778 2531 1019 2593 dubium
1047 2534 1251 2594 saltem
1278 2534 1557 2593 revocari.

405 2610 490 2669 ΙΙ.
536 2610 653 2671 Hic
680 2620 873 2672 autem
900 2632 994 2673 res
1020 2614 1189 2675 nobis
1210 2613 1321 2675 erit
1340 2634 1473 2674 cum
1493 2614 1612 2674 illis
1633 2613 1776 2692 ipsis
1797 2611 2145 2671 adversariis
2173 2630 2305 2671 cum
2333 2610 2547 2689 quibus
2573 2619 2747 2671 antea

320 2708 527 2749 manus
544 2692 913 2751 conserendae
924 2694 1048 2771 jam
1070 2694 1319 2754 fuerunt.
1360 2694 1510 2753 Nam
1531 2695 1634 2772 qui
1650 2694 2052 2752 necessitatem
2071 2692 2417 2768 impugnant
2431 2690 2743 2768 Sociniani,

320 2768 624 2830 veritatem
652 2773 825 2830 etiam
874 2773 1221 2833 labefactare
1262 2773 1451 2832 modis
1496 2772 1767 2831 omnibus
1811 2778 2131 2829 conantur:
2172 2770 2290 2827 imo
2329 2788 2449 2827 non
2475 2769 2654 2828 alium
2682 2772 2745 2829 in

319 2848 493 2909 finem
522 2849 595 2908 de
624 2851 965 2910 necessitate
992 2852 1155 2911 litem
1184 2859 1436 2927 movent,
1468 2870 1643 2928 quam
1691 2858 1758 2909 ut
1799 2850 2026 2908 facilius
2071 2849 2372 2907 veritatem
2416 2848 2744 2908 convellere

321 2929 583 3005 possint;
629 2930 915 2988 Nimirum
943 2932 1239 2991 teterrima
1262 2932 1391 2989 hoec
1434 2938 1493 2989 et
1533 2929 1787 2988 exitialis
1827 2928 2228 2986 haereticorum
2255 2927 2399 3000 lues,
2432 2925 2744 2988 Christiani

320 3007 573 3065 nominis
598 3008 865 3066 ultimum
893 3007 1163 3084 dedecus,
1193 3008 1513 3068 Salvatoris
1532 3009 1717 3067 nostri
1739 3026 2024 3066 summum
2049 3007 2285 3064 Naturae
2323 3008 2562 3085 ὑπεροχὴν
2587 3006 2742 3067 blas-

322 3086 529 3162 pheme
557 3103 799 3163 arguere
826 3106 945 3145 non
973 3090 1115 3148 satis
1142 3087 1361 3165 habuit,
1394 3096 1668 3147 aeternam
1696 3087 1824 3163 ejus
1852 3085 2216 3145 divinitatem
2245 3094 2520 3162 proterve
2541 3104 2742 3165 respu-

324 3164 493 3239 endo,
517 3166 631 3224 nisi
649 3176 1079 3226 sacrosanctum
1102 3167 1445 3227 Mediator-is
1474 3166 1722 3226 officium
1753 3174 1812 3225 et
1841 3185 2127 3225 summum
2155 3165 2215 3223 in
2243 3184 2350 3224 nos
2379 3165 2739 3246 beneficium,

324 3245 774 3306 satisfactionem
802 3254 943 3324 puta
971 3256 1029 3307 et
1056 3248 1341 3323 meritum,
1392 3248 1567 3326 impie
1616 3247 1964 3325 abnegaret3
2010 3264 2144 3304 nam
2173 3264 2304 3305 eum
2333 3244 2502 3304 facile
2529 3244 2742 3307 intelli-

324 3334 529 3404 gerent
556 3327 655 3386 isti
682 3327 943 3386 homines
970 3328 1119 3387 tanti
1168 3346 1295 3387 esse
1338 3328 1787 3388 satisfactionem
1828 3334 2101 3405 praestare
2129 3346 2232 3403 pro
2260 3324 2464 3385 mundi
2490 3329 2744 3403 peccatis

320 3414 387 3465 ut
414 3406 559 3466 illud
588 3406 855 3467 effectum
883 3408 1020 3467 dare
1046 3428 1216 3467 nemo
1243 3409 1426 3484 possit
1454 3408 1555 3485 qui
1602 3407 1748 3465 nihil
1793 3416 1882 3466 est
1929 3426 2102 3484 quam
2142 3404 2301 3478 ψιλός
2326 3402 2589 3487 ἔνορκος,
2619 3408 2746 3468 fieri

322 3504 439 3545 non
468 3486 657 3565 potuit
677 3487 817 3564 quin
860 3488 1075 3548 Christi
1096 3488 1459 3548 divinitatem
1480 3488 1832 3548 eliminando
1873 3487 2055 3565 ipsius
2073 3486 2522 3546 satisfactionem
2543 3487 2746 3548 eadem

322 3566 545 3625 ratione
571 3567 893 3644 rejicerent.
1304 3556 1332 3584 ⁰

336 3668 343 3675 ·
408 3645 529 3703 ΙΙΙ.
573 3646 904 3723 optandum
952 3666 1091 3707 sane
1144 3647 1349 3708 fuisset
1400 3647 1716 3709 nefandum
1763 3648 1876 3706 hoc
1923 3656 1982 3707 et
2036 3666 2172 3705 vere
2219 3645 2744 3706 Antichristianum

324 3724 538 3801 dogma
568 3724 753 3804 (quod
780 3726 1219 3787 detestationem
1254 3729 1449 3807 potius
1492 3749 1666 3806 quam
1711 3727 2114 3786 refutationem
2163 3724 2440 3805 meretur)
2473 3725 2571 3784 vel
2595 3744 2742 3785 nun-

324 3819 501 3880 quam
530 3824 605 3863 ex
635 3805 785 3865 Oreo
812 3816 1149 3867 revocatum
1178 3808 1375 3885 fuisse,
1406 3810 1503 3867 vel
1550 3809 1702 3867 inter
1751 3807 2107 3866 Christianos
2151 3806 2344 3865 statim
2375 3822 2746 3882 suppressum

325 3891 385 3941 et
414 3891 625 3943 aeterno
656 3885 885 3946 silentio
914 3887 1266 3964 damnatum,
1296 3898 1363 3948 ut
1383 3887 1790 3948 inconcussum
1817 3887 1928 3946 hoc
1955 3886 2093 3945 fidei
2121 3894 2292 3963 caput
2321 3892 2380 3943 et
2406 3883 2744 3943 fundamen-

324 3970 449 4022 tum
477 3963 822 4025 retineretur
850 3986 1075 4045 semper
1100 3968 1387 4027 illibatum
1414 3990 1429 4027 z
1472 3968 1577 4027 sed
1620 3987 1752 4026 cum
1802 3985 1872 4025 ea
1913 3967 1989 4025 sit
2029 3964 2212 4024 seculi
2236 3964 2420 4023 nostri
2448 3962 2746 4023 calamitas

322 4051 391 4102 ut
418 4043 479 4101 in
506 4043 653 4104 illud
682 4052 957 4123 tanquam
1008 4056 1343 4107 eaeterorum
1390 4048 1648 4106 omnium
1693 4046 1976 4105 sentinam
2023 4044 2210 4103 omnis
2239 4044 2468 4121 generis
2496 4044 2748 4105 haereses

323 4122 725 4201 confluxerint,
758 4135 817 4184 et
842 4126 1315 4204 pestilentissima
1338 4128 1465 4186 haec
1504 4126 1700 4185 natrix
1732 4126 1858 4185 'late
1896 4124 2146 4203 grassari
2175 4123 2413 4201 coeperit
2439 4132 2498 4182 et
2525 4124 2747 4182 teterri-

322 4222 481 4262 mum
512 4204 671 4263 virus
701 4224 869 4265 suum
890 4226 995 4284 per
1012 4207 1205 4266 varias
1229 4208 1478 4286 Europae
1499 4214 1710 4285 partes,
1735 4204 1893 4283 quod
1918 4204 2001 4283 pii
2029 4222 2228 4263 omnes
2255 4203 2476 4280 lugent,
2505 4202 2750 4263 nimium

322 4290 605 4360 quantum
635 4285 951 4345 etiamnum
978 4287 1150 4345 hodie
1181 4296 1434 4365 spargat,
1476 4286 1696 4345 nemini
1715 4326 1720 4331 -
1737 4284 1910 4343 debet
1950 4284 2097 4342 vitio
2139 4282 2289 4341 verti
2347 4282 2396 4341 si
2425 4281 2746 4360 dumprin-

324 4382 461 4441 ceps
489 4365 859 4424 tenebrarum
886 4374 946 4425 et
986 4374 1151 4444 pater
1192 4365 1479 4425 mendacii
1522 4384 1626 4444 per
1672 4364 1980 4423 infernales
2023 4364 2197 4421 hasce
2241 4360 2419 4421 furias
2447 4362 2752 4422 veritatem

323 4445 907 4504 momentosissimam
939 4465 1273 4524 oppugnare
1302 4454 1361 4504 et
1404 4443 1676 4505 fidelibus
1721 4444 1940 4521 eripere
1969 4443 2127 4501 omni
2155 4462 2262 4519 ope
2291 4442 2608 4518 contendit,-
2637 4444 2754 4503 sint

322 4522 585 4583 vicissim
614 4525 715 4603 qui
743 4545 849 4603 pro
878 4528 1121 4585 veritate
1148 4525 1367 4586 tuenda
1399 4525 1475 4584 ad
1514 4526 1741 4603 piorum
1769 4524 2039 4583 solatium
2066 4542 2171 4602 pro
2199 4522 2356 4581 virili
2383 4522 2663 4601 laborent,
2695 4532 2755 4583 et

324 4604 577 4664 arcendo
604 4606 760 4665 malo
788 4626 905 4685 quo
933 4626 1049 4666 non
1078 4606 1238 4667 aliud
1266 4606 1431 4687 gregi
1472 4604 1764 4665 dominico
1791 4604 2086 4669 inimicum
2114 4603 2302 4679 magis
2329 4612 2386 4663 et
2415 4603 2650 4664 exitiale
2677 4624 2754 4665 ex

323 4684 525 4762 abyssi
553 4693 728 4764 puteo
758 4686 956 4765 prodit
980 4706 1211 4767 operam
1243 4706 1406 4748 suam
1434 4686 2021 4766 quantulamcumque
2050 4682 2403 4763 impendant.
2735 4697 2740 4703 '
