<?xml version="1.0" encoding="UTF-8"?>
<!DOCTYPE html PUBLIC "-//W3C//DTD XHTML 1.0 Transitional//EN"
    "http://www.w3.org/TR/xhtml1/DTD/xhtml1-transitional.dtd">
<html xmlns="http://www.w3.org/1999/xhtml" xml:lang="en" lang="en">
 <head>
  <title>
</title>
<meta http-equiv="Content-Type" content="text/html;charset=utf-8" />
  <meta name='ocr-system' content='tesseract 3.04.00' />
  <meta name='ocr-capabilities' content='ocr_page ocr_carea ocr_par ocr_line ocrx_word'/>
</head>
<body>
  <div class='ocr_page' id='page_1' title='image "./denecessariasec00turrgoog_0137.png"; bbox 0 0 3234 5192; ppageno 0'>
   <div class='ocr_carea' id='block_1_1' title="bbox 254 299 2716 381">
    <p class='ocr_par' dir='ltr' id='par_1_1' title="bbox 254 299 2716 381">
     <span class='ocr_line' id='line_1_1' title="bbox 254 299 2716 381; baseline 0.001 -20"><span class='ocrx_word' id='word_1_1' title='bbox 254 321 529 363; x_wconf 71' lang='lat' dir='ltr'>maru-r.</span> <span class='ocrx_word' id='word_1_2' title='bbox 559 299 649 381; x_wconf 88' lang='lat' dir='ltr'>v.]</span> <span class='ocrx_word' id='word_1_3' title='bbox 1062 320 1291 361; x_wconf 67' lang='lat' dir='ltr'>sosrnA</span> <span class='ocrx_word' id='word_1_4' title='bbox 1322 320 1400 360; x_wconf 69' lang='lat' dir='ltr'>As</span> <span class='ocrx_word' id='word_1_5' title='bbox 1428 320 1711 361; x_wconf 70' lang='lat' dir='ltr'>sconsam</span> <span class='ocrx_word' id='word_1_6' title='bbox 1740 320 2014 362; x_wconf 61' lang='lat' dir='ltr'>nouus.</span> <span class='ocrx_word' id='word_1_7' title='bbox 2607 307 2716 365; x_wconf 85' lang='grc'>107</span> 
     </span>
    </p>
   </div>
   <div class='ocr_carea' id='block_1_2' title="bbox 254 460 2740 4694">
    <p class='ocr_par' dir='ltr' id='par_1_2' title="bbox 254 460 2740 4694">
     <span class='ocr_line' id='line_1_2' title="bbox 256 460 2720 537; baseline 0.002 -17"><span class='ocrx_word' id='word_1_8' title='bbox 256 472 465 522; x_wconf 79' lang='lat' dir='ltr'>vocet</span> <span class='ocrx_word' id='word_1_9' title='bbox 514 480 643 520; x_wconf 88' lang='lat' dir='ltr'>eam</span> <span class='ocrx_word' id='word_1_10' title='bbox 699 480 931 519; x_wconf 78' lang='lat' dir='ltr'>causam</span> <span class='ocrx_word' id='word_1_11' title='bbox 974 460 1247 519; x_wconf 73' lang='lat' dir='ltr'>universes</span> <span class='ocrx_word' id='word_1_12' title='bbox 1286 461 1571 537; x_wconf 68' lang='lat' dir='ltr'>Ecclesia,</span> <span class='ocrx_word' id='word_1_13' title='bbox 1603 470 1664 521; x_wconf 91' lang='lat' dir='ltr'>et</span> <span class='ocrx_word' id='word_1_14' title='bbox 1703 462 2026 521; x_wconf 72' lang='lat' dir='ltr'><strong><em>sententiam</em></strong></span> <span class='ocrx_word' id='word_1_15' title='bbox 2083 464 2350 521; x_wconf 70' lang='lat' dir='ltr'>Ecclesia</span> <span class='ocrx_word' id='word_1_16' title='bbox 2402 464 2720 537; x_wconf 66' lang='lat' dir='ltr'>Catholicae,</span> 
     </span>
     <span class='ocr_line' id='line_1_3' title="bbox 254 542 2724 621; baseline 0.001 -20"><span class='ocrx_word' id='word_1_17' title='bbox 254 562 465 621; x_wconf 79' lang='lat' dir='ltr'>quam</span> <span class='ocrx_word' id='word_1_18' title='bbox 526 542 705 601; x_wconf 86' lang='lat' dir='ltr'>etiam</span> <span class='ocrx_word' id='word_1_19' title='bbox 750 560 967 617; x_wconf 86' lang='lat' dir='ltr'>magna</span> <span class='ocrx_word' id='word_1_20' title='bbox 1006 550 1303 600; x_wconf 89' lang='lat' dir='ltr'>auctorum</span> <span class='ocrx_word' id='word_1_21' title='bbox 1348 542 1500 601; x_wconf 86' lang='lat' dir='ltr'>nube</span> <span class='ocrx_word' id='word_1_22' title='bbox 1556 542 1874 601; x_wconf 85' lang='lat' dir='ltr'>confirmat.</span> <span class='ocrx_word' id='word_1_23' title='bbox 1945 543 2290 601; x_wconf 76' lang='lat' dir='ltr'>’Concilium</span> <span class='ocrx_word' id='word_1_24' title='bbox 2339 545 2724 605; x_wconf 77' lang='lat' dir='ltr'>Lateraneme</span> 
     </span>
     <span class='ocr_line' id='line_1_4' title="bbox 262 620 2722 699; baseline 0.002 -19"><span class='ocrx_word' id='word_1_25' title='bbox 262 622 391 681; x_wconf 89' lang='lat' dir='ltr'>sub</span> <span class='ocrx_word' id='word_1_26' title='bbox 434 620 791 680; x_wconf 80' lang='lat' dir='ltr'><strong>Innocentio</strong></span> <span class='ocrx_word' id='word_1_27' title='bbox 816 620 955 695; x_wconf 90' lang='grc' dir='ltr'>ΙΙΙ.,</span> <span class='ocrx_word' id='word_1_28' title='bbox 988 640 1157 681; x_wconf 87' lang='lat' dir='ltr'>anno.</span> <span class='ocrx_word' id='word_1_29' title='bbox 1192 624 1365 697; x_wconf 82' lang='lat'>1215,</span> <span class='ocrx_word' id='word_1_30' title='bbox 1395 622 1521 681; x_wconf 81' lang='lat' dir='ltr'>haec</span> <span class='ocrx_word' id='word_1_31' title='bbox 1568 640 1841 699; x_wconf 85' lang='lat' dir='ltr'>expresse</span> <span class='ocrx_word' id='word_1_32' title='bbox 1869 622 2061 697; x_wconf 87' lang='lat' dir='ltr'>habet,</span> <span class='ocrx_word' id='word_1_33' title='bbox 2114 626 2149 655; x_wconf 91' lang='lat'><strong>“</strong></span> <span class='ocrx_word' id='word_1_34' title='bbox 2172 622 2236 681; x_wconf 86' lang='lat' dir='ltr'>Si</span> <span class='ocrx_word' id='word_1_35' title='bbox 2266 622 2551 683; x_wconf 79' lang='lat' dir='ltr'><strong>Dominus</strong></span> <span class='ocrx_word' id='word_1_36' title='bbox 2577 634 2722 684; x_wconf 85' lang='lat' dir='ltr'>tem·</span> 
     </span>
     <span class='ocr_line' id='line_1_5' title="bbox 259 700 2725 782; baseline 0.002 -23"><span class='ocrx_word' id='word_1_37' title='bbox 259 702 521 781; x_wconf 77' lang='lat' dir='ltr'>poralis</span> <span class='ocrx_word' id='word_1_38' title='bbox 546 700 803 759; x_wconf 85' lang='lat' dir='ltr'>monitus</span> <span class='ocrx_word' id='word_1_39' title='bbox 825 709 1035 759; x_wconf 84' lang='lat' dir='ltr'>terram</span> <span class='ocrx_word' id='word_1_40' title='bbox 1062 722 1225 760; x_wconf 87' lang='lat' dir='ltr'>suam</span> <span class='ocrx_word' id='word_1_41' title='bbox 1248 722 1495 779; x_wconf 85' lang='lat' dir='ltr'>purgare</span> <span class='ocrx_word' id='word_1_42' title='bbox 1526 703 1598 761; x_wconf 91' lang='lat' dir='ltr'>ab</span> <span class='ocrx_word' id='word_1_43' title='bbox 1639 702 1908 762; x_wconf 85' lang='lat' dir='ltr'>haeretica</span> <span class='ocrx_word' id='word_1_44' title='bbox 1935 702 2220 779; x_wconf 78' lang='lat' dir='ltr'>pravitate</span> <span class='ocrx_word' id='word_1_45' title='bbox 2249 703 2590 779; x_wconf 81' lang='lat' dir='ltr'>neglexerit,</span> <span class='ocrx_word' id='word_1_46' title='bbox 2622 726 2725 782; x_wconf 89' lang='lat' dir='ltr'>per</span> 
     </span>
     <span class='ocr_line' id='line_1_6' title="bbox 260 780 2724 861; baseline 0.002 -22"><span class='ocrx_word' id='word_1_47' title='bbox 260 780 835 859; x_wconf 80' lang='lat' dir='ltr'>Metropolitanum,</span> <span class='ocrx_word' id='word_1_48' title='bbox 868 790 927 839; x_wconf 86' lang='lat' dir='ltr'>et</span> <span class='ocrx_word' id='word_1_49' title='bbox 964 780 1491 859; x_wconf 85' lang='lat' dir='ltr'>Comprovinciales</span> <span class='ocrx_word' id='word_1_50' title='bbox 1515 783 1836 861; x_wconf 86' lang='lat' dir='ltr'>Episcopos</span> <span class='ocrx_word' id='word_1_51' title='bbox 1858 783 2468 843; x_wconf 77' lang='lat' dir='ltr'>excommunicationis</span> <span class='ocrx_word' id='word_1_52' title='bbox 2493 785 2724 843; x_wconf 89' lang='lat' dir='ltr'>vinculo</span> 
     </span>
     <span class='ocr_line' id='line_1_7' title="bbox 256 860 2723 940; baseline 0.002 -21"><span class='ocrx_word' id='word_1_53' title='bbox 256 860 627 920; x_wconf 83' lang='lat' dir='ltr'>innodetur.</span> <span class='ocrx_word' id='word_1_54' title='bbox 695 861 760 919; x_wconf 81' lang='lat' dir='ltr'>Si</span> <span class='ocrx_word' id='word_1_55' title='bbox 788 860 1116 919; x_wconf 74' lang='lat' dir='ltr'>satisfacere</span> <span class='ocrx_word' id='word_1_56' title='bbox 1174 864 1577 939; x_wconf 86' lang='lat' dir='ltr'>contempserit</span> <span class='ocrx_word' id='word_1_57' title='bbox 1606 864 1757 921; x_wconf 88' lang='lat' dir='ltr'>intra</span> <span class='ocrx_word' id='word_1_58' title='bbox 1783 882 2014 937; x_wconf 87' lang='lat' dir='ltr'>annum,</span> <span class='ocrx_word' id='word_1_59' title='bbox 2046 863 2403 940; x_wconf 86' lang='lat' dir='ltr'>significetur</span> <span class='ocrx_word' id='word_1_60' title='bbox 2427 863 2538 923; x_wconf 91' lang='lat' dir='ltr'>hoc</span> <span class='ocrx_word' id='word_1_61' title='bbox 2569 885 2723 923; x_wconf 89' lang='lat' dir='ltr'>sum·</span> 
     </span>
     <span class='ocr_line' id='line_1_8' title="bbox 259 940 2722 1020; baseline 0.002 -21"><span class='ocrx_word' id='word_1_62' title='bbox 259 962 371 1001; x_wconf 88' lang='lat' dir='ltr'>mo</span> <span class='ocrx_word' id='word_1_63' title='bbox 412 940 715 1014; x_wconf 84' lang='lat' dir='ltr'>Pontifici,</span> <span class='ocrx_word' id='word_1_64' title='bbox 746 950 811 999; x_wconf 88' lang='lat' dir='ltr'>ut</span> <span class='ocrx_word' id='word_1_65' title='bbox 838 940 1072 999; x_wconf 89' lang='lat' dir='ltr'>intimos</span> <span class='ocrx_word' id='word_1_66' title='bbox 1098 942 1225 1018; x_wconf 87' lang='lat' dir='ltr'>ejus</span> <span class='ocrx_word' id='word_1_67' title='bbox 1253 943 1514 1001; x_wconf 76' lang='lat' dir='ltr'>vassalos</span> <span class='ocrx_word' id='word_1_68' title='bbox 1543 943 1615 1001; x_wconf 88' lang='lat' dir='ltr'>ab</span> <span class='ocrx_word' id='word_1_69' title='bbox 1665 944 1792 1020; x_wconf 89' lang='lat' dir='ltr'>ejus</span> <span class='ocrx_word' id='word_1_70' title='bbox 1817 942 2096 1003; x_wconf 85' lang='lat' dir='ltr'>fidelitate</span> <span class='ocrx_word' id='word_1_71' title='bbox 2145 942 2445 1003; x_wconf 86' lang='lat' dir='ltr'>denuntiet</span> <span class='ocrx_word' id='word_1_72' title='bbox 2493 945 2722 1004; x_wconf 88' lang='lat' dir='ltr'>absolu·</span> 
     </span>
     <span class='ocr_line' id='line_1_9' title="bbox 260 1021 2726 1102; baseline 0.001 -22"><span class='ocrx_word' id='word_1_73' title='bbox 260 1030 393 1097; x_wconf 79' lang='lat' dir='ltr'>tos,</span> <span class='ocrx_word' id='word_1_74' title='bbox 433 1030 505 1080; x_wconf 86' lang='lat' dir='ltr'>et</span> <span class='ocrx_word' id='word_1_75' title='bbox 529 1030 743 1080; x_wconf 85' lang='lat' dir='ltr'>terram</span> <span class='ocrx_word' id='word_1_76' title='bbox 792 1030 1044 1099; x_wconf 82' lang='lat' dir='ltr'>exponat</span> <span class='ocrx_word' id='word_1_77' title='bbox 1101 1021 1413 1081; x_wconf 78' lang='lat' dir='ltr'>Catholicis</span> <span class='ocrx_word' id='word_1_78' title='bbox 1442 1022 1892 1101; x_wconf 85' lang='lat' dir='ltr'>occupandam.’&#39;</span> <span class='ocrx_word' id='word_1_79' title='bbox 1977 1026 2351 1099; x_wconf 70' lang='lat' dir='ltr'>Luydunense</span> <span class='ocrx_word' id='word_1_80' title='bbox 2377 1026 2590 1102; x_wconf 85' lang='lat' dir='ltr'>pariter</span> <span class='ocrx_word' id='word_1_81' title='bbox 2617 1025 2726 1085; x_wconf 87' lang='lat' dir='ltr'>sub</span> 
     </span>
     <span class='ocr_line' id='line_1_10' title="bbox 270 1100 2728 1181; baseline 0.002 -22"><span class='ocrx_word' id='word_1_82' title='bbox 270 1101 653 1159; x_wconf 76' lang='lat' dir='ltr'>Innocentio</span> <span class='ocrx_word' id='word_1_83' title='bbox 712 1100 823 1159; x_wconf 91' lang='lat' dir='ltr'>IV.</span> <span class='ocrx_word' id='word_1_84' title='bbox 869 1100 1239 1161; x_wconf 87' lang='lat' dir='ltr'>Fredericum</span> <span class='ocrx_word' id='word_1_85' title='bbox 1270 1101 1355 1159; x_wconf 90' lang='lat'>11.</span> <span class='ocrx_word' id='word_1_86' title='bbox 1398 1103 1639 1180; x_wconf 89' lang='lat' dir='ltr'>imperio</span> <span class='ocrx_word' id='word_1_87' title='bbox 1681 1103 1908 1181; x_wconf 89' lang='lat' dir='ltr'>spoliat.</span> <span class='ocrx_word' id='word_1_88' title='bbox 1997 1104 2130 1162; x_wconf 87' lang='lat' dir='ltr'>Huc</span> <span class='ocrx_word' id='word_1_89' title='bbox 2159 1105 2447 1181; x_wconf 83' lang='lat' dir='ltr'>pertinent</span> <span class='ocrx_word' id='word_1_90' title='bbox 2475 1104 2728 1165; x_wconf 85' lang='lat' dir='ltr'>dictatus</span> 
     </span>
     <span class='ocr_line' id='line_1_11' title="bbox 270 1180 2730 1259; baseline 0.003 -21"><span class='ocrx_word' id='word_1_91' title='bbox 270 1182 487 1259; x_wconf 73' lang='lat' dir='ltr'>Papae</span> <span class='ocrx_word' id='word_1_92' title='bbox 516 1180 787 1257; x_wconf 87' lang='lat' dir='ltr'>Gregorii</span> <span class='ocrx_word' id='word_1_93' title='bbox 830 1180 997 1256; x_wconf 89' lang='lat' dir='ltr'>VII.‚</span> <span class='ocrx_word' id='word_1_94' title='bbox 1041 1181 1192 1239; x_wconf 87' lang='lat' dir='ltr'>inter</span> <span class='ocrx_word' id='word_1_95' title='bbox 1228 1200 1375 1257; x_wconf 90' lang='lat' dir='ltr'>quos</span> <span class='ocrx_word' id='word_1_96' title='bbox 1416 1182 1511 1240; x_wconf 83' lang='lat' dir='ltr'>isti</span> <span class='ocrx_word' id='word_1_97' title='bbox 1556 1184 1728 1241; x_wconf 85' lang='lat' dir='ltr'>etiam</span> <span class='ocrx_word' id='word_1_98' title='bbox 1773 1194 2159 1258; x_wconf 76' lang='lat' dir='ltr'>recensentur,</span> <span class='ocrx_word' id='word_1_99' title='bbox 2196 1187 2229 1215; x_wconf 90' lang='grc'>“</span> <span class='ocrx_word' id='word_1_100' title='bbox 2251 1183 2416 1257; x_wconf 89' lang='lat' dir='ltr'>Quod</span> <span class='ocrx_word' id='word_1_101' title='bbox 2457 1186 2615 1244; x_wconf 87' lang='lat' dir='ltr'>solus</span> <span class='ocrx_word' id='word_1_102' title='bbox 2643 1186 2730 1245; x_wconf 90' lang='lat' dir='ltr'>uti</span> 
     </span>
     <span class='ocr_line' id='line_1_12' title="bbox 264 1260 2729 1342; baseline 0.002 -23"><span class='ocrx_word' id='word_1_103' title='bbox 264 1262 491 1337; x_wconf 79' lang='lat' dir='ltr'>possit</span> <span class='ocrx_word' id='word_1_104' title='bbox 542 1260 937 1338; x_wconf 78' lang='lat' dir='ltr'>imperialibus</span> <span class='ocrx_word' id='word_1_105' title='bbox 966 1260 1250 1337; x_wconf 84' lang='lat' dir='ltr'>insigniis.</span> <span class='ocrx_word' id='word_1_106' title='bbox 1336 1261 1505 1335; x_wconf 87' lang='lat' dir='ltr'>Quod</span> <span class='ocrx_word' id='word_1_107' title='bbox 1532 1262 1712 1319; x_wconf 87' lang='lat' dir='ltr'>solius</span> <span class='ocrx_word' id='word_1_108' title='bbox 1757 1262 1930 1339; x_wconf 78' lang='lat' dir='ltr'>Papae</span> <span class='ocrx_word' id='word_1_109' title='bbox 1978 1262 2156 1339; x_wconf 88' lang='lat' dir='ltr'>pedes</span> <span class='ocrx_word' id='word_1_110' title='bbox 2197 1282 2396 1321; x_wconf 82' lang='lat' dir='ltr'>omnes</span> <span class='ocrx_word' id='word_1_111' title='bbox 2441 1266 2729 1342; x_wconf 85' lang='lat' dir='ltr'>principes</span> 
     </span>
     <span class='ocr_line' id='line_1_13' title="bbox 273 1339 2730 1418; baseline 0.002 -20"><span class='ocrx_word' id='word_1_112' title='bbox 273 1339 737 1401; x_wconf 71' lang='lat' dir='ltr'>deosculentur.</span> <span class='ocrx_word' id='word_1_113' title='bbox 823 1339 991 1414; x_wconf 89' lang='lat' dir='ltr'>Quod</span> <span class='ocrx_word' id='word_1_114' title='bbox 1011 1341 1241 1399; x_wconf 90' lang='lat' dir='ltr'>unicum</span> <span class='ocrx_word' id='word_1_115' title='bbox 1274 1350 1363 1399; x_wconf 89' lang='lat' dir='ltr'>est</span> <span class='ocrx_word' id='word_1_116' title='bbox 1384 1360 1595 1399; x_wconf 89' lang='lat' dir='ltr'>nomen</span> <span class='ocrx_word' id='word_1_117' title='bbox 1625 1340 1684 1398; x_wconf 90' lang='lat' dir='ltr'>in</span> <span class='ocrx_word' id='word_1_118' title='bbox 1713 1341 1946 1415; x_wconf 89' lang='lat' dir='ltr'>mundo,</span> <span class='ocrx_word' id='word_1_119' title='bbox 1982 1342 2154 1417; x_wconf 78' lang='lat' dir='ltr'>Papae</span> <span class='ocrx_word' id='word_1_120' title='bbox 2183 1342 2473 1401; x_wconf 86' lang='lat' dir='ltr'>videlicet.</span> <span class='ocrx_word' id='word_1_121' title='bbox 2560 1344 2730 1418; x_wconf 87' lang='lat' dir='ltr'>Quod</span> 
     </span>
     <span class='ocr_line' id='line_1_14' title="bbox 270 1418 2732 1499; baseline 0.002 -22"><span class='ocrx_word' id='word_1_122' title='bbox 270 1419 377 1478; x_wconf 87' lang='lat' dir='ltr'>illi</span> <span class='ocrx_word' id='word_1_123' title='bbox 444 1420 621 1479; x_wconf 87' lang='lat' dir='ltr'>liceat</span> <span class='ocrx_word' id='word_1_124' title='bbox 659 1420 1031 1497; x_wconf 88' lang='lat' dir='ltr'>imperatores</span> <span class='ocrx_word' id='word_1_125' title='bbox 1072 1420 1377 1497; x_wconf 86' lang='lat' dir='ltr'>deponere.</span> <span class='ocrx_word' id='word_1_126' title='bbox 1479 1418 1648 1495; x_wconf 85' lang='lat' dir='ltr'>Quod</span> <span class='ocrx_word' id='word_1_127' title='bbox 1676 1440 1709 1477; x_wconf 89' lang='lat' dir='ltr'>a</span> <span class='ocrx_word' id='word_1_128' title='bbox 1737 1421 2014 1479; x_wconf 83' lang='lat' dir='ltr'>fidelitate</span> <span class='ocrx_word' id='word_1_129' title='bbox 2053 1420 2380 1497; x_wconf 87' lang='lat' dir='ltr'>iniquorum</span> <span class='ocrx_word' id='word_1_130' title='bbox 2435 1422 2732 1499; x_wconf 88' lang='lat' dir='ltr'>subjectos</span> 
     </span>
     <span class='ocr_line' id='line_1_15' title="bbox 274 1500 2730 1578; baseline 0.001 -19"><span class='ocrx_word' id='word_1_131' title='bbox 274 1500 495 1578; x_wconf 74' lang='lat' dir='ltr'>possit</span> <span class='ocrx_word' id='word_1_132' title='bbox 520 1500 881 1559; x_wconf 79' lang='lat' dir='ltr'>absolvere.&#39;&#39;</span> <span class='ocrx_word' id='word_1_133' title='bbox 968 1500 1047 1558; x_wconf 89' lang='lat' dir='ltr'>Et</span> <span class='ocrx_word' id='word_1_134' title='bbox 1074 1520 1321 1559; x_wconf 88' lang='lat' dir='ltr'>canones</span> <span class='ocrx_word' id='word_1_135' title='bbox 1350 1500 1515 1573; x_wconf 87' lang='lat' dir='ltr'>varii,</span> <span class='ocrx_word' id='word_1_136' title='bbox 1554 1501 1872 1578; x_wconf 71' lang='lat' dir='ltr'>praesertim</span> <span class='ocrx_word' id='word_1_137' title='bbox 1912 1500 2151 1575; x_wconf 87' lang='lat' dir='ltr'>Gelasii,</span> <span class='ocrx_word' id='word_1_138' title='bbox 2187 1502 2224 1533; x_wconf 75' lang='lat'>‘⁴</span> <span class='ocrx_word' id='word_1_139' title='bbox 2242 1500 2417 1559; x_wconf 85' lang='lat' dir='ltr'>Alius</span> <span class='ocrx_word' id='word_1_140' title='bbox 2443 1502 2580 1561; x_wconf 90' lang='lat' dir='ltr'>item</span> <span class='ocrx_word' id='word_1_141' title='bbox 2613 1502 2730 1561; x_wconf 87' lang='lat' dir='ltr'>Ro-</span> 
     </span>
     <span class='ocr_line' id='line_1_16' title="bbox 282 1578 2730 1659; baseline 0.002 -21"><span class='ocrx_word' id='word_1_142' title='bbox 282 1599 518 1639; x_wconf 77' lang='lat' dir='ltr'>manus</span> <span class='ocrx_word' id='word_1_143' title='bbox 544 1578 818 1639; x_wconf 80' lang='lat' dir='ltr'>Pontifex</span> <span class='ocrx_word' id='word_1_144' title='bbox 874 1580 1211 1637; x_wconf 74' lang='lat' dir='ltr'>Zachariam</span> <span class='ocrx_word' id='word_1_145' title='bbox 1240 1600 1436 1657; x_wconf 85' lang='lat' dir='ltr'>regem</span> <span class='ocrx_word' id='word_1_146' title='bbox 1468 1582 1840 1656; x_wconf 82' lang='lat' dir='ltr'>Francorum,</span> <span class='ocrx_word' id='word_1_147' title='bbox 1880 1600 1998 1639; x_wconf 91' lang='lat' dir='ltr'>non</span> <span class='ocrx_word' id='word_1_148' title='bbox 2026 1588 2146 1639; x_wconf 85' lang='lat' dir='ltr'>tam</span> <span class='ocrx_word' id='word_1_149' title='bbox 2173 1600 2280 1657; x_wconf 90' lang='lat' dir='ltr'>pro</span> <span class='ocrx_word' id='word_1_150' title='bbox 2309 1580 2430 1640; x_wconf 88' lang='lat' dir='ltr'>suis</span> <span class='ocrx_word' id='word_1_151' title='bbox 2459 1582 2730 1659; x_wconf 87' lang='lat' dir='ltr'>iniquita-</span> 
     </span>
     <span class='ocr_line' id='line_1_17' title="bbox 279 1658 2730 1741; baseline 0.001 -22"><span class='ocrx_word' id='word_1_152' title='bbox 279 1661 486 1735; x_wconf 78' lang='lat' dir='ltr'>tibus,</span> <span class='ocrx_word' id='word_1_153' title='bbox 545 1678 717 1737; x_wconf 89' lang='lat' dir='ltr'>quam</span> <span class='ocrx_word' id='word_1_154' title='bbox 746 1678 851 1736; x_wconf 89' lang='lat' dir='ltr'>pro</span> <span class='ocrx_word' id='word_1_155' title='bbox 880 1679 947 1717; x_wconf 91' lang='lat' dir='ltr'>eo</span> <span class='ocrx_word' id='word_1_156' title='bbox 977 1658 1133 1735; x_wconf 91' lang='lat' dir='ltr'>quod</span> <span class='ocrx_word' id='word_1_157' title='bbox 1162 1668 1335 1718; x_wconf 84' lang='lat' dir='ltr'>tantae</span> <span class='ocrx_word' id='word_1_158' title='bbox 1391 1661 1666 1738; x_wconf 83' lang='lat' dir='ltr'>potestati</span> <span class='ocrx_word' id='word_1_159' title='bbox 1711 1669 1833 1720; x_wconf 86' lang='lat' dir='ltr'>erat</span> <span class='ocrx_word' id='word_1_160' title='bbox 1877 1660 2116 1735; x_wconf 88' lang='lat' dir='ltr'>inutilis,</span> <span class='ocrx_word' id='word_1_161' title='bbox 2149 1680 2184 1718; x_wconf 88' lang='lat' dir='ltr'>a</span> <span class='ocrx_word' id='word_1_162' title='bbox 2233 1680 2415 1738; x_wconf 83' lang='lat' dir='ltr'>regno</span> <span class='ocrx_word' id='word_1_163' title='bbox 2444 1662 2730 1741; x_wconf 74' lang='lat' dir='ltr'>deposuit,</span> 
     </span>
     <span class='ocr_line' id='line_1_18' title="bbox 282 1738 2734 1821; baseline 0.002 -23"><span class='ocrx_word' id='word_1_164' title='bbox 282 1748 354 1799; x_wconf 89' lang='lat' dir='ltr'>et</span> <span class='ocrx_word' id='word_1_165' title='bbox 391 1739 691 1817; x_wconf 87' lang='lat' dir='ltr'>Pipinum,</span> <span class='ocrx_word' id='word_1_166' title='bbox 714 1738 907 1797; x_wconf 88' lang='lat' dir='ltr'>Caroli</span> <span class='ocrx_word' id='word_1_167' title='bbox 928 1739 1287 1817; x_wconf 80' lang='lat' dir='ltr'>imperatoris</span> <span class='ocrx_word' id='word_1_168' title='bbox 1315 1750 1560 1815; x_wconf 89' lang='lat' dir='ltr'>patrem,</span> <span class='ocrx_word' id='word_1_169' title='bbox 1588 1740 1650 1799; x_wconf 89' lang='lat' dir='ltr'>in</span> <span class='ocrx_word' id='word_1_170' title='bbox 1679 1741 1806 1816; x_wconf 86' lang='lat' dir='ltr'>ejus</span> <span class='ocrx_word' id='word_1_171' title='bbox 1849 1740 2041 1799; x_wconf 89' lang='lat' dir='ltr'>locum</span> <span class='ocrx_word' id='word_1_172' title='bbox 2071 1741 2386 1817; x_wconf 77' lang='lat' dir='ltr'>substituit,</span> <span class='ocrx_word' id='word_1_173' title='bbox 2419 1763 2734 1821; x_wconf 88' lang='lat' dir='ltr'>omnesque</span> 
     </span>
     <span class='ocr_line' id='line_1_19' title="bbox 284 1818 2732 1898; baseline 0.002 -21"><span class='ocrx_word' id='word_1_174' title='bbox 284 1819 705 1897; x_wconf 83' lang='lat' dir='ltr'>Francigenas</span> <span class='ocrx_word' id='word_1_175' title='bbox 726 1838 761 1876; x_wconf 88' lang='lat' dir='ltr'>a</span> <span class='ocrx_word' id='word_1_176' title='bbox 772 1819 1101 1896; x_wconf 87' lang='lat' dir='ltr'>juramento</span> <span class='ocrx_word' id='word_1_177' title='bbox 1117 1818 1411 1878; x_wconf 76' lang='lat' dir='ltr'>fidelitatis</span> <span class='ocrx_word' id='word_1_178' title='bbox 1430 1820 1739 1894; x_wconf 86' lang='lat' dir='ltr'>absolvit,&#39;’</span> <span class='ocrx_word' id='word_1_179' title='bbox 1771 1818 1879 1880; x_wconf 60' lang='lat' dir='ltr'>Sec.</span> <span class='ocrx_word' id='word_1_180' title='bbox 1906 1822 1984 1879; x_wconf 83' lang='lat' dir='ltr'>Et</span> <span class='ocrx_word' id='word_1_181' title='bbox 2013 1821 2334 1897; x_wconf 81' lang='lat' dir='ltr'>Gregorius</span> <span class='ocrx_word' id='word_1_182' title='bbox 2361 1822 2528 1898; x_wconf 78' lang='lat' dir='ltr'>VII.‚</span> <span class='ocrx_word' id='word_1_183' title='bbox 2561 1824 2732 1883; x_wconf 87' lang='lat' dir='ltr'>Rom.</span> 
     </span>
     <span class='ocr_line' id='line_1_20' title="bbox 293 1898 2736 1977; baseline 0.002 -19"><span class='ocrx_word' id='word_1_184' title='bbox 293 1898 557 1977; x_wconf 81' lang='lat' dir='ltr'>Synodo</span> <span class='ocrx_word' id='word_1_185' title='bbox 614 1898 958 1973; x_wconf 77' lang='lat' dir='ltr'>Praesidens,</span> <span class='ocrx_word' id='word_1_186' title='bbox 1029 1900 1063 1931; x_wconf 90' lang='lat'><strong>“</strong></span> <span class='ocrx_word' id='word_1_187' title='bbox 1094 1899 1217 1958; x_wconf 89' lang='lat' dir='ltr'>Nos</span> <span class='ocrx_word' id='word_1_188' title='bbox 1274 1908 1601 1957; x_wconf 86' lang='lat' dir='ltr'>sanctorum</span> <span class='ocrx_word' id='word_1_189' title='bbox 1651 1908 2078 1959; x_wconf 86' lang='lat' dir='ltr'>antecessorum</span> <span class='ocrx_word' id='word_1_190' title='bbox 2135 1910 2462 1961; x_wconf 86' lang='lat' dir='ltr'>nostrorum</span> <span class='ocrx_word' id='word_1_191' title='bbox 2518 1912 2736 1963; x_wconf 86' lang='lat' dir='ltr'>statuta</span> 
     </span>
     <span class='ocr_line' id='line_1_21' title="bbox 290 1978 2732 2059; baseline 0.002 -22"><span class='ocrx_word' id='word_1_192' title='bbox 290 1988 595 2053; x_wconf 86' lang='lat' dir='ltr'>tenentes,</span> <span class='ocrx_word' id='word_1_193' title='bbox 642 1998 763 2053; x_wconf 90' lang='lat' dir='ltr'>eos,</span> <span class='ocrx_word' id='word_1_194' title='bbox 792 1978 893 2055; x_wconf 90' lang='lat' dir='ltr'>qui</span> <span class='ocrx_word' id='word_1_195' title='bbox 921 1978 1405 2037; x_wconf 85' lang='lat' dir='ltr'>excommunicati</span> <span class='ocrx_word' id='word_1_196' title='bbox 1438 1979 1718 2037; x_wconf 85' lang='lat' dir='ltr'>fidelitate</span> <span class='ocrx_word' id='word_1_197' title='bbox 1745 1989 1847 2040; x_wconf 88' lang='lat' dir='ltr'>aut</span> <span class='ocrx_word' id='word_1_198' title='bbox 1867 1989 2224 2039; x_wconf 83' lang='lat' dir='ltr'>sacramento</span> <span class='ocrx_word' id='word_1_199' title='bbox 2255 1983 2549 2041; x_wconf 86' lang='lat' dir='ltr'>constricti</span> <span class='ocrx_word' id='word_1_200' title='bbox 2579 1992 2732 2059; x_wconf 86' lang='lat' dir='ltr'>sunt,</span> 
     </span>
     <span class='ocr_line' id='line_1_22' title="bbox 293 2058 2734 2137; baseline 0.002 -20"><span class='ocrx_word' id='word_1_201' title='bbox 293 2059 632 2137; x_wconf 85' lang='lat' dir='ltr'>apostolica</span> <span class='ocrx_word' id='word_1_202' title='bbox 656 2058 999 2117; x_wconf 79' lang='lat' dir='ltr'>auctoritate</span> <span class='ocrx_word' id='word_1_203' title='bbox 1054 2078 1091 2116; x_wconf 90' lang='lat' dir='ltr'>a</span> <span class='ocrx_word' id='word_1_204' title='bbox 1130 2059 1461 2136; x_wconf 87' lang='lat' dir='ltr'>juramento</span> <span class='ocrx_word' id='word_1_205' title='bbox 1510 2059 1926 2135; x_wconf 86' lang='lat' dir='ltr'>absolvimus,&#39;&#39;</span> <span class='ocrx_word' id='word_1_206' title='bbox 1975 2058 2083 2118; x_wconf 62' lang='lat' dir='ltr'>&amp;a</span> <span class='ocrx_word' id='word_1_207' title='bbox 2170 2060 2249 2119; x_wconf 89' lang='lat' dir='ltr'>Et</span> <span class='ocrx_word' id='word_1_208' title='bbox 2297 2062 2608 2121; x_wconf 69' lang='lat' dir='ltr'>canonistas</span> <span class='ocrx_word' id='word_1_209' title='bbox 2665 2084 2734 2123; x_wconf 86' lang='lat' dir='ltr'>eo</span> 
     </span>
     <span class='ocr_line' id='line_1_23' title="bbox 297 2136 2734 2217; baseline 0.001 -19"><span class='ocrx_word' id='word_1_210' title='bbox 297 2158 503 2215; x_wconf 80' lang='lat' dir='ltr'>nsque</span> <span class='ocrx_word' id='word_1_211' title='bbox 550 2136 1014 2216; x_wconf 84' lang='lat' dir='ltr'>progrediuntur,</span> <span class='ocrx_word' id='word_1_212' title='bbox 1064 2146 1132 2197; x_wconf 89' lang='lat' dir='ltr'>ut</span> <span class='ocrx_word' id='word_1_213' title='bbox 1186 2158 1262 2198; x_wconf 83' lang='lat' dir='ltr'>ex</span> <span class='ocrx_word' id='word_1_214' title='bbox 1292 2138 1452 2215; x_wconf 86' lang='lat' dir='ltr'>Papa</span> <span class='ocrx_word' id='word_1_215' title='bbox 1494 2158 1690 2214; x_wconf 87' lang='lat' dir='ltr'>regem</span> <span class='ocrx_word' id='word_1_216' title='bbox 1733 2139 1964 2215; x_wconf 85' lang='lat' dir='ltr'>faciant,</span> <span class='ocrx_word' id='word_1_217' title='bbox 1996 2148 2055 2199; x_wconf 91' lang='lat' dir='ltr'>et</span> <span class='ocrx_word' id='word_1_218' title='bbox 2083 2160 2156 2198; x_wconf 85' lang='lat' dir='ltr'>ex</span> <span class='ocrx_word' id='word_1_219' title='bbox 2206 2141 2444 2217; x_wconf 89' lang='lat' dir='ltr'>regibus</span> <span class='ocrx_word' id='word_1_220' title='bbox 2491 2143 2734 2201; x_wconf 87' lang='lat' dir='ltr'>totidem</span> 
     </span>
     <span class='ocr_line' id='line_1_24' title="bbox 300 2218 2730 2298; baseline 0.002 -23"><span class='ocrx_word' id='word_1_221' title='bbox 300 2218 578 2277; x_wconf 80' lang='lat' dir='ltr'>vassalos</span> <span class='ocrx_word' id='word_1_222' title='bbox 628 2228 687 2277; x_wconf 86' lang='lat' dir='ltr'>et</span> <span class='ocrx_word' id='word_1_223' title='bbox 736 2218 999 2277; x_wconf 89' lang='lat' dir='ltr'>subditos</span> <span class='ocrx_word' id='word_1_224' title='bbox 1030 2218 1222 2295; x_wconf 81' lang='lat' dir='ltr'>Papae.</span> <span class='ocrx_word' id='word_1_225' title='bbox 1269 2218 1435 2278; x_wconf 87' lang='lat' dir='ltr'>Licet</span> <span class='ocrx_word' id='word_1_226' title='bbox 1462 2238 1601 2276; x_wconf 90' lang='lat' dir='ltr'>vero</span> <span class='ocrx_word' id='word_1_227' title='bbox 1633 2219 1904 2278; x_wconf 87' lang='lat' dir='ltr'>Bellarm.</span> <span class='ocrx_word' id='word_1_228' title='bbox 1949 2220 2218 2279; x_wconf 86' lang='lat' dir='ltr'>videatur</span> <span class='ocrx_word' id='word_1_229' title='bbox 2264 2240 2381 2278; x_wconf 86' lang='lat' dir='ltr'>non</span> <span class='ocrx_word' id='word_1_230' title='bbox 2409 2240 2730 2298; x_wconf 81' lang='lat' dir='ltr'>usquequa-</span> 
     </span>
     <span class='ocr_line' id='line_1_25' title="bbox 302 2298 2736 2379; baseline 0.001 -20"><span class='ocrx_word' id='word_1_231' title='bbox 302 2318 429 2375; x_wconf 88' lang='lat' dir='ltr'>que</span> <span class='ocrx_word' id='word_1_232' title='bbox 469 2298 714 2375; x_wconf 86' lang='lat' dir='ltr'>probare</span> <span class='ocrx_word' id='word_1_233' title='bbox 762 2298 910 2356; x_wconf 84' lang='lat' dir='ltr'>hanc</span> <span class='ocrx_word' id='word_1_234' title='bbox 940 2300 1365 2357; x_wconf 86' lang='lat' dir='ltr'>canonistarum</span> <span class='ocrx_word' id='word_1_235' title='bbox 1415 2299 1776 2375; x_wconf 88' lang='lat' dir='ltr'>sententiam,</span> <span class='ocrx_word' id='word_1_236' title='bbox 1827 2307 2020 2359; x_wconf 83' lang='lat' dir='ltr'>tamen</span> <span class='ocrx_word' id='word_1_237' title='bbox 2068 2300 2218 2359; x_wconf 87' lang='lat' dir='ltr'>hanc</span> <span class='ocrx_word' id='word_1_238' title='bbox 2276 2300 2448 2378; x_wconf 80' lang='lat' dir='ltr'>Papae</span> <span class='ocrx_word' id='word_1_239' title='bbox 2477 2302 2538 2360; x_wconf 89' lang='lat' dir='ltr'>in</span> <span class='ocrx_word' id='word_1_240' title='bbox 2567 2322 2736 2379; x_wconf 88' lang='lat' dir='ltr'>reges</span> 
     </span>
     <span class='ocr_line' id='line_1_26' title="bbox 300 2377 2733 2459; baseline 0.001 -21"><span class='ocrx_word' id='word_1_241' title='bbox 300 2387 659 2455; x_wconf 83' lang='lat' dir='ltr'>potestatem</span> <span class='ocrx_word' id='word_1_242' title='bbox 716 2377 939 2437; x_wconf 89' lang='lat' dir='ltr'>fortiter</span> <span class='ocrx_word' id='word_1_243' title='bbox 1009 2378 1273 2453; x_wconf 86' lang='lat' dir='ltr'>adstruit,</span> <span class='ocrx_word' id='word_1_244' title='bbox 1325 2386 1383 2437; x_wconf 88' lang='lat' dir='ltr'>et</span> <span class='ocrx_word' id='word_1_245' title='bbox 1436 2378 1615 2437; x_wconf 85' lang='lat' dir='ltr'>variis</span> <span class='ocrx_word' id='word_1_246' title='bbox 1660 2378 1960 2439; x_wconf 89' lang='lat' dir='ltr'>doctorum</span> <span class='ocrx_word' id='word_1_247' title='bbox 2015 2380 2360 2439; x_wconf 86' lang='lat' dir='ltr'>testimoniis</span> <span class='ocrx_word' id='word_1_248' title='bbox 2415 2380 2733 2459; x_wconf 84' lang='lat' dir='ltr'>confirmat,</span> 
     </span>
     <span class='ocr_line' id='line_1_27' title="bbox 304 2458 2740 2538; baseline 0.002 -22"><span class='ocrx_word' id='word_1_249' title='bbox 304 2458 615 2532; x_wconf 86' lang='lat' dir='ltr'>Italorum,</span> <span class='ocrx_word' id='word_1_250' title='bbox 665 2458 985 2533; x_wconf 79' lang='lat' dir='ltr'>Gallorum,</span> <span class='ocrx_word' id='word_1_251' title='bbox 1018 2459 1428 2535; x_wconf 86' lang='lat' dir='ltr'>Hispanorum,</span> <span class='ocrx_word' id='word_1_252' title='bbox 1470 2459 1909 2533; x_wconf 85' lang='lat' dir='ltr'>Germanorum,</span> <span class='ocrx_word' id='word_1_253' title='bbox 1958 2459 2304 2537; x_wconf 88' lang='lat' dir='ltr'>Anglorum,</span> <span class='ocrx_word' id='word_1_254' title='bbox 2336 2481 2578 2538; x_wconf 89' lang='lat' dir='ltr'>quorum</span> <span class='ocrx_word' id='word_1_255' title='bbox 2607 2462 2740 2521; x_wconf 89' lang='lat' dir='ltr'>loca</span> 
     </span>
     <span class='ocr_line' id='line_1_28' title="bbox 306 2537 2734 2617; baseline 0.002 -21"><span class='ocrx_word' id='word_1_256' title='bbox 306 2538 437 2616; x_wconf 85' lang='lat' dir='ltr'>legi</span> <span class='ocrx_word' id='word_1_257' title='bbox 464 2546 711 2616; x_wconf 86' lang='lat' dir='ltr'>possunt</span> <span class='ocrx_word' id='word_1_258' title='bbox 738 2537 797 2594; x_wconf 91' lang='lat' dir='ltr'>in</span> <span class='ocrx_word' id='word_1_259' title='bbox 825 2538 973 2596; x_wconf 90' lang='lat' dir='ltr'>libro</span> <span class='ocrx_word' id='word_1_260' title='bbox 1002 2548 1202 2597; x_wconf 89' lang='lat' dir='ltr'>contra</span> <span class='ocrx_word' id='word_1_261' title='bbox 1231 2538 1579 2615; x_wconf 88' lang='lat' dir='ltr'>Barclaium,</span> <span class='ocrx_word' id='word_1_262' title='bbox 1611 2540 1823 2617; x_wconf 85' lang='lat' dir='ltr'>quibus</span> <span class='ocrx_word' id='word_1_263' title='bbox 1851 2539 2029 2614; x_wconf 88' lang='lat' dir='ltr'>addit,</span> <span class='ocrx_word' id='word_1_264' title='bbox 2065 2544 2100 2573; x_wconf 91' lang='lat'><strong>“</strong></span> <span class='ocrx_word' id='word_1_265' title='bbox 2128 2540 2191 2598; x_wconf 84' lang='lat' dir='ltr'>Si</span> <span class='ocrx_word' id='word_1_266' title='bbox 2216 2540 2342 2599; x_wconf 86' lang='lat' dir='ltr'>haec</span> <span class='ocrx_word' id='word_1_267' title='bbox 2361 2562 2474 2600; x_wconf 89' lang='lat' dir='ltr'>non</span> <span class='ocrx_word' id='word_1_268' title='bbox 2505 2550 2594 2601; x_wconf 89' lang='lat' dir='ltr'>est</span> <span class='ocrx_word' id='word_1_269' title='bbox 2623 2542 2734 2602; x_wconf 90' lang='lat' dir='ltr'>Ec-</span> 
     </span>
     <span class='ocr_line' id='line_1_29' title="bbox 310 2617 2736 2696; baseline 0.002 -19"><span class='ocrx_word' id='word_1_270' title='bbox 310 2619 509 2677; x_wconf 81' lang='lat' dir='ltr'>clesiae</span> <span class='ocrx_word' id='word_1_271' title='bbox 540 2617 853 2677; x_wconf 85' lang='lat' dir='ltr'>Catholicae</span> <span class='ocrx_word' id='word_1_272' title='bbox 874 2637 1009 2692; x_wconf 83' lang='lat' dir='ltr'>vox,</span> <span class='ocrx_word' id='word_1_273' title='bbox 1040 2618 1161 2692; x_wconf 88' lang='lat' dir='ltr'>ubi,</span> <span class='ocrx_word' id='word_1_274' title='bbox 1185 2618 1445 2695; x_wconf 88' lang='lat' dir='ltr'>obsecro,</span> <span class='ocrx_word' id='word_1_275' title='bbox 1476 2640 1601 2679; x_wconf 87' lang='lat' dir='ltr'>eam</span> <span class='ocrx_word' id='word_1_276' title='bbox 1622 2619 1984 2679; x_wconf 86' lang='lat' dir='ltr'>inveniemus</span> <span class='ocrx_word' id='word_1_277' title='bbox 2002 2622 2031 2678; x_wconf 77' lang='lat' dir='ltr'>P</span> <span class='ocrx_word' id='word_1_278' title='bbox 2049 2628 2107 2679; x_wconf 88' lang='lat' dir='ltr'>et</span> <span class='ocrx_word' id='word_1_279' title='bbox 2135 2620 2185 2677; x_wconf 89' lang='lat' dir='ltr'>si</span> <span class='ocrx_word' id='word_1_280' title='bbox 2213 2629 2318 2696; x_wconf 84' lang='lat' dir='ltr'>est,</span> <span class='ocrx_word' id='word_1_281' title='bbox 2342 2630 2408 2679; x_wconf 90' lang='lat' dir='ltr'>ut</span> <span class='ocrx_word' id='word_1_282' title='bbox 2436 2622 2736 2681; x_wconf 82' lang='lat' dir='ltr'>verissime</span> 
     </span>
     <span class='ocr_line' id='line_1_30' title="bbox 310 2698 2738 2775; baseline 0.001 -17"><span class='ocrx_word' id='word_1_283' title='bbox 310 2708 421 2771; x_wconf 85' lang='lat' dir='ltr'>est,</span> <span class='ocrx_word' id='word_1_284' title='bbox 453 2698 556 2775; x_wconf 91' lang='lat' dir='ltr'>qui</span> <span class='ocrx_word' id='word_1_285' title='bbox 612 2718 736 2757; x_wconf 89' lang='lat' dir='ltr'>eam</span> <span class='ocrx_word' id='word_1_286' title='bbox 780 2698 979 2755; x_wconf 88' lang='lat' dir='ltr'>audire</span> <span class='ocrx_word' id='word_1_287' title='bbox 1022 2698 1352 2774; x_wconf 86' lang='lat' dir='ltr'>contemnit,</span> <span class='ocrx_word' id='word_1_288' title='bbox 1398 2708 1464 2757; x_wconf 90' lang='lat' dir='ltr'>ut</span> <span class='ocrx_word' id='word_1_289' title='bbox 1506 2700 1810 2759; x_wconf 88' lang='lat' dir='ltr'>Barclaius</span> <span class='ocrx_word' id='word_1_290' title='bbox 1851 2699 2004 2773; x_wconf 83' lang='lat' dir='ltr'>fecit,</span> <span class='ocrx_word' id='word_1_291' title='bbox 2049 2718 2242 2757; x_wconf 87' lang='lat' dir='ltr'>annon</span> <span class='ocrx_word' id='word_1_292' title='bbox 2270 2709 2336 2757; x_wconf 89' lang='lat' dir='ltr'>ut</span> <span class='ocrx_word' id='word_1_293' title='bbox 2387 2702 2650 2759; x_wconf 86' lang='lat' dir='ltr'>ethnicus</span> <span class='ocrx_word' id='word_1_294' title='bbox 2679 2710 2738 2761; x_wconf 91' lang='lat' dir='ltr'>et</span> 
     </span>
     <span class='ocr_line' id='line_1_31' title="bbox 312 2776 2734 2855; baseline 0 -18"><span class='ocrx_word' id='word_1_295' title='bbox 312 2779 679 2855; x_wconf 83' lang='lat' dir='ltr'>publicanus,</span> <span class='ocrx_word' id='word_1_296' title='bbox 728 2785 787 2835; x_wconf 87' lang='lat' dir='ltr'>et</span> <span class='ocrx_word' id='word_1_297' title='bbox 814 2776 973 2835; x_wconf 92' lang='lat' dir='ltr'>nullo</span> <span class='ocrx_word' id='word_1_298' title='bbox 1002 2776 1174 2837; x_wconf 86' lang='lat' dir='ltr'>modo</span> <span class='ocrx_word' id='word_1_299' title='bbox 1194 2778 1553 2837; x_wconf 84' lang='lat' dir='ltr'>Christianus</span> <span class='ocrx_word' id='word_1_300' title='bbox 1574 2778 1876 2837; x_wconf 82' lang='lat' dir='ltr'>habendus</span> <span class='ocrx_word' id='word_1_301' title='bbox 1904 2779 2058 2837; x_wconf 80' lang='lat' dir='ltr'>erit?</span> <span class='ocrx_word' id='word_1_302' title='bbox 2143 2778 2206 2836; x_wconf 86' lang='lat' dir='ltr'>Si</span> <span class='ocrx_word' id='word_1_303' title='bbox 2233 2798 2350 2837; x_wconf 88' lang='lat' dir='ltr'>non</span> <span class='ocrx_word' id='word_1_304' title='bbox 2379 2779 2554 2837; x_wconf 86' lang='lat' dir='ltr'>habet</span> <span class='ocrx_word' id='word_1_305' title='bbox 2585 2780 2734 2837; x_wconf 88' lang='lat' dir='ltr'>Pon-</span> 
     </span>
     <span class='ocr_line' id='line_1_32' title="bbox 310 2857 2738 2935; baseline 0 -18"><span class='ocrx_word' id='word_1_306' title='bbox 310 2858 463 2918; x_wconf 83' lang='lat' dir='ltr'>tifex</span> <span class='ocrx_word' id='word_1_307' title='bbox 491 2876 752 2917; x_wconf 86' lang='lat' dir='ltr'>summus</span> <span class='ocrx_word' id='word_1_308' title='bbox 779 2865 1123 2934; x_wconf 86' lang='lat' dir='ltr'>potestatem</span> <span class='ocrx_word' id='word_1_309' title='bbox 1152 2858 1213 2915; x_wconf 92' lang='lat' dir='ltr'>in</span> <span class='ocrx_word' id='word_1_310' title='bbox 1264 2858 1429 2917; x_wconf 89' lang='lat' dir='ltr'>terris</span> <span class='ocrx_word' id='word_1_311' title='bbox 1466 2858 1812 2935; x_wconf 84' lang='lat' dir='ltr'>disponendi</span> <span class='ocrx_word' id='word_1_312' title='bbox 1857 2857 1929 2916; x_wconf 89' lang='lat' dir='ltr'>de</span> <span class='ocrx_word' id='word_1_313' title='bbox 1974 2858 2404 2933; x_wconf 84' lang='lat' dir='ltr'>temporalibus,</span> <span class='ocrx_word' id='word_1_314' title='bbox 2451 2877 2633 2933; x_wconf 88' lang='lat' dir='ltr'>usque</span> <span class='ocrx_word' id='word_1_315' title='bbox 2661 2858 2738 2918; x_wconf 83' lang='lat' dir='ltr'>ad</span> 
     </span>
     <span class='ocr_line' id='line_1_33' title="bbox 316 2935 2738 3016; baseline 0 -20"><span class='ocrx_word' id='word_1_316' title='bbox 316 2938 741 3016; x_wconf 85' lang='lat' dir='ltr'>depositionem</span> <span class='ocrx_word' id='word_1_317' title='bbox 780 2937 1103 3015; x_wconf 88' lang='lat' dir='ltr'>principum</span> <span class='ocrx_word' id='word_1_318' title='bbox 1144 2956 1361 3011; x_wconf 87' lang='lat' dir='ltr'>eorum,</span> <span class='ocrx_word' id='word_1_319' title='bbox 1404 2937 1502 3013; x_wconf 90' lang='lat' dir='ltr'>qui</span> <span class='ocrx_word' id='word_1_320' title='bbox 1552 2938 1650 2995; x_wconf 88' lang='lat' dir='ltr'>vel</span> <span class='ocrx_word' id='word_1_321' title='bbox 1689 2937 1804 3014; x_wconf 87' lang='lat' dir='ltr'>ipsi</span> <span class='ocrx_word' id='word_1_322' title='bbox 1844 2936 2100 2995; x_wconf 70' lang='lat' dir='ltr'>haeretici</span> <span class='ocrx_word' id='word_1_323' title='bbox 2143 2944 2296 3011; x_wconf 88' lang='lat' dir='ltr'>sunt,</span> <span class='ocrx_word' id='word_1_324' title='bbox 2326 2936 2423 2993; x_wconf 89' lang='lat' dir='ltr'>vel</span> <span class='ocrx_word' id='word_1_325' title='bbox 2448 2935 2738 2997; x_wconf 68' lang='lat' dir='ltr'>haereticis</span> 
     </span>
     <span class='ocr_line' id='line_1_34' title="bbox 316 3014 2736 3095; baseline -0 -18"><span class='ocrx_word' id='word_1_326' title='bbox 316 3017 727 3095; x_wconf 85' lang='lat' dir='ltr'>quoquomodo</span> <span class='ocrx_word' id='word_1_327' title='bbox 756 3016 969 3091; x_wconf 86' lang='lat' dir='ltr'>favent,</span> <span class='ocrx_word' id='word_1_328' title='bbox 1001 3017 1183 3076; x_wconf 90' lang='lat' dir='ltr'>curin</span> <span class='ocrx_word' id='word_1_329' title='bbox 1212 3016 1464 3075; x_wconf 86' lang='lat' dir='ltr'>editione</span> <span class='ocrx_word' id='word_1_330' title='bbox 1491 3016 1668 3093; x_wconf 88' lang='lat' dir='ltr'>hujus</span> <span class='ocrx_word' id='word_1_331' title='bbox 1691 3014 1928 3074; x_wconf 88' lang='lat' dir='ltr'>canonis</span> <span class='ocrx_word' id='word_1_332' title='bbox 1955 3014 2150 3073; x_wconf 87' lang='lat' dir='ltr'>nullus</span> <span class='ocrx_word' id='word_1_333' title='bbox 2207 3035 2278 3073; x_wconf 85' lang='lat' dir='ltr'>ex</span> <span class='ocrx_word' id='word_1_334' title='bbox 2309 3022 2469 3074; x_wconf 87' lang='lat' dir='ltr'>tanto</span> <span class='ocrx_word' id='word_1_335' title='bbox 2497 3034 2736 3077; x_wconf 86' lang='lat' dir='ltr'>numero</span> 
     </span>
     <span class='ocr_line' id='line_1_35' title="bbox 316 3095 2735 3173; baseline 0 -17"><span class='ocrx_word' id='word_1_336' title='bbox 316 3098 701 3156; x_wconf 82' lang='lat' dir='ltr'>reclamavit?</span> <span class='ocrx_word' id='word_1_337' title='bbox 782 3098 898 3156; x_wconf 88' lang='lat' dir='ltr'>Cur</span> <span class='ocrx_word' id='word_1_338' title='bbox 943 3116 1017 3156; x_wconf 88' lang='lat' dir='ltr'>ne</span> <span class='ocrx_word' id='word_1_339' title='bbox 1046 3116 1195 3155; x_wconf 89' lang='lat' dir='ltr'>unus</span> <span class='ocrx_word' id='word_1_340' title='bbox 1224 3095 1475 3171; x_wconf 88' lang='lat' dir='ltr'>quidem,</span> <span class='ocrx_word' id='word_1_341' title='bbox 1535 3115 1609 3153; x_wconf 87' lang='lat' dir='ltr'>ex</span> <span class='ocrx_word' id='word_1_342' title='bbox 1649 3104 1737 3155; x_wconf 89' lang='lat' dir='ltr'>tot</span> <span class='ocrx_word' id='word_1_343' title='bbox 1763 3096 2188 3173; x_wconf 88' lang='lat' dir='ltr'>imperatorum,</span> <span class='ocrx_word' id='word_1_344' title='bbox 2221 3103 2279 3154; x_wconf 90' lang='lat' dir='ltr'>et</span> <span class='ocrx_word' id='word_1_345' title='bbox 2307 3115 2509 3173; x_wconf 88' lang='lat' dir='ltr'>regum</span> <span class='ocrx_word' id='word_1_346' title='bbox 2548 3104 2735 3157; x_wconf 89' lang='lat' dir='ltr'>orato-</span> 
     </span>
     <span class='ocr_line' id='line_1_36' title="bbox 318 3174 2728 3255; baseline 0 -19"><span class='ocrx_word' id='word_1_347' title='bbox 318 3178 498 3253; x_wconf 86' lang='lat' dir='ltr'>ribus,</span> <span class='ocrx_word' id='word_1_348' title='bbox 531 3177 737 3237; x_wconf 89' lang='lat' dir='ltr'>mutire</span> <span class='ocrx_word' id='word_1_349' title='bbox 767 3196 942 3237; x_wconf 86' lang='lat' dir='ltr'>ausus</span> <span class='ocrx_word' id='word_1_350' title='bbox 971 3177 1079 3235; x_wconf 85' lang='lat' dir='ltr'>fuit</span> <span class='ocrx_word' id='word_1_351' title='bbox 1095 3180 1123 3235; x_wconf 70' lang='grc' dir='ltr'>Ρ</span> <span class='ocrx_word' id='word_1_352' title='bbox 1205 3174 1475 3234; x_wconf 88' lang='lat' dir='ltr'>Nondum</span> <span class='ocrx_word' id='word_1_353' title='bbox 1506 3174 1781 3234; x_wconf 87' lang='lat' dir='ltr'>videlicet</span> <span class='ocrx_word' id='word_1_354' title='bbox 1826 3175 2062 3253; x_wconf 83' lang='lat' dir='ltr'>parasiti</span> <span class='ocrx_word' id='word_1_355' title='bbox 2100 3174 2422 3255; x_wconf 85' lang='lat' dir='ltr'>principum</span> <span class='ocrx_word' id='word_1_356' title='bbox 2452 3185 2728 3255; x_wconf 87' lang='lat' dir='ltr'>tempora·</span> 
     </span>
     <span class='ocr_line' id='line_1_37' title="bbox 316 3255 2736 3336; baseline 0.002 -21"><span class='ocrx_word' id='word_1_357' title='bbox 316 3256 463 3317; x_wconf 90' lang='lat' dir='ltr'>lium</span> <span class='ocrx_word' id='word_1_358' title='bbox 492 3257 681 3317; x_wconf 83' lang='lat' dir='ltr'>exorti</span> <span class='ocrx_word' id='word_1_359' title='bbox 708 3257 951 3331; x_wconf 82' lang='lat' dir='ltr'>fuerant,</span> <span class='ocrx_word' id='word_1_360' title='bbox 983 3257 1101 3335; x_wconf 90' lang='lat' dir='ltr'>qui,</span> <span class='ocrx_word' id='word_1_361' title='bbox 1133 3266 1199 3316; x_wconf 92' lang='lat' dir='ltr'>ut</span> <span class='ocrx_word' id='word_1_362' title='bbox 1246 3276 1427 3334; x_wconf 85' lang='lat' dir='ltr'>regna</span> <span class='ocrx_word' id='word_1_363' title='bbox 1469 3255 1810 3333; x_wconf 87' lang='lat' dir='ltr'>temporalia</span> <span class='ocrx_word' id='word_1_364' title='bbox 1831 3255 2087 3315; x_wconf 88' lang='lat' dir='ltr'>stabilire</span> <span class='ocrx_word' id='word_1_365' title='bbox 2136 3256 2460 3333; x_wconf 88' lang='lat' dir='ltr'>videantur,</span> <span class='ocrx_word' id='word_1_366' title='bbox 2491 3278 2736 3336; x_wconf 86' lang='lat' dir='ltr'>regnum</span> 
     </span>
     <span class='ocr_line' id='line_1_38' title="bbox 319 3334 2734 3415; baseline 0.001 -18"><span class='ocrx_word' id='word_1_367' title='bbox 319 3346 597 3397; x_wconf 63' lang='lat' dir='ltr'>aeternum</span> <span class='ocrx_word' id='word_1_368' title='bbox 627 3336 716 3411; x_wconf 89' lang='lat' dir='ltr'>iis,</span> <span class='ocrx_word' id='word_1_369' title='bbox 747 3337 959 3413; x_wconf 87' lang='lat' dir='ltr'>quibus</span> <span class='ocrx_word' id='word_1_370' title='bbox 986 3337 1310 3412; x_wconf 85' lang='lat' dir='ltr'>adulantur,</span> <span class='ocrx_word' id='word_1_371' title='bbox 1342 3335 1651 3413; x_wconf 87' lang='lat' dir='ltr'>eripiunt.”</span> <span class='ocrx_word' id='word_1_372' title='bbox 1735 3335 1780 3395; x_wconf 87' lang='lat' dir='ltr'><strong>J</strong></span> <span class='ocrx_word' id='word_1_373' title='bbox 1782 3334 1982 3395; x_wconf 81' lang='lat' dir='ltr'>esuitae</span> <span class='ocrx_word' id='word_1_374' title='bbox 2029 3356 2166 3396; x_wconf 88' lang='lat' dir='ltr'>sane</span> <span class='ocrx_word' id='word_1_375' title='bbox 2196 3357 2412 3413; x_wconf 73' lang='lat' dir='ltr'>omneS,</span> <span class='ocrx_word' id='word_1_376' title='bbox 2442 3348 2509 3396; x_wconf 89' lang='lat' dir='ltr'>ut</span> <span class='ocrx_word' id='word_1_377' title='bbox 2535 3340 2734 3415; x_wconf 84' lang='lat' dir='ltr'>praeci·</span> 
     </span>
     <span class='ocr_line' id='line_1_39' title="bbox 316 3414 2735 3495; baseline 0.001 -18"><span class='ocrx_word' id='word_1_378' title='bbox 316 3436 433 3495; x_wconf 88' lang='lat' dir='ltr'>pua</span> <span class='ocrx_word' id='word_1_379' title='bbox 456 3418 713 3495; x_wconf 86' lang='lat' dir='ltr'>Papatus</span> <span class='ocrx_word' id='word_1_380' title='bbox 742 3417 1047 3491; x_wconf 85' lang='lat' dir='ltr'>columina,</span> <span class='ocrx_word' id='word_1_381' title='bbox 1078 3416 1325 3494; x_wconf 86' lang='lat' dir='ltr'>pedibus</span> <span class='ocrx_word' id='word_1_382' title='bbox 1364 3425 1503 3475; x_wconf 89' lang='lat' dir='ltr'>eunt</span> <span class='ocrx_word' id='word_1_383' title='bbox 1530 3417 1591 3475; x_wconf 91' lang='lat' dir='ltr'>in</span> <span class='ocrx_word' id='word_1_384' title='bbox 1641 3436 1768 3475; x_wconf 88' lang='lat' dir='ltr'>eam</span> <span class='ocrx_word' id='word_1_385' title='bbox 1791 3414 2152 3474; x_wconf 85' lang='lat' dir='ltr'>sententiam.</span> <span class='ocrx_word' id='word_1_386' title='bbox 2215 3417 2342 3476; x_wconf 90' lang='lat' dir='ltr'>Imo</span> <span class='ocrx_word' id='word_1_387' title='bbox 2372 3418 2420 3476; x_wconf 88' lang='lat' dir='ltr'>si</span> <span class='ocrx_word' id='word_1_388' title='bbox 2448 3418 2580 3494; x_wconf 88' lang='lat' dir='ltr'>quis</span> <span class='ocrx_word' id='word_1_389' title='bbox 2609 3440 2735 3479; x_wconf 84' lang='lat' dir='ltr'>eam</span> 
     </span>
     <span class='ocr_line' id='line_1_40' title="bbox 318 3496 2736 3575; baseline 0.001 -20"><span class='ocrx_word' id='word_1_390' title='bbox 318 3516 533 3575; x_wconf 85' lang='lat' dir='ltr'>negare</span> <span class='ocrx_word' id='word_1_391' title='bbox 578 3496 874 3571; x_wconf 85' lang='lat' dir='ltr'>sustineat,</span> <span class='ocrx_word' id='word_1_392' title='bbox 906 3517 975 3555; x_wconf 90' lang='lat' dir='ltr'>eo</span> <span class='ocrx_word' id='word_1_393' title='bbox 1016 3498 1143 3574; x_wconf 91' lang='lat' dir='ltr'>ipso</span> <span class='ocrx_word' id='word_1_394' title='bbox 1185 3496 1247 3555; x_wconf 91' lang='lat' dir='ltr'>in</span> <span class='ocrx_word' id='word_1_395' title='bbox 1286 3497 1551 3555; x_wconf 73' lang='lat' dir='ltr'>haeresim</span> <span class='ocrx_word' id='word_1_396' title='bbox 1594 3496 1884 3555; x_wconf 87' lang='lat' dir='ltr'>incurrere</span> <span class='ocrx_word' id='word_1_397' title='bbox 1925 3497 2292 3573; x_wconf 86' lang='lat' dir='ltr'>pertendunt.</span> <span class='ocrx_word' id='word_1_398' title='bbox 2375 3498 2736 3559; x_wconf 69' lang='lat' dir='ltr'>schalkenius</span> 
     </span>
     <span class='ocr_line' id='line_1_41' title="bbox 316 3576 2736 3655; baseline 0.001 -20"><span class='ocrx_word' id='word_1_399' title='bbox 316 3596 423 3655; x_wconf 87' lang='lat' dir='ltr'>pro</span> <span class='ocrx_word' id='word_1_400' title='bbox 454 3576 808 3635; x_wconf 87' lang='lat' dir='ltr'>Bellarmino</span> <span class='ocrx_word' id='word_1_401' title='bbox 838 3586 1037 3636; x_wconf 89' lang='lat' dir='ltr'>contra</span> <span class='ocrx_word' id='word_1_402' title='bbox 1066 3576 1413 3651; x_wconf 85' lang='lat' dir='ltr'>Barclaium,</span> <span class='ocrx_word' id='word_1_403' title='bbox 1450 3579 1484 3609; x_wconf 90' lang='lat'><strong>“</strong></span> <span class='ocrx_word' id='word_1_404' title='bbox 1502 3576 1837 3635; x_wconf 84' lang='lat' dir='ltr'>haereticum</span> <span class='ocrx_word' id='word_1_405' title='bbox 1885 3577 1983 3634; x_wconf 90' lang='lat' dir='ltr'>vcl</span> <span class='ocrx_word' id='word_1_406' title='bbox 2011 3584 2164 3634; x_wconf 87' lang='lat' dir='ltr'>certe</span> <span class='ocrx_word' id='word_1_407' title='bbox 2209 3596 2510 3635; x_wconf 88' lang='lat' dir='ltr'>erroneum</span> <span class='ocrx_word' id='word_1_408' title='bbox 2559 3586 2649 3636; x_wconf 89' lang='lat' dir='ltr'>est</span> <span class='ocrx_word' id='word_1_409' title='bbox 2677 3588 2736 3637; x_wconf 88' lang='lat' dir='ltr'>et</span> 
     </span>
     <span class='ocr_line' id='line_1_42' title="bbox 316 3654 2735 3732; baseline 0 -16"><span class='ocrx_word' id='word_1_410' title='bbox 316 3656 685 3717; x_wconf 78' lang='lat' dir='ltr'>temerarium</span> <span class='ocrx_word' id='word_1_411' title='bbox 712 3656 920 3731; x_wconf 90' lang='lat' dir='ltr'>dicere,</span> <span class='ocrx_word' id='word_1_412' title='bbox 956 3656 1295 3716; x_wconf 88' lang='lat' dir='ltr'>Pontificem</span> <span class='ocrx_word' id='word_1_413' title='bbox 1320 3665 1387 3716; x_wconf 89' lang='lat' dir='ltr'>ut</span> <span class='ocrx_word' id='word_1_414' title='bbox 1417 3656 1774 3731; x_wconf 88' lang='lat' dir='ltr'>Pontificem,</span> <span class='ocrx_word' id='word_1_415' title='bbox 1801 3664 1954 3715; x_wconf 86' lang='lat' dir='ltr'>etex</span> <span class='ocrx_word' id='word_1_416' title='bbox 1977 3655 2109 3732; x_wconf 88' lang='lat' dir='ltr'>jure</span> <span class='ocrx_word' id='word_1_417' title='bbox 2131 3654 2348 3728; x_wconf 88' lang='lat' dir='ltr'>divino,</span> <span class='ocrx_word' id='word_1_418' title='bbox 2378 3675 2494 3713; x_wconf 90' lang='lat' dir='ltr'>non</span> <span class='ocrx_word' id='word_1_419' title='bbox 2523 3656 2735 3716; x_wconf 89' lang='lat' dir='ltr'>habere</span> 
     </span>
     <span class='ocr_line' id='line_1_43' title="bbox 315 3733 2733 3815; baseline -0.001 -18"><span class='ocrx_word' id='word_1_420' title='bbox 315 3746 660 3815; x_wconf 86' lang='lat' dir='ltr'>potestatem</span> <span class='ocrx_word' id='word_1_421' title='bbox 682 3736 951 3814; x_wconf 88' lang='lat' dir='ltr'>privandi</span> <span class='ocrx_word' id='word_1_422' title='bbox 972 3736 1263 3814; x_wconf 88' lang='lat' dir='ltr'>principes</span> <span class='ocrx_word' id='word_1_423' title='bbox 1274 3735 1561 3796; x_wconf 87' lang='lat' dir='ltr'>seculares</span> <span class='ocrx_word' id='word_1_424' title='bbox 1580 3756 1684 3795; x_wconf 85' lang='lat' dir='ltr'>suo</span> <span class='ocrx_word' id='word_1_425' title='bbox 1697 3736 2038 3813; x_wconf 86' lang='lat' dir='ltr'>principatu,</span> <span class='ocrx_word' id='word_1_426' title='bbox 2059 3733 2369 3812; x_wconf 87' lang='lat' dir='ltr'>quandoid</span> <span class='ocrx_word' id='word_1_427' title='bbox 2391 3734 2605 3793; x_wconf 90' lang='lat' dir='ltr'>bonum</span> <span class='ocrx_word' id='word_1_428' title='bbox 2619 3738 2733 3813; x_wconf 88' lang='lat' dir='ltr'>spi-</span> 
     </span>
     <span class='ocr_line' id='line_1_44' title="bbox 314 3815 2733 3893; baseline -0.001 -16"><span class='ocrx_word' id='word_1_429' title='bbox 314 3817 541 3891; x_wconf 86' lang='lat' dir='ltr'>rituale,</span> <span class='ocrx_word' id='word_1_430' title='bbox 557 3817 681 3875; x_wconf 88' lang='lat' dir='ltr'>sive</span> <span class='ocrx_word' id='word_1_431' title='bbox 700 3818 906 3893; x_wconf 89' lang='lat' dir='ltr'>ingens</span> <span class='ocrx_word' id='word_1_432' title='bbox 924 3816 1237 3875; x_wconf 85' lang='lat' dir='ltr'>necessitas</span> <span class='ocrx_word' id='word_1_433' title='bbox 1250 3815 1483 3893; x_wconf 84' lang='lat' dir='ltr'>exigit.&#39;&#39;</span> <span class='ocrx_word' id='word_1_434' title='bbox 1508 3815 1674 3875; x_wconf 90' lang='lat' dir='ltr'>Idem</span> <span class='ocrx_word' id='word_1_435' title='bbox 1696 3825 1754 3875; x_wconf 89' lang='lat' dir='ltr'>et</span> <span class='ocrx_word' id='word_1_436' title='bbox 1765 3818 1988 3875; x_wconf 77' lang='lat' dir='ltr'>Lessius</span> <span class='ocrx_word' id='word_1_437' title='bbox 2005 3824 2218 3874; x_wconf 87' lang='lat' dir='ltr'>tuetur.</span> <span class='ocrx_word' id='word_1_438' title='bbox 2246 3815 2733 3875; x_wconf 78' lang='lat' dir='ltr'><em>Eudaemono-Jo-</em></span> 
     </span>
     <span class='ocr_line' id='line_1_45' title="bbox 316 3894 2732 3974; baseline -0.001 -17"><span class='ocrx_word' id='word_1_439' title='bbox 316 3898 599 3957; x_wconf 70' lang='lat' dir='ltr'>hauns-sin</span> <span class='ocrx_word' id='word_1_440' title='bbox 619 3897 805 3974; x_wconf 86' lang='lat' dir='ltr'>Epist.</span> <span class='ocrx_word' id='word_1_441' title='bbox 820 3897 1123 3967; x_wconf 74' lang='lat' dir='ltr'>monitoria</span> <span class='ocrx_word' id='word_1_442' title='bbox 1140 3896 1214 3955; x_wconf 89' lang='lat' dir='ltr'>ad</span> <span class='ocrx_word' id='word_1_443' title='bbox 1226 3897 1289 3957; x_wconf 87' lang='lat' dir='ltr'>J.</span> <span class='ocrx_word' id='word_1_444' title='bbox 1304 3896 1632 3956; x_wconf 88' lang='lat' dir='ltr'>Barclaium</span> <span class='ocrx_word' id='word_1_445' title='bbox 1651 3897 1899 3956; x_wconf 87' lang='lat' dir='ltr'>rotundo</span> <span class='ocrx_word' id='word_1_446' title='bbox 1927 3916 2024 3955; x_wconf 89' lang='lat' dir='ltr'>ore</span> <span class='ocrx_word' id='word_1_447' title='bbox 2037 3894 2378 3973; x_wconf 86' lang='lat' dir='ltr'>pronunciat</span> <span class='ocrx_word' id='word_1_448' title='bbox 2403 3896 2437 3926; x_wconf 94' lang='lat'><strong>“</strong></span> <span class='ocrx_word' id='word_1_449' title='bbox 2457 3896 2579 3954; x_wconf 89' lang='lat' dir='ltr'>sine</span> <span class='ocrx_word' id='word_1_450' title='bbox 2599 3916 2732 3955; x_wconf 90' lang='lat' dir='ltr'>con-</span> 
     </span>
     <span class='ocr_line' id='line_1_46' title="bbox 314 3974 2733 4053; baseline -0.001 -16"><span class='ocrx_word' id='word_1_451' title='bbox 314 3976 599 4037; x_wconf 83' lang='lat' dir='ltr'>troversia</span> <span class='ocrx_word' id='word_1_452' title='bbox 624 3995 740 4035; x_wconf 89' lang='lat' dir='ltr'>non</span> <span class='ocrx_word' id='word_1_453' title='bbox 762 3976 1097 4036; x_wconf 88' lang='lat' dir='ltr'>Bellarmini</span> <span class='ocrx_word' id='word_1_454' title='bbox 1116 3975 1304 4050; x_wconf 89' lang='lat' dir='ltr'>mod0,</span> <span class='ocrx_word' id='word_1_455' title='bbox 1326 3978 1430 4035; x_wconf 87' lang='lat' dir='ltr'>sed</span> <span class='ocrx_word' id='word_1_456' title='bbox 1448 3976 1615 4035; x_wconf 86' lang='lat' dir='ltr'>Pauli</span> <span class='ocrx_word' id='word_1_457' title='bbox 1645 3977 1834 4053; x_wconf 86' lang='lat' dir='ltr'>etiam,</span> <span class='ocrx_word' id='word_1_458' title='bbox 1861 3975 2068 4036; x_wconf 90' lang='lat' dir='ltr'>summi</span> <span class='ocrx_word' id='word_1_459' title='bbox 2085 3974 2381 4033; x_wconf 86' lang='lat' dir='ltr'>Pontificis</span> <span class='ocrx_word' id='word_1_460' title='bbox 2399 3982 2457 4032; x_wconf 88' lang='lat' dir='ltr'>et</span> <span class='ocrx_word' id='word_1_461' title='bbox 2481 3974 2733 4034; x_wconf 87' lang='lat' dir='ltr'>Catholi-</span> 
     </span>
     <span class='ocr_line' id='line_1_47' title="bbox 319 4054 2731 4134; baseline -0.001 -18"><span class='ocrx_word' id='word_1_462' title='bbox 319 4077 518 4117; x_wconf 90' lang='lat' dir='ltr'>corum</span> <span class='ocrx_word' id='word_1_463' title='bbox 561 4056 815 4115; x_wconf 88' lang='lat' dir='ltr'>omnium</span> <span class='ocrx_word' id='word_1_464' title='bbox 854 4056 1077 4134; x_wconf 86' lang='lat' dir='ltr'>judicio</span> <span class='ocrx_word' id='word_1_465' title='bbox 1122 4057 1387 4115; x_wconf 84' lang='lat' dir='ltr'>haeresim</span> <span class='ocrx_word' id='word_1_466' title='bbox 1429 4058 1615 4115; x_wconf 87' lang='lat' dir='ltr'>esse.&#39;’</span> <span class='ocrx_word' id='word_1_467' title='bbox 1702 4056 1975 4115; x_wconf 86' lang='lat' dir='ltr'>Bellarm.</span> <span class='ocrx_word' id='word_1_468' title='bbox 2015 4057 2072 4113; x_wconf 90' lang='lat' dir='ltr'>in</span> <span class='ocrx_word' id='word_1_469' title='bbox 2119 4055 2403 4131; x_wconf 86' lang='lat' dir='ltr'>Respons.</span> <span class='ocrx_word' id='word_1_470' title='bbox 2447 4074 2516 4111; x_wconf 86' lang='lat' dir='ltr'>ac</span> <span class='ocrx_word' id='word_1_471' title='bbox 2556 4054 2731 4133; x_wconf 92' lang='lat' dir='ltr'>Apol.</span> 
     </span>
     <span class='ocr_line' id='line_1_48' title="bbox 316 4135 2733 4216; baseline 0 -21"><span class='ocrx_word' id='word_1_472' title='bbox 316 4157 425 4216; x_wconf 91' lang='lat' dir='ltr'>pro</span> <span class='ocrx_word' id='word_1_473' title='bbox 446 4136 671 4196; x_wconf 86' lang='lat' dir='ltr'>Juram.</span> <span class='ocrx_word' id='word_1_474' title='bbox 727 4156 861 4214; x_wconf 88' lang='lat' dir='ltr'>pag.</span> <span class='ocrx_word' id='word_1_475' title='bbox 894 4140 1029 4212; x_wconf 83' lang='lat'>638,</span> <span class='ocrx_word' id='word_1_476' title='bbox 1077 4138 1113 4169; x_wconf 91' lang='lat'><strong>“</strong></span> <span class='ocrx_word' id='word_1_477' title='bbox 1133 4136 1515 4195; x_wconf 88' lang='lat' dir='ltr'>Probabimus</span> <span class='ocrx_word' id='word_1_478' title='bbox 1562 4136 1623 4194; x_wconf 89' lang='lat' dir='ltr'>in</span> <span class='ocrx_word' id='word_1_479' title='bbox 1651 4136 1762 4195; x_wconf 93' lang='lat' dir='ltr'>hoc</span> <span class='ocrx_word' id='word_1_480' title='bbox 1791 4137 1991 4196; x_wconf 89' lang='lat' dir='ltr'>eodem</span> <span class='ocrx_word' id='word_1_481' title='bbox 2035 4137 2363 4212; x_wconf 88' lang='lat' dir='ltr'>juramento</span> <span class='ocrx_word' id='word_1_482' title='bbox 2390 4153 2507 4191; x_wconf 90' lang='lat' dir='ltr'>non</span> <span class='ocrx_word' id='word_1_483' title='bbox 2535 4135 2632 4212; x_wconf 82' lang='lat' dir='ltr'>agi</span> <span class='ocrx_word' id='word_1_484' title='bbox 2661 4136 2733 4195; x_wconf 88' lang='lat' dir='ltr'>de</span> 
     </span>
     <span class='ocr_line' id='line_1_49' title="bbox 318 4214 2730 4293; baseline -0 -17"><span class='ocrx_word' id='word_1_485' title='bbox 318 4218 445 4276; x_wconf 86' lang='lat' dir='ltr'>sola</span> <span class='ocrx_word' id='word_1_486' title='bbox 493 4216 649 4274; x_wconf 91' lang='lat' dir='ltr'>civili</span> <span class='ocrx_word' id='word_1_487' title='bbox 679 4216 1022 4290; x_wconf 86' lang='lat' dir='ltr'>obedientia,</span> <span class='ocrx_word' id='word_1_488' title='bbox 1068 4215 1171 4275; x_wconf 88' lang='lat' dir='ltr'>sed</span> <span class='ocrx_word' id='word_1_489' title='bbox 1212 4216 1308 4293; x_wconf 84' lang='lat' dir='ltr'>agi</span> <span class='ocrx_word' id='word_1_490' title='bbox 1337 4217 1409 4273; x_wconf 88' lang='lat' dir='ltr'>de</span> <span class='ocrx_word' id='word_1_491' title='bbox 1449 4216 1565 4275; x_wconf 90' lang='lat' dir='ltr'>fide</span> <span class='ocrx_word' id='word_1_492' title='bbox 1588 4216 1944 4291; x_wconf 86' lang='lat' dir='ltr'>Catholica,&#39;’</span> <span class='ocrx_word' id='word_1_493' title='bbox 1975 4224 2034 4274; x_wconf 87' lang='lat' dir='ltr'>et</span> <span class='ocrx_word' id='word_1_494' title='bbox 2061 4214 2233 4291; x_wconf 88' lang='lat' dir='ltr'>paulo</span> <span class='ocrx_word' id='word_1_495' title='bbox 2275 4221 2424 4289; x_wconf 86' lang='lat' dir='ltr'>post,</span> <span class='ocrx_word' id='word_1_496' title='bbox 2459 4217 2494 4247; x_wconf 93' lang='lat'><strong>“</strong></span> <span class='ocrx_word' id='word_1_497' title='bbox 2515 4214 2730 4289; x_wconf 71' lang='lat' dir='ltr'>Quaeri-</span> 
     </span>
     <span class='ocr_line' id='line_1_50' title="bbox 316 4293 2732 4373; baseline 0 -18"><span class='ocrx_word' id='word_1_498' title='bbox 316 4305 415 4355; x_wconf 85' lang='lat' dir='ltr'>tur</span> <span class='ocrx_word' id='word_1_499' title='bbox 441 4296 747 4373; x_wconf 87' lang='lat' dir='ltr'>abnegatio</span> <span class='ocrx_word' id='word_1_500' title='bbox 776 4296 913 4355; x_wconf 82' lang='lat' dir='ltr'>fidei</span> <span class='ocrx_word' id='word_1_501' title='bbox 942 4296 1269 4370; x_wconf 74' lang='lat' dir='ltr'>Catholicae,</span> <span class='ocrx_word' id='word_1_502' title='bbox 1324 4304 1382 4355; x_wconf 92' lang='lat' dir='ltr'>et</span> <span class='ocrx_word' id='word_1_503' title='bbox 1410 4304 1475 4354; x_wconf 89' lang='lat' dir='ltr'>ut</span> <span class='ocrx_word' id='word_1_504' title='bbox 1522 4295 1826 4354; x_wconf 87' lang='lat' dir='ltr'>obediatur</span> <span class='ocrx_word' id='word_1_505' title='bbox 1871 4293 2090 4351; x_wconf 90' lang='lat' dir='ltr'>homini</span> <span class='ocrx_word' id='word_1_506' title='bbox 2119 4302 2319 4352; x_wconf 88' lang='lat' dir='ltr'>contra</span> <span class='ocrx_word' id='word_1_507' title='bbox 2347 4293 2732 4355; x_wconf 86' lang='lat' dir='ltr'>obedientiam</span> 
     </span>
     <span class='ocr_line' id='line_1_51' title="bbox 318 4372 2734 4450; baseline 0.001 -15"><span class='ocrx_word' id='word_1_508' title='bbox 318 4376 491 4435; x_wconf 87' lang='lat' dir='ltr'>Dei.&#39;&#39;</span> <span class='ocrx_word' id='word_1_509' title='bbox 603 4376 912 4435; x_wconf 82' lang='lat' dir='ltr'>Petronius</span> <span class='ocrx_word' id='word_1_510' title='bbox 952 4376 1170 4434; x_wconf 87' lang='lat' dir='ltr'>multus</span> <span class='ocrx_word' id='word_1_511' title='bbox 1210 4382 1300 4433; x_wconf 88' lang='lat' dir='ltr'>est</span> <span class='ocrx_word' id='word_1_512' title='bbox 1338 4375 1399 4432; x_wconf 89' lang='lat' dir='ltr'>in</span> <span class='ocrx_word' id='word_1_513' title='bbox 1440 4375 1551 4433; x_wconf 90' lang='lat' dir='ltr'>hoc</span> <span class='ocrx_word' id='word_1_514' title='bbox 1593 4376 1778 4450; x_wconf 89' lang='lat' dir='ltr'>capite</span> <span class='ocrx_word' id='word_1_515' title='bbox 1819 4372 2116 4450; x_wconf 88' lang='lat' dir='ltr'>probando</span> <span class='ocrx_word' id='word_1_516' title='bbox 2163 4372 2224 4430; x_wconf 89' lang='lat' dir='ltr'>in</span> <span class='ocrx_word' id='word_1_517' title='bbox 2273 4382 2424 4433; x_wconf 85' lang='lat' dir='ltr'>coetu</span> <span class='ocrx_word' id='word_1_518' title='bbox 2468 4376 2734 4437; x_wconf 88' lang='lat' dir='ltr'>ordinum</span> 
     </span>
     <span class='ocr_line' id='line_1_52' title="bbox 317 4452 2732 4535; baseline 0.001 -20"><span class='ocrx_word' id='word_1_519' title='bbox 317 4455 501 4533; x_wconf 84' lang='lat' dir='ltr'>regni,</span> <span class='ocrx_word' id='word_1_520' title='bbox 542 4476 693 4513; x_wconf 87' lang='lat' dir='ltr'>anno</span> <span class='ocrx_word' id='word_1_521' title='bbox 736 4459 907 4531; x_wconf 83' lang='lat'>1615,</span> <span class='ocrx_word' id='word_1_522' title='bbox 954 4455 1055 4514; x_wconf 91' lang='lat' dir='ltr'>ubi</span> <span class='ocrx_word' id='word_1_523' title='bbox 1088 4454 1233 4513; x_wconf 87' lang='lat' dir='ltr'>itum</span> <span class='ocrx_word' id='word_1_524' title='bbox 1262 4462 1351 4513; x_wconf 87' lang='lat' dir='ltr'>est</span> <span class='ocrx_word' id='word_1_525' title='bbox 1378 4453 1439 4511; x_wconf 91' lang='lat' dir='ltr'>in</span> <span class='ocrx_word' id='word_1_526' title='bbox 1466 4472 1592 4511; x_wconf 88' lang='lat' dir='ltr'>eam</span> <span class='ocrx_word' id='word_1_527' title='bbox 1637 4452 1996 4528; x_wconf 87' lang='lat' dir='ltr'>sententiam,</span> <span class='ocrx_word' id='word_1_528' title='bbox 2027 4452 2472 4515; x_wconf 84' lang='lat' dir='ltr'>reclamantibus</span> <span class='ocrx_word' id='word_1_529' title='bbox 2500 4456 2732 4535; x_wconf 86' lang='lat' dir='ltr'>delega-</span> 
     </span>
     <span class='ocr_line' id='line_1_53' title="bbox 314 4534 2734 4613; baseline 0.001 -18"><span class='ocrx_word' id='word_1_530' title='bbox 314 4536 395 4595; x_wconf 88' lang='lat' dir='ltr'>tis</span> <span class='ocrx_word' id='word_1_531' title='bbox 444 4536 659 4613; x_wconf 89' lang='lat' dir='ltr'>populi,</span> <span class='ocrx_word' id='word_1_532' title='bbox 716 4538 945 4612; x_wconf 83' lang='lat' dir='ltr'>Papam</span> <span class='ocrx_word' id='word_1_533' title='bbox 990 4554 1158 4611; x_wconf 76' lang='lat' dir='ltr'>posse</span> <span class='ocrx_word' id='word_1_534' title='bbox 1184 4534 1434 4591; x_wconf 79' lang='lat' dir='ltr'>adimere</span> <span class='ocrx_word' id='word_1_535' title='bbox 1462 4552 1657 4608; x_wconf 68' lang='lat' dir='ltr'>reyna,</span> <span class='ocrx_word' id='word_1_536' title='bbox 1689 4542 1742 4591; x_wconf 81' lang='lat' dir='ltr'>et</span> <span class='ocrx_word' id='word_1_537' title='bbox 1779 4552 1967 4610; x_wconf 77' lang='lat' dir='ltr'>reqem</span> <span class='ocrx_word' id='word_1_538' title='bbox 2007 4542 2397 4595; x_wconf 74' lang='lat' dir='ltr'>exauctorare.</span> <span class='ocrx_word' id='word_1_539' title='bbox 2484 4536 2734 4597; x_wconf 87' lang='lat' dir='ltr'>Consule</span> 
     </span>
     <span class='ocr_line' id='line_1_54' title="bbox 315 4611 2725 4694; baseline 0 -19"><span class='ocrx_word' id='word_1_540' title='bbox 315 4636 449 4694; x_wconf 85' lang='lat' dir='ltr'>pag.</span> <span class='ocrx_word' id='word_1_541' title='bbox 481 4616 615 4691; x_wconf 90' lang='grc'>600,</span> <span class='ocrx_word' id='word_1_542' title='bbox 650 4618 784 4691; x_wconf 85' lang='grc'>602,</span> <span class='ocrx_word' id='word_1_543' title='bbox 830 4618 967 4691; x_wconf 75' lang='lat'>620,</span> <span class='ocrx_word' id='word_1_544' title='bbox 1015 4616 1150 4689; x_wconf 83' lang='lat'>621,</span> <span class='ocrx_word' id='word_1_545' title='bbox 1200 4614 1336 4689; x_wconf 83' lang='lat'>634,</span> <span class='ocrx_word' id='word_1_546' title='bbox 1368 4611 1794 4688; x_wconf 87' lang='lat' dir='ltr'>opusculorum.</span> <span class='ocrx_word' id='word_1_547' title='bbox 1879 4612 2056 4671; x_wconf 87' lang='lat' dir='ltr'>Plura</span> <span class='ocrx_word' id='word_1_548' title='bbox 2083 4623 2318 4691; x_wconf 88' lang='lat' dir='ltr'>possent</span> <span class='ocrx_word' id='word_1_549' title='bbox 2362 4615 2407 4675; x_wconf 86' lang='lat' dir='ltr'>J</span> <span class='ocrx_word' id='word_1_550' title='bbox 2409 4618 2725 4677; x_wconf 87' lang='lat' dir='ltr'>esuitarum</span> 
     </span>
    </p>
   </div>
  </div>
 </body>
</html>
