3234 5192
323 341 561 381 msrur.
590 320 761 403 xxm]
924 341 1003 380 nr.
1046 342 1395 384 conconms
1436 343 1622 383 raum
1663 342 1737 383 131·
1778 343 2010 399 nicom,
2041 344 2166 383 mc.
2626 326 2739 391 741

327 482 585 543 Abrahae
614 482 757 543 dicit
778 503 905 543 eam
926 492 1292 562 cooperatam
1313 504 1440 545 esse
1468 485 1738 563 operibus
1756 492 1815 545 et
1837 505 1914 545 ex
1941 486 2212 564 operibus
2233 504 2361 546 esse
2379 506 2740 547 consumma·

326 573 445 622 tam
471 586 485 641 ;
532 564 618 623 At
644 564 791 623 fides
820 565 1142 624 Abrahami
1168 585 1287 623 non
1320 566 1525 625 umbra
1542 565 1696 641 fidei,
1727 586 1833 625 nec
1877 566 2066 625 inanis
2094 566 2465 625 articulorum
2509 569 2735 642 notitia,

328 644 433 704 sed
453 644 599 703 fides
627 644 931 703 verissima
971 644 1097 704 fuit.
1183 648 1264 705 3⁰.
1297 646 1446 721 Quia
1490 646 1634 704 dicit
1676 645 1850 705 fidem
1893 646 2040 705 bene
2085 646 2424 723 justificare,
2467 648 2571 706 sed
2618 668 2737 708 non

326 724 533 799 solum,
582 728 617 759 “
642 724 873 785 Videtis
898 725 1057 803 quod
1087 746 1163 786 ex
1192 727 1462 804 operibus
1482 726 1838 804 justificatur
1880 726 2074 801 hom0,
2107 734 2165 785 et
2213 746 2328 785 non
2358 747 2434 785 ex
2462 726 2576 787 fide
2606 738 2735 789 tan·

325 809 502 879 tum,'’
532 824 653 865 ver.
684 808 782 880 24,
814 806 1087 884 supponit
1115 826 1253 883 ergo
1283 806 1455 865 fidem
1484 808 1850 885 aliquatenus
1877 814 1938 865 et
1974 827 2050 866 ex
2067 814 2229 884 parte
2245 807 2601 885 justificare;
2647 810 2734 868 At

323 884 462 943 fidei
489 884 695 945 umbra
736 894 796 944 et
841 886 1007 945 larva
1060 906 1179 946 non
1222 887 1520 965 justificat.
1604 890 1688 946 4⁰.
1737 887 1886 962 Quia
1917 894 2281 965 comparatur
2307 887 2482 946 homo
2509 889 2732 949 habens

320 964 492 1023 fidem
526 965 649 1025 sine
678 966 949 1043 operibus
977 966 1147 1026 diviti
1174 968 1277 1044 qui
1306 975 1619 1045 cognoscat
1646 967 1880 1045 quidem
1902 966 2155 1045 inopiam
2193 969 2479 1046 pauperis,
2511 969 2614 1028 sed
2641 970 2730 1029 ni-

320 1044 404 1102 hil
426 1054 619 1105 tamen
638 1046 882 1106 subsidii
902 1047 991 1105 illi
1012 1057 1239 1125 eroget3
1273 1047 1357 1106 Ut
1374 1068 1515 1125 ergo
1536 1047 1839 1107 verissima
1867 1056 1956 1107 est
1972 1048 2076 1106 illa
2093 1048 2348 1125 cognitio
2360 1050 2571 1127 inopiae
2589 1069 2731 1127 pau-

318 1125 489 1201 peris,
519 1126 603 1185 ita
620 1134 680 1186 et
702 1146 841 1186 vera
866 1127 1029 1204 fides,
1054 1148 1184 1205 quse
1214 1128 1483 1205 operibus
1496 1128 1845 1203 destituitur,
1869 1148 1992 1186 ver.
2026 1130 2120 1187 15.
2152 1128 2529 1206 Comparatur
2555 1130 2729 1188 etiam

311 1207 544 1281 corpori
554 1206 672 1265 sine
691 1208 893 1283 spiritu
910 1208 1066 1285 quod
1090 1228 1205 1267 non
1231 1216 1423 1286 potest
1442 1208 1644 1286 negari
1654 1228 1856 1267 verum
1877 1228 2004 1267 esse
2016 1228 2240 1285 corpus,
2263 1208 2402 1268 licet
2415 1219 2724 1285 mortuum,

312 1304 435 1344 ver.
455 1288 551 1361 26,
580 1290 615 1320 “
637 1287 801 1347 Sicut
838 1307 1047 1365 corpus
1075 1289 1293 1366 absque
1322 1288 1527 1366 spiritu
1544 1295 1834 1347 mortuum
1861 1296 1962 1363 est,
1989 1288 2070 1347 ita
2097 1296 2156 1347 et
2172 1289 2317 1347 fides
2343 1290 2448 1347 illa
2483 1309 2614 1366 quae
2636 1299 2727 1350 est

311 1366 531 1442 absque
556 1367 824 1444 operibus
852 1376 1079 1426 mortua
1105 1372 1247 1430 est.”
1294 1369 1391 1427 Sic
1418 1369 1516 1427 ille
1545 1367 1646 1427 lib.
1677 1368 1714 1426 i.
1745 1368 1818 1427 de
1849 1368 1890 1427 J
1895 1367 2100 1427 ustific.
2125 1388 2176 1426 c.
2211 1369 2304 1428 15.

392 1446 583 1505 ΧΙΧ.
628 1447 849 1508 Verum
876 1448 987 1508 etsi
1016 1448 1187 1509 sudat
1212 1448 1468 1525 nitendo,
1498 1468 1571 1507 ne
1599 1448 1783 1507 hilum
1805 1456 1999 1507 tamen
2024 1446 2364 1507 ratiunculis
2403 1448 2522 1507 suis
2549 1450 2721 1525 profi-

310 1524 408 1584 cit.
473 1526 546 1584 In
574 1527 759 1605 prima
786 1536 1057 1606 peccatur
1083 1527 1349 1587 bifariam
1374 1550 1389 1588 t
1423 1528 1617 1587 Primo
1647 1528 1786 1587 dum
1815 1528 2158 1605 supponitur
2183 1528 2358 1587 fidem
2387 1528 2525 1587 dum
2553 1529 2719 1589 abso-

305 1604 429 1665 lute
456 1608 690 1684 ponitur
718 1628 943 1686 semper
962 1628 1159 1667 veram
1201 1608 1375 1667 fidem
1403 1608 1726 1685 designare,
1757 1608 1819 1666 id
1847 1616 1938 1667 est
1957 1607 2274 1667 salvificam
2302 1616 2361 1668 et
2381 1610 2424 1669 J
2427 1610 2722 1669 ustifican·

308 1694 425 1744 tem
454 1686 526 1746 de
549 1708 665 1766 qua
695 1687 911 1749 Paulus
932 1690 1057 1765 agit
1075 1696 1133 1748 et
1152 1688 1397 1767 quaestio
1412 1698 1610 1747 nostra
1627 1688 1947 1747 instituitur
1975 1686 2148 1767 (alias
2169 1688 2219 1747 si
2239 1688 2433 1749 laxius
2462 1698 2722 1759 sumatur

306 1785 455 1825 verae
499 1768 651 1845 fidei
673 1788 901 1845 nomen,
932 1788 1049 1827 non
1078 1768 1387 1829 diffitemur
1413 1768 1589 1828 fidem
1614 1768 1948 1828 historicam
1986 1769 2082 1828 vel
2111 1770 2517 1847 temporariam
2543 1771 2719 1831 etiam

306 1865 413 1906 suo
440 1847 615 1907 modo
644 1868 841 1909 veram
879 1869 1005 1909 esse
1050 1850 1307 1925 objectiva
1333 1857 1617 1927 quatenus
1661 1868 1797 1908 vere
1846 1849 2158 1909 assentitur
2201 1850 2400 1909 Verbo
2429 1858 2488 1910 et
2514 1871 2718 1911 verum

304 1946 433 1985 esse
464 1927 690 2006 credit).
736 1930 975 1989 Falsum
1006 1938 1197 1989 autem
1238 1930 1351 1988 hoc
1392 1950 1518 1989 esse
1548 1930 1866 1988 innumeris
1907 1930 2191 2007 exemplis
2230 1929 2459 1989 ostendi
2485 1939 2716 2009 potest;

303 2005 449 2065 fides
483 2008 705 2066 Simoni
734 2009 913 2085 Mago
940 2009 1232 2083 tribuitur,
1266 2008 1401 2069 Act.
1431 2009 1551 2067 viii.
1609 2012 1702 2084 13,
1733 2009 1835 2086 qui
1863 2016 1922 2068 et
1949 2009 2074 2085 ipse
2122 2009 2436 2069 credidisse
2485 2010 2714 2087 dicitur,

303 2104 410 2143 nec
440 2106 575 2145 vere
606 2095 813 2163 tamen,
844 2087 950 2147 sed
986 2088 1287 2163 simulate;
1319 2088 1403 2147 sic
1430 2088 1724 2147 daemones
1765 2087 1996 2146 credere
2041 2088 2326 2164 dicuntur,
2359 2108 2474 2147 non
2521 2097 2718 2149 tamen

301 2164 379 2222 ad
407 2164 675 2225 fiduciam
706 2174 764 2225 et
792 2167 1053 2243 salutem,
1086 2168 1191 2227 sed
1218 2166 1295 2227 ad
1321 2175 1596 2226 terrorem
1626 2174 1684 2226 et
1713 2166 2203 2245 desperationem;
2248 2168 2416 2227 multi
2443 2167 2716 2229 dicuntur

302 2244 617 2305 credidisse
651 2246 713 2303 in
742 2246 1035 2305 Christum
1076 2254 1311 2325 propter
1346 2246 1627 2305 miracula
1668 2265 1799 2325 quae
1842 2246 2125 2323 patrabat,
2169 2248 2212 2307 J
2215 2247 2312 2307 oh.
2363 2247 2422 2307 ii.
2474 2252 2573 2325 23,
2603 2269 2713 2309 nec

300 2333 494 2384 tamen
522 2346 657 2385 vere
686 2334 744 2385 et
771 2327 1047 2404 salvifice,
1090 2328 1229 2405 quia
1259 2330 1295 2360 “
1313 2327 1577 2387 Christus
1625 2346 1686 2385 se
1730 2326 1850 2385 illis
1888 2346 2006 2385 non
2055 2327 2328 2387 credebat
2355 2348 2712 2406 cognoscens

297 2405 441 2481 quid
468 2406 529 2465 in
555 2407 787 2467 homine
816 2408 1027 2483 esset,’'
1058 2426 1163 2467 ver
1190 2411 1287 2483 24,
1318 2406 1414 2467 25.
1503 2407 1601 2467 Sic
1631 2406 1946 2484 saepissime
1975 2406 2239 2469 absolute
2267 2407 2412 2467 fides
2439 2428 2570 2467 cum
2607 2430 2710 2487 po-

298 2486 456 2545 nitur
483 2486 580 2547 vel
606 2487 781 2547 fidem
808 2488 1216 2549 miraculorum
1260 2487 1565 2566 significat,
1594 2490 1624 2547 1
1659 2488 1790 2548 Cor.
1819 2488 1945 2547 xiii.
1995 2491 2052 2564 2,
2085 2489 2299 2549 Matth.
2328 2488 2453 2547 xxi.
2484 2489 2579 2565 21,
2612 2496 2708 2568 22,

298 2563 426 2641 &c.,
457 2568 555 2627 vel
602 2568 925 2629 doctrinam
977 2569 1165 2648 ipsam
1212 2569 1365 2645 fidei,
1415 2568 1552 2629 Act.
1602 2569 1684 2627 vi.
1715 2572 1770 2646 ⁷,
1828 2569 1926 2629 vel
1971 2569 2388 2646 professionem
2435 2569 2712 2631 doctrines

298 2646 693 2726 Evangelicae,
728 2650 895 2710 Rom.
926 2650 965 2709 i.
995 2654 1051 2726 8,
1084 2649 1219 2710 Act.
1249 2650 1372 2709 xvi.
1420 2652 1474 2725 5,
1508 2647 1615 2708 &c.
1723 2650 1904 2708 Porro
1958 2669 2076 2707 non
2125 2650 2422 2709 insolitum
2470 2656 2560 2709 est
2601 2652 2711 2712 hoc

293 2726 571 2805 loquendi
601 2750 787 2807 genus
812 2730 875 2789 in
907 2731 1203 2807 Scriptura
1228 2738 1295 2789 ut
1320 2736 1421 2795 τοῖς
1447 2728 1742 2804 φαινομένοις
1779 2728 1988 2787 dentur
2013 2730 2249 2787 nomina
2274 2733 2367 2787 τεῒν
2397 2728 2554 2804 ὄντων,
2585 2731 2710 2791 sive

290 2813 431 2866 κατὰ
454 2810 763 2890 συγχάςηπι
805 2809 882 2868 ad
906 2810 1199 2869 hominem
1248 2808 1724 2886 argumentando,
1755 2815 1822 2867 ut
1867 2808 2086 2867 Paulus
2139 2808 2283 2868 dicit
2331 2810 2366 2843 “
2390 2810 2504 2867 Dei
2531 2809 2706 2869 bene-

290 2889 569 2963 placitum
598 2890 776 2948 fuisse
824 2890 1051 2948 salvare
1093 2888 1393 2951 credentes
1440 2908 1543 2965 per
1572 2888 1876 2949 stultitiam
1924 2887 2406 2964 praedicationis‚'’
2441 2892 2468 2947 1
2505 2889 2633 2948 Cor.
2665 2890 2703 2950 i.

291 2967 389 3043 21,
418 2986 536 3026 non
563 2968 721 3046 quod
748 2968 863 3027 tale
886 2968 961 3028 sit
1005 2968 1193 3046 reipsa
1223 2968 1630 3046 Evangelium,
1663 2967 1767 3027 sed
1814 2966 1972 3045 quod
2014 2967 2129 3026 tale
2177 2968 2460 3027 habeatur
2486 2969 2704 3031 mundo

290 3055 349 3107 et
376 3048 552 3124 carni,
584 3049 709 3107 sive
738 3050 961 3124 ironice,
994 3047 1070 3107 ad
1095 3048 1393 3107 hominum
1422 3048 1742 3107 vanitatem
1789 3046 2266 3125 redarguendam,
2299 3055 2363 3106 ut
2395 3052 2425 3105 1
2461 3049 2589 3107 Cor.
2619 3049 2701 3109 iv.

290 3129 346 3202 8,
382 3129 417 3161 “
439 3128 483 3188 J
486 3148 579 3187 am
608 3128 851 3188 saturati
877 3128 1034 3204 estis,
1060 3129 1185 3205 jam
1214 3128 1426 3188 divites
1447 3129 1585 3188 facti
1612 3128 1772 3201 estis,
1803 3128 1928 3186 sine
1949 3127 2118 3186 nobis
2149 3127 2429 3187 hactenus
2455 3148 2702 3207 regnum

288 3207 483 3285 adepti
512 3208 712 3283 estis,’'
744 3207 901 3287 quod
927 3217 1129 3287 postea
1157 3209 1395 3287 corrigit
1421 3208 1482 3267 in
1510 3208 1904 3286 sequentibus,
1938 3207 2154 3285 “atqui
2174 3208 2398 3267 utinam
2423 3210 2698 3287 regnetis,

288 3294 353 3345 ut
374 3296 433 3346 et
452 3308 559 3347 nos
580 3288 883 3348 vobiscum
904 3289 1271 3367 regnemus.”
1317 3289 1411 3348 Ita
1428 3289 1473 3348 J
1474 3288 1692 3347 acobus
1713 3308 1816 3366 per
1833 3306 2051 3347 meram
2073 3289 2504 3349 concessionem
2525 3290 2701 3350 fidem

286 3367 437 3426 hanc
465 3369 881 3447 hypocriticam
908 3370 1084 3429 fidem
1111 3377 1301 3445 vocat,
1331 3370 1469 3447 quia
1494 3368 1583 3427 illi
1610 3368 1712 3447 qui
1753 3388 1878 3427 eam
1908 3368 2326 3446 profitebantur
2367 3370 2542 3430 fidem
2571 3390 2700 3430 eam

285 3448 662 3509 nominabant
688 3458 747 3509 et
772 3449 847 3509 de
875 3469 945 3509 ea
972 3449 1385 3527 gloriabantur,
1404 3449 1543 3511 licet
1568 3448 1706 3507 fidei
1719 3448 1866 3507 nihil
1892 3448 2132 3508 haberet
2160 3456 2370 3527 proeter
2396 3459 2697 3510 externam

286 3527 717 3605 professionem,
748 3530 845 3589 vel
872 3529 1103 3589 inanem
1132 3530 1421 3607 quandam
1444 3529 1847 3607 mysteriorum
1871 3548 2163 3589 sacrorum
2190 3530 2473 3590 notitiam.
2530 3530 2702 3591 Vidit

286 3606 397 3666 hoc
427 3608 829 3686 Oecumenins,
863 3612 899 3643 “
920 3610 1022 3669 Ad
1048 3610 1163 3669 duo
1192 3610 1330 3669 fidei
1368 3609 1694 3687 significata
1735 3610 1982 3669 refertur
2007 3608 2144 3668 fidei
2172 3629 2382 3668 nomen
2406 3632 2421 3687 ;
2464 3629 2599 3668 nam
2627 3611 2690 3669 fi-

284 3688 415 3746 dem
446 3690 699 3751 solemus
745 3710 1039 3769 usurpare,
1072 3698 1195 3750 tum
1245 3690 1319 3749 de
1363 3690 1612 3767 simplici
1657 3688 2028 3749 concessione
2057 3689 2184 3766 ejus
2232 3688 2390 3767 quod
2437 3699 2692 3767 apparet,

286 3767 436 3827 sicut
462 3770 637 3829 etiam
686 3770 978 3832 daemones
1026 3770 1241 3831 scimus
1288 3770 1521 3830 credere
1551 3769 1666 3829 Dei
1691 3769 1874 3829 filium
1905 3791 1920 3846 3
1966 3770 2046 3827 Et
2089 3788 2288 3829 rursus
2335 3768 2696 3847 appellamus

284 3846 421 3907 fidei
443 3852 675 3911 nomine
702 3851 767 3910 id
791 3852 949 3928 quod
976 3852 1351 3929 consequitur
1377 3870 1453 3910 ex
1474 3850 1640 3909 firma
1667 3848 2044 3927 dispositione
2061 3869 2192 3908 cum
2213 3856 2371 3909 certo
2401 3854 2695 3910 assensu.”

228 3948 234 3953 ·
287 3928 573 4006 Secundo,
604 3931 751 3991 falso
780 3932 953 3991 etiam
982 3932 1255 4009 supponit
1281 3931 1324 3991 J
1326 3930 1571 3991 acobum
1601 3930 1864 3989 absolute
1884 3928 2060 3988 fidem
2104 3948 2331 4005 vocare,
2355 3948 2488 3987 nam
2519 3937 2578 3989 et
2605 3950 2697 3989 ar-

282 4008 495 4069 ticulus
522 4030 695 4089 quem
723 4011 887 4071 addit
912 4012 1034 4071 vim
1069 4031 1234 4071 suam
1270 4010 1446 4071 habet
1484 4010 1561 4069 ad
1587 4028 1716 4070 eam
1743 4008 2111 4087 peculiariter
2157 4018 2216 4069 et
2243 4005 2553 4090 διἀςιτικός
2575 4009 2692 4070 dis-

281 4088 677 4165 tinguendam,
709 4112 841 4151 num
862 4100 1045 4168 potest
1070 4092 1097 4155 ni
1126 4113 1290 4156 mem
1316 4110 1547 4151 servare
1590 4091 1789 4167 ipsum,
1835 4107 1954 4148 non
1981 4096 2208 4149 tantum
2235 4090 2398 4159 fides,
2447 4089 2552 4149 sed
2576 4091 2695 4150 haec

260 4170 433 4245 fides,
478 4171 613 4231 talis
653 4172 833 4249 fides3
876 4180 935 4231 et
962 4172 1407 4232 circumstantiae
1448 4190 1727 4230 connexae
1755 4190 1884 4229 eam
1911 4168 2054 4231 satis
2081 4169 2482 4245 determinant,
2513 4188 2692 4248 quum

278 4257 451 4309 vocat
480 4271 609 4311 eam
637 4251 809 4311 fidem
838 4260 1139 4329 mortuam,
1171 4260 1231 4312 et
1257 4252 1619 4311 daemonibus
1654 4269 2038 4325 communem,
2067 4249 2349 4327 imprimis
2375 4270 2516 4309 vero
2543 4249 2694 4311 illud

278 4329 512 4404 evincit,
543 4333 700 4410 quod
728 4353 843 4391 non
872 4332 1085 4392 dicitur
1108 4331 1255 4391 fides
1281 4332 1498 4407 haberi,
1530 4330 1636 4391 sed
1662 4337 1887 4389 tantum
1907 4329 2135 4408 jactari,
2166 4330 2236 4389 Si
2279 4330 2404 4406 quis
2446 4332 2602 4390 dicat
2627 4350 2691 4393 se

275 4407 451 4469 fidem
478 4413 709 4490 habere,
741 4414 851 4472 hoc
880 4413 1033 4473 enim
1062 4420 1180 4473 tam
1211 4413 1479 4489 generale
1508 4420 1597 4471 est
1623 4418 1690 4470 ut
1717 4430 1835 4469 non
1856 4418 2082 4469 tantum
2109 4412 2178 4469 τὶ
2214 4406 2350 4481 gnra,
2383 4411 2486 4471 sed
2513 4411 2687 4471 etiam

274 4490 541 4567 φαινόμενα
568 4494 1000 4573 complectatur,
1028 4500 1095 4552 ut
1128 4496 1157 4551 1
1188 4493 1231 4553 J
1235 4493 1329 4552 oh.
1368 4492 1428 4551 ii.
1478 4495 1537 4568 4,
1572 4494 1607 4525 “
1629 4490 1742 4565 Qui
1770 4490 1929 4567 dicit,
1962 4490 2120 4550 Novi
2147 4511 2297 4565 eum,
2329 4499 2389 4551 et
2417 4491 2690 4553 mandata

274 4590 392 4628 non
421 4582 633 4651 servat,
662 4574 915 4633 mendax
960 4574 1106 4649 est,''
1130 4580 1189 4633 et
1227 4593 1346 4633 ver.
1378 4575 1433 4648 9,
1462 4574 1497 4606 “
1519 4572 1623 4650 qui
1669 4570 1814 4631 dicit
1840 4590 1902 4631 se
1951 4590 2078 4631 esse
2105 4570 2168 4632 in
2195 4572 2343 4649 luce,
2367 4580 2428 4633 et
2453 4572 2687 4633 fratrem

274 4668 443 4711 suum
472 4654 612 4726 odit,
644 4655 704 4714 in
732 4654 985 4714 tenebris
1013 4658 1155 4729 est,’'
1184 4652 1293 4713 ἃς.
