3234 5192
348 355 579 399 msru’r.
610 336 745 417 xv.]
948 356 1027 401 m:
1058 356 1532 399 εΑΤιει-Αοτιοιιιε
1558 358 1796 399 cumen
1824 358 2142 401 vam-run.
2635 348 2753 403 499

346 514 493 565 ’³329
522 494 601 553 id.
646 500 683 530 “
706 512 814 570 pro
857 496 1265 569 peccatoribus
1316 496 1698 557 intercedetfl’
1763 499 1910 557 Ideo
1957 499 2188 574 duplici
2233 514 2410 557 sensu
2455 501 2586 559 hoec
2631 519 2753 563 vox

344 580 671 648 usurpatur
696 574 761 630 in
790 573 1115 649 Scriptura,
1142 576 1247 632 sed
1274 576 1568 650 posterior
1588 576 1685 635 hic
1710 578 1912 635 locum
1951 579 2173 635 habere
2199 578 2420 653 nequit,
2451 596 2590 635 nam
2619 585 2750 637 ιιιιιι

344 652 657 722 diceretur,
702 654 739 685 “
758 652 957 709 Deum
1004 671 1219 727 rogare
1258 653 1467 711 fecisse
1493 671 1603 727 pro
1631 673 1703 712 eo
1745 655 2091 730 iniquitates
2119 656 2388 713 omnium
2415 659 2748 727 nostrumss'

341 732 507 805 quod
554 737 645 789 est
684 730 867 804 longe
912 730 1409 789 absurdissimum
1451 733 1548 788 vel
1590 732 1720 807 ipso
1763 732 1980 793 Socino
2013 733 2253 808 judice3
2297 734 2523 791 accedit
2568 734 2750 795 etiam

342 809 508 881 quod
552 808 753 866 omnia
799 826 934 883 quse
960 809 1229 884 proxime
1256 810 1617 867 antecedunt
1643 818 1703 868 et
1749 818 2084 885 sequuntur
2109 812 2188 869 ad
2217 811 2594 871 affiictionem
2623 830 2746 871 non

342 887 421 943 ad
478 886 953 961 deprecationem
998 885 1312 962 pertinent.
1418 885 1579 961 Ergo
1623 906 1746 945 non
1793 890 1996 945 ferunt
2043 890 2226 947 verba
2271 889 2460 948 alium
2504 908 2746 951 sensum

342 982 525 1037 quam
546 967 773 1035 hunc,‘
778 964 983 1021 ‘Fecit
1004 964 1205 1023 Deus·
1190 984 1250 1023 m
1273 966 1451 1023 illum
1469 968 1812 1038 occurrere,’
1820 966 1934 1023 'id.
1963 967 2230 1043 impegit,
2259 966 2524 1037 incussit,
2553 975 2745 1025 trans-

340 1042 526 1101 tulit
510 1062 575 1099 ιιι
602 1042 797 1115 ipsum
818 1060 1023 1117 poenas
1050 1041 1454 1145 iniquitatum
1486 1044 1758 1102 omnium
1785 1052 2162 1105 nostrarum:
2207 1045 2290 1102 sic
2316 1046 2744 1105 intellexerunt

340 1121 463 1177 lxx.
484 1126 588 1181 icas*
615 1120 789 1201 Κὺςιος
804 1118 1087 1228 ragida„
1112 1124 1257 1180 οὗτοι
1282 1128 1393 1187 ταῖς
1426 1123 1698 1223 ἅμαξα-ἠως
1741 1124 1871 1200 ἧμαι
1893 1124 2197 1183 “tradidit
2235 1140 2376 1181 eum
2422 1125 2586 1182 Deus
2631 1123 2743 1181 ini-

340 1199 587 1273 quitatis
636 1200 909 1270 nostris?
918 1200 1391 1276 USyInmachus
1438 1202 1611 1282 Κυςιος
1653 1210 1960 1267 κιτιηῖσκι
1999 1204 2204 1267 avalun!
2251 1208 2311 1267 εἰς
2351 1228 2498 1261 αντη
2523 1228 2604 1266 την
2630 1202 2740 1262 αἰο-

340 1279 461 1343 ulan
488 1280 681 1337 πάντων
722 1281 867 1355 ἡμῶν,
900 1278 1254 1337 “Dominus
1280 1278 1421 1338 fecit
1447 1300 1753 1340 occurrere
1779 1283 1842 1339 in
1880 1283 2077 1389 ipsum
2117 1288 2426 1375 peccatum
2472 1283 2742 1339 omnium

340 1359 669 1429 nostrum3’
677 1357 1053 1449 'Vulgata,‘
1060 1357 1295 1431 ‘posuit
1335 1358 1677 1417 Dominus·
1661 1378 1722 1416 ιιι
1753 1364 1928 1432 eum,’
1933 1360 2150 1434 ’quasi
2177 1359 2490 1434 respiciens
2513 1361 2590 1417 ad
2619 1360 2740 1415 hir-

336 1452 473 1493 cum
486 1435 895 1505 emissarium3
926 1434 1191 1507 Syrus,“
1214 1434 1513 1495 Dominus
1532 1436 1676 1495 fecit
1691 1446 1762 1495 ut
1787 1438 2080 1496 irruerent
2105 1438 2168 1493 in
2191 1455 2330 1495 eum
2345 1444 2587 1511 peccata
2611 1455 2739 1495 om-

336 1514 507 1571 nium
534 1513 861 1573 nostrum?
910 1512 1075 1571 Nam
1120 1514 1287 1586 quod
1336 1515 1650 1573 haereticus
1674 1518 1791 1573 hoc
1811 1517 1890 1573 ad
1916 1514 2402 1608 praedicationem
2431 1514 2652 1575 Christi
2678 1522 2740 1572 et

333 1591 757 1666 promissiones
798 1591 927 1665 ejus
968 1590 1148 1648 refert
1194 1590 1339 1651 satis
1385 1611 1461 1651 ex
1507 1592 1638 1667 ipsa
1683 1594 1972 1653 orationis
2013 1594 2160 1652 serie
2187 1592 2499 1663 refellitur,
2527 1594 2634 1650 ubi
2661 1595 2738 1650 de

332 1668 754 1804 przqconiobzel
794 1668 1283 1743 promissionibus
1324 1671 1495 1743 nihil,
1525 1674 1629 1729 sed
1657 1674 1734 1731 de
1773 1672 2066 1747 supplicio
2091 1680 2154 1731 et
2177 1688 2487 1748 poenarum
2512 1671 2736 1729 latione

334 1766 439 1805 mu
465 1754 529 1805 ta
551 1750 633 1805 ha
707 1754 865 1805 ntur.

416 1825 573 1884 VII.
621 1824 803 1893 Quod
830 1824 1223 1901 potissimum,
1254 1827 1308 1885 2.
1332 1846 1409 1885 ex
1436 1829 1822 1902 sequentibus
1861 1828 2055 1904 liquet
2091 1829 2198 1887 ubi
2221 1828 2416 1887 fusius
2443 1846 2570 1885 rem
2597 1845 2738 1885 ean-

332 1903 471 1961 dem
510 1904 863 1979 exequitur·
901 1922 1023 1961 ver.
1054 1902 1111 1973 7,
1162 1906 1545 1963 “mulctatus
1586 1913 1648 1963 et
1673 1907 1943 1977 afflictus,
1983 1926 2092 1965 nec
2121 1907 2361 1983 aperuit
2405 1924 2472 1963 os
2499 1906 2717 1976 suum?

333 1980 657 2041 Traductio
694 1982 914 2073 quippe
956 1981 1066 2038 ma
1112 1987 1173 2037 et
1218 1984 1389 2039 velut
1424 2000 1704 2041 occursus
1739 1984 2128 2057 iniquitatum
2173 2004 2298 2042 non
2334 1984 2534 2059 potuit
2559 1984 2736 2041 aliter

328 2060 462 2116 fieri
502 2078 685 2133 quam
712 2078 819 2133 per
858 2058 1334 2133 imputationem,
1364 2078 1487 2135 qua
1513 2060 1872 2117 constitutus
1899 2070 1990 2118 est
2014 2080 2326 2135 poenarum
2365 2062 2600 2119 debitor
2625 2078 2735 2135 pro

330 2138 503 2194 nobis
564 2137 884 2205 omnibus3
936 2134 1210 2191 debitum
1261 2154 1403 2192 vero
1452 2136 1606 2192 illud
1656 2136 1745 2193 ita
1791 2137 2032 2195 volente
2083 2138 2214 2197 Deo
2264 2143 2632 2197 contractum
2673 2146 2736 2195 et

328 2215 456 2272 filio
490 2214 837 2289 impositum
873 2211 1067 2269 effecit
1102 2218 1172 2268 ut
1208 2214 1601 2271 mulctaretur
1643 2220 1704 2269 et
1747 2213 2154 2287 affligeretur;
2198 2215 2361 2282 Quia
2387 2233 2528 2273 vero
2556 2232 2736 2289 poena

328 2292 440 2348 illa
478 2292 709 2350 nullius
753 2290 964 2349 fuisset
1007 2290 1287 2364 ponderis
1334 2299 1395 2350 et
1440 2290 1728 2349 momenti
1776 2294 1936 2367 apud
1989 2294 2188 2352 Deum
2227 2293 2342 2351 nisi
2367 2293 2666 2351 liberrime
2693 2311 2736 2351 a

332 2368 569 2427 Christo
616 2370 743 2427 lata
768 2368 992 2439 fuisset,
1021 2367 1135 2425 nisi
1170 2370 1331 2427 enim
1358 2370 1763 2428 voluntariam
1799 2378 2052 2430 mortem
2089 2372 2362 2431 subiisset
2385 2370 2734 2433 inobedien-

328 2446 427 2505 tiae
468 2454 685 2505 nostrae
734 2448 972 2523 culpam
1016 2447 1285 2523 expiasse
1330 2466 1453 2507 non
1484 2448 1802 2519 videretur,
1848 2449 2001 2509 Ideo
2051 2468 2126 2509 ne
2169 2451 2304 2526 quis
2350 2451 2482 2509 haec
2519 2469 2558 2509 a
2597 2450 2730 2509 Deo

325 2522 503 2585 Patre
550 2525 639 2585 ita
680 2525 967 2601 disposita
1012 2544 1137 2585 esse
1182 2526 1568 2586 arbitraretur
1617 2534 1688 2585 ut
1733 2529 1861 2586 filio
1887 2528 2078 2588 invito
2106 2530 2446 2599 acciderint,
2475 2534 2582 2588 aut
2622 2528 2730 2605 qui

326 2614 787 2679 conquereretur
814 2604 896 2679 inJ
884 2605 1034 2662 uste
1082 2622 1277 2665 secum
1292 2606 1422 2698 agi,
1472 2614 1788 2681 propterea
1813 2626 2108 2667 summam
2136 2608 2189 2681 ej
2197 2626 2268 2665 us
2295 2607 2644 2698 patientiam
2671 2613 2733 2663 et

325 2682 725 2743 obedientiam
764 2684 1157 2753 commendat,
1206 2685 1312 2759 qui
1358 2683 1512 2741 inter
1551 2684 1776 2741 medias
1817 2702 2116 2741 aerumnas
2155 2693 2215 2741 et
2245 2686 2472 2759 probra
2511 2683 2732 2760 quibus

324 2758 725 2835 impetebatur
762 2778 839 2817 ne
884 2777 949 2817 os
998 2761 1243 2835 quidem
1290 2780 1471 2820 suum
1518 2762 1836 2835 aperuerit.
1919 2761 2211 2818 Notanda
2256 2769 2345 2817 est
2371 2769 2574 2820 autem
2601 2779 2732 2819 ver-

322 2837 539 2895 borum
566 2839 672 2909 vis,
690 2854 881 2911 eoque
907 2838 1101 2913 magis
1121 2839 1285 2913 quod
1306 2838 1654 2896 difficultate
1673 2855 1872 2894 carere
1887 2856 2010 2895 non
2037 2838 2320 2895 videntur
2345 2856 2456 2893 rusa
2485 2859 2534 2897 s·
2531 2859 2594 2893 m
2625 2846 2726 2895 bn.

328 2915 603 2987 Vulgata
626 2916 713 2973 ita
738 2913 994 2971 reddit‘
1000 2915 1273 2972 ‘oblatus
1298 2921 1389 2971 est
1434 2914 1580 2988 quia
1620 2913 1746 2987 ipse
1774 2914 2042 2985 voluit;”
2073 2915 2174 2970 sed
2203 2912 2459 2971 coactior
2485 2913 2615 2969 haec
2641 2919 2731 2971 est

324 2991 737 3065 interpretatio
765 3008 949 3064 quam
986 2998 1059 3048 ut
1082 2992 1322 3049 admitti
1366 2990 1572 3065 possit,
1600 3008 1742 3047 nam
1783 2990 1894 3047 etsi
1924 2998 2006 3053 rin
2035 3008 2142 3064 per
2171 3000 2209 3049 υ·
2241 2990 2392 3063 sign.
2436 2990 2730 3047 adducere

322 3074 386 3125 et
427 3069 751 3139 admovere,
800 3074 1001 3125 tamen
1030 3086 1135 3143 per
1154 3078 1193 3125 <v
1216 3068 1382 3125 aliud
1432 3068 1607 3141 plane
1649 3067 1938 3141 designat.
1985 3066 2204 3142 Itaque
2231 3066 2600 3124 commodior
2640 3074 2732 3127 est

325 3146 621 3203 sententia
646 3145 951 3203 Tremellii
980 3153 1041 3203 et
1065 3144 1322 3203 aliorum
1350 3146 1457 3219 qui
1476 3162 1582 3219 per
1622 3145 1868 3221 exiqitur
1907 3145 2392 3221 interpretantur,
2419 3163 2560 3203 nam
2589 3163 2727 3205 cum

324 3224 576 3281 verbum
607 3232 689 3280 ξω
720 3224 873 3281 duos
899 3230 1135 3283 tantum
1176 3223 1543 3297 significatus
1569 3223 1838 3281 obtineat
1877 3224 1940 3281 in
1967 3223 2277 3298 scriptura,
2305 3223 2564 3298 primum
2591 3243 2730 3300 pro-

324 3302 525 3377 prium
553 3302 834 3378 exiqemda
880 3310 945 3361 ut
991 3303 1030 3360 2
1058 3302 1208 3375 Reg.
1257 3301 1425 3359 xxiii.
1472 3302 1568 3373 35,
1617 3302 1800 3361 Zach.
1829 3303 1910 3359 ix.
1941 3304 1998 3370 8,
2028 3302 2286 3360 alterum
2311 3304 2637 3376 figuratum
2663 3310 2728 3363 et

322 3382 583 3455 metaph.
634 3380 1003 3457 opprimendi
1050 3386 1110 3437 et
1136 3380 1431 3457 affliyendi
1458 3346 1670 3461 (quia‘
1655 3398 1716 3436 m
1745 3379 2052 3439 exactione
2078 3398 2233 3456 soepe
2261 3388 2352 3439 est
2377 3382 2724 3460 oppressio),

324 3460 615 3518 alteruter
641 3459 743 3518 hic
766 3460 1034 3517 obtineat
1058 3476 1291 3517 necesse
1340 3466 1467 3530 est;
1508 3460 1802 3535 posterior
1829 3478 1972 3519 vero
1994 3459 2198 3517 locum
2223 3460 2442 3517 habere
2469 3478 2590 3519 non
2617 3479 2728 3535 po-

322 3543 455 3607 test,
486 3538 825 3612 siquidem
810 3556 871 3595 ιιι
899 3538 1111 3594 eodem
1138 3546 1431 3595 commate
1456 3538 1704 3596 additur
1729 3558 1840 3595 rur:
1869 3556 1979 3597 ιιι-ιι
2011 3540 2176 3612 quod
2203 3539 2278 3595 de
2305 3556 2378 3595 ea
2404 3537 2724 3596 afflictione

322 3622 384 3673 et
426 3616 763 3673 calamitate
824 3614 1285 3688 intelligendum
1332 3633 1455 3673 esse
1516 3622 1685 3691 patet
1729 3620 1804 3671 ex
1849 3632 1971 3673 ver.
2017 3616 2076 3687 4,
2105 3615 2212 3673 ubi
2232 3615 2452 3673 dicitur
2479 3634 2606 3671 nm
2635 3616 2718 3673 id.

321 3695 582 3764 attritu-3,
624 3710 769 3751 voce
818 3694 893 3751 ab
920 3694 1129 3751 eadem
1176 3694 1373 3752 radice
1401 3694 1686 3764 derivata,
1716 3700 1780 3751 at
1805 3692 2002 3750 inanis
2027 3700 2180 3751 esset
2205 3691 2543 3766 tautologia
2569 3691 2620 3748 si
2647 3694 2722 3751 de

320 3771 533 3828 eodem
574 3769 869 3829 diceretur
910 3777 945 3805 “
969 3772 1325 3847 opprimitur
1368 3778 1429 3829 et
1473 3773 1597 3847 ipse
1626 3770 1914 3845 affligitur
1935 3772 1990 3842 ;”
2017 3778 2286 3847 superest
2316 3788 2459 3845 ergo
2507 3774 2578 3826 ut
2602 3789 2724 3828 vox

318 3848 429 3905 illa
454 3848 690 3923 proprie
718 3856 993 3907 sumatur
1018 3856 1090 3906 ut
1116 3850 1405 3924 significet
1432 3851 1776 3907 exactionem
1791 3868 1976 3924 poenoe
1996 3857 2058 3908 et
2083 3849 2377 3907 referatur
2405 3848 2482 3905 ad
2500 3864 2720 3905 nomen

317 3926 591 4001 proxime
617 3928 969 3986 antecedens
1007 3938 1325 4003 peccatum,
1353 3930 1515 4003 quod
1558 3928 1662 3990 hic
1707 3928 2224 3997 subaudiendum3
2270 3926 2448 4001 πίθοι
2451 3944 2492 3983 ·e
2516 3932 2722 3984 autem

311 4014 633 4079 peceatum
626 4004 790 4061 nihil
820 4005 989 4063 aliud
1014 4013 1105 4063 est
1151 4024 1334 4080 quam
1381 4006 1617 4080 exigere
1645 4023 1882 4081 poenam
1907 4005 2149 4081 peccati,
2179 4010 2360 4077 atque
2387 4004 2473 4061 ita
2500 4004 2722 4079 optime

318 4083 716 4155 cohaerebunt,
745 4084 975 4141 exactio
1001 4102 1189 4158 poenae
1220 4102 1256 4141 a
1285 4082 1519 4142 Christo
1547 4091 1607 4141 et
1633 4084 1902 4157 ejusdem
1929 4082 2208 4153 afflicti03
2251 4100 2391 4139 nam
2417 4099 2456 4139 a
2484 4080 2720 4141 Christo

320 4177 603 4235 sponsore
646 4161 918 4219 debitum
966 4168 1238 4220 nostrum
1280 4162 1483 4237 exegit
1526 4161 1706 4219 Pater
1731 4161 2095 4219 severissime
2125 4159 2325 4218 unde’
2309 4178 2436 4234 lpse
2465 4159 2720 4219 afflictus

317 4245 443 4308 est3
486 4236 769 4313 Exigitur
816 4258 957 4314 ergo
1004 4257 1180 4313 poena
1224 4247 1467 4314 propter
1512 4256 1698 4314 quam
1743 4238 1866 4313 ipse
1915 4238 2218 4313 affligitur.
2291 4236 2394 4295 Ita
2418 4243 2472 4296 τὶ
2501 4256 2612 4297 ιιι»
2639 4240 2718 4297 ad

316 4282 697 4375 afflictionem
726 4324 787 4376 et
805 4318 1242 4393 perpessionem
1270 4318 1576 4375 referetur.
1635 4314 1701 4373 N
1703 4334 1782 4372 on
1809 4318 1966 4375 male
1994 4317 2244 4392 quidam
2269 4316 2485 4375 volunt
2510 4332 2721 4377 vocem.

315 4412 487 4469 posse
514 4396 671 4453 sumi
698 4397 759 4453 in
790 4394 1034 4471 proprio
1050 4395 1387 4469 significatu
1406 4390 1804 4470 respondendi
1843 4395 2008 4469 quod
2035 4396 2248 4453 eodem
2283 4394 2510 4465 recidit,
2539 4400 2611 4452 ut
2636 4395 2720 4455 sic

315 4475 673 4549 respondeat
714 4473 1018 4549 exigenti,
1062 4473 1233 4547 quasi
1277 4473 1495 4531 dicas‘
1500 4473 1611 4531 ‘ab
1659 4490 1732 4529 eo
1779 4478 2055 4531 exactum
2094 4473 2240 4545 est,”
2269 4472 2490 4531 scilicet
2513 4490 2718 4548 peeca-

314 4557 465 4623 tum,
494 4560 557 4610 et
597 4554 723 4629 ipse
749 4518 1053 4630 respondit
1078 4552 1160 4609 id.
1198 4551 1485 4627 persolvit
1508 4570 1620 4627 pro
1647 4550 1840 4623 nobis,
1868 4552 2188 4627 respondit,
2217 4550 2482 4628 inquam,
2510 4570 2576 4609 re
2601 4555 2720 4611 sol-

315 4596 511 4689 vendo
542 4638 613 4690 ut
636 4632 969 4708 fidejussor,
998 4650 1121 4691 non
1170 4650 1271 4689 ore
1296 4631 1714 4706 obloquendo:
1757 4630 1904 4706 qnid
1931 4629 2090 4689 enim
2131 4630 2236 4690 ille
2271 4630 2499 4693 interea
2523 4648 2603 4689 an
2629 4650 2720 4690 re-
