3234 5192
614 376 733 434 694
1134 392 1213 431 na
1243 390 1720 433 sarrsucrmsrs
1749 389 1984 431 cmusrr
2015 388 2442 430 Pnnrncrlosn.
2555 366 2834 450 [ms-rur.
2877 391 3102 432 xxm.

612 552 716 611 pro
744 532 975 593 nomine
1005 532 1238 593 Christi.
1284 533 1439 591 Dum
1466 553 1606 612 ergo
1637 553 1742 594 suo
1771 542 2026 611 tempore
2049 540 2108 591 et
2151 529 2336 608 gradu
2365 530 2480 589 ista
2505 531 2862 591 executioni
2895 553 3090 591 man·

613 614 839 689 dantur,
864 622 1019 674 recte
1047 613 1273 693 impleri
1299 612 1571 674 dicuntur
1596 614 1660 671 in
1701 616 1960 673 societate
1989 618 2270 688 fratrum,
2301 610 2380 669 id.
2411 610 2474 668 in
2521 630 2770 688 corpore
2803 613 3078 688 Christi,

612 694 739 754 istae
767 695 1083 773 passiones.
1129 694 1251 752 Nec
1278 694 1436 753 aliud
1464 695 1578 753 sibi
1603 694 1732 753 vult
1762 693 1979 753 Paulus
1999 694 2111 752 hoc
2138 694 2284 766 loce,
2315 710 2448 749 cum
2469 690 2614 749 dicit
2641 711 2706 750 se
2741 693 3082 770 “implere

610 774 885 853 reliquias
932 774 1263 853 passionum
1310 774 1581 848 Christi,’'
1608 793 1782 851 quam
1829 794 1890 832 se
1935 782 2157 851 partem
2199 772 2374 832 etiam
2417 770 2609 829 crucis
2637 772 2876 831 Christi
2929 794 3076 850 quae

612 855 726 934 ipsi
754 855 828 914 ad
857 854 1155 914 ferendum
1200 862 1323 912 erat
1348 854 1619 934 imposita
1665 855 1930 913 alacriter
1956 861 2202 931 gestare.
2285 852 2528 910 Interim
2555 850 2696 910 licet
2723 853 3074 931 utrobique

616 943 675 995 et
702 955 737 993 a
766 935 995 994 Christo
1040 943 1099 994 et
1126 954 1161 992 a
1202 934 1372 993 nobis
1418 935 1719 1013 passiones
1768 934 1885 992 sint
1937 934 2204 1007 ferendae,
2251 930 2627 990 memorabile
2655 940 2872 991 tamen
2904 934 3072 992 inter

616 1024 888 1092 utrasque
918 1014 1227 1073 discrimen
1254 1023 1341 1073 est
1370 1014 1820 1092 agnoscendum.
1905 1014 2056 1072 Nam
2085 1012 2299 1073 Christi
2335 1010 2638 1089 passiones
2665 1014 3066 1089 gravissimae

616 1096 848 1155 fuerunt
870 1102 929 1154 et
955 1095 1117 1153 nulla
1144 1094 1430 1154 suavitate
1459 1102 1808 1172 temperatae,
1840 1094 1978 1172 quia
2004 1101 2187 1153 totam
2223 1092 2336 1150 Dei
2362 1091 2840 1151 maledictionem
2875 1095 3066 1152 nobis

618 1175 873 1235 debitam
903 1175 1049 1234 ferre
1077 1173 1294 1249 debuit,
1326 1182 1385 1234 et
1411 1174 1487 1233 ad
1514 1174 1685 1233 faeces
1712 1194 1897 1251 usque
1919 1174 2159 1233 calicem
2185 1172 2362 1231 istum
2383 1172 2635 1231 ebibere.
2679 1172 2774 1231 At
2801 1185 3062 1249 nostrae,

620 1256 847 1315 sublata
868 1256 992 1333 jam
1013 1274 1116 1333 per
1138 1254 1429 1314 Christum
1454 1255 1565 1313 Dei
1582 1254 2004 1330 maledictione,
2025 1260 2356 1330 temperatae
2377 1251 2524 1310 fiunt
2543 1259 2604 1309 et
2619 1252 2792 1312 leves
2821 1254 3064 1314 Christi

620 1336 823 1415 gratia,
854 1344 921 1396 ut
948 1333 1271 1413 gustandus
1298 1336 1531 1412 quidem
1567 1336 1644 1393 sit
1669 1336 1794 1413 ipse
1841 1333 2014 1409 calix,
2045 1333 2150 1393 sed
2191 1352 2308 1390 non
2335 1331 2675 1407 ebibendus,
2707 1342 2776 1393 et
2801 1333 3066 1393 ferenda

622 1417 738 1475 sint
782 1417 950 1492 mala,
982 1415 1088 1475 sed
1125 1415 1430 1476 benedicta
1458 1434 1589 1475 cum
1620 1414 1888 1474 Christo:
1931 1414 2063 1473 illas
2109 1414 2266 1491 prior
2308 1412 2454 1470 ferre
2509 1412 2716 1471 debuit
2770 1413 3062 1474 Christus

618 1496 695 1555 ad
738 1495 1189 1575 redemptionem
1238 1503 1511 1571 nostram,
1540 1495 1696 1554 unde
1739 1514 1856 1553 non
1898 1494 2050 1553 male
2093 1494 2442 1575 oegmgn'paaevae
2473 1511 2573 1551 eas
2620 1492 2904 1571 dixer-135
2955 1496 3060 1554 sed

616 1576 761 1635 istas
803 1585 934 1653 post
970 1577 1161 1652 ipsum
1204 1576 1395 1634 subire
1434 1575 1710 1634 debemus
1729 1574 1803 1633 ad
1831 1573 2362 1648 sanctificationem,
2393 1571 2525 1631 ideo
2566 1572 2720 1631 bene
2761 1578 3058 1657 fan-1342*-

616 1680 686 1714 w
715 1676 813 1715 eas
842 1656 1061 1714 Paulus
1088 1663 1278 1713 vocat.
1342 1654 1465 1713 Nec
1507 1655 1826 1713 omittenda
1851 1663 1941 1713 est
1966 1654 2062 1713 vis
2088 1653 2316 1731 phrasis
2344 1651 2721 1729 Apostolicae,
2755 1674 2908 1713 cum
2939 1677 3056 1716 non

618 1744 843 1793 tantum
872 1735 1014 1793 dicit
1041 1754 1104 1792 se
1130 1734 1385 1812 implere,
1418 1734 1523 1793 sed
1548 1740 1964 1814 &naturane-vv,
1995 1734 2074 1792 id.
2123 1734 2359 1792 vicissim
2399 1733 2648 1809 implere,
2679 1735 2854 1810 quod
2903 1738 3056 1796 rela-

618 1815 837 1874 tionem
865 1814 1155 1891 quandam
1184 1824 1243 1873 et
1270 1816 1836 1892 correspondentiam
1880 1822 2078 1890 notat;
2123 1833 2241 1873 uon
2279 1820 2505 1871 tantum
2547 1832 2680 1871 cum
2709 1818 2964 1875 caeteris
2989 1818 3056 1875 fi-

618 1894 863 1970 delibus,
897 1895 996 1972 qui
1024 1894 1199 1952 etiam
1227 1913 1329 1971 pro
1356 1902 1518 1972 parte
1562 1914 1666 1953 sua
1719 1895 2010 1957 debebant
2041 1893 2228 1953 eidem
2269 1894 2427 1951 cruci
2470 1892 2698 1969 subjici,
2725 1894 2840 1954 sed
2873 1898 3056 1956 etiam

620 1994 751 2033 cum
780 1974 905 2051 ipso
936 1974 1183 2048 Christo,
1214 1982 1280 2033 ut
1308 1974 1500 2052 passio
1527 1975 1774 2033 membri
1800 1975 2150 2052 respondeat
2173 1973 2428 2051 passioni
2457 1972 2710 2049 Capitis;
2757 1975 3050 2037 nimirum

619 2064 686 2114 ut
716 2054 978 2115 Christus
1003 2075 1110 2133 pro
1141 2054 1309 2113 Pauli
1338 2054 1523 2114 salute
1552 2074 1807 2114 summos
1835 2056 1896 2112 in
1925 2074 2092 2113 cruce
2122 2053 2350 2112 dolores
2392 2052 2691 2131 ipsamque
2718 2054 2892 2132 legis
2923 2078 3048 2116 rna-

618 2135 987 2195 ledictionem
1015 2136 1346 2213 pertulerat,
1376 2135 1460 2195 ita
1489 2134 1706 2195 Paulus
1733 2134 1992 2194 vicissim
2022 2154 2124 2211 pro
2155 2132 2368 2193 Christi
2397 2132 2584 2211 gloria
2609 2140 2670 2191 et
2697 2134 3050 2215 Evangelio

618 2236 797 2294 grave
826 2225 1116 2277 certamen
1144 2217 1426 2275 sustinere
1454 2214 1735 2291 debebat3
1781 2215 1841 2272 in
1870 2235 1986 2292 quo
2026 2215 2325 2291 utriusque
2352 2214 2583 2273 fuerunt
2609 2214 2897 2291 quaedam
2929 2240 3050 2279 suae

617 2298 801 2356 veluti
829 2297 985 2370 vices,
1016 2296 1154 2355 licet
1180 2298 1295 2354 alio
1324 2307 1497 2372 atque
1519 2296 1634 2355 alio
1662 2295 1776 2353 fine
1805 2294 1938 2369 sint,
1967 2302 2035 2353 ut
2053 2294 2296 2371 jamjam
2327 2293 2634 2352 dicemus.-

699 2376 848 2433 VII.
892 2376 1106 2449 Tertio,
1140 2376 1218 2433 Et
1244 2374 1391 2432 illud
1418 2375 1753 2450 notandum,
1788 2374 2148 2433 Afflictiones
2176 2394 2306 2452 quse
2333 2393 2368 2432 a
2397 2373 2625 2432 Christo
2653 2374 3052 2453 imponuntur

618 2453 907 2528 fidelibus,
938 2453 1049 2511 etsi
1074 2473 1182 2511 nec
1202 2452 1640 2528 Redemptionis
1661 2472 1768 2511 nec
1790 2454 2211 2513 satisfactionis
2237 2454 2412 2511 finem
2439 2453 2620 2511 ullum
2649 2452 2876 2516 habere
2907 2479 3048 2536 pos-

621 2533 752 2607 sint,
784 2531 995 2590 habere
1026 2540 1217 2591 tamen
1245 2532 1390 2589 alios
1417 2532 1697 2609 plurimos
1725 2533 1826 2609 qui
1873 2552 1991 2592 non
2037 2542 2262 2593 tantum
2291 2532 2559 2591 fidelibus
2587 2533 2728 2609 ipsis
2758 2538 3044 2612 patienti-

618 2612 730 2669 bus
759 2619 1015 2688 prosunt,
1048 2610 1151 2671 sed
1194 2610 1327 2670 aliis
1367 2612 1557 2687 etiam,
1588 2612 1706 2670 imo
1750 2613 1860 2671 toti
1902 2614 2197 2689 Ecclesiae,
2245 2614 2369 2672 sive
2413 2613 2490 2672 ad
2531 2614 3046 2679 confirmationem

617 2690 771 2768 fidei,
802 2692 927 2750 sive
956 2691 1030 2750 ad
1059 2692 1387 2769 exemplum
1417 2693 1728 2770 patientiae,
1761 2694 1886 2753 sive
1926 2694 2001 2753 ad
2028 2695 2304 2771 majorem
2349 2693 2659 2771 Evangelii
2685 2696 3044 2771 profectum.

620 2770 776 2831 Istos
806 2773 958 2831 enim
986 2791 1062 2832 ex
1089 2772 1205 2831 illis
1233 2771 1456 2832 fructus
1484 2773 1618 2831 oriri
1671 2773 1888 2833 Paulus
1931 2794 2050 2833 non
2083 2774 2261 2833 semel
2288 2780 2548 2849 testatur,
2580 2781 2646 2831 ut
2677 2774 2831 2834 Phil.
2865 2778 2910 2837 i.
2947 2785 3042 2857 12,

625 2855 717 2929 13,
742 2853 833 2929 14,
864 2854 1099 2913 vincula
1118 2873 1223 2913 sua
1244 2853 1319 2911 ad
1342 2854 1652 2931 Evangelii
1675 2854 2164 2932 propagationem,
2185 2863 2244 2913 et
2265 2853 2502 2912 fratrum
2532 2853 3044 2921 confirmationem

622 2933 864 2994 cessisse
884 2934 1171 3012 significat
1195 2956 1209 2993 t
1258 2935 1293 2967 “
1320 2933 1477 2992 Scire
1500 2954 1607 2993 vos
1636 2935 1789 3009 v010,
1813 2934 2033 3009 fratres,
2058 2934 2194 3012 quia
2216 2954 2344 3011 quae
2373 2934 2526 2991 eirca
2553 2952 2644 2992 me
2663 2945 2820 3011 sunt,
2841 2943 3044 3018 magis

620 3014 695 3072 ad
722 3014 1040 3091 profectum
1069 3021 1353 3073 venerunt
1382 3014 1709 3090 Evangelii,
1742 3014 1836 3072 Ita
1876 3021 1944 3073 ut
1988 3014 2223 3073 vincula
2249 3033 2378 3072 mea
2403 3012 2710 3072 manifesta
2735 3014 2953 3078 fierent
2981 3022 3046 3081 in

621 3094 851 3154 Christo
881 3096 939 3151 in
968 3094 1125 3153 omni
1151 3094 1436 3171 praetori0,
1468 3102 1527 3153 et
1552 3094 1614 3151 in
1643 3094 1865 3153 caeteris
1907 3094 2190 3169 omnibuS,
2221 3102 2280 3153 et
2305 3094 2500 3171 plures
2527 3114 2559 3152 e
2587 3092 2866 3155 fratribus
2897 3119 3042 3159 con-

620 3173 866 3231 fidentes
889 3174 1138 3232 vinculis
1152 3174 1297 3231 meis
1318 3174 1725 3249 abundantiae,
1753 3173 2029 3233 auderent
2051 3175 2172 3232 sine
2195 3175 2398 3233 timore
2415 3174 2658 3233 verbum
2683 3175 2798 3233 Dei
2813 3176 3043 3256 loqui.”

624 3252 887 3309 Fuerunt
916 3272 1053 3328 ergo
1081 3253 1380 3331 passiones
1402 3253 1529 3331 ejus
1552 3254 1889 3329 utilissimas,
1914 3274 2030 3312 non
2060 3254 2293 3331 quidem
2321 3253 2397 3311 ad
2424 3253 2900 3333 satisfactionem,
2934 3264 3044 3321 sed

622 3330 699 3388 ad
727 3330 1233 3404 confirmationem,
1265 3341 1324 3390 et
1372 3334 1709 3393 constantiae
1751 3335 2098 3410 exemplum.
2185 3333 2350 3393 Idem
2391 3333 2548 3409 alibi,
2579 3338 2616 3392 2
2647 3334 2779 3393 Cor.
2809 3335 2848 3393 i.
2885 3341 2943 3413 6,
2979 3346 3038 3417 7,

625 3412 663 3443 “
688 3410 827 3469 Sive
853 3410 1223 3487 premimur,’'
1252 3412 1457 3489 inquit,
1491 3413 1609 3472 “id
1637 3413 1704 3474 fit
1749 3434 1852 3491 pro
1902 3422 2096 3473 vestra
2141 3414 2534 3473 consolatione
2573 3421 2635 3472 et
2662 3414 2869 3492 salute,
2903 3440 3042 3496 quse

622 3489 867 3549 efficitur
892 3490 954 3549 in
980 3491 1285 3551 tolerantia
1311 3493 1640 3552 earumdem
1669 3494 2102 3571 perpessionum
2130 3494 2341 3571 quibus
2369 3502 2428 3552 et
2447 3513 2553 3552 nos
2573 3492 2871 3572 afficimur,
2905 3502 3038 3562 sive

624 3571 1075 3630 consolationem
1124 3572 1452 3651 accipimus,
1503 3572 1565 3630 id
1609 3573 1676 3632 fit
1717 3593 1821 3650 pro
1866 3582 2062 3632 vestra
2105 3573 2496 3633 consolatione
2539 3582 2598 3633 et
2615 3565 2888 3650 ‘salute‚''
2919 3578 3034 3643 &Q

624 3651 849 3727 Quibus
878 3659 1104 3713 constat
1132 3672 1207 3711 ex
1234 3662 1425 3712 mente
1472 3652 1640 3711 Pauli
1683 3654 2083 3731 perpessiones
2128 3674 2263 3713 suas
2311 3673 2381 3712 eo
2427 3652 2697 3713 fidelibus
2727 3656 3030 3735 prodesse,

622 3752 741 3791 non
767 3741 834 3791 ut
860 3732 973 3809 ipsi
1001 3752 1036 3790 a
1064 3732 1349 3792 similibus
1393 3732 1578 3809 poenis
1623 3734 1965 3809 eximantur,
2001 3732 2126 3813 (qui
2161 3732 2568 3793 satisfactionis
2596 3741 2684 3793 est
2711 3734 2892 3817 finis)
2925 3744 3038 3801 sed

620 3814 792 3897 plane
821 3820 1019 3871 contra
1046 3820 1113 3871 ut
1140 3812 1215 3870 ad
1242 3812 1428 3871 simile
1457 3821 1748 3871 certamen
1776 3812 2176 3873 sustinendum
2205 3833 2279 3872 ex
2299 3814 2592 3892 patientiae
2613 3832 2734 3872 suae
2753 3820 3032 3896 exemplo

620 3892 828 3952 fortius
855 3892 1196 3950 animentur.
1282 3891 1503 3949 Eodem
1532 3892 1704 3969 plane
1745 3901 1916 3970 pacto
1944 3894 2086 3952 dicit
2111 3894 2207 3952 hic
2237 3897 2274 3928 ‘⁶
2297 3912 2359 3952 se
2384 3895 2504 3971 pati
2532 3911 2638 3971 pro
2662 3893 2805 3971 ipsis
2832 3904 2892 3956 et
2917 3919 3029 3976 pro

623 3992 861 4050 corpore
908 3971 1122 4030 Christi
1165 3970 1323 4050 quod
1370 3980 1460 4030 est
1505 3972 1802 4031 Ecclesia”
1847 3992 1962 4031 non
2004 3972 2356 4049 redimenda,
2389 3973 2490 4032 sed
2520 3972 2873 4049 aedificanda,
2905 3996 3026 4039 non

618 4052 921 4112 liberanda
947 4072 983 4109 a
1010 4052 1212 4129 poenis,
1246 4050 1349 4109 sed
1376 4050 1768 4110 confirmanda
1811 4053 1870 4110 in
1909 4052 2042 4129 fide,
2074 4073 2191 4111 non
2219 4052 2294 4111 ad
2321 4052 2785 4129 satisfactionem,
2817 4056 2919 4114 sed
2943 4062 3026 4120 ad

621 4132 1019 4192 imitationem.
1104 4130 1349 4189 Fuerint
1375 4151 1515 4208 ergo
1559 4150 1772 4209 magno
1816 4133 1948 4191 usui
1987 4132 2257 4193 fidelibus
2299 4133 2598 4211 passiones
2641 4133 2782 4211 ejus,
2813 4134 3020 4213 ingens

622 4232 698 4272 ex
726 4213 798 4272 iis
826 4211 901 4271 ad
932 4211 1254 4271 Ecclesiam
1275 4211 1495 4271 fructus
1516 4210 1942 4287 redundaverit,
1967 4232 2085 4271 non
2104 4233 2403 4291 negamus.
2475 4213 2770 4290 Negamus
2798 4222 3020 4278 tantum

619 4292 775 4368 quod
806 4291 1149 4351 Adversarii
1194 4291 1557 4369 pertendunt,
1588 4290 1766 4350 fuisse
1799 4302 2164 4369 peccatorum
2191 4302 2518 4353 nostrorum
2547 4294 2821 4374 ἕλιστιίςιοι
2845 4302 2902 4354 et
2927 4316 3019 4356 sa-

618 4370 1002 4431 tisfactionem
1030 4392 1135 4450 pro
1161 4372 1349 4451 poenis
1377 4390 1521 4449 quas
1548 4379 1785 4449 peecata
1813 4390 2010 4431 eorum
2053 4373 2438 4433 merebantur.
2521 4373 2645 4432 Nec
2680 4374 2852 4451 juvat
2879 4374 3014 4435 Bel-

616 4448 925 4509 larminum
953 4452 1109 4527 quod
1136 4452 1217 4512 ait
1247 4452 1491 4511 Paulum
1524 4454 1814 4529 “optasse
1863 4452 1992 4514 istis
2020 4452 2424 4513 afflictionibus
2450 4453 2723 4530 prodesse
2751 4452 3011 4517 fidelibus

616 4526 1055 4606 quibuscunque
1081 4540 1307 4608 poterat
1334 4532 1539 4609 modis,
1587 4532 1648 4591 id
1695 4542 1784 4592 est
1826 4552 1944 4592 non
1971 4542 2196 4594 tantum
2223 4534 2577 4610 instruendo,
2607 4533 3007 4611 confit-mande,

620 4605 724 4666 sed
752 4606 925 4666 etiam
953 4610 1241 4687 expiando
1266 4612 1323 4688 ;”
1356 4613 1643 4690 Supponit
1670 4613 1821 4671 enim
1850 4614 2010 4690 quod
2037 4622 2125 4673 est
2153 4614 2212 4671 in
2241 4613 2576 4691 quaestione,
2605 4620 2666 4672 et
2689 4612 2834 4689 petit
2859 4615 3006 4693 prin-
