3234 5192
534 283 655 342 390
1084 298 1165 339 ns
1192 297 1676 342 sansrsc‘rroms
1704 299 1940 341 onnisrr
1969 297 2385 341 assessu-Ars.
2554 276 2819 359 [masur.
2851 297 2940 338 ιι.

536 440 711 501 etiam
738 459 843 518 pro
868 459 1010 498 vera
1037 438 1251 499 Christi
1278 438 1670 500 satisfactione
1697 441 1977 500 adversus
2003 439 2106 498 illa
2146 439 2482 517 dogmatum
2527 445 2794 516 portenta
2819 439 2963 499 totis

538 521 762 580 viribus
788 519 1184 580 decertamus:
1242 521 1322 580 Et
1365 539 1503 578 sane
1547 521 1878 581 absolutum
1926 521 2218 580 decretum
2268 518 2344 578 de
2381 517 2498 577 fine
2535 519 2763 577 nullum
2787 517 2956 578 affert

538 601 859 660 mediorum
887 599 1284 659 constitutioni
1328 599 1728 679 praejudicium
1772 621 1906 660 cum
1947 601 2142 678 potius
2187 599 2278 658 illi
2325 597 2788 674 subordinantur,
2817 618 2954 658 nam

540 681 640 759 qui
668 679 983 740 destinavit
1007 679 1177 739 nobis
1205 680 1279 738 ab
1320 689 1535 740 aetemo
1580 683 1826 741 salutem
1853 701 1932 739 ex
1971 679 2096 740 solo
2144 679 2524 756 beneplacito,
2555 679 2742 738 noluit
2761 687 2955 738 tamen

542 781 670 821 eam
725 759 971 820 conferri
1018 760 1081 818 in
1127 768 1385 838 tempore
1432 760 1545 819 nisi
1582 760 1992 821 satisfactionis
2044 759 2412 820 interventu:
2455 759 2570 834 Qui
2597 778 2704 818 nos
2747 758 2956 818 dilexit

542 856 737 900 amore
762 839 1185 900 benevolentiae
1202 849 1277 900 ut
1304 840 1469 900 daret
1496 840 1747 916 Christo,
1776 849 1836 900 et
1857 840 2149 900 Christum
2177 839 2363 914 nobis,
2395 859 2512 898 non
2539 839 2734 916 diligit
2759 857 2955 898 amore

540 920 936 980 beneficentias
964 920 1077 978 nisi
1120 920 1183 978 in
1219 939 1288 979 eo
1332 929 1393 979 et
1438 929 1673 998 propter
1714 941 1864 996 eum,
1897 921 2072 981 Unde
2111 920 2271 978 electi
2307 919 2552 978 dicimur
2597 919 2657 979 in
2709 919 2953 994 Christo,

546 1001 698 1078 Eph.
728 1001 767 1060 i.
794 1003 853 1076 4,
881 1018 1001 1058 non
1025 1007 1093 1059 ut
1121 999 1439 1060 Electionis
1466 1019 1642 1060 causa
1683 1001 1978 1061 meritoria
2013 1008 2075 1060 et
2099 999 2492 1076 antecedente,
2523 997 2630 1058 sed
2654 1006 2722 1059 ut
2741 1019 2954 1060 execu-

544 1081 719 1140 tionis
745 1079 1119 1140 fundamento
1146 1099 1216 1140 ac
1242 1079 1513 1158 primario
1540 1081 1734 1140 medio
1761 1089 2168 1158 consequente.

624 1160 879 1219 XVIII.
921 1160 1207 1220 Caeterum
1246 1161 1398 1220 inter
1422 1161 1780 1221 orthodoxos
1827 1160 1900 1221 de
1925 1160 2318 1237 sativ‘hctfom's
2355 1158 2672 1218 munitate
2717 1157 2958 1236 aliquod

546 1260 845 1301 occurrere
873 1241 1287 1301 sententiarum
1315 1240 1631 1300 divortium
1659 1261 1776 1300 non
1803 1240 2151 1318 diffitemur;
2195 1241 2345 1299 Nam
2373 1239 2486 1298 etsi
2511 1257 2712 1298 omnes
2737 1238 2954 1298 mordi-

546 1341 651 1381 cus
676 1321 1079 1381 necessitatem
1109 1320 1517 1381 satisfactionis
1544 1329 1818 1382 tueantur
1843 1321 2124 1380 adversus
2151 1338 2514 1380 communem
2539 1318 2954 1396 adversarium,

544 1403 629 1461 ita
656 1409 721 1461 ut
746 1401 909 1461 nulla
934 1401 1051 1460 alia
1074 1401 1297 1461 ratione
1324 1408 1461 1463 actu
1486 1401 1798 1462 liberemur
1823 1421 1860 1460 a
1883 1409 2252 1479 peccatorum
2294 1408 2458 1460 reatu
2485 1405 2546 1460 et
2569 1407 2756 1460 morte
2783 1418 2958 1476 quam

510 1495 528 1505 “
545 1502 650 1560 per
676 1501 823 1557 eam,
852 1500 987 1541 cum
1012 1481 1073 1538 in
1100 1481 1263 1541 nullo
1290 1482 1405 1541 alio
1426 1500 1601 1559 quam
1631 1481 1862 1542 Christo
1891 1481 1967 1541 sit
1993 1482 2170 1558 salus,
2200 1480 2338 1540 Act.
2371 1480 2455 1539 iv.
2487 1482 2598 1556 123
2641 1479 2776 1538 Non
2801 1479 2954 1556 pari·

544 1571 637 1622 ter
662 1569 856 1621 tamen
884 1579 1084 1620 omnes
1110 1569 1169 1620 et
1196 1581 1272 1620 ex
1300 1579 1468 1638 sequo
1496 1563 1898 1622 necessitatem
1935 1561 2094 1621 illius
2137 1561 2482 1620 adstruunt:
2525 1558 2772 1634 Quidam
2799 1559 2956 1617 enim

544 1641 920 1701 necessariam
945 1639 1179 1718 quidem
1207 1640 1460 1700 fatentur
1486 1640 1666 1701 fuisse
1689 1642 2138 1718 satisfactionem,
2169 1640 2274 1700 sed
2299 1661 2378 1700 ex
2422 1639 2707 1716 hypothesi
2727 1645 2954 1698 tantum

547 1720 765 1780 decreti
792 1719 994 1796 divini,
1025 1727 1311 1797 quatenus
1336 1721 1451 1779 hoc
1476 1721 1633 1798 apud
1660 1741 1722 1780 se
1751 1721 1954 1781 statuit
1983 1721 2161 1797 Deus,
2191 1728 2253 1780 et
2297 1721 2448 1780 hanc
2497 1738 2660 1779 suam
2685 1719 2954 1778 volunta-

544 1809 665 1860 tem
692 1799 753 1858 in
780 1799 960 1858 verbo
986 1799 1275 1877 patefecit,
1304 1800 1576 1861 nimirum
1612 1809 1680 1861 ut
1703 1821 1808 1880 per
1834 1799 2009 1882 λίην
2030 1800 2322 1879 sponsoris
2348 1808 2410 1860 et
2455 1798 2794 1860 Mediatoris
2821 1817 2956 1858 nos-

546 1881 623 1941 tri
650 1880 1062 1940 liberaremur:
1102 1880 1477 1940 mcessitatem
1504 1880 1678 1940 etiam
1705 1882 2082 1960 confflentioe
2106 1881 2203 1940 hic
2239 1886 2579 1958 agnoscunt,
2609 1878 2748 1956 quia
2771 1879 2958 1938 maxi·

544 1980 639 2020 me
667 1979 985 2038 congruum
1013 1967 1137 2019 erat
1183 1959 1399 2020 divinae
1444 1960 1754 2038 majestati,
1803 1981 1878 2021 ne
1923 1960 2160 2039 impune
2197 1960 2408 2019 violari
2453 1959 2780 2018 dicerentur
2831 1960 2962 2037 ejus

544 2049 848 2122 praecepta,
878 2039 1137 2118 adeoque
1154 2039 1269 2119 ipsi
1284 2041 1533 2120 justitiae
1550 2041 1950 2119 praejudicium
1971 2040 2209 2120 aliquod
2223 2039 2365 2117 fieri,
2395 2048 2633 2118 peccata
2657 2057 2774 2100 non
2792 2039 2962 2100 aliter

546 2121 777 2198 dimitti,
806 2139 981 2199 quam
1008 2129 1245 2199 accepta
1272 2120 1487 2180 Christi
1514 2119 1942 2198 satisfaction03
1986 2121 2073 2181 At
2099 2140 2217 2180 non
2263 2119 2346 2179 ita
2385 2120 2650 2180 absolute
2695 2137 2960 2178 necessa-

546 2203 693 2261 riam
713 2221 841 2260 eam
884 2209 1139 2276 censent,
1186 2200 1328 2279 quin
1376 2200 1475 2260 alii
1518 2201 1678 2260 modi
1723 2201 2082 2262 liberationis
2129 2209 2189 2261 et
2236 2201 2442 2260 salutis
2471 2199 2600 2260 Deo
2651 2199 2960 2277 possibiles

548 2282 778 2356 fuerint,
810 2298 927 2357 qua
952 2280 1013 2338 in
1042 2283 1329 2340 sententia
1354 2280 1588 2340 videtur
1606 2281 1785 2341 fuisse
1814 2280 2071 2360 August.
2101 2299 2234 2340 cum
2254 2280 2468 2340 diserte
2495 2279 2670 2355 dicat,
2698 2279 2802 2338 lib.
2830 2279 2957 2340 xiii.

548 2359 620 2419 de
650 2359 830 2418 Trini.
872 2379 922 2419 c.
954 2379 1032 2435 x.,
1090 2360 1351 2419 “Alium
1394 2361 1630 2420 modum
1682 2361 1808 2421 Deo
1855 2360 2192 2439 possibilem
2231 2379 2352 2420 non
2378 2359 2630 2420 defuisse
2657 2361 2826 2437 cujus
2853 2379 2956 2437 po-

548 2440 745 2500 testati
766 2447 977 2498 cuncta
997 2439 1295 2517 oequalitcr
1314 2440 1668 2518 subjaceant,
1701 2441 1806 2500 sed
1826 2439 2100 2500 sanandae
2119 2440 2594 2500 nostroe'miseriae
2611 2439 2960 2500 convenien-

547 2520 749 2580 tiorem
780 2519 1016 2580 modum
1044 2519 1221 2580 alium
1250 2539 1368 2578 non
1394 2519 1573 2580 fixisse
1598 2540 1836 2580 necesse
1881 2521 2140 2599 potuisse
2163 2520 2218 2580 =’'
2261 2519 2389 2579 Alii
2408 2539 2550 2580 vero
2591 2539 2710 2578 non
2735 2527 2961 2580 tantum

546 2601 923 2660 necessitatem
949 2599 1238 2677 quandam
1265 2599 1698 2678 hypotheticam
1719 2609 1933 2678 urgent
1953 2619 2082 2680 quoe
2105 2600 2230 2660 sola
2254 2599 2556 2660 voluntate
2585 2599 2698 2658 Dei
2723 2600 2958 2675 nitatur,

549 2680 654 2740 sed
681 2688 741 2740 et
766 2682 1076 2740 absolutam
1104 2700 1235 2758 quse
1256 2680 1529 2740 fundetur
1554 2681 1616 2739 in
1639 2681 1902 2760 justitia;
1945 2680 2100 2741 unde
2119 2680 2470 2760 pertendunt
2498 2680 2688 2740 Deum
2715 2687 2958 2740 mortem

546 2759 653 2819 filii
682 2761 773 2820 sui
800 2761 1127 2821 decrevisse
1156 2761 1216 2818 in
1244 2761 1656 2840 redemptionis
1683 2763 1949 2840 pretium,
1994 2781 2114 2820 non
2149 2761 2323 2821 modo
2349 2760 2490 2839 quia
2533 2760 2682 2820 nolit
2726 2767 2964 2838 peccata

548 2841 837 2902 remittere
866 2841 991 2902 sine
1019 2840 1426 2918 satisfactione,
1456 2841 1562 2903 sed
1588 2851 1651 2903 et
1676 2843 1814 2920 quia
1839 2861 1958 2902 non
1991 2842 2176 2920 possit
2219 2861 2323 2920 per
2359 2840 2683 2921 justitiam
2727 2849 2786 2900 et
2809 2840 2962 2900 hanc

549 2922 890 2982 sententiam
919 2941 1027 2982 nos
1045 2921 1295 2982 libenter
1320 2923 1736 3001 amplectimur,
1766 2930 1892 2982 tum
1917 2923 2056 3000 quia
2097 2922 2407 3000 Scripturas
2436 2941 2613 2982 sacres
2656 2921 2846 2998 magis
2871 2927 2964 2980 est

548 3009 949 3078 consentanea,
980 3011 1107 3062 tum
1133 3003 1271 3079 quia
1296 3003 1655 3064 commodior
1681 3011 1770 3063 est
1796 3001 1873 3064 ad
1897 3002 2316 3062 retundendam
2363 3000 2820 3080 pestilentissimi
2843 3000 2962 3060 hae-

547 3082 713 3141 retici
738 3083 1138 3160 pervicaciam,
1169 3083 1265 3142 cui
1298 3101 1413 3142 non
1442 3103 1664 3161 parum,
1710 3082 2104 3161 imprudentes
2141 3081 2296 3158 licet,
2347 3082 2450 3160 qui
2491 3081 2664 3142 aliam
2692 3081 2968 3140 insistunt

546 3159 722 3232 viam,
753 3161 1165 3236 gratificantur.

630 3239 822 3298 XIX.
870 3239 953 3298 Ut
980 3259 1119 3317 ergo
1146 3239 1225 3298 ad
1250 3241 1551 3304 sententiae
1589 3249 1803 3300 nostrae
1844 3239 2333 3298 confirmationem
2371 3237 2730 3314 accedamus,
2761 3239 2964 3300 statui-

550 3335 681 3376 mus
722 3316 949 3377 duobns
978 3317 1259 3396 imprimis
1285 3318 1677 3380 fundamentis
1729 3319 1840 3379 niti
1867 3318 2276 3378 satisfactionis
2301 3316 2722 3392 necessitatem,
2752 3327 2968 3378 natura

552 3397 775 3456 scilicet
804 3397 917 3456 Dei
971 3399 1213 3475 ejusque
1259 3400 1543 3458 voluntate
1555 3423 1583 3473 ;
1625 3399 1742 3458 Hla
1780 3397 1841 3455 in
1935 3397 2342 3475 roprietatibus
2387 3405 2448 3456 et
2492 3395 2808 3457 virtutibus
2835 3399 2969 3475 ejus

551 3478 779 3554 elucet;
824 3477 949 3537 Ista
974 3476 1035 3534 in
1066 3477 1225 3554 Lege
1252 3485 1314 3537 et
1338 3478 1520 3538 verbo
1557 3478 1850 3556 evangelii
1877 3418 2236 3538 dbclaratur:
2280 3478 2360 3538 Et
2393 3476 2472 3536 ad
2522 3485 2794 3536 naturam
2835 3478 2967 3556 qni-

550 3557 685 3618 dem
712 3557 871 3636 quod
896 3557 1105 3618 attinet
1131 3556 1300 3616 facile
1328 3555 1806 3632 demonstramus,
1837 3557 2220 3618 necessariam
2246 3557 2426 3618 fuisse
2473 3555 2924 3619 satisfactionem
2949 3583 2968 3620 ε

552 3638 704 3698 Nam
733 3639 785 3697 si
807 3638 969 3699 Deus
996 3645 1201 3697 natura
1220 3638 1419 3716 justus
1446 3646 1553 3716 est,
1601 3638 1652 3698 si
1689 3638 1941 3716 perfecte
1969 3637 2094 3697 odit
2135 3646 2197 3698 et
2221 3645 2524 3700 aversatur
2563 3647 2864 3716 peccatum
2901 3647 2970 3700 ut

552 3719 845 3780 sanctitati
894 3727 952 3778 et
972 3717 1219 3796 justitiae
1266 3738 1386 3780 suae
1412 3739 1445 3778 e
1474 3719 1756 3779 diametro
1798 3737 2162 3796 repugnans3
2191 3719 2394 3797 utique
2437 3738 2556 3778 non
2600 3720 2814 3797 poterit
2849 3739 2968 3779 non

552 3798 700 3859 illud
726 3800 947 3878 punire,
978 3819 1047 3858 ac
1072 3796 1315 3877 proinde
1350 3817 1459 3859 nec
1500 3800 1716 3878 poterit
1759 3797 1910 3858 illud
1949 3798 2172 3877 absque
2221 3799 2612 3860 satisfactione
2654 3800 2965 3860 remittere.

553 3880 640 3940 At
666 3881 827 3958 prius
854 3878 1001 3940 illud
1028 3878 1411 3939 certissimum
1440 3887 1562 3956 est3
1623 3880 1772 3940 Nam
1799 3887 2181 3957 praeterquam
2219 3879 2379 3957 quod
2405 3879 2608 3958 negari
2634 3899 2752 3940 non
2777 3887 2973 3958 potest

545 3960 835 4039 justitiam
852 3979 979 4020 esse
1007 3959 1081 4019 de
1102 3967 1385 4038 conceptu
1406 3961 1700 4021 essentiali
1727 3959 2069 4036 divinitatis,
2093 3959 2379 4038 siquidem
2407 3967 2694 4038 repugnat
2713 3961 2966 4036 omnino,

550 4040 669 4100 imo
695 4041 1097 4120 blasphemum
1124 4047 1215 4100 est
1240 4039 1541 4118 concipere
1590 4059 1804 4101 numen
1831 4039 1992 4116 quod
2033 4041 2108 4100 sit
2149 4039 2466 4117 injustum;
2511 4040 2564 4100 si
2613 4040 2965 4118 scripturam

550 4121 924 4199 consulimus,
954 4121 1125 4181 toties
1144 4121 1375 4198 justitia
1400 4120 1505 4180 illa
1548 4120 1676 4181 Deo
1719 4119 2009 4197 tribuitur,
2057 4128 2125 4179 ut
2171 4121 2368 4180 nullus
2415 4119 2762 4181 dubitationi
2807 4119 2971 4178 locus

552 4219 853 4279 superesse
880 4201 1099 4280 possit:
1143 4201 1299 4276 Quid
1324 4200 1479 4261 enim
1506 4200 1666 4261 aliud
1695 4200 1804 4262 sibi
1833 4199 1962 4259 vult
1988 4201 2184 4278 regius
2207 4200 2435 4260 Psaltes
2463 4219 2642 4278 quum
2668 4200 2766 4274 ait,
2809 4197 2966 4259 Psal.

549 4299 611 4339 v.
640 4285 697 4357 4,
729 4283 784 4357 5,
819 4284 857 4316 ‘⁶
877 4281 1069 4343 Odisti
1115 4301 1316 4342 omnes
1342 4282 1443 4360 qui
1488 4291 1802 4360 operantur
1845 4279 2226 4359 iniquitatem,
2272 4300 2391 4340 non
2445 4288 2534 4340 est
2587 4287 2968 4339 commoratu-

552 4379 682 4418 rum
709 4360 864 4438 apud
902 4369 959 4420 te
986 4361 1262 4440 malum,’'
1308 4370 1368 4422 et
1410 4361 1565 4422 Psal.
1594 4363 1754 4422 cxix.
1801 4359 1934 4437 137,
1997 4361 2266 4421 “Justus
2303 4380 2367 4420 es
2416 4359 2664 4418 Domine
2711 4367 2772 4417 et
2811 4366 2971 4418 recta

546 4437 771 4516 judicia
814 4441 971 4515 tua‚''
1016 4441 1171 4516 Quid
1213 4442 1373 4502 aliud
1412 4441 1802 4517 Abrahamus,
1855 4441 2004 4502 Gen.
2054 4441 2220 4500 xviii.
2249 4445 2346 4518 25,
2406 4441 2442 4473 “
2463 4439 2566 4498 An
2583 4437 2773 4515 ,iudex
2799 4447 2967 4500 terras

554 4517 731 4576 totius
774 4537 893 4577 non
918 4529 1213 4580 exerceret
1230 4523 1335 4598 jus
1354 4522 1457 4580 ΡΨ
1507 4522 1663 4596 Quid
1688 4519 1866 4596 aliud,
1911 4521 2061 4580 Dan.
2091 4522 2172 4578 ix.
2205 4524 2261 4597 7,
2311 4518 2500 4579 “Tibi
2547 4517 2795 4578 Domine
2824 4519 2968 4580 Jus-

548 4596 695 4673 titia,
726 4595 853 4670 &c.,
886 4606 945 4656 et
978 4599 1129 4657 Hah.
1169 4620 1219 4658 c.
1263 4601 1301 4660 i.
1352 4603 1443 4673 13,
1496 4605 1531 4633 “
1554 4602 1761 4660 Purior
1795 4619 1859 4660 es
1887 4601 2071 4660 oculis
2117 4621 2294 4678 quam
2321 4607 2386 4661 ut
2413 4597 2661 4678 aspicias
2689 4599 2967 4677 malum,''
