3234 5192
904 1258 1438 1335 DISPUTATIO
1502 1256 2090 1351 THEOLOGIGA,

405 1496 541 1588 DE
622 1496 1489 1593 SATISFACTIONIS
1547 1496 1988 1591 CHRISTI
2075 1500 2645 1622 VERITATE,

1220 1760 1435 1827 PARS
1506 1760 1844 1827 TERTIA.

910 2162 1305 2235 Respondente
1346 2160 1596 2218 DAvma
1641 2159 1814 2233 WYs,
1846 2160 2140 2217 Ber-nemi.

408 2315 461 2373 Ι.
490 2315 662 2373 Inter
682 2333 755 2373 ea
777 2316 834 2375 S.
862 2315 1180 2393 Scripturae
1203 2316 1543 2375 testimonia
1568 2334 1705 2392 quae
1727 2334 1998 2393 porsonoe
2021 2316 2488 2394 subroqaeionem
2508 2330 2569 2380 et
2591 2342 2736 2380 com-

324 2394 705 2451 mutationem
731 2394 933 2453 Poenoe
960 2395 1114 2453 iuter
1141 2414 1249 2454 nos
1277 2403 1338 2454 et
1367 2395 1672 2454 Christum
1699 2394 1920 2453 factam
1961 2396 2177 2453 docent
2203 2412 2278 2453 ex
2314 2398 2534 2473 quibus
2560 2400 2626 2459 4·
2643 2420 2738 2459 ar-

322 2470 751 2547 gumentorum
782 2472 1001 2534 Classis
1027 2492 1135 2550 pro
1181 2474 1598 2554 sativfaetionis
1646 2473 1888 2533 veritate
1913 2475 2094 2532 ducta
2119 2480 2224 2545 est,
2257 2474 2490 2551 Disput.
2521 2498 2737 2553 praece-

324 2550 511 2623 denti,
557 2552 798 2611 nullum
846 2554 1087 2611 videtur
1132 2554 1498 2612 luculentius
1546 2572 1680 2612 eam
1723 2553 2072 2612 confirmare
2119 2570 2192 2611 eo
2220 2554 2386 2627 quod
2411 2557 2638 2630 petitur
2663 2576 2738 2615 ex

323 2647 451 2705 cap.
498 2629 605 2687 liii.
653 2630 848 2705 Isaiae,
894 2640 955 2691 et
980 2632 1111 2689 loco
1159 2634 1349 2691 altero
1400 2631 1567 2691 Petri
1607 2632 1902 2708 parallelo
1943 2632 2012 2688 1·
2036 2648 2085 2688 c.
2140 2630 2200 2688 ii.
2251 2631 2348 2703 24,
2393 2632 2500 2690 ubi
2547 2634 2737 2692 divini

329 2708 643 2783 scriptores
670 2728 850 2785 supra
870 2728 1054 2787 quam
1080 2711 1198 2769 dici
1226 2716 1422 2795 potest
1456 2710 1824 2787 apertissime
1861 2715 2059 2767 totum
2085 2710 2200 2766 hoc
2225 2710 2537 2783 negotium
2563 2714 2736 2771 nobis

325 2788 623 2859 pandunt.
654 2787 805 2845 Ideo
814 2788 1175 2865 peculiarem
1191 2792 1411 2846 horum
1418 2789 1691 2846 locorum
1701 2786 2175 2861 disquisitionem
2185 2789 2298 2844 hac
2315 2788 2736 2849 exercitatione

325 2862 635 2921 instituere
660 2865 859 2923 visum
906 2872 1012 2938 est,
1056 2873 1378 2939 antequam
1405 2868 1483 2924 ad
1532 2866 1653 2923 alia
1689 2873 2076 2935 transeamus,
2106 2883 2180 2922 ne
2207 2865 2354 2940 quid
2380 2868 2740 2941 praetermis-

323 2958 457 2998 sum
499 2942 792 3015 videatur,
842 2944 1009 3019 quod
1056 2944 1315 3017 alicujus
1356 2942 1434 3001 sit
1460 2942 1740 3017 ponderis
1768 2942 1848 2998 ad
1876 2941 2228 2999 sanctissimi
2254 2943 2440 3017 hujus
2465 2946 2733 3021 mysterii

326 3018 790 3075 elucidationem
819 3027 879 3077 et
906 3021 1217 3077 sententiae
1246 3026 1463 3077 nostrae
1494 3020 2020 3077 confirmationem.

407 3095 500 3153 11.
544 3094 628 3153 Et
652 3098 731 3152 ad
758 3097 1018 3171 primum
1042 3099 1207 3173 quod
1229 3097 1459 3169 attinet,
1481 3099 1777 3173 propheta
1809 3098 2288 3173 μιγολιφωότιτος
2315 3098 2402 3156 ita
2425 3100 2734 3177 perspicue

327 3179 390 3231 et
413 3174 702 3249 graphice
722 3182 1051 3249 utrumque
1074 3174 1292 3233 Christi
1310 3183 1533 3233 statum
1560 3174 1738 3233 nobis
1757 3175 1833 3233 ob
1855 3177 2062 3235 oculos
2080 3178 2268 3253 ponit,
2291 3184 2352 3236 et
2377 3178 2734 3237 exinanitio-

325 3268 461 3309 nem
491 3259 553 3310 et
578 3252 1020 3325 exaltationem,
1048 3252 1349 3329 passiones
1374 3260 1435 3311 et
1461 3252 1753 3329 gloriam,‘
1766 3272 2000 3330 pugnas
2029 3262 2090 3313 et
2123 3256 2451 3333 victoriam,
2479 3266 2732 3317 mortem

323 3337 385 3389 et
408 3330 616 3402 vitam,
645 3338 716 3389 ιιι
744 3330 915 3407 quasi
930 3349 1005 3389 ex
1024 3330 1319 3407 postfacto
1337 3332 1541 3390 omnia
1559 3332 1835 3390 historice
1853 3333 2088 3405 referre,
2110 3341 2171 3393 et
2197 3342 2266 3393 ut
2284 3337 2436 3394 bene
2457 3337 2733 3398 observa-

322 3409 414 3467 vit
455 3410 663 3469 Hiero.
692 3428 817 3467 non
864 3416 989 3467 tam
1016 3412 1368 3486 prophetam
1413 3410 1623 3469 futura
1647 3410 2042 3486 praedicendo,
2071 3431 2254 3488 quam
2281 3416 2730 3491 evangelistam,

321 3489 624 3563 praeterita
648 3490 951 3547 narrando
978 3506 1155 3564 agere
1200 3488 1508 3547 videatur:
1552 3488 1844 3564 imprimis
1890 3508 2032 3547 vero
2070 3491 2484 3551 satisfactionis
2509 3500 2730 3567 myste-

322 3566 481 3623 rium
508 3566 585 3625 d'e
612 3586 735 3643 quo
756 3566 995 3641 agimus
1014 3574 1183 3625 tanta
1198 3585 1335 3624 cum
1355 3567 1660 3626 evidentia
1675 3574 1979 3639 connotat,
2001 3575 2074 3626 ut
2092 3569 2368 3645 nuspiam
2383 3570 2570 3627 ferme
2587 3570 2729 3627 inu-

321 3644 502 3702 strius
530 3646 605 3702 de
622 3663 695 3703 eo
710 3643 1121 3703 testimouium
1138 3646 1503 3720 deprehendi
1519 3652 1718 3721 queat,
1743 3664 1934 3721 neque
1962 3647 2122 3703 enim
2136 3647 2440 3722 passiones
2454 3648 2650 3706 varias
2670 3652 2732 3707 et

320 3728 577 3779 mortem
604 3724 735 3796 eJus
752 3741 1209 3783 commemorare
1236 3726 1377 3781 satis
1402 3724 1632 3795 habuit,
1654 3741 1865 3781 causas
1894 3723 2074 3781 etiam
2093 3730 2225 3781 tum
2243 3724 2562 3783 efficientes
2596 3732 2728 3783 tum

320 3798 529 3857 finales
546 3800 698 3857 mira
704 3801 1055 3859 dexteritate
1074 3801 1418 3859 interseruit
1427 3820 1563 3876 quae
1584 3808 1788 3875 aperte
1803 3801 1959 3858 illud
1973 3801 2172 3877 ipsum
2191 3802 2536 3877 important,
2547 3807 2728 3877 atque

319 3876 411 4013 {ta
433 3894 554 4019 nug?
580 3880 766 3936 semel
782 3886 892 3937 aut
910 3880 1017 3952 bis,
1041 3880 1145 3938 sed
1166 3878 1361 3937 decies
1382 3886 1443 3936 et
1458 3884 1674 3955 quater
1700 3879 2061 3954 hylasticum
2087 3881 2203 3937 hoc
2231 3878 2450 3939 Christi
2469 3879 2728 3937 officium

350 3980 405 4013 ut
441 3961 455 3981 ‘
542 3982 563 4015 ν
588 3957 859 4015 asseruit.

404 3959 538 4092 irII.
580 4034 680 4091 Ne
729 4041 932 4093 autem
979 4034 1165 4109 gratis
1212 4034 1367 4091 illud
1409 4033 1496 4092 ita
1526 4034 1914 4169 pgaefidenter
1956 4038 2214 4091 statuere
2240 4034 2572 4105 videamur,
2600 4052 2728 4091 rem

320 4111 511 4187 ipsam
538 4114 723 4187 paulo
741 4113 1077 4171 accuratius
1094 4112 1482 4171 excutiamus.
1612 4111 1732 4168 'mo
1760 4118 1932 4169 extra
1957 4112 2423 4169 controversiam
2449 4110 2730 4185 ponimus

325 4191 400 4247 de
426 4190 653 4247 Moesia
678 4192 843 4265 apud
871 4193 1225 4267 prophetam
1253 4190 1352 4265 agi
1374 4212 1389 4262 ;
1431 4188 1599 4248 Nam
1626 4188 1736 4247 etsi
1762 4189 2078 4265 scrupulus
2103 4188 2203 4247 hic
2226 4189 2490 4246 multum
2513 4188 2733 4265 fatiga-

322 4268 481 4327 verit
506 4270 853 4326 eunuchum
886 4268 1189 4327 Candaces
1216 4269 1437 4343 reginoe
1476 4266 1836 4343 AEthiopum
1860 4265 2226 4341 praefectum,
2254 4266 2644 4341 proselytum,
2672 4274 2734 4329 et

331 4345 690 4405 Judaeorum
718 4347 1015 4421 mysteriis
1040 4354 1279 4405 tantum
1305 4345 1626 4417 initiatum,
1651 4344 1787 4402 Act.
1815 4344 1940 4401 viii.
1965 4342 2061 4416 27,
2084 4344 2190 4420 qui
2209 4344 2471 4419 negabat
2495 4361 2558 4402 se
2585 4346 2734 4404 seire

326 4424 606 4500 nunquid
633 4425 709 4482 de
737 4442 799 4482 se
820 4442 894 4482 an
926 4426 1001 4482 de
1028 4426 1149 4483 alio
1171 4425 1377 4499 aliquo
1397 4424 1748 4498 loqueretur
1759 4424 2055 4499 propheta
2074 4444 2090 4493 ;
2119 4421 2291 4479 nobis
2307 4428 2509 4479 tamen
2529 4423 2594 4480 in
2615 4424 2735 4483 cla-

330 4518 401 4561 ra
428 4502 747 4579 Evangelii
762 4504 898 4561 luce
918 4504 1052 4578 jam
1068 4502 1440 4562 versantibus
1461 4508 1597 4577 post
1614 4508 1708 4559 tot
1727 4500 1988 4559 illustria
2005 4501 2458 4577 Apostolorum,
2479 4520 2734 4578 evange-

323 4580 621 4653 listarum,
650 4582 777 4640 imo
810 4581 1035 4641 christi
1060 4582 1251 4659 ipsius
1276 4579 1638 4651 testimonia,
1668 4580 1772 4655 qui
1787 4578 2116 4637 identidem
2132 4581 2209 4638 ad
2237 4580 2350 4653 hoc
2375 4586 2555 4657 caput
2579 4582 2734 4640 allu-

322 4660 479 4719 dunt
504 4667 576 4719 ut
600 4660 665 4719 in
693 4666 915 4721 eventu
942 4660 1406 4739 praedictionum
1432 4658 1744 4718 veritatem
1771 4666 1832 4718 et
1851 4658 2370 4736 complementum,
2399 4666 2460 4718 et
2484 4676 2560 4717 ex
2584 4676 2736 4737 prae-
