<?xml version="1.0" encoding="UTF-8"?>
<!DOCTYPE html PUBLIC "-//W3C//DTD XHTML 1.0 Transitional//EN"
    "http://www.w3.org/TR/xhtml1/DTD/xhtml1-transitional.dtd">
<html xmlns="http://www.w3.org/1999/xhtml" xml:lang="en" lang="en">
 <head>
  <title>
</title>
<meta http-equiv="Content-Type" content="text/html;charset=utf-8" />
  <meta name='ocr-system' content='tesseract 3.04.00' />
  <meta name='ocr-capabilities' content='ocr_page ocr_carea ocr_par ocr_line ocrx_word'/>
</head>
<body>
  <div class='ocr_page' id='page_1' title='image "./denecessariasec00turrgoog_0803.png"; bbox 0 0 3234 5192; ppageno 0'>
   <div class='ocr_carea' id='block_1_1' title="bbox 243 357 2665 441">
    <p class='ocr_par' dir='ltr' id='par_1_1' title="bbox 243 357 2665 441">
     <span class='ocr_line' id='line_1_1' title="bbox 243 357 2665 441; baseline 0.001 -21"><span class='ocrx_word' id='word_1_1' title='bbox 243 377 476 423; x_wconf 75' lang='lat' dir='ltr'><strong>Disrur.</strong></span> <span class='ocrx_word' id='word_1_2' title='bbox 522 357 725 441; x_wconf 69' lang='lat' dir='ltr'><strong>xxm]</strong></span> <span class='ocrx_word' id='word_1_3' title='bbox 1084 378 1163 417; x_wconf 75' lang='lat' dir='ltr'><strong>nn</strong></span> <span class='ocrx_word' id='word_1_4' title='bbox 1205 376 1457 420; x_wconf 79' lang='lat' dir='ltr'><strong>cmcum</strong></span> <span class='ocrx_word' id='word_1_5' title='bbox 1500 374 1854 419; x_wconf 69' lang='lat' dir='ltr'><strong>remmom.</strong></span> <span class='ocrx_word' id='word_1_6' title='bbox 2547 360 2665 427; x_wconf 73' lang='lat'><strong>723·</strong></span> 
     </span>
    </p>
   </div>
   <div class='ocr_carea' id='block_1_2' title="bbox 246 518 2694 4746">
    <p class='ocr_par' dir='ltr' id='par_1_2' title="bbox 246 518 2685 3950">
     <span class='ocr_line' id='line_1_2' title="bbox 246 518 2662 597; baseline 0.002 -18"><span class='ocrx_word' id='word_1_7' title='bbox 246 532 509 581; x_wconf 85' lang='lat' dir='ltr'><strong>mutuare</strong></span> <span class='ocrx_word' id='word_1_8' title='bbox 558 541 722 581; x_wconf 89' lang='lat' dir='ltr'><strong>suam</strong></span> <span class='ocrx_word' id='word_1_9' title='bbox 766 518 1171 579; x_wconf 78' lang='lat' dir='ltr'><strong>authoritatem</strong></span> <span class='ocrx_word' id='word_1_10' title='bbox 1194 538 1229 577; x_wconf 90' lang='lat' dir='ltr'><strong>a</strong></span> <span class='ocrx_word' id='word_1_11' title='bbox 1260 518 1573 595; x_wconf 80' lang='lat' dir='ltr'><strong>Scriptura,</strong></span> <span class='ocrx_word' id='word_1_12' title='bbox 1620 526 1682 576; x_wconf 89' lang='lat' dir='ltr'><strong>et</strong></span> <span class='ocrx_word' id='word_1_13' title='bbox 1729 518 2082 597; x_wconf 89' lang='lat' dir='ltr'><strong>Scripturam</strong></span> <span class='ocrx_word' id='word_1_14' title='bbox 2128 518 2329 578; x_wconf 86' lang='lat' dir='ltr'><strong>itidem</strong></span> <span class='ocrx_word' id='word_1_15' title='bbox 2374 540 2538 581; x_wconf 87' lang='lat' dir='ltr'><strong>suam</strong></span> <span class='ocrx_word' id='word_1_16' title='bbox 2587 522 2662 583; x_wconf 90' lang='lat' dir='ltr'><strong>ab</strong></span> 
     </span>
     <span class='ocr_line' id='line_1_3' title="bbox 246 597 2662 679; baseline 0.001 -19"><span class='ocrx_word' id='word_1_17' title='bbox 246 602 451 661; x_wconf 86' lang='lat' dir='ltr'><strong>eadem</strong></span> <span class='ocrx_word' id='word_1_18' title='bbox 492 603 619 679; x_wconf 88' lang='lat' dir='ltr'><strong>ipsa</strong></span> <span class='ocrx_word' id='word_1_19' title='bbox 675 600 973 675; x_wconf 84' lang='lat' dir='ltr'><strong>Ecclesia;</strong></span> <span class='ocrx_word' id='word_1_20' title='bbox 1016 599 1503 676; x_wconf 83' lang='lat' dir='ltr'><strong>quemadmodum</strong></span> <span class='ocrx_word' id='word_1_21' title='bbox 1556 597 1826 657; x_wconf 83' lang='lat' dir='ltr'><strong>videmus</strong></span> <span class='ocrx_word' id='word_1_22' title='bbox 1879 599 1921 657; x_wconf 82' lang='lat' dir='ltr'><em>J</em></span> <span class='ocrx_word' id='word_1_23' title='bbox 1927 600 2211 658; x_wconf 88' lang='lat' dir='ltr'><strong>ohannem</strong></span> <span class='ocrx_word' id='word_1_24' title='bbox 2265 600 2662 662; x_wconf 88' lang='lat' dir='ltr'><strong>testimonium</strong></span> 
     </span>
     <span class='ocr_line' id='line_1_4' title="bbox 247 677 2658 760; baseline 0 -21"><span class='ocrx_word' id='word_1_25' title='bbox 247 682 609 760; x_wconf 75' lang='lat' dir='ltr'>perhibuisse</span> <span class='ocrx_word' id='word_1_26' title='bbox 640 681 887 755; x_wconf 78' lang='lat' dir='ltr'>Christe,</span> <span class='ocrx_word' id='word_1_27' title='bbox 918 688 978 738; x_wconf 89' lang='lat' dir='ltr'><strong>et</strong></span> <span class='ocrx_word' id='word_1_28' title='bbox 1018 678 1279 737; x_wconf 82' lang='lat' dir='ltr'><strong>vicissim</strong></span> <span class='ocrx_word' id='word_1_29' title='bbox 1310 678 1602 737; x_wconf 82' lang='lat' dir='ltr'><strong>Christum</strong></span> <span class='ocrx_word' id='word_1_30' title='bbox 1641 677 1918 753; x_wconf 88' lang='lat' dir='ltr'><strong>Johanni,</strong></span> <span class='ocrx_word' id='word_1_31' title='bbox 1951 679 1994 738; x_wconf 89' lang='lat' dir='ltr'><strong>J</strong></span> <span class='ocrx_word' id='word_1_32' title='bbox 1998 678 2283 737; x_wconf 88' lang='lat' dir='ltr'><strong>ohannem</strong></span> <span class='ocrx_word' id='word_1_33' title='bbox 2313 680 2658 757; x_wconf 84' lang='lat' dir='ltr'><strong>Evangelis-</strong></span> 
     </span>
     <span class='ocr_line' id='line_1_5' title="bbox 249 756 2660 837; baseline -0 -17"><span class='ocrx_word' id='word_1_34' title='bbox 249 772 369 821; x_wconf 90' lang='lat' dir='ltr'><strong>tam</strong></span> <span class='ocrx_word' id='word_1_35' title='bbox 398 781 502 820; x_wconf 88' lang='lat' dir='ltr'><strong>suo</strong></span> <span class='ocrx_word' id='word_1_36' title='bbox 533 761 875 837; x_wconf 85' lang='lat' dir='ltr'><strong>Evangelio,</strong></span> <span class='ocrx_word' id='word_1_37' title='bbox 906 778 1105 819; x_wconf 88' lang='lat' dir='ltr'><strong>rursus</strong></span> <span class='ocrx_word' id='word_1_38' title='bbox 1132 759 1287 817; x_wconf 91' lang='lat' dir='ltr'><strong>idem</strong></span> <span class='ocrx_word' id='word_1_39' title='bbox 1318 758 1708 835; x_wconf 85' lang='lat' dir='ltr'><strong>Evangelium</strong></span> <span class='ocrx_word' id='word_1_40' title='bbox 1735 758 1779 819; x_wconf 91' lang='lat' dir='ltr'><strong>J</strong></span> <span class='ocrx_word' id='word_1_41' title='bbox 1782 757 2012 833; x_wconf 90' lang='lat' dir='ltr'><strong>ohanni,</strong></span> <span class='ocrx_word' id='word_1_42' title='bbox 2046 756 2154 817; x_wconf 68' lang='grc' dir='ltr'><strong>ὅτε.</strong></span> <span class='ocrx_word' id='word_1_43' title='bbox 2187 759 2384 835; x_wconf 86' lang='lat' dir='ltr'><strong>Resp.,</strong></span> <span class='ocrx_word' id='word_1_44' title='bbox 2420 760 2536 819; x_wconf 89' lang='lat' dir='ltr'><strong>Sed</strong></span> <span class='ocrx_word' id='word_1_45' title='bbox 2565 762 2660 820; x_wconf 90' lang='lat' dir='ltr'><strong>hic</strong></span> 
     </span>
     <span class='ocr_line' id='line_1_6' title="bbox 252 838 2664 918; baseline 0.001 -19"><span class='ocrx_word' id='word_1_46' title='bbox 252 842 559 918; x_wconf 80' lang='lat' dir='ltr'><strong>multiplex</strong></span> <span class='ocrx_word' id='word_1_47' title='bbox 588 850 677 899; x_wconf 88' lang='lat' dir='ltr'><strong>est</strong></span> <span class='ocrx_word' id='word_1_48' title='bbox 703 840 1099 899; x_wconf 80' lang='lat' dir='ltr'><strong>hallucinatio,</strong></span> <span class='ocrx_word' id='word_1_49' title='bbox 1147 842 1198 897; x_wconf 90' lang='lat'><strong>1.</strong></span> <span class='ocrx_word' id='word_1_50' title='bbox 1235 838 1415 897; x_wconf 87' lang='lat' dir='ltr'><strong>Aliud</strong></span> <span class='ocrx_word' id='word_1_51' title='bbox 1434 847 1523 897; x_wconf 85' lang='lat' dir='ltr'><strong>est</strong></span> <span class='ocrx_word' id='word_1_52' title='bbox 1551 839 1918 897; x_wconf 75' lang='lat' dir='ltr'><strong>testimonium</strong></span> <span class='ocrx_word' id='word_1_53' title='bbox 1945 838 2120 897; x_wconf 69' lang='lat' dir='ltr'><strong>alicui</strong></span> <span class='ocrx_word' id='word_1_54' title='bbox 2160 839 2474 917; x_wconf 76' lang='lat' dir='ltr'><strong>perhibere,</strong></span> <span class='ocrx_word' id='word_1_55' title='bbox 2501 840 2664 901; x_wconf 88' lang='lat' dir='ltr'><strong>aliud</strong></span> 
     </span>
     <span class='ocr_line' id='line_1_7' title="bbox 246 918 2662 995; baseline 0 -15"><span class='ocrx_word' id='word_1_56' title='bbox 246 922 645 980; x_wconf 69' lang='lat' dir='ltr'><strong>authoritatem</strong></span> <span class='ocrx_word' id='word_1_57' title='bbox 672 922 757 978; x_wconf 73' lang='lat' dir='ltr'><strong>illi</strong></span> <span class='ocrx_word' id='word_1_58' title='bbox 780 920 1079 979; x_wconf 70' lang='lat' dir='ltr'><strong>conciliare</strong></span> <span class='ocrx_word' id='word_1_59' title='bbox 1105 942 1130 992; x_wconf 90' lang='lat'><strong>,·</strong></span> <span class='ocrx_word' id='word_1_60' title='bbox 1170 939 1277 977; x_wconf 87' lang='lat' dir='ltr'><strong>nec</strong></span> <span class='ocrx_word' id='word_1_61' title='bbox 1305 939 1409 995; x_wconf 90' lang='lat' dir='ltr'><strong>pro</strong></span> <span class='ocrx_word' id='word_1_62' title='bbox 1438 918 1642 977; x_wconf 89' lang='lat' dir='ltr'><strong>eodem</strong></span> <span class='ocrx_word' id='word_1_63' title='bbox 1671 928 1824 977; x_wconf 87' lang='lat' dir='ltr'><strong>recte</strong></span> <span class='ocrx_word' id='word_1_64' title='bbox 1874 918 2135 995; x_wconf 76' lang='lat' dir='ltr'><strong>sumitur,</strong></span> <span class='ocrx_word' id='word_1_65' title='bbox 2165 918 2558 979; x_wconf 83' lang='lat' dir='ltr'><strong>testimonium</strong></span> <span class='ocrx_word' id='word_1_66' title='bbox 2587 922 2662 980; x_wconf 91' lang='lat' dir='ltr'><strong>ab</strong></span> 
     </span>
     <span class='ocr_line' id='line_1_8' title="bbox 250 998 2664 1077; baseline 0 -18"><span class='ocrx_word' id='word_1_67' title='bbox 250 1002 447 1077; x_wconf 89' lang='lat' dir='ltr'><strong>aliquo</strong></span> <span class='ocrx_word' id='word_1_68' title='bbox 474 1001 703 1077; x_wconf 88' lang='lat' dir='ltr'><strong>habere,</strong></span> <span class='ocrx_word' id='word_1_69' title='bbox 731 1010 789 1059; x_wconf 91' lang='lat' dir='ltr'><strong>et</strong></span> <span class='ocrx_word' id='word_1_70' title='bbox 816 1000 1221 1059; x_wconf 79' lang='lat' dir='ltr'><strong>authoritatem</strong></span> <span class='ocrx_word' id='word_1_71' title='bbox 1241 1018 1469 1057; x_wconf 85' lang='lat' dir='ltr'><strong>omnem</strong></span> <span class='ocrx_word' id='word_1_72' title='bbox 1499 1018 1660 1056; x_wconf 87' lang='lat' dir='ltr'><strong>suam</strong></span> <span class='ocrx_word' id='word_1_73' title='bbox 1691 998 1764 1056; x_wconf 90' lang='lat' dir='ltr'><strong>ab</strong></span> <span class='ocrx_word' id='word_1_74' title='bbox 1799 998 2000 1057; x_wconf 89' lang='lat' dir='ltr'><strong>eodem</strong></span> <span class='ocrx_word' id='word_1_75' title='bbox 2029 1000 2318 1075; x_wconf 66' lang='lat' dir='ltr'><strong>mutuari,</strong></span> <span class='ocrx_word' id='word_1_76' title='bbox 2351 1020 2488 1059; x_wconf 89' lang='lat' dir='ltr'><strong>sane</strong></span> <span class='ocrx_word' id='word_1_77' title='bbox 2515 1001 2664 1060; x_wconf 83' lang='lat' dir='ltr'><strong>nihil</strong></span> 
     </span>
     <span class='ocr_line' id='line_1_9' title="bbox 250 1076 2666 1158; baseline 0.001 -19"><span class='ocrx_word' id='word_1_78' title='bbox 250 1082 445 1140; x_wconf 79' lang='lat' dir='ltr'><strong>obstat</strong></span> <span class='ocrx_word' id='word_1_79' title='bbox 492 1082 799 1158; x_wconf 80' lang='lat' dir='ltr'><strong>quominus</strong></span> <span class='ocrx_word' id='word_1_80' title='bbox 846 1090 1047 1139; x_wconf 91' lang='lat' dir='ltr'><strong>mutuo</strong></span> <span class='ocrx_word' id='word_1_81' title='bbox 1075 1079 1405 1139; x_wconf 89' lang='lat' dir='ltr'><strong>testimonio</strong></span> <span class='ocrx_word' id='word_1_82' title='bbox 1452 1076 1870 1137; x_wconf 89' lang='lat' dir='ltr'><strong>commendarit</strong></span> <span class='ocrx_word' id='word_1_83' title='bbox 1915 1078 2219 1138; x_wconf 85' lang='lat' dir='ltr'><strong>Johannes</strong></span> <span class='ocrx_word' id='word_1_84' title='bbox 2266 1080 2574 1157; x_wconf 84' lang='lat' dir='ltr'><strong>Christum,</strong></span> <span class='ocrx_word' id='word_1_85' title='bbox 2605 1090 2666 1141; x_wconf 88' lang='lat' dir='ltr'><strong>et</strong></span> 
     </span>
     <span class='ocr_line' id='line_1_10' title="bbox 254 1158 2664 1236; baseline -0.001 -15"><span class='ocrx_word' id='word_1_86' title='bbox 254 1161 519 1221; x_wconf 86' lang='lat' dir='ltr'><strong>Christus</strong></span> <span class='ocrx_word' id='word_1_87' title='bbox 536 1162 579 1221; x_wconf 89' lang='lat' dir='ltr'><strong>J</strong></span> <span class='ocrx_word' id='word_1_88' title='bbox 582 1162 882 1236; x_wconf 87' lang='lat' dir='ltr'><strong>ohannem,</strong></span> <span class='ocrx_word' id='word_1_89' title='bbox 898 1160 1001 1219; x_wconf 89' lang='lat' dir='ltr'><strong>sed</strong></span> <span class='ocrx_word' id='word_1_90' title='bbox 1027 1169 1095 1219; x_wconf 88' lang='lat' dir='ltr'><strong>ut</strong></span> <span class='ocrx_word' id='word_1_91' title='bbox 1114 1159 1202 1218; x_wconf 89' lang='lat' dir='ltr'><strong>aJ</strong></span> <span class='ocrx_word' id='word_1_92' title='bbox 1204 1159 1429 1217; x_wconf 88' lang='lat' dir='ltr'><strong>ohanne</strong></span> <span class='ocrx_word' id='word_1_93' title='bbox 1452 1178 1614 1217; x_wconf 84' lang='lat' dir='ltr'><strong>suam</strong></span> <span class='ocrx_word' id='word_1_94' title='bbox 1633 1158 2040 1217; x_wconf 76' lang='lat' dir='ltr'><strong>authoritatem</strong></span> <span class='ocrx_word' id='word_1_95' title='bbox 2060 1166 2356 1219; x_wconf 85' lang='lat' dir='ltr'><strong>mutuatus</strong></span> <span class='ocrx_word' id='word_1_96' title='bbox 2373 1160 2450 1220; x_wconf 88' lang='lat' dir='ltr'><strong>sit</strong></span> <span class='ocrx_word' id='word_1_97' title='bbox 2472 1161 2664 1219; x_wconf 85' lang='lat' dir='ltr'><strong>Chris-</strong></span> 
     </span>
     <span class='ocr_line' id='line_1_11' title="bbox 252 1238 2664 1322; baseline -0.001 -21"><span class='ocrx_word' id='word_1_98' title='bbox 252 1252 367 1315; x_wconf 84' lang='lat' dir='ltr'><strong>tus,</strong></span> <span class='ocrx_word' id='word_1_99' title='bbox 387 1241 452 1299; x_wconf 91' lang='lat' dir='ltr'><strong>id</strong></span> <span class='ocrx_word' id='word_1_100' title='bbox 470 1260 610 1300; x_wconf 82' lang='lat' dir='ltr'><strong>vero</strong></span> <span class='ocrx_word' id='word_1_101' title='bbox 632 1241 1022 1316; x_wconf 88' lang='lat' dir='ltr'><strong>falsissimum,</strong></span> <span class='ocrx_word' id='word_1_102' title='bbox 1048 1243 1084 1273; x_wconf 88' lang='lat'><strong>“</strong></span> <span class='ocrx_word' id='word_1_103' title='bbox 1097 1240 1281 1315; x_wconf 86' lang='lat' dir='ltr'><strong>Ego,’‘</strong></span> <span class='ocrx_word' id='word_1_104' title='bbox 1310 1238 1515 1315; x_wconf 90' lang='lat' dir='ltr'><strong>inquit,</strong></span> <span class='ocrx_word' id='word_1_105' title='bbox 1538 1238 1662 1297; x_wconf 88' lang='lat' dir='ltr'><strong>“ab</strong></span> <span class='ocrx_word' id='word_1_106' title='bbox 1679 1238 1912 1297; x_wconf 90' lang='lat' dir='ltr'><strong>homine</strong></span> <span class='ocrx_word' id='word_1_107' title='bbox 1934 1238 2327 1297; x_wconf 87' lang='lat' dir='ltr'><strong>testimonium</strong></span> <span class='ocrx_word' id='word_1_108' title='bbox 2347 1260 2463 1299; x_wconf 90' lang='lat' dir='ltr'><strong>non</strong></span> <span class='ocrx_word' id='word_1_109' title='bbox 2481 1241 2664 1322; x_wconf 88' lang='lat' dir='ltr'><strong>capi0,</strong></span> 
     </span>
     <span class='ocr_line' id='line_1_12' title="bbox 254 1318 2662 1397; baseline 0 -17"><span class='ocrx_word' id='word_1_110' title='bbox 254 1331 315 1381; x_wconf 87' lang='lat' dir='ltr'><strong>et</strong></span> <span class='ocrx_word' id='word_1_111' title='bbox 342 1321 529 1379; x_wconf 89' lang='lat' dir='ltr'><strong>habeo</strong></span> <span class='ocrx_word' id='word_1_112' title='bbox 557 1321 950 1381; x_wconf 85' lang='lat' dir='ltr'><strong>testimonium</strong></span> <span class='ocrx_word' id='word_1_113' title='bbox 978 1320 1169 1397; x_wconf 87' lang='lat' dir='ltr'><strong>majus</strong></span> <span class='ocrx_word' id='word_1_114' title='bbox 1196 1318 1526 1377; x_wconf 87' lang='lat' dir='ltr'><strong>testimonio</strong></span> <span class='ocrx_word' id='word_1_115' title='bbox 1554 1318 1597 1377; x_wconf 86' lang='lat' dir='ltr'>J</span> <span class='ocrx_word' id='word_1_116' title='bbox 1600 1318 1906 1385; x_wconf 86' lang='lat' dir='ltr'><strong>ohannis‚&#39;&#39;</strong></span> <span class='ocrx_word' id='word_1_117' title='bbox 1938 1319 1981 1378; x_wconf 89' lang='lat' dir='ltr'><strong>J</strong></span> <span class='ocrx_word' id='word_1_118' title='bbox 1983 1320 2078 1377; x_wconf 89' lang='lat' dir='ltr'><strong>oh.</strong></span> <span class='ocrx_word' id='word_1_119' title='bbox 2107 1339 2164 1377; x_wconf 82' lang='lat' dir='ltr'><strong>v.</strong></span> <span class='ocrx_word' id='word_1_120' title='bbox 2195 1322 2292 1393; x_wconf 81' lang='lat'><strong>34,</strong></span> <span class='ocrx_word' id='word_1_121' title='bbox 2313 1322 2410 1379; x_wconf 85' lang='lat'><strong>36.</strong></span> <span class='ocrx_word' id='word_1_122' title='bbox 2471 1320 2662 1397; x_wconf 83' lang='lat' dir='ltr'>Unde,</span> 
     </span>
     <span class='ocr_line' id='line_1_13' title="bbox 257 1398 2668 1477; baseline -0.001 -16"><span class='ocrx_word' id='word_1_123' title='bbox 257 1403 301 1461; x_wconf 86' lang='lat' dir='ltr'>J</span> <span class='ocrx_word' id='word_1_124' title='bbox 304 1401 399 1461; x_wconf 86' lang='lat' dir='ltr'><strong>oh.</strong></span> <span class='ocrx_word' id='word_1_125' title='bbox 446 1402 484 1459; x_wconf 90' lang='lat' dir='ltr'><strong>i.</strong></span> <span class='ocrx_word' id='word_1_126' title='bbox 538 1405 592 1477; x_wconf 85' lang='grc'><strong>7,</strong></span> <span class='ocrx_word' id='word_1_127' title='bbox 640 1401 852 1459; x_wconf 89' lang='lat' dir='ltr'><strong>dicitur</strong></span> <span class='ocrx_word' id='word_1_128' title='bbox 882 1403 919 1435; x_wconf 87' lang='lat'><strong>“</strong></span> <span class='ocrx_word' id='word_1_129' title='bbox 936 1401 979 1460; x_wconf 87' lang='lat' dir='ltr'>J</span> <span class='ocrx_word' id='word_1_130' title='bbox 982 1400 1240 1457; x_wconf 90' lang='lat' dir='ltr'><strong>ohannes</strong></span> <span class='ocrx_word' id='word_1_131' title='bbox 1294 1398 1524 1457; x_wconf 82' lang='lat' dir='ltr'><strong>venisse</strong></span> <span class='ocrx_word' id='word_1_132' title='bbox 1566 1406 1636 1456; x_wconf 88' lang='lat' dir='ltr'><strong>ut</strong></span> <span class='ocrx_word' id='word_1_133' title='bbox 1689 1398 2082 1456; x_wconf 89' lang='lat' dir='ltr'><strong>testimonium</strong></span> <span class='ocrx_word' id='word_1_134' title='bbox 2136 1399 2464 1475; x_wconf 82' lang='lat' dir='ltr'><strong>perhiberet</strong></span> <span class='ocrx_word' id='word_1_135' title='bbox 2519 1400 2668 1459; x_wconf 84' lang='lat' dir='ltr'><strong>Luci</strong></span> 
     </span>
     <span class='ocr_line' id='line_1_14' title="bbox 256 1476 2670 1557; baseline -0 -18"><span class='ocrx_word' id='word_1_136' title='bbox 256 1490 323 1541; x_wconf 90' lang='lat' dir='ltr'><strong>ut</strong></span> <span class='ocrx_word' id='word_1_137' title='bbox 350 1500 549 1540; x_wconf 89' lang='lat' dir='ltr'><strong>omnes</strong></span> <span class='ocrx_word' id='word_1_138' title='bbox 591 1479 890 1541; x_wconf 83' lang='lat' dir='ltr'><strong>crederent</strong></span> <span class='ocrx_word' id='word_1_139' title='bbox 929 1500 1031 1557; x_wconf 93' lang='lat' dir='ltr'><strong>per</strong></span> <span class='ocrx_word' id='word_1_140' title='bbox 1072 1480 1261 1556; x_wconf 89' lang='lat' dir='ltr'><strong>ipsum</strong></span> <span class='ocrx_word' id='word_1_141' title='bbox 1285 1478 1343 1554; x_wconf 87' lang='lat'><strong>;&#39;’</strong></span> <span class='ocrx_word' id='word_1_142' title='bbox 1384 1477 1533 1536; x_wconf 90' lang='lat' dir='ltr'><strong>bene</strong></span> <span class='ocrx_word' id='word_1_143' title='bbox 1588 1477 1799 1536; x_wconf 90' lang='lat' dir='ltr'><strong>dicitur</strong></span> <span class='ocrx_word' id='word_1_144' title='bbox 1841 1476 1889 1536; x_wconf 67' lang='grc' dir='ltr'><strong>δι’</strong></span> <span class='ocrx_word' id='word_1_145' title='bbox 1915 1483 2070 1537; x_wconf 66' lang='grc' dir='ltr'><strong>ἀντ-οὓ</strong></span> <span class='ocrx_word' id='word_1_146' title='bbox 2085 1498 2201 1554; x_wconf 83' lang='lat' dir='ltr'><strong>per</strong></span> <span class='ocrx_word' id='word_1_147' title='bbox 2225 1478 2425 1555; x_wconf 79' lang='lat' dir='ltr'><strong>ipsum,</strong></span> <span class='ocrx_word' id='word_1_148' title='bbox 2458 1500 2574 1539; x_wconf 87' lang='lat' dir='ltr'><strong>non</strong></span> <span class='ocrx_word' id='word_1_149' title='bbox 2618 1476 2670 1538; x_wconf 67' lang='lat'><strong>22</strong></span> 
     </span>
     <span class='ocr_line' id='line_1_15' title="bbox 252 1557 2666 1637; baseline -0.001 -17"><span class='ocrx_word' id='word_1_150' title='bbox 252 1563 403 1620; x_wconf 60' lang='grc' dir='ltr'><strong>αὐτὴν</strong></span> <span class='ocrx_word' id='word_1_151' title='bbox 423 1570 665 1637; x_wconf 79' lang='lat' dir='ltr'><strong>propter</strong></span> <span class='ocrx_word' id='word_1_152' title='bbox 690 1562 889 1637; x_wconf 59' lang='lat' dir='ltr'><strong>lyaeum,</strong></span> <span class='ocrx_word' id='word_1_153' title='bbox 920 1560 1057 1637; x_wconf 89' lang='lat' dir='ltr'><strong>quia</strong></span> <span class='ocrx_word' id='word_1_154' title='bbox 1100 1566 1227 1617; x_wconf 92' lang='lat' dir='ltr'><strong>erat</strong></span> <span class='ocrx_word' id='word_1_155' title='bbox 1269 1566 1491 1617; x_wconf 90' lang='lat' dir='ltr'><strong>tantum</strong></span> <span class='ocrx_word' id='word_1_156' title='bbox 1522 1557 1784 1617; x_wconf 86' lang='lat' dir='ltr'><strong>minister</strong></span> <span class='ocrx_word' id='word_1_157' title='bbox 1810 1557 1911 1635; x_wconf 89' lang='lat' dir='ltr'><strong>qui</strong></span> <span class='ocrx_word' id='word_1_158' title='bbox 1959 1558 2206 1618; x_wconf 89' lang='lat' dir='ltr'><strong>ducebat</strong></span> <span class='ocrx_word' id='word_1_159' title='bbox 2249 1559 2326 1617; x_wconf 84' lang='lat' dir='ltr'><strong>ad</strong></span> <span class='ocrx_word' id='word_1_160' title='bbox 2353 1560 2666 1637; x_wconf 82' lang='lat' dir='ltr'><strong>Christum,</strong></span> 
     </span>
     <span class='ocr_line' id='line_1_16' title="bbox 260 1636 2672 1716; baseline 0 -18"><span class='ocrx_word' id='word_1_161' title='bbox 260 1660 377 1700; x_wconf 90' lang='lat' dir='ltr'><strong>non</strong></span> <span class='ocrx_word' id='word_1_162' title='bbox 398 1640 833 1700; x_wconf 82' lang='lat' dir='ltr'><strong>fundamentum</strong></span> <span class='ocrx_word' id='word_1_163' title='bbox 862 1648 923 1699; x_wconf 89' lang='lat' dir='ltr'><strong>et</strong></span> <span class='ocrx_word' id='word_1_164' title='bbox 949 1658 1124 1698; x_wconf 86' lang='lat' dir='ltr'><strong>causa</strong></span> <span class='ocrx_word' id='word_1_165' title='bbox 1144 1638 1401 1697; x_wconf 84' lang='lat' dir='ltr'><strong>formalis</strong></span> <span class='ocrx_word' id='word_1_166' title='bbox 1422 1636 1556 1697; x_wconf 85' lang='lat' dir='ltr'><strong>fidei</strong></span> <span class='ocrx_word' id='word_1_167' title='bbox 1584 1638 1647 1695; x_wconf 89' lang='lat' dir='ltr'><strong>in</strong></span> <span class='ocrx_word' id='word_1_168' title='bbox 1665 1637 1872 1716; x_wconf 85' lang='lat' dir='ltr'><strong>ipsum.</strong></span> <span class='ocrx_word' id='word_1_169' title='bbox 1915 1642 1972 1697; x_wconf 80' lang='lat'><strong>2.</strong></span> <span class='ocrx_word' id='word_1_170' title='bbox 1999 1638 2383 1699; x_wconf 80' lang='lat' dir='ltr'><strong>Confunditur</strong></span> <span class='ocrx_word' id='word_1_171' title='bbox 2409 1640 2672 1701; x_wconf 76' lang='lat' dir='ltr'><strong>testimo-</strong></span> 
     </span>
     <span class='ocr_line' id='line_1_17' title="bbox 260 1718 2672 1797; baseline 0 -18"><span class='ocrx_word' id='word_1_172' title='bbox 260 1721 422 1779; x_wconf 88' lang='lat' dir='ltr'><strong>nium</strong></span> <span class='ocrx_word' id='word_1_173' title='bbox 439 1721 828 1780; x_wconf 84' lang='lat' dir='ltr'><strong>necessarium</strong></span> <span class='ocrx_word' id='word_1_174' title='bbox 856 1728 915 1779; x_wconf 90' lang='lat' dir='ltr'><strong>et</strong></span> <span class='ocrx_word' id='word_1_175' title='bbox 941 1740 1059 1778; x_wconf 88' lang='lat' dir='ltr'><strong>non</strong></span> <span class='ocrx_word' id='word_1_176' title='bbox 1082 1720 1488 1778; x_wconf 85' lang='lat' dir='ltr'><strong>necessarium.</strong></span> <span class='ocrx_word' id='word_1_177' title='bbox 1525 1718 1918 1777; x_wconf 71' lang='lat' dir='ltr'><strong>Testimonium</strong></span> <span class='ocrx_word' id='word_1_178' title='bbox 1938 1720 2310 1778; x_wconf 62' lang='lat' dir='ltr'><strong>necessarium</strong></span> <span class='ocrx_word' id='word_1_179' title='bbox 2329 1729 2419 1779; x_wconf 90' lang='lat' dir='ltr'><strong>est</strong></span> <span class='ocrx_word' id='word_1_180' title='bbox 2439 1720 2672 1797; x_wconf 86' lang='lat' dir='ltr'><strong>quando</strong></span> 
     </span>
     <span class='ocr_line' id='line_1_18' title="bbox 258 1798 2669 1877; baseline 0 -18"><span class='ocrx_word' id='word_1_181' title='bbox 258 1801 421 1861; x_wconf 88' lang='lat' dir='ltr'><strong>nulla</strong></span> <span class='ocrx_word' id='word_1_182' title='bbox 448 1800 732 1861; x_wconf 79' lang='lat' dir='ltr'><strong>certitudo</strong></span> <span class='ocrx_word' id='word_1_183' title='bbox 762 1800 833 1859; x_wconf 88' lang='lat' dir='ltr'><strong>de</strong></span> <span class='ocrx_word' id='word_1_184' title='bbox 862 1820 923 1859; x_wconf 91' lang='lat' dir='ltr'><strong>re</strong></span> <span class='ocrx_word' id='word_1_185' title='bbox 952 1808 1164 1859; x_wconf 86' lang='lat' dir='ltr'><strong>testata</strong></span> <span class='ocrx_word' id='word_1_186' title='bbox 1190 1798 1384 1877; x_wconf 87' lang='lat' dir='ltr'><strong>quoad</strong></span> <span class='ocrx_word' id='word_1_187' title='bbox 1432 1818 1537 1857; x_wconf 87' lang='lat' dir='ltr'><strong>nos</strong></span> <span class='ocrx_word' id='word_1_188' title='bbox 1582 1798 1784 1857; x_wconf 85' lang='lat' dir='ltr'><strong>haberi</strong></span> <span class='ocrx_word' id='word_1_189' title='bbox 1830 1807 2038 1877; x_wconf 80' lang='lat' dir='ltr'><strong>potest,</strong></span> <span class='ocrx_word' id='word_1_190' title='bbox 2067 1800 2182 1858; x_wconf 86' lang='lat' dir='ltr'><strong>nisi</strong></span> <span class='ocrx_word' id='word_1_191' title='bbox 2210 1820 2313 1877; x_wconf 90' lang='lat' dir='ltr'><strong>per</strong></span> <span class='ocrx_word' id='word_1_192' title='bbox 2332 1801 2478 1860; x_wconf 88' lang='lat' dir='ltr'><strong>illud</strong></span> <span class='ocrx_word' id='word_1_193' title='bbox 2506 1803 2669 1862; x_wconf 90' lang='lat' dir='ltr'><strong>testi·</strong></span> 
     </span>
     <span class='ocr_line' id='line_1_19' title="bbox 256 1879 2670 1958; baseline 0 -19"><span class='ocrx_word' id='word_1_194' title='bbox 256 1882 532 1956; x_wconf 88' lang='lat' dir='ltr'><strong>monium,</strong></span> <span class='ocrx_word' id='word_1_195' title='bbox 564 1901 665 1940; x_wconf 89' lang='lat' dir='ltr'><strong>seu</strong></span> <span class='ocrx_word' id='word_1_196' title='bbox 694 1881 925 1958; x_wconf 88' lang='lat' dir='ltr'><strong>quando</strong></span> <span class='ocrx_word' id='word_1_197' title='bbox 952 1880 1168 1957; x_wconf 87' lang='lat' dir='ltr'><strong>pendet</strong></span> <span class='ocrx_word' id='word_1_198' title='bbox 1192 1879 1518 1938; x_wconf 85' lang='lat' dir='ltr'><strong>necessario</strong></span> <span class='ocrx_word' id='word_1_199' title='bbox 1546 1888 1607 1938; x_wconf 84' lang='lat' dir='ltr'><strong>et</strong></span> <span class='ocrx_word' id='word_1_200' title='bbox 1633 1898 1737 1956; x_wconf 85' lang='lat' dir='ltr'><strong>per</strong></span> <span class='ocrx_word' id='word_1_201' title='bbox 1763 1898 1826 1937; x_wconf 88' lang='lat' dir='ltr'><strong>se</strong></span> <span class='ocrx_word' id='word_1_202' title='bbox 1867 1880 1941 1939; x_wconf 90' lang='lat' dir='ltr'><strong>ab</strong></span> <span class='ocrx_word' id='word_1_203' title='bbox 1969 1880 2072 1938; x_wconf 86' lang='lat' dir='ltr'><strong>illo</strong></span> <span class='ocrx_word' id='word_1_204' title='bbox 2101 1880 2467 1957; x_wconf 88' lang='lat' dir='ltr'><strong>testimonio;</strong></span> <span class='ocrx_word' id='word_1_205' title='bbox 2527 1882 2670 1941; x_wconf 84' lang='lat' dir='ltr'><strong>Tes-</strong></span> 
     </span>
     <span class='ocr_line' id='line_1_20' title="bbox 254 1958 2666 2037; baseline -0 -17"><span class='ocrx_word' id='word_1_206' title='bbox 254 1962 561 2020; x_wconf 86' lang='lat' dir='ltr'><strong>timonium</strong></span> <span class='ocrx_word' id='word_1_207' title='bbox 588 1982 701 2019; x_wconf 81' lang='lat' dir='ltr'><strong>non</strong></span> <span class='ocrx_word' id='word_1_208' title='bbox 716 1960 1089 2019; x_wconf 58' lang='lat' dir='ltr'><strong>necessarium</strong></span> <span class='ocrx_word' id='word_1_209' title='bbox 1134 1968 1226 2018; x_wconf 88' lang='lat' dir='ltr'><strong>est</strong></span> <span class='ocrx_word' id='word_1_210' title='bbox 1252 1958 1410 2036; x_wconf 87' lang='lat' dir='ltr'><strong>quod</strong></span> <span class='ocrx_word' id='word_1_211' title='bbox 1456 1960 1710 2018; x_wconf 82' lang='lat' dir='ltr'><strong>illustrat</strong></span> <span class='ocrx_word' id='word_1_212' title='bbox 1735 1968 1836 2018; x_wconf 88' lang='lat' dir='ltr'><strong>aut</strong></span> <span class='ocrx_word' id='word_1_213' title='bbox 1890 1960 2192 2019; x_wconf 88' lang='lat' dir='ltr'><strong>confirmat</strong></span> <span class='ocrx_word' id='word_1_214' title='bbox 2217 1980 2338 2019; x_wconf 92' lang='lat' dir='ltr'><strong>rem</strong></span> <span class='ocrx_word' id='word_1_215' title='bbox 2380 1968 2666 2037; x_wconf 84' lang='lat' dir='ltr'><strong>testatam,</strong></span> 
     </span>
     <span class='ocr_line' id='line_1_21' title="bbox 258 2037 2669 2116; baseline 0.001 -19"><span class='ocrx_word' id='word_1_216' title='bbox 258 2040 343 2099; x_wconf 87' lang='lat' dir='ltr'><strong>ita</strong></span> <span class='ocrx_word' id='word_1_217' title='bbox 368 2048 565 2097; x_wconf 89' lang='lat' dir='ltr'><strong>tamen</strong></span> <span class='ocrx_word' id='word_1_218' title='bbox 590 2048 657 2098; x_wconf 88' lang='lat' dir='ltr'><strong>ut</strong></span> <span class='ocrx_word' id='word_1_219' title='bbox 682 2059 775 2097; x_wconf 88' lang='lat' dir='ltr'><strong>res</strong></span> <span class='ocrx_word' id='word_1_220' title='bbox 793 2048 1005 2098; x_wconf 83' lang='lat' dir='ltr'><strong>testata</strong></span> <span class='ocrx_word' id='word_1_221' title='bbox 1032 2039 1379 2098; x_wconf 84' lang='lat' dir='ltr'><strong>sufficienter</strong></span> <span class='ocrx_word' id='word_1_222' title='bbox 1396 2037 1630 2097; x_wconf 86' lang='lat' dir='ltr'><strong>aliunde</strong></span> <span class='ocrx_word' id='word_1_223' title='bbox 1653 2037 2053 2097; x_wconf 81' lang='lat' dir='ltr'><strong>certitudinem</strong></span> <span class='ocrx_word' id='word_1_224' title='bbox 2073 2040 2267 2115; x_wconf 92' lang='lat' dir='ltr'><strong>quoad</strong></span> <span class='ocrx_word' id='word_1_225' title='bbox 2293 2059 2400 2099; x_wconf 87' lang='lat' dir='ltr'><strong>nos</strong></span> <span class='ocrx_word' id='word_1_226' title='bbox 2427 2039 2669 2116; x_wconf 80' lang='lat' dir='ltr'><strong>habeat3</strong></span> 
     </span>
     <span class='ocr_line' id='line_1_22' title="bbox 258 2116 2675 2196; baseline 0 -19"><span class='ocrx_word' id='word_1_227' title='bbox 258 2118 375 2179; x_wconf 89' lang='lat' dir='ltr'><strong>duo</strong></span> <span class='ocrx_word' id='word_1_228' title='bbox 404 2118 621 2177; x_wconf 81' lang='lat' dir='ltr'><strong>diversi</strong></span> <span class='ocrx_word' id='word_1_229' title='bbox 647 2126 826 2177; x_wconf 86' lang='lat' dir='ltr'><strong>testes</strong></span> <span class='ocrx_word' id='word_1_230' title='bbox 853 2126 1097 2196; x_wconf 86' lang='lat' dir='ltr'><strong>possunt</strong></span> <span class='ocrx_word' id='word_1_231' title='bbox 1124 2117 1235 2175; x_wconf 88' lang='lat' dir='ltr'><strong>sibi</strong></span> <span class='ocrx_word' id='word_1_232' title='bbox 1264 2116 1513 2175; x_wconf 87' lang='lat' dir='ltr'><strong>invicem</strong></span> <span class='ocrx_word' id='word_1_233' title='bbox 1535 2118 1926 2175; x_wconf 86' lang='lat' dir='ltr'><strong>testimonium</strong></span> <span class='ocrx_word' id='word_1_234' title='bbox 1960 2117 2276 2194; x_wconf 86' lang='lat' dir='ltr'><strong>perhibere,</strong></span> <span class='ocrx_word' id='word_1_235' title='bbox 2325 2138 2501 2195; x_wconf 88' lang='lat' dir='ltr'><strong>seque</strong></span> <span class='ocrx_word' id='word_1_236' title='bbox 2545 2138 2675 2177; x_wconf 91' lang='lat' dir='ltr'><strong>mu-</strong></span> 
     </span>
     <span class='ocr_line' id='line_1_23' title="bbox 259 2196 2673 2275; baseline -0 -17"><span class='ocrx_word' id='word_1_237' title='bbox 259 2208 361 2259; x_wconf 86' lang='lat' dir='ltr'><strong>tuo</strong></span> <span class='ocrx_word' id='word_1_238' title='bbox 384 2197 801 2271; x_wconf 89' lang='lat' dir='ltr'><strong>commendare,</strong></span> <span class='ocrx_word' id='word_1_239' title='bbox 834 2199 884 2256; x_wconf 90' lang='lat' dir='ltr'><strong>si</strong></span> <span class='ocrx_word' id='word_1_240' title='bbox 911 2205 1117 2273; x_wconf 84' lang='lat' dir='ltr'><strong>agatur</strong></span> <span class='ocrx_word' id='word_1_241' title='bbox 1144 2196 1216 2254; x_wconf 90' lang='lat' dir='ltr'><strong>de</strong></span> <span class='ocrx_word' id='word_1_242' title='bbox 1238 2196 1585 2269; x_wconf 85' lang='lat' dir='ltr'><strong>testimonie,</strong></span> <span class='ocrx_word' id='word_1_243' title='bbox 1615 2196 1776 2272; x_wconf 91' lang='lat' dir='ltr'><strong>quod</strong></span> <span class='ocrx_word' id='word_1_244' title='bbox 1793 2196 1886 2253; x_wconf 89' lang='lat' dir='ltr'><strong>vel</strong></span> <span class='ocrx_word' id='word_1_245' title='bbox 1915 2214 1990 2254; x_wconf 89' lang='lat' dir='ltr'><strong>ex</strong></span> <span class='ocrx_word' id='word_1_246' title='bbox 2011 2206 2254 2275; x_wconf 88' lang='lat' dir='ltr'><strong>utraque</strong></span> <span class='ocrx_word' id='word_1_247' title='bbox 2274 2196 2372 2256; x_wconf 80' lang='lat' dir='ltr'><strong>vel</strong></span> <span class='ocrx_word' id='word_1_248' title='bbox 2393 2217 2468 2256; x_wconf 85' lang='lat' dir='ltr'><strong>ex</strong></span> <span class='ocrx_word' id='word_1_249' title='bbox 2489 2198 2673 2257; x_wconf 77' lang='lat' dir='ltr'><strong>altera</strong></span> 
     </span>
     <span class='ocr_line' id='line_1_24' title="bbox 258 2274 2672 2355; baseline 0 -19"><span class='ocrx_word' id='word_1_250' title='bbox 258 2278 467 2337; x_wconf 85' lang='lat' dir='ltr'><strong>saltem</strong></span> <span class='ocrx_word' id='word_1_251' title='bbox 521 2285 683 2355; x_wconf 84' lang='lat' dir='ltr'><strong>parte</strong></span> <span class='ocrx_word' id='word_1_252' title='bbox 738 2276 1122 2335; x_wconf 88' lang='lat' dir='ltr'><strong>necessarium</strong></span> <span class='ocrx_word' id='word_1_253' title='bbox 1172 2294 1291 2333; x_wconf 90' lang='lat' dir='ltr'><strong>non</strong></span> <span class='ocrx_word' id='word_1_254' title='bbox 1344 2283 1451 2349; x_wconf 88' lang='lat' dir='ltr'><strong>est,</strong></span> <span class='ocrx_word' id='word_1_255' title='bbox 1493 2274 1689 2352; x_wconf 88' lang='lat' dir='ltr'><strong>qualia</strong></span> <span class='ocrx_word' id='word_1_256' title='bbox 1729 2283 1864 2334; x_wconf 88' lang='lat' dir='ltr'><strong>sunt</strong></span> <span class='ocrx_word' id='word_1_257' title='bbox 1911 2285 2114 2337; x_wconf 87' lang='lat' dir='ltr'><strong>mutua</strong></span> <span class='ocrx_word' id='word_1_258' title='bbox 2159 2276 2262 2335; x_wconf 89' lang='lat' dir='ltr'><strong>illa</strong></span> <span class='ocrx_word' id='word_1_259' title='bbox 2315 2276 2672 2337; x_wconf 85' lang='lat' dir='ltr'><strong>Testimonia</strong></span> 
     </span>
     <span class='ocr_line' id='line_1_25' title="bbox 264 2354 2672 2434; baseline -0 -16"><span class='ocrx_word' id='word_1_260' title='bbox 264 2358 485 2418; x_wconf 85' lang='lat' dir='ltr'><strong>Christi</strong></span> <span class='ocrx_word' id='word_1_261' title='bbox 537 2357 610 2415; x_wconf 91' lang='lat' dir='ltr'><strong>de</strong></span> <span class='ocrx_word' id='word_1_262' title='bbox 656 2357 699 2416; x_wconf 89' lang='lat' dir='ltr'><strong>J</strong></span> <span class='ocrx_word' id='word_1_263' title='bbox 702 2357 927 2415; x_wconf 87' lang='lat' dir='ltr'><strong>ohanne</strong></span> <span class='ocrx_word' id='word_1_264' title='bbox 959 2356 1239 2433; x_wconf 86' lang='lat' dir='ltr'><strong>Baptista,</strong></span> <span class='ocrx_word' id='word_1_265' title='bbox 1270 2364 1331 2414; x_wconf 93' lang='lat' dir='ltr'><strong>et</strong></span> <span class='ocrx_word' id='word_1_266' title='bbox 1383 2355 1427 2416; x_wconf 91' lang='lat' dir='ltr'><strong>J</strong></span> <span class='ocrx_word' id='word_1_267' title='bbox 1430 2355 1675 2414; x_wconf 89' lang='lat' dir='ltr'><strong>ohannis</strong></span> <span class='ocrx_word' id='word_1_268' title='bbox 1721 2354 2001 2433; x_wconf 78' lang='lat' dir='ltr'><strong>Baptistae</strong></span> <span class='ocrx_word' id='word_1_269' title='bbox 2038 2356 2112 2416; x_wconf 93' lang='lat' dir='ltr'><strong>de</strong></span> <span class='ocrx_word' id='word_1_270' title='bbox 2169 2356 2416 2434; x_wconf 80' lang='lat' dir='ltr'><strong>Christe,</strong></span> <span class='ocrx_word' id='word_1_271' title='bbox 2447 2358 2491 2419; x_wconf 91' lang='lat' dir='ltr'><strong>J</strong></span> <span class='ocrx_word' id='word_1_272' title='bbox 2493 2358 2672 2417; x_wconf 87' lang='lat' dir='ltr'><strong>ohan·</strong></span> 
     </span>
     <span class='ocr_line' id='line_1_26' title="bbox 260 2435 2674 2515; baseline 0.001 -19"><span class='ocrx_word' id='word_1_273' title='bbox 260 2438 355 2497; x_wconf 87' lang='lat' dir='ltr'><strong>nis</strong></span> <span class='ocrx_word' id='word_1_274' title='bbox 384 2438 456 2496; x_wconf 90' lang='lat' dir='ltr'><strong>de</strong></span> <span class='ocrx_word' id='word_1_275' title='bbox 486 2457 591 2496; x_wconf 90' lang='lat' dir='ltr'><strong>suo</strong></span> <span class='ocrx_word' id='word_1_276' title='bbox 620 2436 944 2514; x_wconf 84' lang='lat' dir='ltr'><strong>Evangelio</strong></span> <span class='ocrx_word' id='word_1_277' title='bbox 991 2445 1051 2496; x_wconf 90' lang='lat' dir='ltr'><strong>et</strong></span> <span class='ocrx_word' id='word_1_278' title='bbox 1097 2436 1407 2514; x_wconf 85' lang='lat' dir='ltr'><strong>Evangelii</strong></span> <span class='ocrx_word' id='word_1_279' title='bbox 1433 2435 1507 2494; x_wconf 91' lang='lat' dir='ltr'><strong>de</strong></span> <span class='ocrx_word' id='word_1_280' title='bbox 1551 2436 1591 2495; x_wconf 87' lang='lat' dir='ltr'><strong>J</strong></span> <span class='ocrx_word' id='word_1_281' title='bbox 1596 2436 1859 2497; x_wconf 86' lang='lat' dir='ltr'><strong>ohanne:</strong></span> <span class='ocrx_word' id='word_1_282' title='bbox 1903 2435 1990 2496; x_wconf 92' lang='lat' dir='ltr'><strong>At</strong></span> <span class='ocrx_word' id='word_1_283' title='bbox 2033 2436 2084 2496; x_wconf 91' lang='lat' dir='ltr'><strong>si</strong></span> <span class='ocrx_word' id='word_1_284' title='bbox 2108 2438 2414 2515; x_wconf 89' lang='lat' dir='ltr'><strong>loquamur</strong></span> <span class='ocrx_word' id='word_1_285' title='bbox 2457 2438 2530 2497; x_wconf 91' lang='lat' dir='ltr'><strong>de</strong></span> <span class='ocrx_word' id='word_1_286' title='bbox 2558 2448 2674 2499; x_wconf 82' lang='lat' dir='ltr'><strong>tes·</strong></span> 
     </span>
     <span class='ocr_line' id='line_1_27' title="bbox 262 2516 2676 2595; baseline 0.001 -18"><span class='ocrx_word' id='word_1_287' title='bbox 262 2518 506 2577; x_wconf 89' lang='lat' dir='ltr'><strong>timonio</strong></span> <span class='ocrx_word' id='word_1_288' title='bbox 553 2518 915 2594; x_wconf 88' lang='lat' dir='ltr'><strong>necessario;</strong></span> <span class='ocrx_word' id='word_1_289' title='bbox 961 2517 1195 2575; x_wconf 89' lang='lat' dir='ltr'><strong>omnino</strong></span> <span class='ocrx_word' id='word_1_290' title='bbox 1243 2516 1557 2576; x_wconf 85' lang='lat' dir='ltr'><strong>absurdum</strong></span> <span class='ocrx_word' id='word_1_291' title='bbox 1608 2525 1702 2576; x_wconf 85' lang='lat' dir='ltr'><strong>cst</strong></span> <span class='ocrx_word' id='word_1_292' title='bbox 1751 2526 1810 2577; x_wconf 92' lang='lat' dir='ltr'><strong>et</strong></span> <span class='ocrx_word' id='word_1_293' title='bbox 1857 2526 2112 2595; x_wconf 84' lang='lat' dir='ltr'><strong>apertam</strong></span> <span class='ocrx_word' id='word_1_294' title='bbox 2163 2518 2676 2579; x_wconf 78' lang='lat' dir='ltr'><strong>contradictionem</strong></span> 
     </span>
     <span class='ocr_line' id='line_1_28' title="bbox 262 2596 2675 2678; baseline 0.001 -22"><span class='ocrx_word' id='word_1_295' title='bbox 262 2599 523 2678; x_wconf 89' lang='lat' dir='ltr'><strong>implicat</strong></span> <span class='ocrx_word' id='word_1_296' title='bbox 550 2596 741 2658; x_wconf 90' lang='lat' dir='ltr'><strong>dicere</strong></span> <span class='ocrx_word' id='word_1_297' title='bbox 763 2597 1004 2657; x_wconf 88' lang='lat' dir='ltr'><strong>duorum</strong></span> <span class='ocrx_word' id='word_1_298' title='bbox 1034 2598 1267 2657; x_wconf 87' lang='lat' dir='ltr'><strong>testium</strong></span> <span class='ocrx_word' id='word_1_299' title='bbox 1290 2596 1698 2658; x_wconf 90' lang='lat' dir='ltr'><strong>authoritatem</strong></span> <span class='ocrx_word' id='word_1_300' title='bbox 1715 2598 1908 2675; x_wconf 87' lang='lat' dir='ltr'><strong>quoad</strong></span> <span class='ocrx_word' id='word_1_301' title='bbox 1935 2618 2042 2657; x_wconf 91' lang='lat' dir='ltr'><strong>nos</strong></span> <span class='ocrx_word' id='word_1_302' title='bbox 2057 2618 2160 2676; x_wconf 88' lang='lat' dir='ltr'><strong>per</strong></span> <span class='ocrx_word' id='word_1_303' title='bbox 2181 2619 2242 2657; x_wconf 88' lang='lat' dir='ltr'><strong>se</strong></span> <span class='ocrx_word' id='word_1_304' title='bbox 2265 2608 2324 2658; x_wconf 86' lang='lat' dir='ltr'><strong>et</strong></span> <span class='ocrx_word' id='word_1_305' title='bbox 2351 2600 2675 2659; x_wconf 86' lang='lat' dir='ltr'><strong>necessario</strong></span> 
     </span>
     <span class='ocr_line' id='line_1_29' title="bbox 265 2677 2675 2757; baseline 0 -19"><span class='ocrx_word' id='word_1_306' title='bbox 265 2679 517 2757; x_wconf 85' lang='lat' dir='ltr'><strong>pendere</strong></span> <span class='ocrx_word' id='word_1_307' title='bbox 545 2700 581 2737; x_wconf 88' lang='lat' dir='ltr'><strong>a</strong></span> <span class='ocrx_word' id='word_1_308' title='bbox 601 2687 801 2738; x_wconf 90' lang='lat' dir='ltr'><strong>mutuo</strong></span> <span class='ocrx_word' id='word_1_309' title='bbox 823 2698 1018 2738; x_wconf 90' lang='lat' dir='ltr'><strong>eorum</strong></span> <span class='ocrx_word' id='word_1_310' title='bbox 1063 2677 1134 2736; x_wconf 92' lang='lat' dir='ltr'><strong>de</strong></span> <span class='ocrx_word' id='word_1_311' title='bbox 1180 2697 1241 2736; x_wconf 87' lang='lat' dir='ltr'><strong>se</strong></span> <span class='ocrx_word' id='word_1_312' title='bbox 1270 2678 1519 2735; x_wconf 81' lang='lat' dir='ltr'><strong>invicem</strong></span> <span class='ocrx_word' id='word_1_313' title='bbox 1548 2677 1896 2751; x_wconf 86' lang='lat' dir='ltr'><strong>testimonie,</strong></span> <span class='ocrx_word' id='word_1_314' title='bbox 1927 2678 2065 2755; x_wconf 89' lang='lat' dir='ltr'><strong>quia</strong></span> <span class='ocrx_word' id='word_1_315' title='bbox 2101 2678 2201 2753; x_wconf 88' lang='lat' dir='ltr'><strong>sic,</strong></span> <span class='ocrx_word' id='word_1_316' title='bbox 2233 2690 2298 2737; x_wconf 90' lang='lat' dir='ltr'><strong>ut</strong></span> <span class='ocrx_word' id='word_1_317' title='bbox 2340 2677 2675 2739; x_wconf 80' lang='lat' dir='ltr'><strong>dicebamus</strong></span> 
     </span>
     <span class='ocr_line' id='line_1_30' title="bbox 265 2756 2671 2835; baseline -0 -18"><span class='ocrx_word' id='word_1_318' title='bbox 265 2758 458 2835; x_wconf 87' lang='lat' dir='ltr'><strong>mode,</strong></span> <span class='ocrx_word' id='word_1_319' title='bbox 489 2758 645 2818; x_wconf 90' lang='lat' dir='ltr'><strong>idem</strong></span> <span class='ocrx_word' id='word_1_320' title='bbox 668 2779 729 2817; x_wconf 88' lang='lat' dir='ltr'><strong>se</strong></span> <span class='ocrx_word' id='word_1_321' title='bbox 756 2759 883 2835; x_wconf 90' lang='lat' dir='ltr'><strong>ipso</strong></span> <span class='ocrx_word' id='word_1_322' title='bbox 912 2758 1105 2815; x_wconf 89' lang='lat' dir='ltr'><strong>notius</strong></span> <span class='ocrx_word' id='word_1_323' title='bbox 1130 2757 1243 2816; x_wconf 89' lang='lat' dir='ltr'><strong>erit</strong></span> <span class='ocrx_word' id='word_1_324' title='bbox 1270 2763 1330 2815; x_wconf 87' lang='lat' dir='ltr'><strong>et</strong></span> <span class='ocrx_word' id='word_1_325' title='bbox 1356 2756 1630 2833; x_wconf 87' lang='lat' dir='ltr'><strong>ignotius,</strong></span> <span class='ocrx_word' id='word_1_326' title='bbox 1661 2775 1719 2815; x_wconf 79' lang='lat' dir='ltr'><strong>v.</strong></span> <span class='ocrx_word' id='word_1_327' title='bbox 1751 2776 1828 2833; x_wconf 88' lang='lat' dir='ltr'><strong>g.,</strong></span> <span class='ocrx_word' id='word_1_328' title='bbox 1861 2756 1913 2814; x_wconf 88' lang='lat' dir='ltr'><strong>si</strong></span> <span class='ocrx_word' id='word_1_329' title='bbox 1941 2756 2204 2815; x_wconf 85' lang='lat' dir='ltr'><strong>Ecclesia</strong></span> <span class='ocrx_word' id='word_1_330' title='bbox 2229 2758 2530 2835; x_wconf 83' lang='lat' dir='ltr'><strong>perhibeat</strong></span> <span class='ocrx_word' id='word_1_331' title='bbox 2559 2768 2671 2817; x_wconf 86' lang='lat' dir='ltr'><strong>tes-</strong></span> 
     </span>
     <span class='ocr_line' id='line_1_31' title="bbox 262 2834 2675 2914; baseline -0 -17"><span class='ocrx_word' id='word_1_332' title='bbox 262 2840 567 2898; x_wconf 86' lang='lat' dir='ltr'><strong>timonium</strong></span> <span class='ocrx_word' id='word_1_333' title='bbox 596 2836 788 2914; x_wconf 83' lang='lat' dir='ltr'><strong>quoad</strong></span> <span class='ocrx_word' id='word_1_334' title='bbox 812 2856 921 2895; x_wconf 88' lang='lat' dir='ltr'><strong>nos</strong></span> <span class='ocrx_word' id='word_1_335' title='bbox 946 2835 1336 2894; x_wconf 86' lang='lat' dir='ltr'><strong>necessarium</strong></span> <span class='ocrx_word' id='word_1_336' title='bbox 1364 2834 1522 2893; x_wconf 89' lang='lat' dir='ltr'><strong>omni</strong></span> <span class='ocrx_word' id='word_1_337' title='bbox 1552 2835 1667 2893; x_wconf 89' lang='lat' dir='ltr'><strong>Dei</strong></span> <span class='ocrx_word' id='word_1_338' title='bbox 1694 2835 1908 2911; x_wconf 89' lang='lat' dir='ltr'><strong>Verb0,</strong></span> <span class='ocrx_word' id='word_1_339' title='bbox 1959 2836 2313 2912; x_wconf 86' lang='lat' dir='ltr'><strong>impossibile</strong></span> <span class='ocrx_word' id='word_1_340' title='bbox 2350 2846 2440 2895; x_wconf 86' lang='lat' dir='ltr'><strong>est</strong></span> <span class='ocrx_word' id='word_1_341' title='bbox 2467 2846 2532 2896; x_wconf 91' lang='lat' dir='ltr'><strong>ut</strong></span> <span class='ocrx_word' id='word_1_342' title='bbox 2559 2838 2675 2897; x_wconf 80' lang='lat' dir='ltr'><strong>fide</strong></span> 
     </span>
     <span class='ocr_line' id='line_1_32' title="bbox 268 2913 2671 2993; baseline -0 -18"><span class='ocrx_word' id='word_1_343' title='bbox 268 2918 488 2976; x_wconf 87' lang='lat' dir='ltr'><strong>Divina</strong></span> <span class='ocrx_word' id='word_1_344' title='bbox 514 2915 815 2974; x_wconf 87' lang='lat' dir='ltr'><strong>credamus</strong></span> <span class='ocrx_word' id='word_1_345' title='bbox 857 2915 1031 2992; x_wconf 87' lang='lat' dir='ltr'><strong>hujus</strong></span> <span class='ocrx_word' id='word_1_346' title='bbox 1059 2914 1465 2973; x_wconf 88' lang='lat' dir='ltr'><strong>authoritatem</strong></span> <span class='ocrx_word' id='word_1_347' title='bbox 1506 2913 1622 2973; x_wconf 86' lang='lat' dir='ltr'><strong>nisi</strong></span> <span class='ocrx_word' id='word_1_348' title='bbox 1668 2924 1902 2992; x_wconf 90' lang='lat' dir='ltr'><strong>propter</strong></span> <span class='ocrx_word' id='word_1_349' title='bbox 1940 2915 2218 2973; x_wconf 79' lang='lat' dir='ltr'><strong>Ecclesiae</strong></span> <span class='ocrx_word' id='word_1_350' title='bbox 2259 2916 2671 2993; x_wconf 86' lang='lat' dir='ltr'><strong>testimonium,</strong></span> 
     </span>
     <span class='ocr_line' id='line_1_33' title="bbox 264 2991 2677 3073; baseline 0 -19"><span class='ocrx_word' id='word_1_351' title='bbox 264 3016 382 3055; x_wconf 87' lang='lat' dir='ltr'><strong>non</strong></span> <span class='ocrx_word' id='word_1_352' title='bbox 410 3014 716 3073; x_wconf 87' lang='lat' dir='ltr'><strong>possumus</strong></span> <span class='ocrx_word' id='word_1_353' title='bbox 743 3001 933 3053; x_wconf 87' lang='lat' dir='ltr'><strong>autem</strong></span> <span class='ocrx_word' id='word_1_354' title='bbox 980 2993 1211 3052; x_wconf 88' lang='lat' dir='ltr'><strong>credere</strong></span> <span class='ocrx_word' id='word_1_355' title='bbox 1249 2991 1468 3071; x_wconf 86' lang='lat' dir='ltr'><strong>aliquid</strong></span> <span class='ocrx_word' id='word_1_356' title='bbox 1496 3002 1750 3072; x_wconf 64' lang='lat' dir='ltr'><strong>⁶propter</strong></span> <span class='ocrx_word' id='word_1_357' title='bbox 1795 2994 2072 3053; x_wconf 75' lang='lat' dir='ltr'><strong>Ecclesiae</strong></span> <span class='ocrx_word' id='word_1_358' title='bbox 2121 2994 2530 3072; x_wconf 84' lang='lat' dir='ltr'><strong>testimonium,</strong></span> <span class='ocrx_word' id='word_1_359' title='bbox 2561 2996 2677 3055; x_wconf 88' lang='lat' dir='ltr'><strong>nisi</strong></span> 
     </span>
     <span class='ocr_line' id='line_1_34' title="bbox 270 3065 2680 3152; baseline 0 -17"><span class='ocrx_word' id='word_1_360' title='bbox 270 3075 535 3135; x_wconf 85' lang='lat' dir='ltr'><strong>Ecclesia</strong></span> <span class='ocrx_word' id='word_1_361' title='bbox 560 3065 721 3151; x_wconf 86' lang='lat' dir='ltr'><strong>prius</strong></span> <span class='ocrx_word' id='word_1_362' title='bbox 748 3074 902 3150; x_wconf 87' lang='lat' dir='ltr'><strong>apud</strong></span> <span class='ocrx_word' id='word_1_363' title='bbox 944 3092 1053 3132; x_wconf 87' lang='lat' dir='ltr'><strong>nos</strong></span> <span class='ocrx_word' id='word_1_364' title='bbox 1090 3092 1255 3131; x_wconf 88' lang='lat' dir='ltr'><strong>suam</strong></span> <span class='ocrx_word' id='word_1_365' title='bbox 1302 3072 1562 3132; x_wconf 88' lang='lat' dir='ltr'><strong>obtineat</strong></span> <span class='ocrx_word' id='word_1_366' title='bbox 1608 3074 2032 3148; x_wconf 88' lang='lat' dir='ltr'><strong>authoritatem,</strong></span> <span class='ocrx_word' id='word_1_367' title='bbox 2063 3093 2197 3131; x_wconf 86' lang='lat' dir='ltr'><strong>nam</strong></span> <span class='ocrx_word' id='word_1_368' title='bbox 2239 3082 2473 3152; x_wconf 88' lang='lat' dir='ltr'><strong>propter</strong></span> <span class='ocrx_word' id='word_1_369' title='bbox 2519 3076 2680 3151; x_wconf 90' lang='lat' dir='ltr'><strong>quod</strong></span> 
     </span>
     <span class='ocr_line' id='line_1_35' title="bbox 268 3151 2676 3233; baseline -0 -19"><span class='ocrx_word' id='word_1_370' title='bbox 268 3153 491 3232; x_wconf 86' lang='lat' dir='ltr'><strong>aliquid</strong></span> <span class='ocrx_word' id='word_1_371' title='bbox 528 3154 741 3212; x_wconf 85' lang='lat' dir='ltr'><strong>scimus</strong></span> <span class='ocrx_word' id='word_1_372' title='bbox 769 3162 869 3213; x_wconf 89' lang='lat' dir='ltr'><strong>aut</strong></span> <span class='ocrx_word' id='word_1_373' title='bbox 896 3152 1201 3227; x_wconf 88' lang='lat' dir='ltr'><strong>credimus,</strong></span> <span class='ocrx_word' id='word_1_374' title='bbox 1242 3151 1388 3212; x_wconf 85' lang='lat' dir='ltr'><strong>illud</strong></span> <span class='ocrx_word' id='word_1_375' title='bbox 1416 3152 1607 3230; x_wconf 89' lang='lat' dir='ltr'><strong>ipsum</strong></span> <span class='ocrx_word' id='word_1_376' title='bbox 1629 3172 1664 3211; x_wconf 90' lang='lat' dir='ltr'><strong>a</strong></span> <span class='ocrx_word' id='word_1_377' title='bbox 1683 3152 1852 3212; x_wconf 88' lang='lat' dir='ltr'><strong>nobis</strong></span> <span class='ocrx_word' id='word_1_378' title='bbox 1877 3153 2040 3230; x_wconf 88' lang='lat' dir='ltr'><strong>prius</strong></span> <span class='ocrx_word' id='word_1_379' title='bbox 2067 3154 2200 3211; x_wconf 88' lang='lat' dir='ltr'><strong>sciri</strong></span> <span class='ocrx_word' id='word_1_380' title='bbox 2229 3162 2288 3213; x_wconf 89' lang='lat' dir='ltr'><strong>et</strong></span> <span class='ocrx_word' id='word_1_381' title='bbox 2323 3154 2479 3214; x_wconf 87' lang='lat' dir='ltr'><strong>credi</strong></span> <span class='ocrx_word' id='word_1_382' title='bbox 2509 3174 2676 3233; x_wconf 88' lang='lat' dir='ltr'><strong>opor-</strong></span> 
     </span>
     <span class='ocr_line' id='line_1_36' title="bbox 268 3231 2676 3313; baseline -0 -18"><span class='ocrx_word' id='word_1_383' title='bbox 268 3244 375 3310; x_wconf 87' lang='lat' dir='ltr'><strong>tet,</strong></span> <span class='ocrx_word' id='word_1_384' title='bbox 406 3233 569 3292; x_wconf 91' lang='lat' dir='ltr'><strong>nulla</strong></span> <span class='ocrx_word' id='word_1_385' title='bbox 621 3233 773 3291; x_wconf 89' lang='lat' dir='ltr'><strong>enim</strong></span> <span class='ocrx_word' id='word_1_386' title='bbox 822 3232 897 3292; x_wconf 89' lang='lat' dir='ltr'><strong>ab</strong></span> <span class='ocrx_word' id='word_1_387' title='bbox 946 3232 1163 3310; x_wconf 86' lang='lat' dir='ltr'><strong>ignotis</strong></span> <span class='ocrx_word' id='word_1_388' title='bbox 1188 3232 1253 3291; x_wconf 79' lang='lat' dir='ltr'><strong>fit</strong></span> <span class='ocrx_word' id='word_1_389' title='bbox 1292 3231 1553 3309; x_wconf 86' lang='lat' dir='ltr'><strong>legitima</strong></span> <span class='ocrx_word' id='word_1_390' title='bbox 1580 3231 1863 3309; x_wconf 87' lang='lat' dir='ltr'><strong>probati0.</strong></span> <span class='ocrx_word' id='word_1_391' title='bbox 1907 3232 1952 3292; x_wconf 91' lang='lat' dir='ltr'><strong>J</strong></span> <span class='ocrx_word' id='word_1_392' title='bbox 1953 3252 2045 3291; x_wconf 86' lang='lat' dir='ltr'><strong>am</strong></span> <span class='ocrx_word' id='word_1_393' title='bbox 2083 3232 2134 3292; x_wconf 90' lang='lat' dir='ltr'><strong>si</strong></span> <span class='ocrx_word' id='word_1_394' title='bbox 2165 3234 2462 3313; x_wconf 89' lang='lat' dir='ltr'><strong>Scriptura</strong></span> <span class='ocrx_word' id='word_1_395' title='bbox 2487 3236 2676 3312; x_wconf 85' lang='lat' dir='ltr'><strong>perhi-</strong></span> 
     </span>
     <span class='ocr_line' id='line_1_37' title="bbox 272 3311 2682 3391; baseline 0.001 -18"><span class='ocrx_word' id='word_1_396' title='bbox 272 3315 372 3374; x_wconf 89' lang='lat' dir='ltr'><strong>bet</strong></span> <span class='ocrx_word' id='word_1_397' title='bbox 418 3313 811 3373; x_wconf 87' lang='lat' dir='ltr'><strong>testimonium</strong></span> <span class='ocrx_word' id='word_1_398' title='bbox 858 3312 1241 3371; x_wconf 89' lang='lat' dir='ltr'><strong>necessarium</strong></span> <span class='ocrx_word' id='word_1_399' title='bbox 1288 3312 1483 3389; x_wconf 90' lang='lat' dir='ltr'><strong>quoad</strong></span> <span class='ocrx_word' id='word_1_400' title='bbox 1526 3332 1636 3371; x_wconf 90' lang='lat' dir='ltr'><strong>nos</strong></span> <span class='ocrx_word' id='word_1_401' title='bbox 1689 3311 1762 3371; x_wconf 92' lang='lat' dir='ltr'><strong>de</strong></span> <span class='ocrx_word' id='word_1_402' title='bbox 1793 3312 2073 3388; x_wconf 85' lang='lat' dir='ltr'><strong>Ecclesia,</strong></span> <span class='ocrx_word' id='word_1_403' title='bbox 2103 3314 2458 3391; x_wconf 89' lang='lat' dir='ltr'><strong>impossibile</strong></span> <span class='ocrx_word' id='word_1_404' title='bbox 2486 3322 2576 3374; x_wconf 87' lang='lat' dir='ltr'><strong>est</strong></span> <span class='ocrx_word' id='word_1_405' title='bbox 2615 3324 2682 3376; x_wconf 92' lang='lat' dir='ltr'><strong>ut</strong></span> 
     </span>
     <span class='ocr_line' id='line_1_38' title="bbox 270 3392 2678 3473; baseline 0.001 -20"><span class='ocrx_word' id='word_1_406' title='bbox 270 3393 576 3453; x_wconf 86' lang='lat' dir='ltr'><strong>credamus</strong></span> <span class='ocrx_word' id='word_1_407' title='bbox 621 3392 899 3453; x_wconf 74' lang='lat' dir='ltr'><strong>Ecclesiae</strong></span> <span class='ocrx_word' id='word_1_408' title='bbox 944 3392 1413 3452; x_wconf 85' lang='lat' dir='ltr'><strong>infallibilitatem</strong></span> <span class='ocrx_word' id='word_1_409' title='bbox 1470 3392 1584 3451; x_wconf 90' lang='lat' dir='ltr'><strong>nisi</strong></span> <span class='ocrx_word' id='word_1_410' title='bbox 1629 3401 1866 3471; x_wconf 88' lang='lat' dir='ltr'><strong>propter</strong></span> <span class='ocrx_word' id='word_1_411' title='bbox 1905 3395 2298 3453; x_wconf 89' lang='lat' dir='ltr'><strong>testimonium</strong></span> <span class='ocrx_word' id='word_1_412' title='bbox 2351 3395 2678 3473; x_wconf 82' lang='lat' dir='ltr'><strong>Scripturae,</strong></span> 
     </span>
     <span class='ocr_line' id='line_1_39' title="bbox 272 3472 2678 3552; baseline 0.001 -20"><span class='ocrx_word' id='word_1_413' title='bbox 272 3493 397 3533; x_wconf 85' lang='lat' dir='ltr'><strong>non</strong></span> <span class='ocrx_word' id='word_1_414' title='bbox 450 3492 758 3551; x_wconf 87' lang='lat' dir='ltr'><strong>possumus</strong></span> <span class='ocrx_word' id='word_1_415' title='bbox 815 3480 1008 3533; x_wconf 89' lang='lat' dir='ltr'><strong>autem</strong></span> <span class='ocrx_word' id='word_1_416' title='bbox 1057 3472 1280 3549; x_wconf 87' lang='lat' dir='ltr'><strong>aliquid</strong></span> <span class='ocrx_word' id='word_1_417' title='bbox 1334 3472 1566 3531; x_wconf 88' lang='lat' dir='ltr'><strong>credere</strong></span> <span class='ocrx_word' id='word_1_418' title='bbox 1620 3481 1856 3551; x_wconf 89' lang='lat' dir='ltr'><strong>propter</strong></span> <span class='ocrx_word' id='word_1_419' title='bbox 1915 3474 2226 3552; x_wconf 82' lang='lat' dir='ltr'><strong>Scripturae</strong></span> <span class='ocrx_word' id='word_1_420' title='bbox 2273 3476 2678 3535; x_wconf 88' lang='lat' dir='ltr'><strong>authoritatem</strong></span> 
     </span>
     <span class='ocr_line' id='line_1_40' title="bbox 272 3551 2680 3631; baseline 0.001 -20"><span class='ocrx_word' id='word_1_421' title='bbox 272 3553 389 3612; x_wconf 86' lang='lat' dir='ltr'><strong>nisi</strong></span> <span class='ocrx_word' id='word_1_422' title='bbox 448 3554 745 3631; x_wconf 84' lang='lat' dir='ltr'><strong>Scriptura</strong></span> <span class='ocrx_word' id='word_1_423' title='bbox 796 3553 957 3630; x_wconf 87' lang='lat' dir='ltr'><strong>prius</strong></span> <span class='ocrx_word' id='word_1_424' title='bbox 985 3551 1141 3629; x_wconf 89' lang='lat' dir='ltr'><strong>apud</strong></span> <span class='ocrx_word' id='word_1_425' title='bbox 1182 3572 1291 3611; x_wconf 87' lang='lat' dir='ltr'><strong>nos</strong></span> <span class='ocrx_word' id='word_1_426' title='bbox 1346 3572 1507 3612; x_wconf 89' lang='lat' dir='ltr'><strong>suam</strong></span> <span class='ocrx_word' id='word_1_427' title='bbox 1552 3552 1811 3613; x_wconf 87' lang='lat' dir='ltr'><strong>obtineat</strong></span> <span class='ocrx_word' id='word_1_428' title='bbox 1857 3554 2260 3613; x_wconf 87' lang='lat' dir='ltr'><strong>authoritatem</strong></span> <span class='ocrx_word' id='word_1_429' title='bbox 2284 3577 2300 3615; x_wconf 69' lang='grc' dir='ltr'>ι</span> <span class='ocrx_word' id='word_1_430' title='bbox 2357 3554 2438 3613; x_wconf 88' lang='lat' dir='ltr'><strong>ita</strong></span> <span class='ocrx_word' id='word_1_431' title='bbox 2480 3574 2680 3631; x_wconf 91' lang='lat' dir='ltr'><strong>quam-</strong></span> 
     </span>
     <span class='ocr_line' id='line_1_41' title="bbox 273 3632 2682 3710; baseline 0.001 -17"><span class='ocrx_word' id='word_1_432' title='bbox 273 3652 521 3710; x_wconf 88' lang='lat' dir='ltr'><strong>cumque</strong></span> <span class='ocrx_word' id='word_1_433' title='bbox 550 3633 611 3691; x_wconf 90' lang='lat' dir='ltr'><strong>in</strong></span> <span class='ocrx_word' id='word_1_434' title='bbox 639 3632 879 3692; x_wconf 87' lang='lat' dir='ltr'><strong>formam</strong></span> <span class='ocrx_word' id='word_1_435' title='bbox 908 3652 971 3691; x_wconf 92' lang='lat' dir='ltr'><strong>se</strong></span> <span class='ocrx_word' id='word_1_436' title='bbox 998 3641 1230 3692; x_wconf 83' lang='lat' dir='ltr'><strong>vertant</strong></span> <span class='ocrx_word' id='word_1_437' title='bbox 1255 3632 1461 3691; x_wconf 88' lang='lat' dir='ltr'><strong>irretiti</strong></span> <span class='ocrx_word' id='word_1_438' title='bbox 1489 3651 1715 3710; x_wconf 86' lang='lat' dir='ltr'><strong>semper</strong></span> <span class='ocrx_word' id='word_1_439' title='bbox 1739 3641 2024 3710; x_wconf 89' lang='lat' dir='ltr'><strong>tenentur,</strong></span> <span class='ocrx_word' id='word_1_440' title='bbox 2055 3652 2162 3692; x_wconf 89' lang='lat' dir='ltr'><strong>nec</strong></span> <span class='ocrx_word' id='word_1_441' title='bbox 2189 3634 2250 3692; x_wconf 92' lang='lat' dir='ltr'><strong>in</strong></span> <span class='ocrx_word' id='word_1_442' title='bbox 2299 3642 2574 3693; x_wconf 77' lang='lat' dir='ltr'><strong>aeternum</strong></span> <span class='ocrx_word' id='word_1_443' title='bbox 2621 3656 2682 3695; x_wconf 85' lang='lat' dir='ltr'><strong>se</strong></span> 
     </span>
     <span class='ocr_line' id='line_1_42' title="bbox 274 3712 2683 3791; baseline 0.001 -20"><span class='ocrx_word' id='word_1_444' title='bbox 274 3713 521 3772; x_wconf 89' lang='lat' dir='ltr'><strong>liberare</strong></span> <span class='ocrx_word' id='word_1_445' title='bbox 548 3721 821 3791; x_wconf 88' lang='lat' dir='ltr'><strong>poterunt</strong></span> <span class='ocrx_word' id='word_1_446' title='bbox 846 3712 921 3771; x_wconf 88' lang='lat' dir='ltr'><strong>ab</strong></span> <span class='ocrx_word' id='word_1_447' title='bbox 948 3712 1337 3772; x_wconf 85' lang='lat' dir='ltr'><strong>inextricabili</strong></span> <span class='ocrx_word' id='word_1_448' title='bbox 1364 3712 1479 3771; x_wconf 89' lang='lat' dir='ltr'><strong>isto</strong></span> <span class='ocrx_word' id='word_1_449' title='bbox 1514 3712 1866 3789; x_wconf 86' lang='lat' dir='ltr'><strong>labyrintho.</strong></span> <span class='ocrx_word' id='word_1_450' title='bbox 1911 3712 2084 3772; x_wconf 90' lang='lat' dir='ltr'><strong>Unde</strong></span> <span class='ocrx_word' id='word_1_451' title='bbox 2131 3721 2291 3791; x_wconf 88' lang='lat' dir='ltr'><strong>patet</strong></span> <span class='ocrx_word' id='word_1_452' title='bbox 2334 3713 2475 3790; x_wconf 89' lang='lat' dir='ltr'><strong>quid</strong></span> <span class='ocrx_word' id='word_1_453' title='bbox 2503 3723 2683 3774; x_wconf 88' lang='lat' dir='ltr'><strong>statu-</strong></span> 
     </span>
     <span class='ocr_line' id='line_1_43' title="bbox 274 3791 2685 3871; baseline 0 -19"><span class='ocrx_word' id='word_1_454' title='bbox 274 3792 493 3852; x_wconf 90' lang='lat' dir='ltr'><strong>endum</strong></span> <span class='ocrx_word' id='word_1_455' title='bbox 514 3792 587 3851; x_wconf 89' lang='lat' dir='ltr'><strong>de</strong></span> <span class='ocrx_word' id='word_1_456' title='bbox 618 3792 925 3870; x_wconf 83' lang='lat' dir='ltr'><strong>Religione</strong></span> <span class='ocrx_word' id='word_1_457' title='bbox 952 3793 1055 3851; x_wconf 89' lang='lat' dir='ltr'><strong>illa</strong></span> <span class='ocrx_word' id='word_1_458' title='bbox 1080 3812 1211 3871; x_wconf 81' lang='lat' dir='ltr'><strong>quae</strong></span> <span class='ocrx_word' id='word_1_459' title='bbox 1238 3792 1463 3853; x_wconf 88' lang='lat' dir='ltr'><strong>nullum</strong></span> <span class='ocrx_word' id='word_1_460' title='bbox 1490 3791 1928 3852; x_wconf 87' lang='lat' dir='ltr'><strong>fundamentum</strong></span> <span class='ocrx_word' id='word_1_461' title='bbox 1976 3802 2036 3852; x_wconf 90' lang='lat' dir='ltr'><strong>et</strong></span> <span class='ocrx_word' id='word_1_462' title='bbox 2061 3792 2406 3871; x_wconf 88' lang='lat' dir='ltr'><strong>principium</strong></span> <span class='ocrx_word' id='word_1_463' title='bbox 2431 3792 2570 3853; x_wconf 88' lang='lat' dir='ltr'><strong>fidei</strong></span> <span class='ocrx_word' id='word_1_464' title='bbox 2591 3796 2685 3853; x_wconf 89' lang='lat' dir='ltr'><strong>eui</strong></span> 
     </span>
     <span class='ocr_line' id='line_1_44' title="bbox 276 3872 1798 3950; baseline -0.001 -18"><span class='ocrx_word' id='word_1_465' title='bbox 276 3874 512 3946; x_wconf 90' lang='lat' dir='ltr'><strong>nitatur,</strong></span> <span class='ocrx_word' id='word_1_466' title='bbox 545 3880 603 3932; x_wconf 90' lang='lat' dir='ltr'><strong>et</strong></span> <span class='ocrx_word' id='word_1_467' title='bbox 630 3872 692 3930; x_wconf 88' lang='lat' dir='ltr'><strong>in</strong></span> <span class='ocrx_word' id='word_1_468' title='bbox 720 3872 877 3949; x_wconf 92' lang='lat' dir='ltr'><strong>quod</strong></span> <span class='ocrx_word' id='word_1_469' title='bbox 904 3872 1243 3949; x_wconf 85' lang='lat' dir='ltr'><strong>resolvatur,</strong></span> <span class='ocrx_word' id='word_1_470' title='bbox 1275 3873 1573 3949; x_wconf 83' lang='lat' dir='ltr'><strong>assignare</strong></span> <span class='ocrx_word' id='word_1_471' title='bbox 1590 3880 1798 3950; x_wconf 90' lang='lat' dir='ltr'><strong>potest.</strong></span> 
     </span>
    </p>

    <p class='ocr_par' dir='ltr' id='par_1_3' title="bbox 278 3950 2694 4746">
     <span class='ocr_line' id='line_1_45' title="bbox 358 3950 2684 4030; baseline 0.002 -21"><span class='ocrx_word' id='word_1_472' title='bbox 358 3952 550 4011; x_wconf 86' lang='lat' dir='ltr'>XXI.</span> <span class='ocrx_word' id='word_1_473' title='bbox 598 3952 715 4011; x_wconf 88' lang='lat' dir='ltr'><strong>Sed</strong></span> <span class='ocrx_word' id='word_1_474' title='bbox 740 3950 889 4011; x_wconf 88' lang='lat' dir='ltr'><strong>forte</strong></span> <span class='ocrx_word' id='word_1_475' title='bbox 916 3952 1075 4029; x_wconf 91' lang='lat' dir='ltr'><strong>quod</strong></span> <span class='ocrx_word' id='word_1_476' title='bbox 1102 3951 1232 4010; x_wconf 84' lang='lat' dir='ltr'><strong>aliis</strong></span> <span class='ocrx_word' id='word_1_477' title='bbox 1276 3952 1583 4028; x_wconf 89' lang='lat' dir='ltr'><strong>objicimus</strong></span> <span class='ocrx_word' id='word_1_478' title='bbox 1628 3952 1845 4011; x_wconf 89' lang='lat' dir='ltr'><strong>crimen</strong></span> <span class='ocrx_word' id='word_1_479' title='bbox 1886 3950 2014 4030; x_wconf 83' lang='lat' dir='ltr'><strong>ejus</strong></span> <span class='ocrx_word' id='word_1_480' title='bbox 2051 3950 2339 4013; x_wconf 84' lang='lat' dir='ltr'><strong>manifesti</strong></span> <span class='ocrx_word' id='word_1_481' title='bbox 2383 3960 2684 4014; x_wconf 90' lang='lat' dir='ltr'><strong>tenemur:</strong></span> 
     </span>
     <span class='ocr_line' id='line_1_46' title="bbox 278 4030 2686 4110; baseline 0.001 -20"><span class='ocrx_word' id='word_1_482' title='bbox 278 4032 391 4090; x_wconf 89' lang='lat' dir='ltr'><strong>hoc</strong></span> <span class='ocrx_word' id='word_1_483' title='bbox 414 4040 567 4090; x_wconf 88' lang='lat' dir='ltr'><strong>certe</strong></span> <span class='ocrx_word' id='word_1_484' title='bbox 595 4052 713 4090; x_wconf 91' lang='lat' dir='ltr'><strong>non</strong></span> <span class='ocrx_word' id='word_1_485' title='bbox 741 4032 920 4091; x_wconf 89' lang='lat' dir='ltr'><strong>semel</strong></span> <span class='ocrx_word' id='word_1_486' title='bbox 946 4031 1022 4090; x_wconf 90' lang='lat' dir='ltr'><strong>ab</strong></span> <span class='ocrx_word' id='word_1_487' title='bbox 1051 4030 1422 4090; x_wconf 85' lang='lat' dir='ltr'><strong>Adversariis</strong></span> <span class='ocrx_word' id='word_1_488' title='bbox 1449 4030 1618 4090; x_wconf 89' lang='lat' dir='ltr'><strong>nobis</strong></span> <span class='ocrx_word' id='word_1_489' title='bbox 1666 4032 1994 4110; x_wconf 87' lang='lat' dir='ltr'><strong>impactum,</strong></span> <span class='ocrx_word' id='word_1_490' title='bbox 2025 4032 2179 4091; x_wconf 89' lang='lat' dir='ltr'><strong>unde</strong></span> <span class='ocrx_word' id='word_1_491' title='bbox 2209 4032 2476 4091; x_wconf 89' lang='lat' dir='ltr'><strong>Becanus</strong></span> <span class='ocrx_word' id='word_1_492' title='bbox 2503 4041 2562 4092; x_wconf 88' lang='lat' dir='ltr'><strong>et</strong></span> <span class='ocrx_word' id='word_1_493' title='bbox 2587 4034 2686 4093; x_wconf 89' lang='lat' dir='ltr'><strong>alii</strong></span> 
     </span>
     <span class='ocr_line' id='line_1_47' title="bbox 285 4111 2686 4188; baseline 0.001 -17"><span class='ocrx_word' id='word_1_494' title='bbox 285 4112 575 4171; x_wconf 71' lang='lat' dir='ltr'><strong>Gir-culum</strong></span> <span class='ocrx_word' id='word_1_495' title='bbox 596 4111 767 4171; x_wconf 86' lang='lat' dir='ltr'><strong>etiam</strong></span> <span class='ocrx_word' id='word_1_496' title='bbox 802 4112 1217 4172; x_wconf 73' lang='grc' dir='ltr'><strong><em>Οαῑυίηἰεείωτη</em></strong></span> <span class='ocrx_word' id='word_1_497' title='bbox 1246 4119 1381 4170; x_wconf 86' lang='lat' dir='ltr'><strong>sunt</strong></span> <span class='ocrx_word' id='word_1_498' title='bbox 1408 4112 1734 4179; x_wconf 82' lang='lat' dir='ltr'><strong>commenti,</strong></span> <span class='ocrx_word' id='word_1_499' title='bbox 1764 4130 1938 4188; x_wconf 90' lang='lat' dir='ltr'><strong>quem</strong></span> <span class='ocrx_word' id='word_1_500' title='bbox 1965 4112 2108 4171; x_wconf 88' lang='lat' dir='ltr'><strong>mire</strong></span> <span class='ocrx_word' id='word_1_501' title='bbox 2135 4112 2431 4188; x_wconf 85' lang='lat' dir='ltr'><strong>exagitare</strong></span> <span class='ocrx_word' id='word_1_502' title='bbox 2481 4114 2686 4174; x_wconf 87' lang='lat' dir='ltr'><strong>solent.</strong></span> 
     </span>
     <span class='ocr_line' id='line_1_48' title="bbox 280 4190 2690 4269; baseline 0.001 -18"><span class='ocrx_word' id='word_1_503' title='bbox 280 4190 605 4251; x_wconf 87' lang='lat' dir='ltr'><strong>Videamus</strong></span> <span class='ocrx_word' id='word_1_504' title='bbox 633 4211 773 4269; x_wconf 85' lang='lat' dir='ltr'><strong>ergo</strong></span> <span class='ocrx_word' id='word_1_505' title='bbox 801 4210 917 4267; x_wconf 91' lang='lat' dir='ltr'><strong>quo</strong></span> <span class='ocrx_word' id='word_1_506' title='bbox 939 4192 1089 4267; x_wconf 87' lang='lat' dir='ltr'><strong>jure.</strong></span> <span class='ocrx_word' id='word_1_507' title='bbox 1149 4190 1379 4249; x_wconf 89' lang='lat' dir='ltr'><strong>Scilicet</strong></span> <span class='ocrx_word' id='word_1_508' title='bbox 1406 4191 1688 4268; x_wconf 87' lang='lat' dir='ltr'><strong>objiciunt</strong></span> <span class='ocrx_word' id='word_1_509' title='bbox 1729 4191 1850 4249; x_wconf 89' lang='lat' dir='ltr'><strong>Nos</strong></span> <span class='ocrx_word' id='word_1_510' title='bbox 1887 4190 2244 4268; x_wconf 61' lang='lat' dir='ltr'><strong>Ser-aptarum</strong></span> <span class='ocrx_word' id='word_1_511' title='bbox 2277 4211 2352 4249; x_wconf 76' lang='lat' dir='ltr'><strong>ex</strong></span> <span class='ocrx_word' id='word_1_512' title='bbox 2370 4192 2606 4267; x_wconf 78' lang='lat' dir='ltr'><strong>Spiritu,</strong></span> <span class='ocrx_word' id='word_1_513' title='bbox 2632 4204 2690 4253; x_wconf 91' lang='lat' dir='ltr'><strong>et</strong></span> 
     </span>
     <span class='ocr_line' id='line_1_49' title="bbox 284 4269 2688 4348; baseline 0.001 -19"><span class='ocrx_word' id='word_1_514' title='bbox 284 4290 482 4329; x_wconf 87' lang='lat' dir='ltr'><strong>rursus</strong></span> <span class='ocrx_word' id='word_1_515' title='bbox 503 4272 779 4346; x_wconf 76' lang='lat' dir='ltr'><strong>Spiritum</strong></span> <span class='ocrx_word' id='word_1_516' title='bbox 805 4290 881 4329; x_wconf 75' lang='lat' dir='ltr'><strong>ex</strong></span> <span class='ocrx_word' id='word_1_517' title='bbox 909 4271 1207 4346; x_wconf 77' lang='lat' dir='ltr'><strong>Scriptura</strong></span> <span class='ocrx_word' id='word_1_518' title='bbox 1233 4270 1492 4347; x_wconf 89' lang='lat' dir='ltr'><strong>probare,</strong></span> <span class='ocrx_word' id='word_1_519' title='bbox 1524 4280 1698 4347; x_wconf 89' lang='lat' dir='ltr'><strong>atque</strong></span> <span class='ocrx_word' id='word_1_520' title='bbox 1723 4270 1836 4329; x_wconf 91' lang='lat' dir='ltr'><strong>hoc</strong></span> <span class='ocrx_word' id='word_1_521' title='bbox 1860 4269 1987 4329; x_wconf 88' lang='lat' dir='ltr'><strong>fieri</strong></span> <span class='ocrx_word' id='word_1_522' title='bbox 2013 4290 2129 4329; x_wconf 90' lang='lat' dir='ltr'><strong>non</strong></span> <span class='ocrx_word' id='word_1_523' title='bbox 2157 4289 2327 4348; x_wconf 89' lang='lat' dir='ltr'><strong>posse</strong></span> <span class='ocrx_word' id='word_1_524' title='bbox 2354 4270 2478 4330; x_wconf 86' lang='lat' dir='ltr'><strong>sine</strong></span> <span class='ocrx_word' id='word_1_525' title='bbox 2507 4272 2688 4331; x_wconf 85' lang='lat' dir='ltr'><strong>circu-</strong></span> 
     </span>
     <span class='ocr_line' id='line_1_50' title="bbox 281 4349 2690 4431; baseline 0.001 -22"><span class='ocrx_word' id='word_1_526' title='bbox 281 4350 393 4409; x_wconf 84' lang='lat' dir='ltr'><strong>lari</strong></span> <span class='ocrx_word' id='word_1_527' title='bbox 420 4370 749 4427; x_wconf 84' lang='lat' dir='ltr'><strong>progressu,</strong></span> <span class='ocrx_word' id='word_1_528' title='bbox 781 4351 919 4427; x_wconf 90' lang='lat' dir='ltr'><strong>quia</strong></span> <span class='ocrx_word' id='word_1_529' title='bbox 944 4358 1011 4409; x_wconf 88' lang='lat' dir='ltr'><strong>ut</strong></span> <span class='ocrx_word' id='word_1_530' title='bbox 1042 4350 1337 4428; x_wconf 88' lang='lat' dir='ltr'><strong>Scriptura</strong></span> <span class='ocrx_word' id='word_1_531' title='bbox 1363 4349 1616 4408; x_wconf 89' lang='lat' dir='ltr'><strong>creditur</strong></span> <span class='ocrx_word' id='word_1_532' title='bbox 1641 4368 1768 4409; x_wconf 86' lang='lat' dir='ltr'><strong>esse</strong></span> <span class='ocrx_word' id='word_1_533' title='bbox 1799 4350 1912 4408; x_wconf 88' lang='lat' dir='ltr'><strong>Dei</strong></span> <span class='ocrx_word' id='word_1_534' title='bbox 1938 4349 2178 4409; x_wconf 86' lang='lat' dir='ltr'><strong>verbum</strong></span> <span class='ocrx_word' id='word_1_535' title='bbox 2209 4370 2283 4409; x_wconf 84' lang='lat' dir='ltr'><strong>ex</strong></span> <span class='ocrx_word' id='word_1_536' title='bbox 2312 4351 2536 4410; x_wconf 87' lang='lat' dir='ltr'><strong>interno</strong></span> <span class='ocrx_word' id='word_1_537' title='bbox 2563 4353 2690 4431; x_wconf 88' lang='lat' dir='ltr'><strong>Spi-</strong></span> 
     </span>
     <span class='ocr_line' id='line_1_51' title="bbox 282 4427 2693 4510; baseline 0.001 -22"><span class='ocrx_word' id='word_1_538' title='bbox 282 4430 431 4488; x_wconf 88' lang='lat' dir='ltr'><strong>ritus</strong></span> <span class='ocrx_word' id='word_1_539' title='bbox 460 4430 809 4503; x_wconf 86' lang='lat' dir='ltr'><strong>testimonie,</strong></span> <span class='ocrx_word' id='word_1_540' title='bbox 840 4430 921 4487; x_wconf 89' lang='lat' dir='ltr'><strong>ita</strong></span> <span class='ocrx_word' id='word_1_541' title='bbox 954 4429 1203 4506; x_wconf 86' lang='lat' dir='ltr'><strong>Spiritus</strong></span> <span class='ocrx_word' id='word_1_542' title='bbox 1228 4429 1620 4487; x_wconf 87' lang='lat' dir='ltr'><strong>testimonium</strong></span> <span class='ocrx_word' id='word_1_543' title='bbox 1642 4427 1798 4487; x_wconf 91' lang='lat' dir='ltr'><strong>credi</strong></span> <span class='ocrx_word' id='word_1_544' title='bbox 1825 4436 2060 4506; x_wconf 89' lang='lat' dir='ltr'><strong>propter</strong></span> <span class='ocrx_word' id='word_1_545' title='bbox 2083 4430 2454 4510; x_wconf 88' lang='lat' dir='ltr'><strong>Scripturam,</strong></span> <span class='ocrx_word' id='word_1_546' title='bbox 2487 4432 2546 4488; x_wconf 86' lang='lat' dir='ltr'><strong>in</strong></span> <span class='ocrx_word' id='word_1_547' title='bbox 2575 4452 2693 4509; x_wconf 83' lang='lat' dir='ltr'><strong>qua</strong></span> 
     </span>
     <span class='ocr_line' id='line_1_52' title="bbox 288 4508 2691 4587; baseline 0.002 -19"><span class='ocrx_word' id='word_1_548' title='bbox 288 4509 541 4587; x_wconf 85' lang='lat' dir='ltr'><strong>Spiritus</strong></span> <span class='ocrx_word' id='word_1_549' title='bbox 574 4509 633 4568; x_wconf 90' lang='lat' dir='ltr'><strong>S.</strong></span> <span class='ocrx_word' id='word_1_550' title='bbox 678 4510 1046 4568; x_wconf 87' lang='lat' dir='ltr'><strong>credentibus</strong></span> <span class='ocrx_word' id='word_1_551' title='bbox 1074 4517 1165 4567; x_wconf 89' lang='lat' dir='ltr'><strong>est</strong></span> <span class='ocrx_word' id='word_1_552' title='bbox 1190 4508 1524 4587; x_wconf 86' lang='lat' dir='ltr'><strong>promissus.</strong></span> <span class='ocrx_word' id='word_1_553' title='bbox 1572 4508 1672 4566; x_wconf 91' lang='lat' dir='ltr'><strong>Sic</strong></span> <span class='ocrx_word' id='word_1_554' title='bbox 1719 4508 1986 4567; x_wconf 88' lang='lat' dir='ltr'><strong>Becanus</strong></span> <span class='ocrx_word' id='word_1_555' title='bbox 2034 4509 2097 4567; x_wconf 87' lang='lat' dir='ltr'><strong>in</strong></span> <span class='ocrx_word' id='word_1_556' title='bbox 2124 4510 2416 4587; x_wconf 87' lang='lat' dir='ltr'><strong>Opusculo</strong></span> <span class='ocrx_word' id='word_1_557' title='bbox 2465 4512 2538 4570; x_wconf 88' lang='lat' dir='ltr'><strong>de</strong></span> <span class='ocrx_word' id='word_1_558' title='bbox 2569 4514 2691 4573; x_wconf 85' lang='lat' dir='ltr'><strong>Cir-</strong></span> 
     </span>
     <span class='ocr_line' id='line_1_53' title="bbox 287 4586 2691 4668; baseline 0.002 -21"><span class='ocrx_word' id='word_1_559' title='bbox 287 4590 419 4648; x_wconf 90' lang='lat' dir='ltr'><strong>culo</strong></span> <span class='ocrx_word' id='word_1_560' title='bbox 442 4588 836 4648; x_wconf 87' lang='lat' dir='ltr'><strong>Calvinistico.</strong></span> <span class='ocrx_word' id='word_1_561' title='bbox 860 4596 999 4647; x_wconf 88' lang='lat' dir='ltr'><strong>sect.</strong></span> <span class='ocrx_word' id='word_1_562' title='bbox 1024 4591 1080 4663; x_wconf 82' lang='lat'><strong>6,</strong></span> <span class='ocrx_word' id='word_1_563' title='bbox 1106 4597 1165 4647; x_wconf 89' lang='lat' dir='ltr'><strong>et</strong></span> <span class='ocrx_word' id='word_1_564' title='bbox 1186 4588 1442 4647; x_wconf 88' lang='lat' dir='ltr'><strong>Gretser.</strong></span> <span class='ocrx_word' id='word_1_565' title='bbox 1466 4587 1525 4644; x_wconf 90' lang='lat' dir='ltr'><strong>in</strong></span> <span class='ocrx_word' id='word_1_566' title='bbox 1548 4594 1800 4647; x_wconf 87' lang='lat' dir='ltr'><strong>tractatu</strong></span> <span class='ocrx_word' id='word_1_567' title='bbox 1817 4586 1888 4647; x_wconf 89' lang='lat' dir='ltr'><strong>de</strong></span> <span class='ocrx_word' id='word_1_568' title='bbox 1907 4607 2139 4665; x_wconf 85' lang='lat' dir='ltr'><strong>agnose.</strong></span> <span class='ocrx_word' id='word_1_569' title='bbox 2167 4590 2376 4668; x_wconf 90' lang='lat' dir='ltr'><strong>Script.</strong></span> <span class='ocrx_word' id='word_1_570' title='bbox 2396 4610 2446 4649; x_wconf 88' lang='lat' dir='ltr'><strong>c.</strong></span> <span class='ocrx_word' id='word_1_571' title='bbox 2469 4590 2550 4649; x_wconf 86' lang='lat' dir='ltr'><strong>iv.</strong></span> <span class='ocrx_word' id='word_1_572' title='bbox 2573 4593 2691 4653; x_wconf 90' lang='lat' dir='ltr'><strong>Ve-</strong></span> 
     </span>
     <span class='ocr_line' id='line_1_54' title="bbox 289 4667 2694 4746; baseline 0.002 -19"><span class='ocrx_word' id='word_1_573' title='bbox 289 4688 418 4727; x_wconf 87' lang='lat' dir='ltr'><strong>rum</strong></span> <span class='ocrx_word' id='word_1_574' title='bbox 440 4688 612 4746; x_wconf 87' lang='lat' dir='ltr'><strong>quam</strong></span> <span class='ocrx_word' id='word_1_575' title='bbox 643 4668 885 4746; x_wconf 89' lang='lat' dir='ltr'><strong>turpiter</strong></span> <span class='ocrx_word' id='word_1_576' title='bbox 912 4668 1005 4726; x_wconf 90' lang='lat' dir='ltr'><strong>hic</strong></span> <span class='ocrx_word' id='word_1_577' title='bbox 1026 4667 1453 4727; x_wconf 85' lang='lat' dir='ltr'><strong>hallucinentur</strong></span> <span class='ocrx_word' id='word_1_578' title='bbox 1480 4668 1605 4725; x_wconf 88' lang='lat' dir='ltr'><strong>sola</strong></span> <span class='ocrx_word' id='word_1_579' title='bbox 1651 4667 1949 4727; x_wconf 75' lang='lat' dir='ltr'><strong>sententies</strong></span> <span class='ocrx_word' id='word_1_580' title='bbox 1995 4677 2206 4728; x_wconf 79' lang='lat' dir='ltr'><strong>nostrae</strong></span> <span class='ocrx_word' id='word_1_581' title='bbox 2251 4669 2563 4729; x_wconf 86' lang='lat' dir='ltr'><strong>declaratio</strong></span> <span class='ocrx_word' id='word_1_582' title='bbox 2591 4673 2694 4732; x_wconf 90' lang='lat' dir='ltr'><strong>ab·</strong></span> 
     </span>
    </p>
   </div>
  </div>
 </body>
</html>
