3234 5192
503 280 622 335 280
1109 294 1186 333 m:
1217 290 1497 334 Bonorum
1528 290 1773 332 OPERUM
1804 291 2213 332 NECESSITATE.
2540 271 2801 352 [msru'r.
2832 292 2915 333 ιν.

503 434 791 496 censenda
839 444 944 511 est,
989 436 1052 495 id
1098 444 1186 496 est
1213 434 1473 495 solitaria
1521 442 1580 493 et
1626 441 1891 515 separata
1932 433 2006 492 ab
2050 433 2181 491 aliis
2228 432 2580 509 virtutibus;
2613 441 2678 492 ut
2705 434 2911 495 oculus

509 518 668 577 solus
697 515 875 593 videt,
906 516 1008 575 sed
1036 537 1154 575 non
1203 516 1510 591 solitarius,
1563 514 1624 573 id
1666 525 1756 573 est
1798 514 2065 573 revulsus
2094 534 2129 572 a
2173 514 2393 573 caeteris
2431 514 2741 590 membris;
2790 515 2913 575 Nec

509 598 826 673 enimfldes
873 616 1000 673 quoe
1038 597 1320 673 justificat
1345 604 1434 654 est
1480 614 1737 673 unquam
1780 594 1903 653 sine
1960 594 2261 672 Operibus,
2292 594 2429 653 licet
2482 615 2599 670 qua
2636 596 2915 673 justificat

508 677 656 735 nihil
685 696 816 735 cum
841 676 964 754 Ope
995 678 1128 735 ibus
1151 695 1452 735 commune
1479 676 1710 733 habeat.
1770 675 1977 733 Fidem
2006 694 2145 750 ergo
2183 675 2529 733 comitantur
2558 674 2762 752 Opera,
2794 694 2913 734 non

509 764 576 817 ut
617 758 922 829 cobfficiant
967 757 1010 816 J
1015 756 1488 832 ustificationem3
1539 753 1657 813 Sed
1704 761 1770 813 ut
1812 756 2122 813 coartatam
2165 754 2227 813 in
2275 754 2320 814 J
2321 754 2624 829 ustificato,
2677 775 2793 814 non
2846 763 2915 815 ut

512 837 758 897 salutem
786 837 1102 914 acquirant,
1131 844 1198 895 ut
1224 836 1443 911 merita,
1477 835 1578 894 sed
1605 843 1673 894 ut
1698 855 1805 893 nos
1847 834 1923 892 ad
1962 854 2090 893 eam
2118 834 2332 893 ducant
2358 843 2425 893 ut
2452 833 2657 892 media.

593 917 749 975 XX.
791 917 990 977 Tertio
1016 918 1127 975 hoc
1155 917 1419 975 evincere
1449 923 1737 992 satagunt,
1772 916 1867 972 Ex
1900 914 2137 989 Gratiae,
2162 915 2255 973 cui
2283 923 2466 975 totam
2506 914 2750 973 salutem
2778 934 2911 973 nos-

510 1006 660 1056 tram
682 1006 976 1074 acceptam
1004 995 1150 1054 ferre
1173 997 1440 1069 solemus„
1465 995 1923 1055 consideratione
1947 1017 1961 1071 ;
2008 994 2186 1069 Quasi
2213 996 2309 1054 vel
2331 994 2509 1053 fraena
2532 995 2758 1054 laxaret
2778 1014 2911 1074 pec·

513 1086 660 1153 cato,
691 1078 827 1154 quia
854 1077 955 1135 ubi
986 1079 1021 1110 “
1040 1076 1297 1135 abundat
1335 1076 1627 1151 delictum,
1670 1075 1751 1133 ibi
1800 1075 2228 1153 superabundat
2258 1076 2518 1149 Gratia,’'
2542 1075 2708 1134 Rom.
2735 1096 2792 1134 v.
2812 1078 2909 1151 20,

513 1156 631 1217 Vel
659 1157 912 1235 Operum
933 1157 1333 1215 necessitatem
1363 1157 1606 1231 tolleret,
1631 1156 1766 1233 quia
1794 1156 1923 1233 ipsa
1948 1163 2215 1234 operatur
2241 1156 2303 1214 in
2330 1155 2498 1213 nobis
2519 1155 2670 1214 velle
2698 1164 2755 1214 et
2782 1176 2909 1233 per·

511 1238 700 1313 ficere,
734 1239 884 1296 Phil.
936 1237 995 1295 ii.
1058 1240 1150 1296 13.
1239 1236 1356 1297 Sed
1409 1236 1657 1314 primum
1699 1244 1789 1295 est
1842 1236 2001 1313 quod
2053 1256 2159 1295 nos
2216 1255 2290 1295 ex
2344 1256 2413 1295 eo
2456 1235 2721 1309 solemur,
2752 1235 2911 1313 quod

513 1319 748 1394 eaedem,
780 1338 909 1395 quae
937 1318 1106 1376 nobis
1147 1318 1546 1395 impinguntur
1572 1316 1747 1375 hodie
1776 1316 2094 1393 calumniae,
2140 1316 2341 1375 affictae
2380 1317 2505 1394 jam
2534 1316 2672 1374 olim
2700 1315 2915 1375 fuerint

514 1398 700 1457 Paulo
729 1400 967 1476 ejusque
998 1398 1289 1473 doctrinae,
1341 1397 1509 1455 Rom.
1541 1396 1620 1455 iii.
1653 1399 1747 1471 31,
1800 1406 1859 1455 et
1884 1397 1965 1455 vi.
2000 1400 2050 1472 1,
2087 1399 2177 1471 15,
2209 1396 2365 1473 quod
2393 1405 2797 1473 argumentum
2824 1405 2915 1455 est

515 1479 914 1551 certissimum,
947 1498 1052 1535 nos
1080 1478 1322 1537 eandem
1351 1498 1482 1535 cum
1513 1476 1697 1535 Paulo
1726 1476 2047 1535 doctrinam
2092 1478 2376 1554 amplecti,
2428 1486 2627 1553 utpote
2655 1496 2785 1553 quae
2814 1477 2911 1535 iis-

513 1558 646 1616 dem
675 1558 938 1616 absurdis
967 1566 1221 1633 urgetur.
1310 1558 1394 1616 Ut
1421 1577 1558 1615 vero
1591 1548 1911 1633 Apostolus
1953 1556 2127 1615 talem
2156 1556 2499 1615 calumniam
2529 1556 2837 1615 fortissime
2878 1576 2915 1615 a

515 1658 576 1696 se
605 1638 865 1714 repellit3
910 1646 970 1696 et
996 1637 1300 1695 falsissime
1329 1636 1606 1694 doctrinae
1658 1655 1776 1694 suae
1824 1635 2069 1713 impingi
2123 1636 2410 1697 ostendit:
2455 1637 2549 1697 Ita
2596 1648 2654 1695 et
2682 1657 2787 1696 nos
2816 1637 2913 1695 iis-

514 1718 648 1776 dem
677 1718 761 1775 uti
790 1718 963 1774 armis
991 1736 1095 1793 par
1135 1725 1224 1775 est
1252 1715 1328 1774 ad
1353 1716 1470 1775 tela
1497 1716 1610 1775 ista
1638 1715 2013 1791 retundenda,
2049 1718 2085 1748 ‘⁶
2104 1716 2651 1776 Permanebimusne
2679 1718 2740 1776 in
2779 1736 2913 1795 pec-

515 1805 661 1872 cat0,
693 1805 758 1855 ut
787 1796 973 1873 gratia
995 1796 1293 1856 abundet?
1374 1796 1567 1871 Absit,
1603 1795 1724 1853 Nos
1752 1796 1853 1871 qui
1880 1795 2093 1855 mortui
2119 1816 2317 1855 sumus
2338 1808 2592 1874 peceato,
2624 1798 2914 1875 quomodo

511 1878 574 1935 in
595 1896 664 1936 eo
692 1876 880 1935 adhuc
907 1877 1174 1935 vivemus
1193 1875 1254 1935 ?”
1339 1875 1562 1952 Quippe
1592 1875 1730 1934 licet
1764 1875 1969 1934 Gratia
1995 1885 2297 1954 utramque
2340 1880 2613 1955 paginam
2656 1878 2827 1936 faciat
2854 1878 2917 1935 in

513 1978 685 2035 opere
705 1956 1174 2035 regenerationiS,
1204 1955 1462 2033 nihilque
1493 1956 1711 2033 absque
1734 1975 1802 2013 ea
1828 1956 1926 2013 vel
1953 1958 2207 2033 cogitare
2235 1958 2332 2016 vel
2354 1958 2564 2036 exequi
2591 1958 2913 2037 possimus3
2948 1998 2953 2005 -

512 2039 624 2096 hoe
665 2058 782 2095 non
824 2038 1017 2096 obstat
1057 2046 1266 2111 tamen,
1311 2034 1619 2113 quominus
1662 2036 1916 2094 studium
1943 2046 2204 2096 nostrum
2244 2037 2331 2096 illi
2360 2038 2677 2116 adjungere
2718 2048 2910 2098 tenea-

513 2139 675 2193 mur;
719 2119 836 2177 imo
865 2119 946 2177 ita
974 2126 1128 2177 arcte
1159 2136 1384 2193 semper
1411 2116 1561 2175 inter
1589 2136 1651 2174 se
1706 2126 2125 2177 connectuntur
2158 2118 2370 2179 Gratia
2414 2120 2533 2177 Dei
2555 2128 2613 2178 et
2661 2120 2915 2191 Officium

511 2200 760 2273 hominis,
788 2207 852 2257 ut
878 2218 1175 2275 nunquam
1194 2197 1396 2256 divelli
1417 2217 1450 2254 a
1480 2216 1541 2255 se
1568 2196 1817 2254 invicem
1848 2198 2071 2274 possint
2098 2207 2196 2258 aut
2226 2199 2490 2273 debeant,
2526 2202 2561 2231 “
2586 2198 2735 2273 Quia
2756 2219 2912 2258 erea-

511 2279 598 2338 vit
625 2288 683 2338 te
713 2280 835 2337 sine
865 2280 980 2353 te,’'
1013 2278 1200 2355 inquit
1224 2276 1382 2354 Aug.
1408 2278 1444 2309 ‘⁴
1461 2296 1577 2333 non
1597 2285 1653 2335 te
1676 2278 1930 2336 servabit
1952 2278 2074 2337 sine
2092 2280 2210 2337 te.’'
2256 2280 2469 2337 Fateor
2489 2280 2547 2335 in
2570 2280 2755 2355 primo
2778 2298 2914 2338 con-

512 2360 797 2417 versionis
827 2367 1135 2433 momentO,
1159 2366 1516 2435 peccatorem
1540 2376 1695 2415 mere
1717 2357 1948 2435 passive
1970 2378 2031 2416 se
2051 2358 2281 2431 habere,
2306 2366 2365 2416 et
2392 2356 2537 2414 nihil
2564 2358 2724 2415 aliud
2742 2378 2916 2433 posse

513 2459 688 2515 quam
717 2439 918 2515 gratiae
947 2438 1066 2496 vim
1095 2438 1384 2497 vivificam
1413 2436 1701 2514 recipere3
1748 2436 1849 2495 sed
1878 2437 1938 2494 in
1974 2449 2283 2515 progressu
2312 2456 2386 2494 ex
2428 2444 2655 2494 mortuo
2704 2436 2914 2495 vivens

515 2518 700 2578 factus
728 2519 902 2578 debet
941 2518 1199 2577 membra
1227 2538 1333 2577 sua
1361 2518 1560 2577 sistere
1589 2536 1749 2575 arma
1768 2517 2013 2594 justitiae
2044 2517 2187 2591 Deo,
2236 2524 2294 2574 et
2320 2516 2613 2573 ambulare
2642 2516 2703 2573 in
2744 2517 2912 2575 novi-

513 2608 632 2659 tate
662 2600 816 2673 vitae,
853 2599 1021 2657 Rom.
1051 2600 1131 2658 vi.
1167 2599 1228 2658 Si
1259 2600 1420 2657 Deus
1447 2598 1509 2655 in
1537 2617 1606 2656 eo
1636 2605 1919 2674 operatur,
1966 2595 2137 2655 debet
2164 2616 2295 2653 cum
2338 2616 2406 2654 eo
2456 2604 2513 2654 et
2544 2596 2651 2654 sub
2680 2616 2747 2655 eo
2777 2617 2917 2675 ope-

512 2681 626 2739 rari
669 2689 733 2738 ut
761 2682 888 2757 ejus
929 2679 1164 2760 σῦυεςγος,
1197 2684 1232 2737 2
1265 2679 1393 2738 Cor.
1423 2678 1504 2736 vi.
1553 2682 1603 2753 1,
1654 2677 1703 2736 si
1731 2675 1977 2736 trahitur
2003 2695 2039 2734 a
2070 2675 2303 2754 Spiritu,
2334 2676 2508 2735 debet
2535 2697 2763 2735 currere
2812 2698 2918 2755 per

512 2760 915 2835 obedientiam,
950 2761 1113 2819 Cant.
1158 2760 1195 2817 i.
1227 2761 1282 2833 9,
1329 2760 1377 2817 si
1431 2767 1675 2818 vocatur
1720 2777 1824 2834 per
1862 2756 2140 2831 Verbum,
2190 2757 2537 2835 respondere
2592 2757 2767 2816 debet
2813 2777 2917 2835 per

507 2840 723 2901 fidem:
769 2840 938 2916 Quod
969 2841 1184 2899 Paulus
1212 2840 1388 2900 citato
1427 2839 1574 2914 1000,
1609 2838 1760 2896 Phil.
1790 2838 1849 2897 ii.
1885 2840 1976 2913 13,
2016 2837 2331 2897 clarissime
2373 2838 2747 2908 demonstrat,
2780 2838 2913 2898 Stu-

513 2922 674 2981 dium
703 2922 954 2980 hominis
995 2942 1124 2980 cum
1155 2920 1409 2980 efficacia
1450 2919 1669 2979 Gratiae
1699 2920 2076 2996 conjungens,
2122 2918 2259 2975 dum
2303 2917 2386 2976 ita
2428 2918 2793 2977 commendat
2818 2938 2917 2977 ne-

514 3003 840 3061 cessitatem
885 3002 1170 3061 bonorum
1216 3002 1468 3078 Operum
1513 2998 1793 3058 adversus
1841 2998 2137 3076 profanam
2183 2997 2610 3057 Libertinorum
2640 3000 2912 3057 securita-

512 3090 647 3154 tem,
705 3090 771 3140 ut
813 3082 1032 3141 Gratiae
1074 3082 1347 3140 virtutem
1401 3080 1683 3138 adversus
1726 3079 2065 3156 sacrilegam
2122 3078 2545 3137 Pharisaeorum
2588 3078 2913 3156 superbiam

513 3168 781 3235 potenter
821 3168 1070 3234 asserat3
1117 3162 1205 3218 Ne
1233 3167 1502 3237 putarent
1531 3158 1793 3218 Gratiam
1825 3159 1936 3217 Dei
1965 3179 2065 3218 eos
2092 3159 2290 3237 pigros
2333 3168 2389 3218 et
2432 3159 2647 3218 otiosos
2674 3158 2913 3217 reddere

515 3237 742 3311 debere,
766 3236 938 3308 jubet
965 3240 1190 3315 operari
1219 3240 1462 3297 salutem
1492 3256 1655 3296 suam
1699 3258 1828 3296 cum
1858 3239 2063 3297 timore
2092 3249 2152 3298 et
2198 3247 2479 3313 tremore;
2528 3240 2644 3297 Sed
2690 3259 2763 3297 ne
2794 3246 2911 3297 stu-

514 3316 674 3374 dium
714 3336 877 3373 suum
923 3317 1174 3393 aliquam
1216 3317 1502 3393 gloriandi
1545 3318 1606 3375 in
1650 3318 1855 3394 seipsis
1897 3318 2197 3377 materiam
2244 3318 2381 3378 dare
2424 3319 2739 3393 crederent,
2786 3318 2915 3377 vult

515 3395 863 3469 meminisse,
907 3396 1050 3453 nihil
1080 3416 1248 3472 posse
1279 3417 1338 3455 se
1369 3398 1490 3455 sine
1519 3397 1665 3474 ipso,
1700 3397 1887 3455 Deum
1918 3416 2043 3455 esse
2074 3397 2173 3473 qui
2200 3399 2261 3455 in
2300 3400 2440 3476 ipsis
2468 3408 2735 3476 operatur
2762 3398 2913 3458 velle

515 3484 575 3535 et
615 3474 905 3553 perficere,
937 3484 1003 3534 ut
1044 3476 1094 3534 si
1121 3476 1262 3553 quid
1290 3484 1614 3554 operantur,
1660 3496 1778 3535 non
1808 3476 1918 3534 sibi
1947 3475 2049 3534 sed
2082 3476 2206 3535 Deo
2248 3477 2307 3535 in
2338 3479 2584 3538 solidum
2612 3488 2911 3557 acceptum

515 3556 717 3630 ferant,
763 3563 822 3615 et
863 3576 990 3614 cum
1024 3556 1207 3615 Paulo
1257 3556 1469 3633 dicant,
1500 3560 1527 3613 1
1563 3556 1694 3615 Cor.
1738 3576 1840 3614 xv.
1903 3558 1993 3631 10,
2030 3559 2065 3589 “
2090 3557 2221 3614 Non
2262 3578 2388 3635 eg0‚
2436 3560 2539 3617 sed
2586 3560 2773 3637 gratia
2803 3559 2914 3617 Dei

513 3658 643 3715 quae
673 3657 894 3695 mecum
927 3638 1072 3696 cst.”
1158 3636 1439 3715 Componi
1467 3656 1606 3715 ergo
1648 3637 1761 3695 ista
1788 3635 2000 3695 debent
2028 3645 2093 3695 ut
2120 3637 2533 3714 subordinaria,
2559 3660 2674 3698 non
2702 3639 2919 3717 opponi

511 3725 577 3777 ut
619 3717 921 3799 contraria.
1005 3716 1202 3795 Atque
1229 3718 1365 3776 hinc
1395 3717 1459 3776 fit
1487 3726 1552 3776 ut
1579 3738 1708 3795 quae
1742 3716 2265 3776 Sanctificationem
2300 3728 2553 3777 nostram
2584 3719 2917 3779 describunt

513 3798 852 3875 locutiones,
883 3799 999 3857 illae
1028 3807 1086 3858 et
1128 3798 1372 3876 gratiam
1403 3798 1514 3856 Dei
1543 3807 1602 3856 et
1630 3798 1879 3856 officium
1922 3806 2181 3856 nostrum
2210 3800 2551 3876 exprimant.
2642 3802 2798 3877 Opus
2825 3808 2915 3858 est

512 3879 670 3956 quod
698 3880 974 3938 debemus
1001 3879 1291 3956 perficere,
1341 3878 1489 3935 Phil.
1538 3878 1596 3935 ii.
1633 3881 1724 3937 13.
1814 3879 2106 3936 Talentum
2132 3878 2289 3955 quod
2328 3888 2589 3939 tenemur
2629 3880 2912 3955 excolere,

517 3960 727 4019 Matth.
785 3980 928 4018 xxv.
993 3961 1192 4019 Semen
1247 3958 1404 4035 quod
1459 3958 1802 4017 fructificare
1850 3956 2039 4031 debet,
2086 3958 2219 4017 Gal.
2258 3960 2337 4018 vi.
2393 3962 2521 4039 Vita
2577 3980 2705 4037 quae
2737 3981 2797 4019 se
2855 3962 2915 4017 in

514 4041 944 4118 operationibus
986 4059 1219 4099 exerere
1262 4047 1506 4115 tenetur,
1567 4039 1699 4097 Gal.
1744 4058 1801 4096 v.
1855 4040 1949 4113 24,
1998 4039 2166 4097 Rom.
2213 4039 2291 4097 vi.
2340 4040 2700 4099 Curriculum
2756 4041 2911 4119 quod

511 4121 928 4181 absolvendum
973 4130 1076 4197 est,
1125 4120 1278 4179 Heb.
1308 4120 1410 4179 xii.
1447 4122 1497 4195 l,
1543 4127 1602 4177 et
1630 4120 1847 4178 Lumen
1874 4118 2030 4194 quod
2072 4139 2186 4177 non
2216 4121 2498 4198 extingui,
2530 4120 2635 4180 secl
2674 4119 2913 4179 accendi

515 4202 701 4277 magis
730 4223 797 4261 ac
839 4203 1041 4279 magis,
1074 4210 1132 4260 ct
1157 4200 1469 4279 praelucere
1511 4200 1701 4272 debet,
1748 4199 1958 4257 Matth.
2002 4220 2057 4257 v.
2109 4200 2201 4258 16.

599 4281 785 4341 XXI.
831 4283 1048 4357 Quarto
1078 4281 1313 4341 affertur
1343 4280 1620 4339 Doctrina
1668 4280 1741 4339 de
1786 4280 2089 4338 Electiomle
2132 4281 2586 4356 immutabilitate,
2618 4290 2678 4340 et
2705 4281 2919 4340 Salutis

515 4361 853 4434 certitudine,
879 4365 1044 4439 quasi
1067 4364 1175 4421 iter
1202 4362 1276 4421 ad
1307 4362 1787 4438 Epicureismum,
1830 4368 1887 4419 et
1930 4360 2217 4420 effraenem
2268 4362 2543 4439 peccandi
2585 4362 2919 4421 licentiam:

517 4436 665 4494 Nam
696 4440 745 4495 si
772 4440 1144 4499 immutabilis
1171 4453 1260 4501 est
1291 4442 1402 4501 Dei
1431 4442 1675 4517 Electio,
1707 4449 1767 4501 et
1804 4450 1960 4500 certa
2006 4440 2263 4499 fidelium
2312 4442 2487 4517 salus,
2530 4450 2596 4500 ut
2622 4461 2919 4518 nunquam

515 4516 589 4574 ab
612 4535 680 4573 ea
707 4518 970 4576 excidere
999 4531 1246 4595 queant3
1291 4522 1458 4581 facile
1487 4522 1759 4581 videntur
1786 4520 1981 4579 induci
2023 4542 2192 4598 posse
2242 4522 2502 4580 homines
2531 4522 2605 4579 ad
2632 4522 2919 4580 laxandas

517 4596 768 4655 habenas
798 4598 971 4671 carni,
1003 4610 1058 4656 ct
1089 4602 1258 4674 genio
1281 4600 1716 4677 indulgendum,
1751 4601 1857 4659 hac
1906 4620 2005 4679 spe
2034 4601 2182 4675 freti,
2234 4601 2378 4659 nihil
2418 4601 2592 4679 ipsos,
2642 4601 2925 4681 quicquid
