3234 5192
501 312 617 367 278
1065 326 1143 365 ns
1172 324 1452 366 Bonosum
1484 324 1724 365 ornauit
1768 323 2186 366 nncsssirs'rr..
2542 304 2805 387 [msrn’r.
2834 325 2920 367 iv.

507 470 724 528 bonum
745 475 1038 527 certamen
1075 464 1472 543 decertemus;
1532 468 1631 526 vel
1674 486 1897 527 merces
1924 466 2181 545 gratuita
2206 465 2401 545 recipi,
2447 466 2563 525 nisi
2590 466 2651 524 in
2694 484 2838 544 agro
2866 475 2927 527 et

504 549 678 608 vinea
695 548 930 607 Domini
957 549 1322 625 laboremus;
1365 548 1481 607 Vel
1505 547 1719 607 Messis
1746 547 1947 625 colligi
1972 548 2035 606 in
2060 547 2242 623 coelis,
2285 547 2399 605 nisi
2427 554 2741 606 sementem
2770 547 2920 607 fece-

507 630 688 689 rimus
715 629 778 687 in
804 630 994 707 terris,
1025 630 1123 689 vel
1164 649 1358 689 massa
1383 628 1685 708 possideri,
1728 628 1778 687 si
1803 628 2089 706 primitias
2115 648 2235 687 non
2260 628 2631 687 habuerimus
2650 630 2679 686 Ρ
2762 628 2924 687 Hinc

505 710 680 770 toties
711 711 1010 789 Scriptura
1035 710 1319 770 bonorum
1347 728 1582 788 operum
1626 710 2031 769 necessitatem
2058 716 2231 786 urget
2256 708 2333 767 ad
2359 708 2621 782 salutem,
2653 727 2769 765 non
2797 708 2923 785 qui-

507 791 642 849 dem
685 793 1096 869 acquirendam
1142 790 1214 849 de
1249 791 1401 868 jure,
1439 789 1598 866 quod
1642 790 1801 849 solus
1851 790 2115 849 Christus
2156 789 2309 865 fecit,
2362 788 2467 847 sed
2510 784 2833 847 adeundam
2866 798 2925 848 et

507 871 916 949 possidendam
945 872 1018 929 de
1045 870 1216 948 facto,
1248 890 1428 948 quum
1457 871 1580 929 sine
1611 870 1992 930 sanctimonia
2018 870 2307 930 neminem
2333 870 2594 929 visurum
2625 868 2797 927 deum
2824 868 2922 929 de·

509 952 708 1027 clarat,
743 952 896 1011 Heb.
919 952 1021 1009 xii.
1056 954 1149 1028 14,
1192 951 1456 1028 nihilque
1504 950 1865 1009 immundum
1906 959 1965 1010 et
2001 950 2365 1029 inquinatum
2392 950 2453 1008 in
2497 957 2757 1010 sanctam
2784 950 2925 1009 civi-

509 1040 690 1091 tatem
710 1031 940 1110 ingredi
960 1050 1148 1110 posse,
1175 1031 1362 1109 Apoc.
1385 1031 1510 1090 xxi.
1535 1036 1607 1090 27
1627 1054 1643 1108 3
1676 1032 1910 1090 “Foras
1931 1050 2057 1091 esse
2076 1050 2265 1106 canes,
2288 1029 2665 1107 idololatrias,
2690 1038 2750 1090 et
2764 1048 2925 1089 men-

511 1110 742 1189 daces,''
769 1112 957 1191 Apoc.
976 1113 1121 1173 xxii.
1140 1114 1232 1171 15.
1293 1111 1575 1189 Denique,
1597 1130 1727 1171 cum
1746 1112 2023 1171 sanctitas
2046 1112 2121 1170 sit
2147 1130 2281 1190 pars
2297 1112 2599 1189 potissima
2615 1111 2923 1187 felicitatis,
3038 1128 3043 1133 ·

511 1192 993 1271 quemadmodum
1025 1194 1086 1251 in
1108 1194 1234 1253 Deo
1253 1197 1309 1252 τὶ
1331 1192 1476 1265 ἅγιοι
1499 1219 1588 1251 m
1604 1193 1662 1251 τό
1686 1194 1933 1275 μώμου
1954 1193 2387 1270 conjunguntur
2406 1192 2764 1252 strictissime
2788 1212 2801 1267 ;
2847 1191 2927 1250 Et

512 1274 671 1333 salus
697 1273 794 1333 hic
811 1274 1070 1333 inchoari
1091 1274 1300 1334 debeat
1326 1295 1430 1352 per
1450 1275 1713 1352 gratiam,
1738 1284 2047 1352 antequam
2068 1281 2497 1333 consummetur
2521 1294 2625 1351 per
2646 1271 2924 1350 gloriam;

515 1353 644 1413 Imo
663 1355 852 1433 gratia
877 1356 1025 1414 nihil
1043 1355 1205 1415 aliud
1232 1355 1310 1416 sit
1329 1375 1500 1433 quam
1523 1354 1711 1432 gloria
1737 1355 2023 1429 inchoata,
2047 1361 2107 1413 et
2134 1354 2336 1433 gloria,
2363 1353 2549 1431 gratia
2566 1370 2925 1412 consumma-

514 1444 574 1494 ta
597 1458 611 1511 ;
645 1436 788 1511 Quis
808 1455 926 1494 non
947 1434 1110 1495 videt
1127 1456 1226 1495 eas
1247 1456 1308 1495 se
1329 1436 1580 1494 invicem
1599 1435 1894 1513 excipere;
1926 1435 1983 1493 N
1982 1435 2343 1511 eminemque
2362 1434 2508 1492 adeo
2533 1433 2751 1493 Salutis
2773 1452 2929 1492 com-

554 1515 872 1575 lementum
900 1523 958 1574 et
999 1536 1270 1575 coronam
1295 1535 1468 1594 posse
1495 1515 1755 1575 obtinere
1778 1516 1837 1573 in
1856 1514 2002 1574 coelo
2030 1534 2133 1592 per
2160 1514 2653 1593 glorificationem,
2676 1514 2776 1591 qui
2804 1514 2932 1591 ejus

515 1535 957 1653 fundamentum
977 1614 1094 1655 non
1105 1596 1314 1673 jecerit
1334 1596 1396 1654 in
1417 1603 1570 1654 terra
1584 1616 1689 1673 per
1715 1595 2256 1669 Sanctificationem‚
2282 1602 2339 1653 et
2358 1594 2601 1653 Pietatis
2630 1594 2885 1653 studium
2900 1596 2931 1652 Ρ

599 1674 745 1733 XV.
791 1674 1034 1735 Frustra
1081 1695 1221 1735 vero
1263 1674 1362 1733 hic
1404 1675 1729 1752 Antinomi,
1780 1684 1847 1734 ut
1893 1675 2177 1734 bonorum
2227 1674 2478 1753 Operum
2526 1675 2929 1734 necessitatem

517 1753 766 1829 elevent,
797 1753 957 1813 Loca
981 1754 1145 1813 varia
1173 1765 1509 1831 congerunt,
1539 1756 1753 1833 quibus
1793 1774 1911 1813 non
1940 1754 2186 1833 amplius
2214 1774 2341 1814 esse
2370 1755 2478 1815 sub
2505 1756 2637 1833 lege
2664 1754 2927 1831 dicimur,

518 1834 622 1893 sed
650 1834 761 1894 sub
789 1835 993 1911 gratia,
1026 1835 1195 1893 Rom.
1225 1836 1305 1894 vi.
1341 1838 1434 1911 14,
1465 1842 1524 1894 et
1551 1835 1653 1894 vii.
1683 1838 1740 1893 4.
1827 1834 2013 1895 Aliud
2039 1836 2191 1893 enim
2220 1844 2309 1894 est
2336 1855 2454 1893 non
2476 1855 2603 1895 esse
2630 1838 2729 1895 sub
2757 1838 2927 1913 Leye,

519 1921 586 1974 ut
611 1916 710 1973 sub
731 1916 970 1973 Faedere
997 1914 1074 1973 ad
1099 1915 1281 1973 vitam
1309 1934 1384 1973 ex
1413 1934 1482 1974 ea
1509 1915 1937 1992 acquirendam,
1962 1924 2029 1975 ut
2075 1923 2199 1976 erat
2225 1912 2529 1993 Adamus3
2576 1915 2764 1976 Aliud
2788 1934 2932 1975 vero

519 2014 648 2055 esse
677 1996 787 2055 sub
814 1996 982 2073 Lege,
1012 2003 1080 2055 ut
1128 1995 1236 2055 sub
1294 1996 1437 2054 Vitae
1462 1998 1664 2071 regula
1690 1994 1767 2054 ad
1793 2016 1983 2056 mores
2019 1996 2113 2074 pie
2162 2004 2221 2055 et
2258 2005 2453 2056 sancte
2483 1996 2929 2076 componendos.

521 2074 710 2135 Aliud
737 2084 828 2136 est
867 2096 994 2135 esse
1044 2076 1153 2135 sub
1203 2076 1380 2153 Lege,
1411 2085 1698 2154 quatenus
1726 2077 2037 2154 opponitur
2086 2077 2429 2155 Evangeli0,
2462 2077 2657 2155 quoad
2682 2077 2931 2155 rigidam

519 2156 788 2235 perfectae
817 2156 1160 2217 obedientiae
1188 2154 1566 2229 exactionem,
1597 2163 1657 2215 et
1682 2156 1999 2215 terribilem
2026 2177 2201 2235 quam
2246 2158 2496 2217 intentat
2534 2157 2935 2235 peccatoribus

519 2238 984 2297 maledictionem
1007 2259 1023 2313 ς
1089 2236 1274 2295 Aliud
1320 2255 1460 2295 vero
1504 2255 1631 2295 esse
1677 2236 1785 2295 sub
1831 2234 2007 2314 Lege,
2059 2245 2345 2314 quatenus
2390 2236 2478 2295 illi
2507 2237 2935 2312 subordinatur,

522 2317 715 2392 quoad
759 2336 997 2375 suavem
1042 2316 1436 2375 directionem.
1520 2315 1711 2374 Priori
1755 2336 1928 2375 sensu
1973 2335 2091 2374 non
2120 2336 2320 2375 sumus
2358 2318 2607 2393 amplius
2644 2316 2753 2374 sub
2780 2316 2931 2391 lege,

521 2404 724 2473 utpote
773 2416 807 2453 a
855 2397 1020 2473 cujus
1049 2395 1288 2474 imperio
1333 2404 1392 2454 et
1431 2396 1580 2473 jugo
1632 2396 1897 2454 Christus
1922 2414 2031 2455 nos
2070 2395 2358 2470 liberavit,
2390 2396 2492 2454 sed
2518 2393 2823 2471 posteriori
2850 2394 2939 2451 illi

525 2476 716 2535 adhuc
765 2476 1212 2553 obstringimur;
1286 2476 1507 2535 Eadem
1553 2476 1707 2535 enim
1764 2475 1909 2551 Lex,
1969 2494 2097 2553 quae
2147 2474 2399 2534 officium
2443 2482 2501 2533 et
2544 2472 2933 2532 obedientiam

523 2556 936 2635 praescribebat
965 2555 1196 2615 Adamo
1223 2556 1286 2614 in
1307 2556 1490 2615 veteri
1514 2554 1779 2631 Foedere,
1810 2565 2005 2615 manet
2032 2554 2221 2614 adhuc
2250 2554 2360 2613 sub
2400 2573 2573 2631 novo,
2604 2573 2712 2612 nec
2738 2561 2935 2632 potest

524 2655 780 2714 unquam
809 2636 1094 2715 abrogari,
1142 2636 1282 2696 licet
1325 2635 1592 2695 diversus
1642 2636 1718 2695 sit
1743 2636 2045 2714 utriusque
2088 2634 2253 2711 finis;
2301 2634 2375 2693 In
2418 2634 2519 2693 illo
2565 2633 2779 2713 quippe
2826 2634 2938 2693 hoc

526 2717 716 2777 facere
745 2716 996 2777 debebat
1015 2718 1206 2794 hom0,
1237 2726 1302 2776 ut
1330 2717 1538 2775 viveret
1563 2715 1639 2775 ad
1666 2716 1710 2777 J
1714 2716 1833 2776 uris
1862 2715 2303 2793 acquisitionem
2326 2736 2342 2792 3
2388 2712 2461 2773 In
2501 2715 2614 2775 isto
2644 2716 2781 2792 quia
2806 2716 2941 2773 vivit

526 2798 602 2856 ad
629 2798 757 2875 ejus
783 2798 1226 2876 possessionem,
1257 2804 1317 2857 et
1344 2795 1494 2875 grati
1525 2796 1702 2855 animi
1730 2796 2143 2857 testimonium.

609 2878 792 2939 XVI.
836 2880 960 2938 Nec
987 2878 1103 2937 alio
1151 2885 1414 2956 spectant
1461 2876 1645 2937 verba
1690 2876 1877 2951 Pauli,
1922 2879 1949 2935 1
1984 2877 2133 2936 Tim.
2162 2875 2201 2935 i.
2234 2878 2291 2952 9,
2348 2894 2525 2954 quum
2553 2875 2652 2951 ait,
2702 2876 2740 2908 ‘⁴
2761 2876 2806 2936 J
2808 2882 2939 2935 usto

529 2958 749 3037 Legem
777 2980 896 3019 non
939 2978 1066 3019 esse
1103 2958 1406 3037 positam.’'
1492 2958 1617 3017 Nec
1666 2955 1819 3017 enim
1846 2957 1958 3016 hoc
1988 2956 2327 3035 simpliciter
2364 2965 2423 3016 et
2448 2956 2713 3015 absolute
2741 2964 2831 3014 est
2850 2954 2939 3013 in-

528 3039 928 3117 telligendum,
961 3039 1129 3117 quasi
1180 3038 1372 3097 fidelis
1417 3038 1526 3097 sub
1575 3038 1766 3117 gratia
1813 3045 1967 3098 esset
2011 3038 2243 3115 penitus
2287 3037 2479 3113 exlex,
2530 3036 2675 3095 alias
2728 3035 2942 3095 frustra

530 3119 858 3195 Apostolus
887 3119 1029 3177 alibi
1057 3120 1280 3195 Legem
1307 3117 1444 3177 fidei
1473 3127 1532 3178 et
1554 3117 1855 3178 charitatis
1899 3118 2069 3177 nobis
2110 3118 2524 3195 praescriberet,
2556 3124 2615 3175 et
2640 3135 2940 3195 perperam

529 3197 642 3256 hoc
669 3198 730 3256 in
756 3198 886 3257 loco
911 3198 1088 3257 finem
1141 3198 1400 3257 mandati
1427 3197 1675 3257 dixisset
1714 3218 1843 3257 esse
1870 3197 2205 3257 charitatem
2234 3217 2311 3256 ex
2332 3196 2505 3257 corde
2530 3216 2676 3275 puro
2704 3204 2763 3255 et
2789 3196 2942 3255 bona

532 3277 888 3335 conscientia
935 3286 994 3335 et
1033 3276 1149 3334 fide
1178 3280 1504 3358 ἀνυποκρίτῳ,
1550 3286 1610 3337 et
1646 3298 1769 3337 ver.
1808 3280 1867 3353 8,
1917 3277 2193 3355 “Legem
2218 3278 2431 3336 bonam
2460 3296 2589 3336 esse
2618 3276 2669 3335 si
2696 3296 2766 3336 ea
2790 3276 2939 3336 bene

533 3356 717 3415 utaris
738 3356 792 3415 :’'
841 3356 957 3415 Sed
983 3355 1096 3414 hoc
1124 3356 1442 3416 secundum
1471 3357 1613 3434 quid
1662 3356 1876 3416 dicitur
1901 3358 2121 3417 ratione
2151 3356 2373 3416 scilicet
2400 3358 2626 3434 riqoris,
2656 3358 2941 3415 minarum

534 3444 594 3495 et
613 3436 1032 3510 maledictionis,
1058 3454 1203 3511 quas
1231 3436 1480 3495 intentat
1521 3436 1959 3496 contumacibus
2001 3446 2061 3495 et
2087 3436 2463 3513 ἀνυποτάκτοις,
2496 3439 2751 3515 quicum
2779 3438 2943 3496 nulla

526 3516 675 3595 justi
723 3536 861 3575 cura
903 3522 1232 3593 tangantur,
1265 3524 1602 3575 coercentur
1630 3516 1833 3576 saltem
1882 3516 2077 3593 aliqua
2103 3536 2401 3594 poenarum
2450 3516 2773 3591 formidine,
2804 3517 2943 3576 dum

535 3596 824 3657 terribiles
845 3595 974 3675 ejus
1003 3596 1331 3655 sanctiones
1351 3596 1631 3656 audiunt:
1692 3594 1778 3655 At
1804 3594 2023 3671 fideles,
2055 3597 2156 3674 qui
2188 3596 2468 3676 Spiritum
2500 3598 2797 3658 servitutis
2823 3618 2941 3657 non

533 3677 754 3737 habent
781 3677 1033 3755 amplius
1060 3675 1139 3736 ad
1165 3676 1431 3736 timorem
1461 3676 1566 3735 sed
1617 3675 1895 3754 Spiritum
1924 3675 2251 3755 adoptionis
2278 3686 2337 3738 et
2378 3678 2682 3754 libertatiS,
2726 3677 2943 3757 quique

533 3766 600 3817 ut
627 3757 876 3837 populus
918 3756 1302 3833 voluntarius,
1331 3756 1487 3816 Psal.
1537 3776 1631 3815 cx.
1674 3760 1732 3827 3,
1776 3757 2011 3818 virtutis
2052 3776 2245 3815 amore
2274 3766 2333 3818 et
2360 3766 2563 3837 sponte
2592 3760 2667 3818 ad
2694 3756 2944 3817 officium

536 3837 813 3914 feruntur,
843 3858 960 3897 non
1007 3837 1312 3897 formidine
1359 3856 1546 3915 poenae
1570 3859 1584 3912 ;
1632 3836 1763 3895 Non
1792 3838 2041 3916 amplius
2068 3838 2316 3898 subsunt
2352 3839 2511 3898 durae
2539 3840 2625 3897 illi
2654 3846 2714 3899 et
2740 3839 2940 3897 inexo-

533 3919 706 3978 rabili
754 3919 1018 3994 dominoe,
1061 3917 1164 3977 sed
1215 3918 1434 3994 Legem
1479 3917 1701 3995 regiam
1744 3917 2029 3977 libertatis
2074 3926 2410 3996 sequuntur,
2438 3921 2738 3998 vitamque
2780 3938 2942 3977 suam

524 4000 700 4079 juxta
727 4002 855 4078 ejus
881 3998 1141 4077 regulam
1169 4006 1538 4076 componunt.

618 4080 834 4140 XVII.
882 4080 1188 4158 Perperam
1208 4078 1380 4138 etiam
1397 4078 1495 4137 hic
1515 4076 1592 4137 ad
1617 4078 1961 4137 Libertatem
1982 4078 2362 4138 Christianam
2384 4086 2749 4157 provocatur,
2779 4079 2945 4157 quasi

536 4181 606 4219 ea
634 4162 909 4221 excludat
933 4160 1217 4219 bonorum
1246 4158 1499 4236 Operum
1526 4158 1966 4235 necessitatem;
2013 4158 2155 4218 Alia
2174 4160 2328 4219 enim
2358 4168 2447 4220 est
2467 4160 2731 4219 Libertas
2756 4160 2945 4237 Spiri-

537 4251 642 4316 tus,
666 4241 808 4301 Alia
823 4261 964 4301 vero
989 4241 1198 4302 Carnis
1214 4240 1489 4299 Licentia.
1547 4239 1675 4298 Ista
1701 4238 1935 4315 quidem
1964 4258 2094 4299 cum
2116 4240 2285 4300 bonis
2305 4240 2591 4318 Operibus
2612 4248 2703 4299 est
2716 4240 2943 4300 scaen·

541 4342 655 4394 *⁰⁶3
705 4321 820 4380 Sed
848 4322 950 4381 illa
974 4340 1358 4400 nequaquam,
1391 4340 1522 4379 cum
1551 4339 1692 4378 vera
1717 4320 1957 4380 libertas
1985 4321 2045 4379 in
2072 4320 2241 4398 praxi
2267 4320 2501 4399 pietatis
2528 4329 2589 4380 et
2632 4321 2795 4381 cultu
2830 4320 2944 4380 Dei

538 4400 728 4477 posita
755 4402 847 4473 sit,
877 4403 1087 4461 servire
1115 4404 1258 4462 enim
1302 4403 1448 4477 Deo,
1499 4420 1745 4479 regnare
1773 4410 1868 4460 est.
1953 4401 2160 4479 Itaque
2204 4402 2381 4461 solvit
2406 4422 2515 4461 nos
2562 4401 2796 4479 quidem
2842 4400 2942 4461 Li-

539 4478 734 4537 bertas
763 4479 993 4555 Christi,
1024 4503 1059 4539 a
1079 4484 1226 4559 jugo
1278 4482 1455 4558 Legis
1502 4481 1919 4555 maledicentis,
1949 4502 1984 4540 a
2011 4481 2343 4559 Tyrannide
2393 4480 2643 4557 Diaboli,
2683 4502 2720 4541 a
2750 4481 2944 4542 Servi-

539 4566 664 4617 tute
692 4559 910 4633 peccati
935 4582 948 4632 3
999 4562 1113 4618 Sed
1160 4582 1276 4619 non
1317 4561 1524 4621 eximit
1550 4581 1585 4619 a
1610 4562 1955 4621 necessitate
2002 4562 2347 4621 obedientiae
2395 4562 2524 4622 Deo
2578 4562 2941 4640 praestandae,

538 4640 654 4703 imo
685 4638 978 4695 vinculum
1010 4640 1190 4696 nostri
1220 4640 1480 4716 obsequii
1509 4660 1578 4699 eo
1607 4640 1813 4700 fortius
1840 4640 2126 4717 astringit,
2158 4661 2274 4719 quo
2300 4643 2489 4719 magis
2528 4644 2652 4702 Deo
2682 4642 2943 4701 obstricti
