3234 5192
526 314 639 372 102
1305 330 1383 369 na
1414 328 1778 370 sacnsssam
1809 329 2154 370 ssessslons
2587 308 2848 393 [msrur.
2880 330 2940 371 v.

524 471 633 531 &Q
691 472 867 547 Quasi
897 472 1031 530 hinc
1059 470 1375 529 clarissime
1404 478 1646 546 constet,
1683 470 1916 529 Petrum
1939 488 2054 529 non
2081 468 2254 528 modo
2275 468 2454 529 fuisse
2483 490 2518 529 a
2545 471 2776 530 Christo
2806 490 2940 531 con-

524 553 789 612 stitutum
832 552 1109 610 Ecclesiae
1136 551 1593 625 fundamentum,
1627 550 1730 609 scd
1770 552 1942 609 etiam
1981 550 2296 627 principem
2325 559 2386 609 et
2413 552 2781 610 monarcham
2810 571 2938 609 cum

525 633 955 692 suecessoribus
1021 631 1159 690 suis.
1204 632 1425 690 Verum
1458 629 1605 689 nihil
1633 632 1840 689 vanius
1881 638 1940 689 et
1977 630 2180 689 falsius
2205 630 2314 687 hoe
2343 630 2640 708 figmento.
2725 632 2938 707 Primo,

524 713 661 789 quia
687 732 983 789 perperam
1022 720 1081 770 et
1110 712 1291 787 gratis
1320 711 1662 789 supponitur
1681 720 1926 785 petram,
1958 709 2030 768 de
2068 729 2183 786 qua
2221 710 2484 769 Christus
2511 712 2782 788 loquitur,
2815 730 2942 770 esse

524 793 707 869 ipsam
734 812 1039 870 personam
1084 792 1259 867 Petri,
1306 811 1437 849 cum
1466 790 1643 848 variis
1671 790 1989 848 rationibus
2017 789 2394 849 demonstrari
2416 802 2608 868 queat,
2631 812 2748 849 non
2773 810 2944 869 posse

526 892 632 930 nec
661 872 871 930 debere
898 872 1008 929 hoe
1038 871 1114 929 ad
1156 872 1394 930 Petrum
1422 871 1611 947 ipsum
1641 869 1856 928 referri.
1928 868 1980 927 1.
2013 868 2161 943 Quia
2181 878 2354 943 petra
2402 871 2497 929 hic
2525 890 2796 948 expresse
2824 870 2942 929 dis-

524 952 811 1028 tinguitur
850 970 886 1009 a
928 951 1119 1027 Petr0,
1152 976 1213 1008 ev
1240 972 1287 1013 a:
1322 960 1521 1030 Ππςος,
1544 954 1636 1009 καὶ
1656 948 1910 1029 ιπὶτκΰτῃ
1939 953 2007 1029 ”J
2033 949 2204 1028 πέτςᾳ.
2279 948 2366 1007 At
2402 950 2452 1009 si
2484 950 2717 1009 Petrum
2758 949 2946 1013 voluit

525 1030 848 1107 designare,
870 1051 971 1089 eur
990 1050 1106 1088 non
1125 1030 1364 1089 eandem
1386 1050 1589 1089 vocem
1610 1030 1834 1104 retinet,
1857 1030 1959 1087 sed
1981 1029 2152 1087 aliam
2171 1028 2386 1087 diversi
2407 1031 2636 1106 generis
2662 1040 2901 1109 usurpat
2917 1035 2946 1091 Ρ

528 1111 651 1171 Nec
680 1110 871 1171 obstat
899 1111 1055 1188 quod
1076 1111 1312 1187 Syriaco
1328 1110 1605 1187 loquutus
1619 1112 1696 1169 sit
1717 1109 1998 1183 Christus,
2029 1108 2184 1185 apud
2215 1108 2395 1185 Syros
2421 1118 2612 1168 autem
2643 1132 2792 1170 &aas
2813 1130 2942 1188 pro·

525 1191 744 1250 miscue
771 1192 1034 1269 usurpari
1056 1198 1115 1249 et
1135 1209 1238 1268 pro
1262 1190 1435 1249 Petro
1452 1198 1511 1248 et
1528 1210 1632 1267 pro
1647 1198 1827 1268 petra,
1849 1189 1972 1247 sine
1995 1188 2222 1265 generis
2243 1189 2578 1249 mutatione.
2631 1190 2686 1247 N
2687 1210 2780 1249 am
2807 1189 2944 1249 lieet

530 1271 794 1330 Christus
820 1270 1056 1347 Syriaee
1077 1272 1355 1347 loquutus
1372 1272 1467 1345 sit,
1490 1278 1551 1329 et
1570 1288 1640 1328 ea
1665 1270 1868 1346 lingua
1895 1271 2098 1327 Petrus
2119 1277 2180 1327 et
2207 1270 2386 1327 Petra
2412 1268 2614 1329 eodem
2639 1290 2781 1329 sono
2803 1270 2940 1329 affe-

526 1359 741 1424 rantur,
761 1360 963 1409 notum
984 1358 1177 1409 tamen
1198 1370 1317 1408 non
1337 1350 1491 1409 idem
1510 1350 1729 1409 servari
1748 1368 1960 1426 genus3
1984 1368 2137 1422 nam,
2159 1368 2334 1425 quum
2357 1350 2590 1425 ponitur
2605 1370 2710 1427 pro
2730 1350 2939 1427 lapide,

526 1428 863 1489 femininum
876 1439 981 1505 est,
998 1450 1175 1507 quum
1186 1450 1289 1507 pro
1300 1448 1560 1507 persona,
1574 1429 1978 1487 masculinum.
2029 1428 2204 1487 Adde
2222 1430 2379 1505 quod
2394 1430 2723 1506 Matthaeus,
2739 1430 2944 1489 Graece

527 1510 803 1579 scribens,
827 1530 945 1569 non
972 1519 1091 1569 tam
1121 1510 1365 1569 sollicite
1393 1509 1758 1567 distinxisset
1783 1509 1934 1567 inter
1961 1508 2137 1590 nia-gn
2175 1517 2234 1567 et
2263 1508 2454 1587 mirem,
2485 1509 2598 1567 nisi
2638 1508 2714 1566 ad
2750 1509 2942 1585 expri-

527 1589 795 1647 mendam
825 1589 1041 1648 Christi
1072 1598 1341 1664 mentem,
1371 1609 1443 1647 ne
1472 1589 1604 1665 quis
1637 1588 1872 1647 Petrum
1899 1589 2072 1647 talem
2115 1596 2334 1666 petram
2364 1608 2488 1646 esse
2517 1588 2938 1664 arbitraremur,

527 1667 632 1726 sed
684 1668 758 1727 ab
814 1688 885 1727 ea
922 1678 1087 1746 petra
1128 1668 1365 1727 Petrum
1426 1668 1603 1727 fuisse
1660 1666 2090 1727 denominatum
2137 1676 2440 1727 constaret.
2527 1668 2612 1728 Ut
2651 1688 2790 1727 vero
2827 1688 2944 1726 non

526 1756 720 1827 potest
768 1748 922 1806 idem
965 1768 1091 1807 esse
1132 1768 1341 1807 nomen
1385 1756 1444 1807 et
1484 1748 1934 1823 denominatum,
1991 1749 2075 1807 ita
2121 1765 2230 1806 nee
2282 1757 2446 1825 petra
2507 1768 2734 1822 nomen,
2784 1748 2944 1807 unde

528 1828 739 1887 Petrus
776 1827 1195 1901 denominatur,
1235 1835 1425 1904 potest
1454 1827 1607 1886 idem
1651 1846 1778 1886 esse
1822 1847 1953 1886 eum
1991 1828 2136 1905 ipso,
2215 1827 2490 1904 August.,
2519 1835 2684 1887 tract.
2719 1830 2852 1903 124,
2885 1828 2944 1886 in

526 1908 572 1967 J
574 1908 687 1983 oh.,
722 1910 759 1941 ‘⁸
781 1906 1045 1967 Ecclesia
1074 1908 1313 1966 fundata
1340 1916 1430 1966 est
1459 1928 1632 1985 super
1657 1916 1898 1985 petram,
1930 1908 2034 1966 sed
2065 1908 2273 1967 Petrus
2315 1926 2349 1965 a
2390 1917 2586 1984 petra;
2631 1908 2780 1967 sieut
2826 1928 2942 1965 non

530 1988 793 2046 Christus
810 2006 845 2045 a
868 1987 1211 2060 Christiane,
1234 1986 1337 2046 sed
1360 1988 1722 2047 Christianus
1761 2007 1796 2045 a
1825 1988 2056 2046 Christo
2083 1988 2382 2045 vocatur.”
2419 1986 2703 2063 SecundO,
2737 1986 2944 2046 Petrus

526 2086 642 2125 non
690 2075 882 2144 potest
908 2088 1035 2127 esse
1081 2086 1115 2125 a
1158 2076 1335 2145 petra,
1387 2067 1459 2126 de
1506 2088 1624 2145 qua
1665 2068 1762 2125 hie
1803 2068 2011 2144 agitur,
2056 2067 2194 2143 quia
2233 2085 2368 2143 pars
2409 2075 2499 2125 est
2539 2076 2598 2125 et
2623 2067 2944 2125 membrum

527 2146 823 2222 Ecclesiae,
868 2168 997 2223 quae
1040 2167 1213 2225 super
1252 2168 1383 2205 eum
1426 2156 1517 2205 est
1561 2146 1914 2219 aedificanda,
1945 2145 2100 2205 unde
2129 2146 2225 2204 vel
2269 2166 2443 2223 super
2471 2147 2726 2223 seipsum
2765 2146 2944 2204 aedifi-

524 2236 764 2302 caretur,
797 2226 889 2284 vel
922 2227 1093 2286 debet
1122 2248 1158 2285 a
1184 2237 1347 2303 petra
1373 2226 1674 2303 distingui.
1758 2226 1972 2301 Terti0,
2001 2226 2222 2284 firmius
2249 2226 2440 2285 adhuc
2465 2226 2578 2284 hoc
2605 2226 2794 2303 ipsum
2827 2226 2945 2285 col·

523 2306 725 2383 ligitur
752 2326 828 2365 ex
870 2315 1075 2364 natura
1113 2308 1195 2364 rei
1240 2325 1369 2382 quae
1409 2307 1505 2364 hie
1547 2307 1918 2384 promittitur,
1963 2305 2342 2364 aedificatione
2384 2306 2604 2365 scilicet
2646 2306 2943 2365 Ecclesiae.

527 2386 613 2444 At
641 2406 771 2444 cum
820 2386 1033 2444 Paulus
1062 2394 1320 2461 testetur,
1375 2390 1402 2443 1
1437 2387 1567 2445 Cor.
1598 2386 1680 2445 iii.
1725 2386 1815 2462 11,
1859 2386 2084 2445 nullum
2128 2384 2288 2443 aliud
2329 2384 2762 2445 fundamentum
2806 2386 2944 2463 poni

524 2484 695 2541 posse
722 2472 931 2542 praeter
958 2466 1266 2539 Christum,
1296 2465 1491 2524 hocin
1515 2466 1675 2525 Petri
1699 2485 2002 2543 personam
2021 2466 2144 2524 sine
2174 2465 2478 2543 sacrilegio
2506 2466 2802 2524 transferri
2827 2486 2944 2524 non

526 2552 743 2621 posset.
828 2543 1064 2619 QuartO,
1108 2545 1304 2605 nullus
1348 2544 1554 2603 melior
1594 2546 1878 2623 interpres
1918 2546 2045 2603 dari
2077 2554 2269 2623 potest
2316 2544 2442 2623 ipso
2473 2545 2662 2620 Petro,
2707 2546 2806 2623 qui
2832 2546 2944 2605 hoe

524 2642 639 2681 non
670 2624 742 2681 ad
773 2642 852 2698 se,
884 2624 987 2683 sed
1024 2624 1100 2684 ad
1140 2625 1328 2683 solum
1358 2625 1650 2684 Christum
1677 2624 1868 2701 refert,
1909 2626 2110 2702 primae
2153 2645 2201 2683 c.
2231 2624 2292 2683 ii.
2321 2628 2377 2701 4,
2423 2628 2480 2685 5.
2551 2626 2675 2684 Nee
2717 2625 2945 2685 obstare

522 2712 715 2781 potest
754 2722 1071 2781 pronomen
1109 2704 1626 2765 demonstrativum
1647 2703 1822 2786 τιῦτῃ,
1843 2726 2015 2781 super
2056 2707 2202 2764 hanc
2236 2715 2482 2781 petram,
2519 2705 2675 2781 quod
2712 2706 2946 2765 videtur

522 2783 883 2843 referendum
926 2784 1001 2843 ad
1040 2786 1304 2862 proxime
1326 2784 1692 2860 antecedens,
1737 2796 1804 2844 ut
1833 2787 1910 2844 sit
1951 2785 2202 2862 positum
2233 2786 2361 2844 loco
2405 2784 2652 2860 relativi,
2701 2794 2768 2843 ut
2814 2786 2944 2845 vult

521 2866 911 2939 Maldonatus,
942 2864 1107 2941 quasi
1136 2865 1399 2941 dixisset,
1428 2867 1464 2897 “
1486 2865 1577 2925 Tu
1603 2874 1768 2942 petra
1794 2884 1874 2941 es,
1907 2884 2078 2942 super
2104 2885 2278 2942 quam
2301 2864 2599 2924 aedificabo
2622 2864 2942 2923 Ecclesiam

523 2946 766 3004 ineam.’'
827 2945 972 3002 Nam
1002 2946 1206 3023 primo,
1236 2965 1354 3003 non
1394 2953 1483 3004 est
1510 2964 1764 3021 neeesse,
1794 2945 1968 3022 paulo
1995 2953 2128 3003 ante
2157 2964 2282 3003 eam
2312 2952 2532 3023 petram
2561 2942 2738 3004 fuisse
2763 2944 2946 3003 nomi-

520 3034 715 3083 natam
758 3025 831 3082 ab
862 3024 985 3101 ipso
1015 3026 1263 3099 Christe,
1294 3024 1397 3084 sed
1424 3024 1635 3085 sufficit
1662 3024 1735 3083 de
1773 3044 1842 3083 ea
1881 3024 2058 3083 fuisse
2081 3026 2203 3102 jam
2233 3025 2448 3083 factum
2477 3042 2795 3085 sermonem
2822 3047 2836 3102 ς
2879 3033 2946 3085 ut

523 3104 758 3161 omnino
800 3102 987 3161 factus
1015 3103 1139 3178 fuit,
1171 3105 1222 3162 si
1250 3114 1412 3181 petra
1439 3104 1510 3162 ad
1542 3105 1962 3163 consessionem
2007 3104 2182 3179 Petri,
2213 3105 2309 3164 vel
2338 3104 2412 3163 ad
2451 3104 2742 3164 Christum
2771 3124 2942 3182 quem

520 3182 821 3240 confessus
849 3190 987 3255 erat,
1006 3182 1301 3241 referatur.
1338 3184 1560 3241 Deinde
1578 3184 1680 3260 qui
1707 3184 1894 3242 nescit
1914 3184 2083 3243 istius
2111 3184 2269 3242 modi
2290 3184 2639 3261 pronomina
2655 3205 2772 3243 non
2794 3204 2941 3243 sem-

520 3276 625 3337 per
651 3259 727 3318 ad
753 3261 1014 3336 proxime
1038 3270 1097 3320 et
1117 3261 1451 3321 immediate
1475 3263 1824 3339 praecedens,
1851 3261 1952 3322 sed
1987 3264 2300 3340 aliquando
2323 3263 2399 3321 ad
2423 3266 2703 3323 remotius
2723 3264 2940 3341 referri,

522 3339 757 3415 quando
783 3340 865 3397 rei
888 3348 1093 3398 natura
1108 3342 1219 3399 hoe
1238 3341 1467 3419 exigit?
1496 3342 1650 3401 Vide
1676 3344 1810 3401 Act.
1831 3344 1891 3402 ii.
1917 3348 2014 3419 22,
2041 3348 2136 3419 23,
2169 3352 2229 3403 et
2257 3344 2336 3403 iii.
2366 3347 2458 3419 15,
2488 3347 2594 3419 163
2625 3348 2660 3401 2
2686 3344 2860 3402 Thes.
2880 3345 2940 3404 ii.

524 3420 581 3493 8,
612 3421 669 3477 9.
701 3419 795 3478 Ita
821 3418 959 3478 licet
983 3420 1095 3478 hoc
1118 3418 1429 3479 referamus
1450 3422 1547 3481 vel
1574 3422 1652 3480 ad
1673 3423 1983 3498 Christum,
2015 3424 2112 3481 vel
2133 3422 2209 3481 ad
2232 3423 2650 3483 confessionem
2682 3433 2740 3482 et
2767 3424 2940 3483 fidem

525 3498 699 3576 Petri,
714 3498 861 3557 nihil
880 3496 1012 3557 inde
1030 3500 1215 3559 coacti
1234 3502 1515 3578 exsurgit,
1531 3502 1634 3561 sed
1659 3522 1862 3562 sensus
1883 3504 2097 3580 optime
2119 3504 2276 3577 fluet,
2301 3504 2552 3562 maxime
2577 3504 2625 3561 si
2653 3502 2938 3578 addimus,

521 3578 582 3637 in
608 3579 843 3637 nomine
874 3579 1031 3637 Petri
1074 3588 1295 3657 petram
1322 3600 1493 3659 posse
1540 3581 1658 3641 dici
1685 3582 1921 3655 includi,
1964 3583 2130 3659 quasi
2173 3582 2438 3643 Christus
2481 3582 2744 3657 dixisset,
2795 3584 2941 3642 “Tu

521 3658 729 3718 diceris
760 3660 969 3717 Petrus
996 3680 1031 3717 a
1058 3678 1150 3719 me
1192 3669 1371 3738 petra,
1405 3680 1578 3740 super
1617 3682 1788 3739 quam
1819 3662 2120 3721 aedificabo
2143 3662 2464 3721 Ecclesiam
2509 3664 2754 3722 meam.’'
2818 3662 2939 3722 Nee

518 3758 736 3799 novum
785 3748 875 3798 est
914 3740 1251 3799 relationem
1287 3741 1411 3800 fieri
1440 3742 1752 3819 aliquando
1779 3742 1856 3800 ad
1884 3762 2086 3801 vocem
2108 3742 2164 3800 in
2196 3743 2558 3819 praecedente
2585 3744 2779 3819 aliqua
2819 3743 2937 3801 dic·

516 3820 675 3879 tione
700 3820 995 3893 latentem,
1026 3830 1093 3879 ut
1138 3821 1184 3880 J
1186 3821 1279 3880 oh.
1323 3822 1444 3880 viii.
1493 3825 1590 3897 44,
1649 3822 1722 3882 de
1763 3821 2014 3881 Diabolo
2061 3823 2306 3898 loquens
2335 3822 2616 3897 Christus,
2647 3824 2719 3881 ’ὅτι
2758 3818 2940 3895 ψεύδει·

518 3900 619 3957 ἔστι
644 3904 786 3960 καὶὸ
830 3904 995 3980 rank
1042 3905 1211 3975 ἄντοῦ,
1244 3901 1385 3977 quid
1413 3904 1609 3960 ἀυτοῦῖ
1650 3922 1854 3979 nempe
1881 3910 1970 3961 τοῦ
2010 3898 2237 3977 ψεύδους,
2285 3902 2443 3979 quod
2489 3902 2632 3961 latet
2681 3905 2736 3961 in
2795 3922 2940 3961 voee

516 3977 717 4053 ψιόδης.
802 3980 955 4055 Quid
998 3980 1047 4037 si
1096 3980 1355 4040 dicamus
1402 4000 1718 4059 pronomen
1746 3983 1858 4041 hoe
1905 4004 2022 4041 non
2071 3982 2412 4041 sumendum
2461 4002 2588 4041 esse
2617 3986 2934 4064 ἅναφοςικῢς,

519 4060 623 4119 sed
650 4059 897 4125 διιίιτιιῢς
925 4059 1307 4137 de·loquentis
1333 4080 1578 4137 persona
1597 4063 1627 4119 ?
1645 4062 1953 4138 quomodO,
1986 4063 2029 4121 J
2032 4062 2126 4121 oh.
2147 4064 2204 4120 ii.
2239 4065 2330 4136 19,
2356 4064 2391 4094 “
2415 4062 2623 4121 solvite
2651 4063 2929 4139 templum

516 4140 687 4215 hoe,'’
714 4142 977 4200 Christus
1006 4139 1147 4199 dicit
1176 4160 1344 4199 suum
1373 4160 1580 4217 corpu«
1614 4140 1939 4218 indicando,
1972 4142 2065 4199 vel
2093 4142 2286 4219 palma
2313 4150 2516 4219 peetus
2542 4141 2934 4220 percutiendo,

520 4218 771 4278 Domino
799 4229 997 4279 nostro
1025 4239 1227 4279 vocem
1258 4238 1417 4277 suam
1450 4230 1617 4297 gestu
1647 4220 1979 4297 adjuvante.
2053 4222 2150 4280 Sic
2177 4222 2365 4299 potuit
2395 4222 2657 4281 Christus
2686 4222 2937 4299 seipsum

516 4297 876 4375 designando
932 4299 1139 4375 dicere,
1192 4318 1363 4376 super
1416 4301 1565 4359 hanc
1618 4307 1857 4376 petram,
1890 4320 1925 4359 a
1952 4320 2067 4378 qua
2094 4302 2200 4360 tibi
2227 4320 2434 4361 nomen
2470 4301 2626 4360 Petri
2669 4302 2934 4377 inditum,

517 4375 593 4434 ad
622 4377 1058 4453 significandam
1104 4378 1433 4438 firmitatem
1472 4388 1631 4438 tuam
1679 4380 1738 4436 in
1779 4380 1911 4455 fide,
1960 4390 2019 4439 et
2055 4400 2288 4458 operam
2331 4382 2390 4439 in
2420 4381 2709 4457 evangelii
2739 4380 2935 4439 minis-

515 4454 662 4514 terio
707 4456 842 4515 olim
884 4458 1288 4534 praestandam,
1340 4458 1639 4518 aedificabo
1684 4458 2008 4519 Ecclesiam
2035 4480 2262 4535 meam;
2307 4460 2466 4537 quod
2503 4460 2802 4519 commode
2846 4461 2936 4518 in·

514 4542 863 4642 tet-’pretatur
892 4536 1279 4613 Augustinus,
1314 4540 1348 4571 “
1372 4540 1557 4615 Super
1582 4539 1733 4615 me,'’
1760 4541 1964 4617 inquit,
1997 4544 2034 4575 “
2057 4540 2357 4599 aedificabo
2385 4549 2460 4615 te,
2491 4560 2608 4598 non
2636 4560 2728 4599 me
2759 4560 2932 4618 super
