3234 5192
574 366 691 424 630
1132 382 1211 422 ns
1240 379 1719 423 ssrxsrac'rloms
1747 378 1980 420 cums-rx
2013 380 2330 420 vamum
2579 359 2862 442 [msmrr.
2899 384 3014 423 xx.

579 525 629 584 si
657 523 769 602 ipsi
798 524 976 583 semel
1004 523 1215 583 solutio
1243 522 1354 581 fuit
1380 523 1655 601 praestita,
1687 533 1744 581 et
1790 523 1916 581 haec
1961 523 2172 582 solutio
2201 522 2334 581 talis
2377 528 2466 581 est
2493 542 2624 599 quae
2674 522 2810 599 ipso
2843 522 3017 582 facto

576 624 736 663 reum
759 604 853 663 vel
883 604 1199 663 debitorem
1226 604 1451 680 liberat,
1482 604 1619 681 quia
1647 602 1791 662 illud
1836 604 2024 680 ipsum
2074 602 2320 661 solvitur
2346 602 2500 679 quod
2549 612 2640 661 est
2667 603 2732 659 in
2763 604 3010 680 obliga-

573 686 748 745 tione.
799 684 915 744 Sed
942 686 1115 762 longe
1144 684 1311 742 aliter
1357 684 1428 743 de
1456 694 1622 742 reatu
1671 704 1774 742 seu
1801 684 1979 743 debito
2015 684 2238 760 poenali
2267 684 2647 760 judicandum
2697 692 2810 758 est,
2847 684 3010 741 illud

576 768 729 825 enim
758 776 847 825 est
865 767 1167 841 personale
1194 764 1351 841 quod
1378 784 1453 823 ex
1498 764 1691 840 rigore
1739 764 1888 841 legis
1931 783 2232 841 personam
2282 783 2434 821 ream
2465 763 2772 823 efficiendo
2801 784 3006 841 poenae

576 864 703 905 eam
732 845 1002 923 subjicit;
1047 844 1305 921 Ideoque
1352 844 1429 903 ad
1456 844 1519 903 id
1562 852 1628 903 ut
1654 845 1779 922 ipso
1827 842 1979 903 facto
2017 864 2150 902 reus
2192 843 2465 902 liberetur
2493 864 2608 902 non
2659 843 2882 901 sufficit
2935 853 3008 903 ut

578 927 726 985 alius
754 945 857 1003 pro
886 926 1012 1003 ipso
1041 924 1245 999 solvat,
1278 923 1561 1002 siquidem
1592 924 1651 980 in
1681 925 2034 1001 obligatione
2063 931 2152 983 est
2177 943 2348 1001 poena
2369 924 2524 983 illius
2553 924 2654 1001 qui
2681 933 3004 1001 peccatum

580 1007 882 1079 commisit,
914 1014 973 1064 et
998 1026 1155 1063 noxa
1183 1014 1353 1080 caput
1376 1004 1628 1081 sequitur
1653 1005 1766 1063 nisi
1810 1004 2046 1063 accedat
2081 1004 2443 1081 indulgentia
2463 1004 2720 1081 judicis;
2765 1005 2820 1061 si
2853 1024 3006 1081 ergo

578 1088 693 1147 ista
718 1105 890 1165 poena
916 1106 1031 1144 non
1062 1084 1355 1161 infligatur
1394 1085 1505 1162 ipsi
1534 1104 1650 1159 ree,
1682 1085 1786 1143 sed
1828 1086 1889 1143 in
1918 1085 2095 1143 alium
2143 1086 2466 1162 quempiam
2497 1084 2908 1159 transferatur,
2941 1094 3007 1143 et

583 1168 634 1227 si
652 1166 837 1244 judex
868 1166 1213 1225 solutionem
1240 1165 1398 1222 illam
1429 1165 1501 1223 ab
1532 1165 1646 1223 alio
1675 1167 2006 1243 praestitam,
2037 1160 2211 1242 quam
2259 1185 2376 1223 non
2405 1173 2634 1224 tenetur
2659 1164 3004 1239 admittere,

582 1247 685 1307 sed
714 1266 789 1305 ex
818 1247 1006 1323 rigore
1046 1246 1197 1323 juris
1244 1264 1507 1303 recusare
1554 1254 1763 1322 potest,
1798 1246 1859 1302 in
1887 1245 2132 1322 gratiam
2164 1245 2272 1303 Rei
2315 1253 2575 1322 acceptat
2622 1253 2682 1303 et
2707 1244 3000 1320 admittit,

581 1346 773 1385 nonne
800 1336 955 1385 recte
983 1346 1053 1385 eo
1082 1345 1255 1385 sensu
1283 1334 1341 1385 et
1388 1324 1836 1384 satisfactionem
1867 1346 1902 1383 a
1933 1324 2098 1383 Vade
2147 1326 2414 1402 recipere,
2446 1333 2506 1383 et
2553 1324 2727 1384 simul
2755 1345 3002 1402 poenam

580 1407 872 1485 peccatori
909 1415 967 1465 et
1014 1426 1112 1465 reo
1140 1406 1429 1465 remittere
1452 1406 1691 1482 dicetur,
1724 1406 1982 1465 debitum
2019 1406 2255 1483 exigere
2283 1414 2342 1464 et
2369 1414 2561 1464 tamen
2587 1425 2862 1483 personae
2893 1406 2998 1464 de-

580 1488 773 1546 bitrici
819 1506 1068 1564 parcere,
1100 1496 1383 1563 quatenus
1411 1486 1587 1545 alium
1614 1486 1677 1543 in
1723 1489 1850 1563 ejus
1876 1486 2067 1548 locum
2117 1486 2418 1563 subrogari
2463 1506 2538 1544 ex
2578 1504 2738 1544 mera
2768 1486 2999 1544 miseri-

581 1567 778 1625 cordia
804 1586 1008 1642 passus
1036 1568 1172 1624 est?
1214 1566 1307 1624 Ita
1334 1566 1477 1623 nihil
1508 1566 1699 1625 obstat
1727 1566 2034 1643 quominus
2063 1566 2326 1625 Christus
2374 1566 2435 1624 id
2463 1566 2650 1643 ipsum
2699 1566 2868 1643 quod
2897 1566 2998 1625 de-

580 1646 859 1704 bebamus
889 1646 1141 1719 solverit,
1174 1654 1233 1703 et
1258 1654 1451 1704 tamen
1481 1645 1656 1705 Pater
1683 1647 1850 1705 nobis
1881 1666 2104 1723 semper
2131 1666 2204 1705 ex
2234 1646 2420 1723 gratia
2447 1654 2684 1723 peccata
2709 1647 2994 1721 remittat,

580 1725 811 1801 quando
838 1745 955 1782 non
982 1724 1154 1783 modo
1182 1725 1389 1783 vadem
1418 1735 1477 1784 et
1518 1744 1851 1801 sponsorem
1895 1728 1998 1803 qui
2042 1725 2394 1786 satisfaceret
2422 1727 2545 1803 ipse
2593 1726 2666 1785 de
2715 1746 2826 1785 suo
2855 1726 2996 1784 dare

580 1806 783 1879 voluit,
815 1825 931 1862 non
958 1824 993 1862 a
1020 1805 1187 1863 nobis
1215 1816 1535 1881 expectare,
1568 1805 1673 1863 sed
1699 1806 1872 1865 etiam
1911 1807 2255 1865 solutionem
2299 1805 2373 1864 ab
2401 1807 2526 1884 ipso
2571 1807 2895 1883 praestitam
2925 1806 2994 1863 li-

580 1886 715 1944 bere
744 1893 1059 1962 acceptare,
1091 1893 1149 1943 et
1176 1885 1343 1943 nobis
1372 1884 1589 1961 absque
1618 1886 1754 1945 ullis
1782 1886 2002 1946 meritis
2042 1886 2256 1945 nostris
2291 1887 2572 1963 imputare
2600 1886 2897 1963 dignatur,
2929 1896 2994 1944 ut

580 1965 676 2024 hic
704 1964 1017 2024 habeamus
1045 1965 1226 2024 semel
1252 1975 1310 2023 et
1338 1965 1509 2023 simul
1531 1966 1664 2043 ἱερεῖς
1685 1966 2052 2043 impletionem
2073 1975 2130 2025 et
2151 1968 2574 2039 relaxationem,
2607 1986 2755 2044 opus
2785 1967 2992 2043 gratiae

580 2054 641 2105 et
661 2046 921 2123 justitiae,
954 2046 1297 2105 solutionem
1343 2045 1525 2105 debiti
1568 2057 1628 2106 et
1668 2048 1796 2124 ejus
1839 2045 2354 2122 condonationem;
2401 2048 2528 2105 Lex
2554 2047 2828 2123 impletur
2849 2046 2994 2123 quia

582 2126 829 2186 solvitur
870 2146 1041 2205 poena
1067 2125 1199 2204 lege
1245 2128 1480 2202 sancita,
1512 2126 1617 2185 sed
1665 2128 1960 2185 relaxatur
2002 2127 2138 2203 quia
2165 2147 2280 2185 non
2322 2127 2497 2185 solvit
2543 2127 2783 2204 praecise
2811 2126 2865 2185 is
2895 2127 2995 2204 qui

585 2206 835 2266 debebat
880 2207 983 2265 sed
1025 2207 1190 2283 alius,
1214 2208 1442 2284 justitia
1472 2216 1561 2266 est
1588 2208 1745 2284 quod
1773 2215 2071 2285 peccatum
2109 2208 2359 2283 punitur,
2391 2207 2580 2285 gratia
2606 2206 2764 2283 quod
2784 2226 2994 2285 pecea-

580 2287 693 2345 tori
714 2288 980 2363 parcitur,
1008 2286 1217 2346 solutio
1246 2296 1335 2345 est
1362 2288 1499 2363 quia
1518 2287 1764 2365 pretium
1783 2287 1952 2346 datur
1973 2296 2031 2347 et
2056 2286 2593 2369 kna'avrgorjustitiae
2621 2286 2834 2345 divinae
2857 2307 2989 2365 per·

580 2366 729 2423 fecte
756 2366 1126 2443 respondens„
1158 2365 1420 2424 remissio
1444 2386 1580 2424 vero
1599 2368 1735 2443 quia
1753 2367 1898 2425 nihil
1919 2368 2033 2426 tale
2055 2388 2090 2425 a
2111 2366 2482 2445 delinquente
2509 2367 2766 2445 exigitur
2787 2389 2802 2443 ;
2827 2368 2994 2445 prius

581 2445 641 2501 in
672 2445 919 2519 Christo,
950 2446 1235 2521 posterius
1263 2446 1323 2501 in
1352 2446 1518 2503 nobis
1546 2447 1738 2505 locum
1766 2447 1959 2506 habet.
2043 2448 2222 2506 Porro
2271 2468 2400 2506 cum
2429 2447 2578 2524 legis
2616 2447 2876 2523 aliquam
2905 2468 2994 2506 re·

580 2523 934 2582 laxationem
962 2542 1252 2601 urgemus,
1284 2544 1401 2583 non
1428 2523 1786 2585 admittimus
1814 2527 2287 2603 acceptilationem
2319 2527 2702 2602 Socinianam,
2733 2547 2868 2585 nam
2893 2548 2986 2587 ac·

580 2603 873 2681 ceptilatio
903 2604 1113 2663 solutio
1142 2613 1230 2663 est
1256 2604 1598 2682 imaginaria
1625 2614 1866 2683 tantum,
1897 2616 1956 2665 et
1981 2606 2139 2667 fictio
2159 2608 2310 2685 juris
2338 2628 2452 2685 qua
2473 2616 2774 2685 acceptum
2801 2606 2986 2668 fertur

580 2684 737 2762 quod
764 2685 896 2761 quis
925 2684 1149 2743 solvere
1192 2686 1509 2761 tenebatur,
1558 2686 1795 2763 perinde
1843 2707 1910 2745 ac
1961 2688 2008 2745 si
2037 2708 2177 2747 vera
2231 2688 2637 2747 intervenisset
2665 2688 2900 2764 solutiO,
2930 2696 2992 2746 at

580 2785 686 2824 nos
713 2784 911 2823 veram
940 2764 1285 2825 solutionem
1314 2786 1348 2823 a
1376 2767 1605 2826 Christo
1633 2786 1760 2825 esse
1789 2766 1980 2825 datam
2001 2777 2170 2827 antea
2195 2768 2584 2846 probavimus.

664 2846 783 2904 XI.
828 2846 1031 2924 Neque
1058 2846 1153 2905 hic
1179 2845 1497 2924 putandum
1526 2868 1631 2925 per
1646 2848 2060 2907 relaxationem
2083 2849 2252 2907 istam
2276 2848 2464 2907 Deum
2487 2856 2589 2907 aut
2608 2848 2992 2906 mutabilitatis

580 2926 827 3005 alicujus
854 2927 1037 3005 argui,
1068 2937 1169 2987 aut
1183 2929 1422 3004 peccati.
1493 2928 1644 2986 Nam
1693 2928 1767 2986 ad
1807 2928 1966 3005 prins
2014 2928 2248 3005 quidem
2269 2927 2426 3006 quod
2469 2928 2691 3004 attinet,
2722 2928 2990 3004 quamvis

580 3007 961 3066 diversissimi
998 3008 1115 3067 sint
1160 3007 1477 3067 voluntatis
1526 3007 1740 3067 divinae
1787 3007 2042 3083 effectus,
2093 3028 2210 3067 non
2253 3016 2446 3087 potest
2471 3016 2665 3066 tamen
2693 3007 2989 3066 mutabilis

581 3086 713 3161 dici,
745 3088 881 3163 quia
908 3087 1014 3145 hos
1044 3087 1199 3163 ipsos
1227 3088 1465 3147 effectus
1492 3108 1567 3146 ex
1595 3087 1827 3147 decreto
1867 3108 1972 3147 suo
2019 3088 2365 3148 immutabili
2411 3088 2694 3165 producit,
2725 3088 2807 3146 ita
2833 3088 2986 3146 enim

582 3166 655 3222 ab
685 3175 898 3223 aeterno
927 3165 1361 3226 immutabiliter
1386 3168 1542 3244 apud
1570 3188 1632 3227 se
1661 3168 2037 3228 constituerat
2081 3168 2524 3247 dispensationis
2559 3188 2677 3227 suae
2705 3170 2988 3227 rationem

582 3243 639 3300 in
670 3244 781 3301 hoc
808 3243 904 3300 vel
932 3243 1033 3301 illo
1063 3254 1281 3304 mutare
1306 3268 1321 3322 ς
1364 3256 1682 3306 mutaretur
1715 3268 1852 3307 sane
1883 3248 1932 3306 si
1960 3268 2090 3307 cum
2119 3250 2435 3308 mutatione
2463 3247 2770 3307 effectuum
2801 3258 2987 3306 muta-

580 3333 669 3381 ret
696 3322 1072 3398 voluntatem,
1106 3324 1207 3382 sed
1235 3346 1365 3383 eum
1394 3326 1595 3385 eadem
1645 3346 1871 3405 semper
1897 3328 1973 3387 sit
2001 3337 2060 3389 ct
2095 3328 2348 3404 immota,
2379 3349 2451 3388 ne
2495 3328 2833 3388 mutationis
2859 3329 2989 3405 qui·

581 3403 709 3461 dem
742 3403 945 3461 umbra
980 3403 1041 3460 in
1096 3423 1166 3461 eo
1214 3404 1676 3482 deprehenditur.
1723 3408 2018 3467 Posterius
2066 3429 2204 3468 vero
2232 3410 2414 3468 multo
2463 3409 2654 3467 minus
2681 3408 2768 3466 illi
2795 3418 2990 3486 potest

580 3482 773 3559 tribui,
806 3502 938 3541 nam
968 3482 1077 3542 etsi
1093 3483 1322 3560 justitia
1348 3505 1422 3543 ex
1452 3506 1568 3561 qua
1593 3488 1850 3547 nascitur
1885 3508 2182 3566 poenarum
2229 3488 2527 3549 retributio
2557 3488 2633 3547 sit
2662 3488 2790 3547 Deo
2817 3498 2990 3548 natu·

581 3564 717 3622 ralis
746 3584 813 3622 ac
839 3563 1078 3641 proinde
1106 3564 1499 3639 immutabiliS,
1530 3568 1869 3626 exercitium
1912 3576 2104 3627 tamen
2148 3570 2316 3628 istius
2351 3569 2595 3646 justitiae
2623 3568 2870 3627 liberum
2901 3577 2993 3629 est

580 3656 638 3703 et
664 3666 701 3702 a
728 3644 1009 3721 sapientia
1035 3644 1450 3704 determinatur
1501 3646 1905 3723 diversimode,
1937 3649 1996 3706 in
2029 3650 2101 3708 iis
2130 3650 2351 3709 scilicet
2398 3670 2526 3726 quae
2555 3656 2690 3709 sunt
2701 3650 2861 3724 juris
2877 3670 2992 3725 po·

578 3726 741 3785 sitivi.
813 3725 963 3784 Nam
1010 3724 1275 3801 quaedam
1321 3735 1456 3785 sunt
1488 3727 1645 3803 juris
1699 3730 1978 3787 naturalis
2021 3738 2080 3787 et
2120 3729 2603 3807 indispensabilis,
2647 3738 2714 3787 ut
2755 3749 2994 3805 poenam

579 3813 815 3882 peccato
844 3805 999 3864 omni
1029 3804 1241 3877 deberi,
1272 3806 1535 3882 quaedam
1576 3828 1716 3866 vero
1747 3812 1902 3883 juris
1943 3810 2117 3882 liberi,
2148 3820 2214 3869 ut
2259 3818 2617 3888 peccatorem
2667 3828 2898 3867 omnem
2931 3812 2992 3867 in

576 3886 807 3963 propria
834 3905 1078 3963 persona
1105 3886 1471 3963 plectendum
1501 3908 1646 3947 esse.
1721 3888 2206 3948 Sierelaxabiles
2249 3910 2368 3949 non
2415 3897 2550 3948 sunt
2589 3890 2752 3966 leges
2796 3890 2996 3949 scelus

576 3966 963 4044 prohibentes,
996 3967 1089 4025 vel
1118 3986 1247 4043 quae
1276 3987 1351 4025 ex
1379 3968 1744 4026 irrevocabili
1771 3969 1966 4046 aliquo
1995 3969 2225 4028 decreto
2254 3970 2456 4045 fluunt,
2488 3970 2676 4046 qualis
2724 3978 2814 4027 est
2863 3970 2994 4029 haec

577 4047 649 4105 de
678 4046 1021 4105 damnandis
1070 4047 1578 4123 impoenitentibus,
1631 4048 1735 4107 sed
1780 4049 1941 4125 leges
1969 4050 2226 4126 poenales
2253 4050 2313 4107 in
2343 4049 2554 4126 quibus
2592 4050 2995 4109 irrevocabilis

576 4127 795 4186 decreti
820 4136 959 4186 nota
984 4146 1102 4185 non
1120 4127 1441 4205 apponitur,
1468 4148 1710 4205 quaeque
1741 4129 1798 4185 in
1820 4132 1952 4205 jure
1970 4130 2220 4206 positivo
2251 4130 2618 4207 aliquomodo
2647 4128 2992 4205 fundantur,

576 4208 627 4265 si
666 4227 783 4266 non
826 4206 1017 4284 quoad
1060 4226 1179 4265 rem
1206 4209 1405 4285 ipsam,
1440 4209 1644 4267 saltem
1675 4208 1867 4285 quoad
1893 4208 2128 4268 modum
2159 4218 2217 4269 et
2245 4210 2719 4285 circumstantias,
2753 4208 2992 4287 dispen-

576 4286 855 4345 sationem
885 4288 1133 4364 aliquam
1159 4288 1461 4347 admittere
1491 4297 1734 4366 possunt
1753 4290 1928 4362 juxta
1957 4289 2069 4348 Dei
2096 4289 2412 4348 bonitatem
2443 4300 2500 4349 et
2529 4290 2887 4367 sapientiam.

658 4365 813 4423 XII.
861 4367 977 4425 Sed
1016 4367 1153 4444 quid
1184 4388 1345 4446 opus,
1387 4368 1630 4444 inquieS,
1662 4368 1998 4427 remissione
2028 4370 2128 4428 ubi
2155 4370 2378 4428 nullum
2409 4369 2656 4448 amplius
2694 4378 2782 4427 est
2819 4368 2992 4428 debi-

574 4450 696 4501 tum
714 4446 743 4502 Ρ
784 4445 1007 4503 nullum
1036 4448 1189 4505 enim
1216 4458 1305 4507 est
1332 4449 1579 4525 amplius
1606 4448 1884 4524 debitum,
1916 4448 2016 4508 ubi
2039 4449 2159 4527 jam
2185 4449 2354 4527 plene
2383 4469 2488 4527 pro
2518 4470 2587 4508 eo
2615 4458 2704 4508 est
2723 4448 2990 4509 satisfac-

574 4530 717 4581 tum.
751 4522 945 4599 Resp.,
979 4526 1201 4586 Damus
1228 4529 1447 4587 nullam
1480 4549 1652 4606 posse
1681 4529 1905 4606 concipi
1933 4530 2326 4589 remissionem
2358 4530 2456 4589 ubi
2485 4530 2706 4589 nullum
2736 4529 2993 4606 amplius

574 4609 663 4660 est
692 4600 968 4672 debitum,
1012 4614 1070 4664 et
1096 4606 1319 4665 nullum
1349 4626 1475 4666 esse
1505 4608 1766 4667 debitum
1794 4610 1893 4667 ubi
1922 4610 2092 4687 plena
2121 4610 2301 4669 debiti
2340 4610 2551 4669 solutio
2579 4619 2637 4667 et
2666 4608 2991 4669 satisfactio

573 4680 896 4743 intercedit.
922 4682 1039 4741 Sed
1058 4686 1232 4763 plena
1248 4687 1562 4747 satisfactio
1583 4687 1994 4765 distinguenda
2011 4700 2116 4766 est,
2141 4689 2276 4748 Alia
2295 4690 2447 4749 enim
2466 4690 2547 4749 ita
2567 4689 2777 4748 dicitur
2791 4692 2994 4766 quoad
