3234 5192
321 374 551 416 msru‘r.
581 352 670 436 v.]
1005 377 1084 417 ns
1111 378 1324 423 'rmsus
1354 378 1635 419 rssrmus
1663 376 2052 421 centusi-rsus.
2618 366 2731 425 301

319 514 600 575 sariorum
625 534 810 575 unum
853 526 1004 593 sunt,
1047 538 1166 577 non
1207 525 1430 578 tantum
1472 538 1776 594 consensu,
1808 518 1912 579 sed
1938 526 1998 578 et
2024 520 2291 580 essentia.
2376 520 2536 599 Ergo
2568 522 2741 585 Pater

317 604 378 655 et
405 596 666 654 Verbum
707 616 840 656 cum
885 598 1106 677 Spiritu
1141 608 1311 659 erunt
1335 618 1516 659 unum
1543 598 1945 659 essentialiter.
2031 599 2263 675 Quinto,
2295 600 2517 659 Eadem
2544 604 2737 663 unitas

317 674 492 735 debet
517 675 784 753 intelligi,
816 696 990 754 quam
1009 678 1273 738 Christus
1313 679 1453 738 alibi
1491 678 1602 739 sibi
1632 688 1689 738 et
1720 677 1880 738 Patri
1904 678 2124 754 tribuit,
2155 680 2295 740 Joh.
2325 700 2385 739 x.
2416 682 2511 755 30,
2546 685 2583 715 “
2606 683 2736 761 Ego

317 763 380 814 et
420 756 594 815 Pater
632 776 813 815 unum
855 759 1113 833 sumus,'’
1159 758 1244 818 At
1284 778 1401 817 non
1444 768 1533 818 est
1571 760 1766 819 unitas
1806 767 2032 818 tantum
2069 778 2401 836 consensus,
2433 760 2537 820 sed
2564 764 2737 821 etiam

317 835 513 894 unitas
553 836 854 897 essentiae:
943 842 995 897 1.
1041 838 1190 914 Quia
1226 839 1270 899 J
1273 839 1425 898 udoei
1465 840 1575 897 hoc
1615 840 1700 898 ita
1740 838 2090 916 intelligunt,
2134 840 2367 918 quando
2409 859 2541 899 eum
2582 841 2739 903 blas-

317 915 564 993 phemiae
605 924 909 995 propterea
948 925 1262 995 arcessunt,
1306 938 1376 979 eo
1417 918 1592 997 quod,
1638 919 1812 977 homo
1840 938 1973 977 cum
2000 928 2171 995 esset,
2202 940 2263 979 se
2292 919 2506 980 faceret
2545 921 2735 983 Deum

320 1013 440 1053 ver.
473 998 568 1055 33.
654 1000 710 1056 2.
755 998 1020 1057 Christus
1060 998 1170 1057 hoc
1211 1017 1330 1056 non
1368 1007 1562 1076 negat,
1608 998 1713 1057 sed
1740 998 2041 1057 coufirmat
2068 1018 2143 1057 ex
2168 999 2469 1060 identitate
2498 1019 2735 1079 operum

323 1094 558 1135 suorum
585 1083 646 1134 ct
675 1077 884 1154 Patris,
914 1097 1035 1137 ver.
1068 1081 1164 1154 3⁷,
1212 1080 1250 1112 ‘⁶
1271 1079 1335 1138 Si
1375 1096 1494 1137 non
1535 1077 1685 1137 facio
1728 1098 1901 1156 opera
1944 1078 2133 1139 Patris
2173 1080 2307 1151 mei,
2356 1100 2474 1138 non
2518 1082 2735 1143 credite

319 1155 481 1230 mihi,
513 1154 617 1215 sed
645 1156 696 1215 si
721 1156 870 1217 facio
898 1158 1116 1217 credite
1144 1158 1414 1235 operibus
1437 1181 1452 1235 ;
1495 1164 1562 1217 ut
1589 1158 1955 1236 cognoscatis
1982 1164 2041 1216 et
2068 1159 2317 1219 credatis
2348 1160 2579 1219 Patrem
2606 1180 2735 1223 esse

320 1234 384 1292 in
411 1254 520 1308 me,
551 1243 612 1293 et
637 1256 730 1295 me
757 1238 818 1294 in
848 1239 1074 1298 Patre.''
1155 1238 1243 1297 At
1271 1238 1320 1297 si
1347 1238 1495 1297 falso
1535 1238 1650 1297 hoc
1692 1238 2029 1315 impingitur
2070 1238 2181 1317 ipsi
2222 1259 2259 1297 a
2298 1240 2559 1317 Judoeis3
2620 1244 2737 1303 Cur

320 1314 640 1373 vanitatem
688 1316 1101 1377 criminationis
1141 1338 1258 1376 non
1297 1318 1543 1396 repellit,
1587 1316 1947 1378 ostendendo
1992 1336 2091 1377 eos
2146 1336 2442 1397 perperam
2484 1330 2736 1381 mentem

324 1412 490 1452 suam
517 1395 893 1473 interpretari,
939 1418 1070 1457 cum
1111 1417 1231 1456 non
1271 1397 1344 1457 de
1387 1398 1606 1457 unitate
1649 1397 1931 1472 essentiae,
1966 1406 2139 1473 prout
2163 1398 2253 1457 illi
2293 1398 2735 1478 arbitrabantur,

323 1472 428 1533 sed
455 1473 527 1533 de
555 1475 776 1535 unitate
802 1484 1026 1537 tantum
1053 1478 1373 1538 voluntatis
1414 1487 1474 1537 et
1513 1496 1829 1537 consensus
1872 1478 2147 1553 loquutus
2190 1486 2344 1537 esset
2364 1481 2393 1537 Ρ
2490 1479 2635 1538 Cum
2665 1482 2737 1541 E.

320 1552 468 1611 nihil
496 1554 612 1613 tale
639 1564 888 1634 praestet,
920 1558 1050 1617 Imo
1077 1559 1378 1618 confirmet
1403 1559 1648 1619 ulterius
1674 1556 1832 1635 quod
1860 1556 2102 1634 dixerat,
2146 1564 2305 1636 patet
2344 1558 2493 1618 hanc
2534 1578 2739 1621 revera

321 1632 448 1711 ejus
489 1642 739 1695 mentem
767 1637 964 1713 fuisse,
994 1657 1124 1716 quse
1151 1659 1188 1697 a
1213 1639 1258 1698 J
1259 1638 1443 1698 udoeis
1471 1638 1558 1696 illi
1586 1638 1949 1697 adscribitur.

403 1713 664 1775 XXIII.
709 1716 842 1775 Non
887 1718 1368 1778 dissimulandum
1409 1726 1605 1778 tamen
1640 1718 1805 1777 varia
1843 1717 1941 1775 hic
1982 1716 2249 1795 excipere
2296 1717 2621 1779 Haereticos
2660 1720 2737 1780 ad

319 1793 442 1851 vim
468 1794 638 1854 istius
665 1799 993 1874 argumenti
1019 1798 1382 1858 eludendam.
1470 1797 1666 1857 Primo
1692 1816 1811 1856 non
1836 1814 2009 1875 posse
2029 1799 2217 1874 magis
2232 1798 2513 1857 unitatem
2540 1818 2736 1859 essen-

317 1873 415 1933 tiae
445 1875 660 1953 colligi,
692 1877 922 1953 quando
949 1886 1068 1937 tres
1093 1886 1272 1938 testes
1298 1897 1479 1938 unum
1507 1896 1635 1937 esse
1664 1877 1950 1951 dicuntur,
1976 1895 2148 1953 quam
2176 1896 2355 1956 quum
2386 1880 2422 1912 ‘⁴
2442 1878 2661 1939 Paulus
2681 1888 2741 1941 et

321 1952 570 2031 Apollos
599 1956 870 2015 dicuntur
897 1976 1024 2017 esse
1051 1958 1290 2032 unum‚”
1325 1961 1356 2016 1
1389 1959 1520 2017 Cor.
1549 1958 1632 2017 iii.
1664 1960 1719 2031 8,
1750 1976 1929 2051 quum
1960 1957 2223 2017 Christus
2244 1966 2387 2032 orat,
2410 1958 2455 2018 J
2456 1959 2551 2019 oh.
2590 1960 2735 2020 xvii.

321 2036 418 2109 21,
449 2043 516 2094 ut
558 2036 596 2068 ‘⁶
619 2036 933 2096 Credentes
973 2056 1154 2095 unum
1197 2037 1330 2113 sint,
1377 2038 1526 2097 sicut
1569 2038 1747 2096 Pater
1772 2056 1835 2095 m
1860 2036 2004 2114 ipso,
2034 2044 2094 2096 et
2120 2036 2245 2115 ipse
2272 2038 2335 2095 in
2363 2038 2553 2114 Patre,
2582 2049 2651 2099 ut
2678 2048 2738 2100 et

318 2112 432 2189 ipsi
459 2114 522 2171 in
547 2114 667 2173 illis
693 2136 874 2175 unum
901 2117 1076 2191 sint,”
1107 2116 1264 2193 quod
1305 2116 1380 2173 ad
1411 2117 1695 2177 unitatem
1731 2116 1995 2175 essentiae
2021 2116 2384 2175 referendum
2413 2136 2539 2177 esse
2566 2138 2740 2179 nemo

319 2192 552 2268 dixerit,
582 2193 682 2252 vel
708 2214 886 2271 quum
917 2195 1150 2271 Paulus,
1187 2198 1216 2253 1
1250 2195 1380 2255 Cor.
1398 2195 1478 2254 vi.
1502 2198 1593 2272 17,
1629 2198 1667 2230 “
1683 2214 1815 2254 eum
1843 2195 1945 2273 qui
1972 2195 2227 2254 adhaeret
2256 2195 2523 2273 Domino,
2554 2216 2736 2258 unum

325 2271 605 2349 Spiritum
626 2275 793 2333 esse’'
824 2273 982 2334 dicit.
1068 2276 1245 2353 Resp.
1294 2274 1412 2335 Sed
1451 2275 1582 2353 quis
1623 2295 1742 2334 nou
1781 2274 1959 2351 videt,
1991 2274 2087 2334 hic
2112 2275 2417 2336 haereticos
2443 2296 2549 2355 pro
2574 2298 2737 2339 more

320 2370 560 2431 peccare
606 2352 836 2413 fallacia
881 2355 1122 2433 parium,
1174 2364 1234 2415 et
1278 2355 1453 2433 longe
1501 2355 1806 2415 dissimilia
1852 2354 2108 2414 conferre
2128 2358 2159 2414 ¹?
2256 2356 2535 2432 Quamvis
2582 2360 2738 2419 enim

319 2431 522 2491 eadem
551 2434 730 2494 verba
755 2444 1117 2515 usurpentur,
1149 2456 1265 2496 non
1294 2436 1554 2514 sequitur
1579 2445 1773 2496 tamen
1802 2437 1995 2496 statim
2024 2435 2227 2497 eodem
2256 2456 2431 2497 sensu
2458 2439 2739 2499 sumenda

319 2527 447 2571 esse
469 2534 484 2590 3
515 2515 696 2573 verba
723 2516 876 2575 enim
903 2517 1118 2577 debent
1143 2516 1395 2595 intelligi
1419 2536 1526 2595 pro
1555 2518 1817 2594 subjecta
1842 2517 2102 2577 materia.
2152 2517 2371 2577 Paulus
2401 2526 2459 2577 et
2486 2519 2539 2576 A
2546 2521 2738 2597 pollos

319 2591 466 2652 bene
506 2614 678 2655 unum
717 2597 1002 2673 dicuntur,
1048 2606 1173 2658 tum
1213 2616 1364 2675 resp.
1408 2597 1586 2672 qfficii,
1632 2597 1769 2674 quia
1807 2596 1963 2656 idem
2004 2616 2215 2657 munus
2256 2598 2560 2675 sustinent,
2612 2609 2735 2660 tum

318 2690 468 2751 resp.
497 2675 852 2755 infirmitatis,
883 2680 1020 2756 quia
1058 2678 1206 2737 nihil
1247 2685 1383 2735 sunt
1421 2696 1528 2755 per
1567 2696 1648 2751 se,
1692 2684 1751 2735 et
1776 2677 1925 2735 nihil
1950 2685 2195 2754 possunt
2219 2678 2439 2754 absque
2468 2678 2733 2757 Christo;

320 2752 424 2811 sed
463 2763 622 2831 patet
661 2776 780 2817 non
819 2776 990 2835 posse
1039 2757 1156 2815 dici
1209 2776 1390 2815 unum
1443 2764 1674 2829 natura,
1733 2756 1870 2833 quia
1924 2756 2211 2815 distinctae
2267 2766 2403 2815 sunt
2454 2776 2733 2835 personne,

319 2851 450 2909 quae
497 2834 830 2896 distinctam
873 2856 1114 2894 numero
1161 2836 1469 2893 essentiam
1513 2834 1749 2894 habent.
1841 2835 1927 2894 At
1968 2836 2029 2893 in
2075 2834 2290 2893 divinis
2331 2836 2499 2893 aliter
2539 2856 2601 2895 se
2642 2858 2737 2897 res

318 2911 512 2987 habet,
560 2914 665 2971 ubi
717 2915 1006 2973 distinctae
1064 2916 1333 2972 Personae
1389 2912 1633 2971 eandem
1686 2932 1926 2972 numero
1994 2914 2301 2972 essentiam
2368 2914 2733 2993 participant,

321 2996 382 3046 et
426 2990 540 3049 hoc
586 2992 719 3051 ideo
765 2994 850 3068 fit,
901 2992 1060 3068 quod
1113 3012 1245 3050 cum
1303 2993 1365 3049 in
1420 2991 1689 3049 humanis
1734 3000 1853 3051 tres
1901 3012 2162 3069 personae
2207 2991 2421 3051 saciant
2463 3001 2583 3052 tres
2628 2995 2733 3054 ho·

319 3068 522 3144 mines,
573 3071 711 3147 quia
757 3090 1004 3149 persona
1050 3070 1325 3147 quaelibet
1377 3071 1633 3128 humana
1684 3072 1861 3129 habet
1906 3072 2255 3148 peculiarem
2310 3072 2619 3132 essentiam
2660 3075 2737 3135 ab

321 3147 451 3207 aliis
491 3167 729 3209 numero
785 3151 1154 3224 distinctam3
1213 3149 1274 3207 in
1316 3150 1530 3207 divinis
1584 3157 1781 3208 tamen
1846 3158 1965 3210 tres
2031 3170 2293 3229 personae
2359 3172 2479 3212 non
2522 3153 2737 3215 facient

317 3236 437 3288 tres
487 3228 662 3305 Deos,
720 3231 858 3308 quia
911 3248 1284 3308 personarum
1333 3229 1661 3288 divinarum
1712 3230 1885 3289 unica
1938 3240 2028 3291 est
2074 3239 2133 3291 et
2184 3232 2489 3294 individua
2542 3254 2735 3296 essen-

317 3309 418 3369 tia.
540 3315 597 3370 2.
642 3310 865 3371 Eadem
925 3310 1148 3370 ratione
1193 3310 1440 3369 solvitur
1485 3310 1649 3369 locus
1692 3310 1839 3369 alter
1885 3331 1961 3370 ex
2001 3312 2143 3371 Joh.
2190 3314 2335 3373 xvii.
2379 3318 2454 3374 21
2498 3318 2734 3394 petitus,

319 3391 457 3468 quia
483 3391 634 3451 male
663 3398 1067 3469 argumentum
1095 3391 1326 3450 ducitur
1369 3391 1405 3423 “
1427 3389 1500 3450 ab
1527 3391 1749 3450 unitate
1780 3392 2065 3469 spirituali
2092 3400 2152 3452 et
2176 3394 2483 3471 mystica,”
2513 3416 2642 3474 quae
2671 3398 2734 3457 in

319 3471 720 3531 communione
769 3472 1018 3549 Spiritus
1058 3470 1338 3548 consistit,
1389 3471 1465 3530 ad
1521 3472 1557 3505 ‘⁴
1577 3472 1865 3532 unitatem
1916 3471 2306 3532 ineffabilem”
2360 3494 2734 3553 personarum

318 3550 637 3611 Trinitatis.
724 3550 848 3609 Nec
873 3551 1154 3628 particula
1194 3553 1352 3617 ιαθὺς
1377 3551 1488 3610 hoc
1515 3560 1710 3628 potest
1736 3553 2020 3630 evincere,
2050 3562 2251 3613 notum
2280 3556 2433 3613 enim
2460 3576 2589 3614 eam
2616 3578 2735 3617 non

319 3648 546 3707 semper
590 3630 995 3709 aequalitatem,
1041 3631 1140 3691 vel
1183 3631 1564 3708 identitatem,
1618 3630 1723 3691 sed
1771 3634 2087 3711 saepissime
2142 3634 2451 3710 aliqualem
2504 3644 2731 3695 tantum

319 3710 757 3770 similitudinem
783 3710 1054 3787 indicare,
1082 3718 1150 3771 ut
1177 3730 1355 3789 quum
1377 3712 1548 3789 jubet
1587 3731 1695 3770 nos
1746 3713 1908 3773 Deus
1954 3715 1991 3747 ‘⁴
2012 3720 2079 3771 ut
2122 3713 2301 3773 simus
2350 3715 2535 3773 sancti
2583 3716 2735 3776 sicut

317 3789 443 3867 ipse
486 3798 720 3851 sanctus
760 3791 907 3867 est‚”
952 3791 1096 3851 Lev.
1138 3792 1220 3851 xi.
1264 3796 1360 3869 44,
1405 3802 1464 3851 et
1507 3792 1772 3851 Christus
1802 3794 1838 3827 ‘⁸
1858 3800 1925 3852 ut
1952 3793 2132 3852 simus
2158 3791 2397 3870 perfecti
2424 3802 2485 3853 et
2508 3795 2729 3855 miseri·

319 3870 540 3945 cordes,
573 3871 723 3931 sicut
751 3870 924 3931 Pater
949 3872 1203 3933 coelestis
1247 3881 1336 3932 est
1361 3870 1653 3949 perfectus
1694 3880 1753 3931 et
1778 3872 2163 3948 misericors‚''
2188 3874 2399 3932 Matth.
2454 3892 2513 3933 v.
2542 3878 2639 3952 48,
2670 3885 2731 3936 et

321 3946 464 4009 Luc.
494 3950 574 4008 vi.
606 3953 701 4027 36,
733 3959 792 4011 et
820 3952 1038 4011 Paulus
1069 3955 1106 3987 “
1131 3961 1200 4012 ut
1225 3952 1587 4011 ambulemus
1615 3952 1677 4011 in
1724 3952 2003 4013 charitate
2031 3954 2183 4013 sicut
2214 3953 2477 4012 Christus
2504 3973 2613 4013 nos
2640 3956 2727 4014 di-

317 4028 525 4105 lexit‚'’
557 4030 708 4109 Eph.
736 4051 795 4090 v.
826 4035 882 4108 2,
913 4030 1132 4092 clarum
1160 4040 1249 4092 est
1275 4033 1372 4092 hic
1389 4033 1643 4111 aliquam
1664 4040 1885 4091 tantum
1916 4034 2243 4111 analogiam
2271 4035 2585 4110 connotari‚
2609 4054 2727 4095 nou

315 4110 548 4189 plenam
577 4119 636 4170 et
663 4112 986 4171 absolutam
1016 4113 1422 4189 aequalitatem.
1465 4116 1521 4172 3.
1554 4113 1725 4187 Quod
1752 4112 1983 4172 additur
2028 4134 2104 4173 ex
2137 4116 2166 4171 1
2210 4115 2340 4173 Cor.
2369 4114 2449 4173 vi.
2484 4116 2577 4189 17,
2608 4134 2727 4174 non

315 4190 505 4269 magis
533 4200 738 4269 urget:
768 4192 919 4252 Nam
949 4193 1166 4253 Paulus
1193 4212 1310 4252 non
1339 4191 1480 4250 dicit
1505 4192 1710 4251 fideles
1746 4212 1873 4251 esse
1900 4213 2079 4252 unum
2128 4212 2261 4252 cum
2290 4194 2434 4269 Deo,
2468 4195 2571 4253 sed
2598 4214 2728 4256 esse

315 4290 487 4330 unum
514 4272 807 4349 Spiritum,
839 4273 902 4332 id
928 4281 1034 4348 est,
1065 4292 1191 4331 esse
1218 4292 1390 4331 unum
1416 4272 1653 4349 Spiritu,
1686 4272 1823 4348 quia
1846 4290 2027 4331 unum
2054 4272 2416 4350 eundemque
2448 4274 2725 4351 Spiritum

313 4352 676 4430 participant,
707 4352 809 4431 qui
837 4372 872 4411 a
899 4352 1098 4429 Capite
1127 4350 1468 4410 diffunditur
1514 4352 1576 4409 in
1605 4352 1799 4410 omnia
1840 4351 2113 4427 membra,
2160 4352 2429 4431 idemque
2455 4354 2517 4412 in
2544 4374 2723 4416 mem·

313 4430 434 4491 bris
461 4440 747 4509 operatur,
779 4432 936 4509 quod
963 4438 1231 4509 operatus
1258 4438 1348 4491 est
1373 4430 1436 4489 in
1463 4430 1683 4510 Capite,
1706 4438 1849 4509 puta
1873 4430 2072 4507 vitam,
2102 4430 2310 4510 lucem,
2342 4434 2721 4513 sanctitatem,

313 4513 610 4589 gaudium,
641 4518 700 4573 et
727 4512 989 4589 gloriam.

395 4590 648 4653 XXIV.
680 4591 927 4653 Addunt
953 4589 1226 4669 haeretici,
1257 4590 1526 4651 doctores
1550 4596 1783 4651 nostros
1809 4590 2131 4669 primarios,
2156 4592 2482 4673 Calvinum,
2504 4596 2720 4657 Bezam

312 4688 430 4730 non
457 4671 624 4733 aliter
651 4671 1004 4751 exposuisse,
1035 4690 1210 4750 quam
1237 4672 1310 4733 de
1336 4672 1558 4734 unitate
1586 4690 1922 4749 consensus,
1968 4671 2275 4753 Pei-peram
2302 4694 2442 4755 ergo
2470 4696 2577 4737 nos
2604 4679 2721 4737 alio
