3234 5192
292 344 526 385 masur.
555 323 676 405 111.]
923 344 1002 385 nn
1030 342 1378 387 scamnum
1409 342 1616 385 sacam
1646 342 2091 387 Aurnomn'rs.
2586 332 2701 391 25⁷

287 484 600 544 etiamnum
627 482 802 543 hodie
829 485 1055 563 agitari,
1085 492 1146 545 et
1171 483 1488 544 indecisam
1505 486 1903 564 manere,{ipso
1932 494 2079 546 teste
2110 486 2481 565 BellarminO,
2512 488 2613 548 lib.
2644 494 2700 548 2.

286 565 360 624 de
390 564 680 640 Conciliis,
713 584 838 642 cap.
869 566 1012 641 xiii„
1045 566 1176 624 aliis
1203 584 1378 642 supra
1407 564 1749 624 Pontificem
1772 567 2048 643 Concili0,
2079 566 2209 626 aliis
2234 568 2504 628 Pontifici
2531 589 2707 647 supra

287 644 608 703 Concilium
635 646 1042 705 authoritatem
1071 646 1221 704 hanc
1240 644 1688 704 vindicantibus·
1777 646 1842 705 Si
1869 666 2007 723 ergo
2034 647 2314 707 hactenus
2340 648 2701 709 indefinitum

284 732 496 799 manet,
525 725 641 783 utri
670 744 894 784 summa
935 726 1038 785 illa
1077 724 1398 785 authoritas
1438 724 1747 783 tribuenda
1782 726 1875 800 sit,
1908 736 1967 785 et
1994 727 2043 785 si
2070 726 2315 785 liberum
2344 738 2433 787 est
2460 739 2518 788 et
2558 731 2705 788 inte-

286 822 456 881 grum
482 804 690 882 cuique
713 805 994 881 dubitare,
1013 824 1190 883 penes
1212 823 1385 883 quem
1407 804 1482 863 sit
1501 804 1805 864 infallibile
1831 806 1980 864 illud
1998 807 2302 885 judicium,
2333 807 2479 867 fides
2506 818 2705 868 nostra

285 904 498 961 anceps
525 903 752 962 semper
777 886 1036 961 haerebit,
1067 886 1118 944 si
1139 884 1302 944 nullo
1323 884 1438 943 alio
1457 883 1692 943 tibicine
1720 885 1939 962 nititur,
1972 895 2030 945 et
2055 886 2335 964 quicquid
2363 887 2703 965 Concilium,

286 965 383 1023 vel
413 964 684 1023 Pontifex
712 964 784 1024 de
817 965 1114 1043 Scriptura
1133 963 1544 1043 judicaverint,
1575 984 1803 1043 semper
1828 966 1939 1025 erit
1965 966 2221 1043 dubium,
2246 974 2446 1045 utpote
2464 988 2500 1027 a
2526 967 2703 1027 dubio

285 1053 346 1105 et
370 1043 589 1103 incerto
616 1045 898 1123 principio
924 1045 1204 1123 pendens.

369 1125 550 1184 VIII.
594 1125 814 1184 Verum
843 1125 1046 1184 demus
1094 1125 1270 1185 etiam
1300 1122 1639 1184 Pontificem
1680 1122 1743 1182 id
1773 1124 1926 1202 juris
1954 1124 2228 1203 obtinere,
2260 1144 2391 1205 quae
2420 1127 2705 1186 sententia

289 1210 378 1263 est
403 1205 448 1264 J
451 1210 768 1263 esuitarum
797 1212 856 1263 et
888 1204 1056 1263 Sedis
1105 1204 1382 1263 Romanae
1411 1211 1850 1279 assentatorum,
1882 1213 1949 1265 ut
1975 1204 2393 1265 Testimonium
2424 1208 2705 1267 Ecclesiae

287 1304 406 1342 non
433 1283 593 1342 aliud
622 1284 698 1341 sit
725 1302 898 1361 quam
929 1284 1102 1362 Papae
1129 1285 1174 1344 J
1175 1284 1464 1359 udicium;
1505 1304 1580 1342 ne
1609 1284 1694 1343 sic
1720 1283 1955 1361 quidem
1981 1285 2156 1344 rebus
2184 1286 2304 1345 suis
2332 1287 2539 1346 melius
2568 1307 2702 1345 con-

289 1350 499 1437 sulent,
530 1362 628 1421 vel
653 1362 828 1421 fidem
853 1372 1110 1422 nostram
1129 1364 1316 1441 magis
1335 1363 1665 1422 finnabunt.
1752 1363 1963 1440 Prim0,
1988 1365 2125 1441 quia
2152 1384 2379 1443 semper
2404 1376 2493 1426 est
2520 1368 2703 1426 incer·

287 1451 431 1517 tum,
463 1442 595 1519 quis
621 1460 796 1501 verus
843 1462 912 1501 ac
959 1442 1244 1520 genuinus
1293 1442 1368 1503 sit
1397 1442 1573 1521 Papa,
1605 1462 1740 1501 nam
1768 1463 1899 1503 cum
1928 1464 2005 1503 ex
2032 1444 2490 1504 adversariorum
2520 1446 2703 1524 hypo-

288 1524 456 1598 thesi,
481 1522 805 1582 necessaria
821 1523 898 1582 sit
911 1524 1174 1581 absolute
1191 1522 1433 1582 intentio
1449 1523 1699 1583 ministri
1716 1523 1791 1581 ad
1812 1524 2246 1583 Sacramentum
2264 1524 2701 1603 conficiendum,

285 1601 505 1679 absque
534 1622 651 1679 qua
676 1622 784 1661 nec
810 1602 1149 1680 baptismus,
1179 1621 1288 1661 uec
1329 1602 1630 1663 Ordinatio
1677 1603 1786 1663 rite
1833 1603 1959 1662 fieri
1998 1605 2198 1681 possit,
2230 1612 2289 1664 et
2315 1624 2484 1664 nemo
2513 1614 2705 1666 certus

285 1700 413 1741 esse
440 1683 625 1760 possit
652 1682 725 1741 de
767 1682 1004 1742 alterius
1043 1682 1294 1741 hominis
1334 1682 1670 1759 intentione,
1702 1683 1833 1760 quis
1861 1702 1979 1742 non
2006 1683 2170 1743 videt
2195 1684 2411 1743 nemini
2440 1695 2704 1745 constare

285 1781 472 1839 posse,
501 1770 697 1821 utrum
725 1762 820 1820 hic
842 1762 938 1821 vel
959 1762 1058 1822 ille
1080 1761 1242 1839 Papa
1262 1782 1400 1821 vere
1419 1762 1747 1840 baptizatus
1766 1762 1955 1840 fuerit,
1981 1771 2039 1823 et
2058 1764 2167 1823 rite
2190 1764 2503 1841 ordinatus,
2528 1774 2703 1843 atque

287 1841 432 1900 adeo
458 1850 640 1900 totam
671 1842 1036 1919 Religionem
1061 1841 1442 1917 Pontificiam,
1475 1862 1604 1919 quoe
1630 1842 1975 1903 Pontificum
2004 1844 2351 1904 authoritate
2373 1846 2591 1922 nititur,
2615 1846 2702 1904 in-

288 1928 501 1980 certam
529 1940 657 1980 esse
685 1930 744 1981 et
765 1922 1000 1981 dubiam
1020 1926 1050 1981 Ρ
1131 1921 1382 1981 Accedit
1401 1922 1574 1981 etiam
1593 1922 1749 1999 quod
1770 1924 2015 2000 quaestio
2037 1922 2239 1983 eadem
2261 1944 2487 2003 semper
2510 1946 2702 1985 recur-

287 2008 392 2076 ret,
425 2001 600 2061 Unde
619 2002 788 2060 nobis
830 2009 1055 2061 constet
1098 2001 1439 2061 Pontificem
1459 2001 1561 2078 jus
1587 2002 1702 2060 hoc
1728 2002 2005 2078 obtinere,
2036 2011 2095 2062 et
2123 2004 2182 2061 in
2201 2004 2424 2082 judicio
2454 2025 2559 2063 suo
2588 2024 2705 2063 non

287 2100 475 2139 errare
506 2102 520 2157 3
564 2082 679 2139 Vel
709 2082 861 2140 enim
889 2082 952 2140 id
977 2088 1342 2159 perspectum
1368 2081 1711 2140 habebimus
1760 2101 1837 2140 ex
1862 2083 1991 2160 ipsa
2040 2083 2353 2161 Scriptura,
2384 2103 2514 2162 quse
2554 2085 2705 2145 hanc

289 2160 560 2219 Pontifici
586 2160 780 2219 datam
809 2180 938 2220 esse
967 2182 1004 2219 a
1031 2162 1262 2220 Christo
1288 2168 1633 2239 potestatem
1661 2162 2103 2239 pronunciavit3
2152 2162 2269 2222 Sed
2296 2182 2561 2241 quaenam
2589 2172 2709 2223 tes-

287 2238 516 2299 timonii
541 2240 710 2300 istius
736 2241 828 2299 vis
877 2260 1006 2300 esse
1052 2241 1281 2319 poterit,
1313 2239 1599 2317 siquidem
1629 2240 1703 2299 de
1748 2242 2044 2320 Scriptura
2092 2241 2281 2302 adhuc
2324 2243 2655 2303 dubitamus
2674 2247 2705 2303 ?

291 2319 410 2378 Vel
463 2338 499 2377 a
553 2320 886 2380 Traditione
941 2320 1223 2381 Veterum
1256 2343 1271 2397 3
1341 2319 1461 2380 Sed
1514 2320 1717 2379 eadem
1780 2330 2037 2382 recurret
2090 2322 2163 2381 de
2230 2323 2476 2383 veritate
2531 2324 2703 2383 istius

287 2399 640 2459 Traditionis
687 2400 1032 2477 difficultas3
1078 2400 1192 2460 Vel
1241 2421 1278 2458 a
1323 2400 1655 2460 testimonio
1702 2402 2003 2479 praesentis
2052 2402 2331 2461 Ecclesiae
2354 2425 2369 2479 ;
2418 2401 2535 2463 Sed
2571 2422 2704 2463 cum

287 2478 554 2539 Ecclesia
579 2487 703 2540 tota
723 2482 1076 2559 exipsorum
1097 2488 1288 2540 mente
1310 2480 1388 2539 ad
1405 2500 1585 2540 unum
1613 2480 1849 2540 tandem
1876 2481 2155 2541 referatur
2184 2483 2421 2560 Papam,
2446 2484 2706 2561 sequitur

286 2559 359 2619 de
389 2579 450 2619 se
477 2559 604 2638 ipso
632 2560 1026 2620 testimonium
1053 2560 1373 2639 perhibere,
1405 2568 1577 2638 atque
1619 2561 1766 2621 adeo
1807 2562 1921 2639 ipsi
1948 2562 2300 2622 credendum
2328 2582 2455 2622 esse
2484 2564 2702 2642 simpli-

286 2640 444 2716 citer,
475 2640 612 2717 quia
651 2643 798 2706 αι’πὶς
835 2638 952 2717 ha,
983 2642 1140 2718 quod
1166 2660 1337 2699 nemo
1385 2660 1504 2699 non
1547 2640 1712 2700 videt
1738 2641 2216 2701 absurdissimum
2244 2661 2392 2701 esse.
2476 2642 2703 2703 Rursus

286 2738 416 2778 cum
445 2738 552 2778 sua
579 2721 787 2780 debeat
814 2731 1077 2781 constare
1107 2720 1377 2779 Pontifici
1395 2720 1606 2798 judicii
1634 2720 1725 2779 sui
1750 2722 1915 2797 ratio,
1947 2722 2044 2779 vel
2072 2740 2142 2780 ea
2169 2722 2444 2799 pendebit
2469 2723 2639 2782 unice
2667 2744 2704 2781 a

284 2816 442 2858 mero
471 2800 721 2859 hominis
740 2800 1060 2879 judicantis
1087 2800 1344 2877 arbitrie,
1375 2810 1440 2860 ut
1467 2800 1544 2859 sit
1570 2819 1676 2877 pro
1698 2800 1919 2859 ratione
1946 2799 2235 2875 voluntas,
2268 2810 2326 2859 et
2354 2800 2438 2861 sic
2467 2802 2701 2861 creden-

285 2878 423 2937 dum
451 2881 844 2955 pronunciarit
865 2882 1002 2958 quia
1017 2881 1100 2940 ita
1119 2880 1263 2939 libet
1284 2902 1299 2957 3
1345 2880 1449 2939 sed
1470 2880 1519 2938 si
1540 2880 1653 2938 hoc
1674 2879 1837 2957 foret,
1862 2898 1898 2938 a
1926 2898 2175 2955 quonam
2197 2880 2370 2937 fidem
2398 2880 2704 2957 impetrare

285 2958 541 3035 poterit?
581 2968 640 3019 et
666 2980 770 3019 cur
795 2961 1066 3020 voluntas
1091 2961 1249 3020 illius
1276 2960 1469 3039 potius
1497 2978 1671 3036 quam
1698 2978 1828 3017 mea
1854 2958 1995 3016 mihi
2024 2958 2296 3017 credendi
2324 2958 2433 3017 erit
2459 2960 2707 3037 regula?

287 3038 404 3097 Vel
422 3037 632 3115 judicii
656 3039 1090 3100 fundamentum
1118 3040 1192 3099 ab
1219 3040 1348 3118 ipsa
1378 3038 1675 3117 Scriptura
1700 3038 2013 3117 petendum
2041 3039 2167 3115 erit,
2198 3046 2263 3097 ut
2290 3038 2547 3097 divinam
2576 3058 2703 3099 esse

283 3118 643 3195 pronunciet,
675 3119 811 3197 quia
856 3121 1030 3179 talem
1073 3140 1202 3180 esse
1247 3119 1438 3197 reipsa
1465 3138 1541 3177 ex
1587 3118 1804 3177 divinis
1848 3118 1977 3193 ejus
2019 3118 2173 3178 notis
2212 3118 2413 3178 sedulo
2442 3118 2703 3179 adhibito

287 3196 480 3257 studio
503 3198 878 3276 deprehendit
899 3221 914 3277 3
945 3199 1031 3260 At
1052 3200 1136 3259 sic
1162 3198 1459 3277 Scriptura
1479 3218 1642 3257 suam
1663 3198 2071 3258 authoritatem
2093 3218 2319 3279 semper
2337 3198 2493 3279 apud
2513 3200 2703 3279 ipsum

285 3276 522 3337 habebit
549 3279 954 3339 antecedenter
981 3280 1057 3338 ad
1084 3279 1212 3357 ejus
1231 3278 1536 3357 judicium,
1567 3278 1725 3357 quod
1754 3279 2043 3338 volumus.

368 3357 488 3417 IX.
532 3358 731 3437 Atque
771 3360 884 3420 hoc
923 3359 1130 3419 fortius
1169 3379 1246 3418 ex
1294 3379 1364 3418 eo
1412 3360 1797 3435 confirmatur,
1829 3357 1986 3437 quod
2026 3379 2158 3419 cum
2200 3379 2317 3419 una
2344 3359 2419 3419 sit
2446 3360 2701 3420 omnium

286 3438 446 3511 fides,
477 3447 544 3498 ut
575 3440 874 3517 Scriptura
900 3438 1112 3499 diserte
1141 3445 1402 3515 testatur,
1434 3438 1583 3517 Eph.
1613 3439 1695 3498 iv.
1726 3442 1781 3515 5,
1806 3440 1960 3499 idem
1982 3439 2155 3499 etiam
2178 3440 2386 3499 debeat
2412 3461 2538 3500 esse
2566 3441 2705 3500 fidei

284 3518 627 3595 principium
657 3528 716 3578 et
740 3520 927 3597 prima
953 3518 1226 3578 credendi
1273 3518 1436 3595 ratio,
1465 3528 1584 3577 tam
1634 3519 1697 3577 in
1744 3520 1991 3597 singulis
2018 3519 2305 3595 fidelibus,
2339 3540 2511 3597 quam
2539 3521 2600 3579 in
2628 3522 2703 3581 iis

285 3597 386 3673 qui
418 3596 863 3677 Praepositorum
903 3618 1138 3659 munere
1187 3599 1521 3677 funguntur,
1552 3606 1611 3658 et
1654 3599 1931 3659 Ecclesiae
1973 3600 2441 3677 representativae
2468 3600 2702 3659 nomine

284 3678 543 3737 veniunt.
628 3678 773 3740 Cum
802 3700 942 3757 ergo
971 3678 1238 3739 Ecclesia
1276 3698 1392 3737 non
1421 3680 1604 3757 possit
1631 3678 1759 3756 ipsa
1786 3678 1899 3738 sibi
1923 3680 2173 3757 primum
2200 3698 2327 3737 esse
2352 3678 2701 3757 principium

285 3756 574 3833 credendi,
605 3768 670 3819 ut
717 3766 951 3837 propter
997 3778 1059 3817 se
1103 3759 1288 3837 ipsam
1337 3759 1535 3818 credat
1585 3758 1915 3837 Scripturae,
1946 3758 2049 3817 sed
2095 3758 2419 3817 necessario
2466 3756 2701 3834 aliquod

284 3845 452 3896 extra
479 3857 542 3898 se
568 3838 1006 3899 fundamentum
1045 3838 1184 3898 fidei
1224 3858 1344 3897 suae
1384 3840 1446 3896 in
1490 3838 1789 3916 Scriptura
1824 3838 2037 3897 habere
2077 3838 2323 3912 debeat;
2366 3855 2484 3895 non
2509 3845 2703 3913 potest

285 3916 459 3975 etiam
486 3936 594 3977 nec
621 3918 794 3979 debet
822 3918 1056 3979 obtrudi
1075 3918 1235 3997 plebi
1257 3918 1598 3980 Christianae
1626 3926 1902 3996 tanquam
1929 3918 2115 3995 prima
2142 3916 2415 3976 credendi
2440 3916 2605 3991 rati0,
2634 3923 2701 3976 ut

284 3998 634 4065 ἐβασαηῖηος
675 3999 930 4077 excipiat
957 3998 1234 4077 quicquid
1264 3998 1528 4058 Ecclesia
1566 3998 1927 4076 pronunciat,
1960 4005 2019 4056 et
2044 3996 2220 4055 fidem
2248 4014 2410 4055 suam
2438 3995 2701 4055 ultimate

282 4076 346 4133 in
372 4077 534 4134 illam
561 4077 864 4156 refundat;
909 4079 1014 4139 sed
1040 4098 1170 4157 quae
1198 4078 1308 4138 fuit
1342 4078 1488 4137 ratio
1517 4077 1791 4137 credendi
1819 4076 2113 4152 Ecclesiae,
2146 4076 2347 4135 eadem
2375 4073 2548 4133 debet
2574 4092 2701 4135 esse

284 4156 534 4233 singulis
559 4156 846 4235 fidelibus,
875 4166 942 4217 ut
969 4160 1206 4219 credant
1233 4159 1466 4236 quidem
1493 4178 1598 4235 per
1617 4158 1745 4233 ejus
1767 4156 2164 4232 ministerium,
2197 4154 2300 4214 sed
2326 4173 2443 4212 non
2470 4161 2703 4232 propter

283 4236 411 4313 ejus
439 4236 864 4314 authoritatem,
896 4238 1000 4297 sed
1026 4247 1252 4299 tantum
1278 4246 1512 4316 propter
1545 4239 1737 4296 Deum
1778 4237 1839 4295 in
1886 4236 2181 4312 Scriptura
2206 4234 2555 4311 loquentem,
2586 4253 2702 4312 quo

289 4314 568 4376 Ecclesiae
578 4317 867 4395 judicium
886 4318 996 4379 niti
1017 4336 1252 4378 necesse
1275 4325 1380 4392 est,
1395 4326 1454 4376 et
1469 4317 1546 4377 ad
1562 4336 1736 4395 quem
1752 4314 2082 4375 testimonio
2101 4334 2205 4373 suo
2216 4332 2325 4372 nos
2344 4313 2699 4373 manuducit.

891 4398 976 4458 X.
1018 4399 1234 4474 Tertio,
1281 4398 1422 4472 Quae
1442 4397 1552 4456 fuit
1572 4396 1759 4455 Verbi
1786 4394 2118 4470 authoritas,
2150 4400 2459 4471 antequam
2487 4394 2701 4473 scripto

393 4456 442 4501 3‘
469 4458 678 4516 Argum.
807 4478 1148 4555 traderetur,
1179 4478 1382 4537 eadem
1410 4476 1584 4536 debet
1611 4495 1739 4535 esse
1785 4481 2092 4553 postquam
2140 4473 2353 4553 scripto
2396 4475 2698 4553 consigua-

282 4562 408 4613 tum
437 4564 544 4631 est,
575 4556 792 4635 quippe
821 4566 1047 4618 tantum
1076 4559 1246 4618 abest
1271 4564 1339 4617 ut
1380 4552 1693 4634 scriptione
1734 4554 2028 4613 minuatur
2054 4554 2241 4614 Verbi
2268 4554 2601 4631 authoritas,
2631 4564 2699 4615 ut

283 4635 478 4711 potius
521 4637 708 4715 magis
750 4638 1112 4715 stabiliatur-3
1155 4638 1314 4697 unde
1363 4636 1564 4697 Sermo
1609 4634 2007 4715 Propheticus,
2052 4634 2153 4713 qui
2168 4652 2177 4661 ·
2192 4654 2309 4695 non
2357 4634 2507 4695 alius
2532 4644 2621 4694 est
2664 4656 2701 4693 a

2417 4732 2459 4771 ιι
