3234 5192
320 342 549 385 msrts‘r.
579 320 720 402 vm]
1051 338 1130 377 ne
1159 336 1454 379 nAr‘nsno
1482 338 1656 379 sums
1686 338 1761 378 m·
1792 338 1991 379 MAms.
2198 317 2213 327 ”
2237 316 2253 322 “
2636 321 2753 379 329

325 483 504 542 maris
531 481 810 553 latitudo,
848 498 984 557 quoe
1013 497 1152 537 cum
1176 480 1248 537 fit
1265 479 1448 554 juxta
1489 478 1887 538 Ptolemaeum
1936 478 2277 555 quindecim
2304 477 2538 535 circiter
2564 478 2746 537 milli-

326 563 520 620 arium
551 560 1064 630 Germanicorum,
1093 576 1218 615 non
1245 558 1322 615 sit
1346 558 1669 617 verisimile
1711 559 2005 633 populum
2048 564 2177 615 tam
2223 574 2609 615 numerosum
2636 577 2745 632 per

325 641 624 715 integrum
653 638 923 696 triduum
949 638 1062 695 iter
1089 637 1294 694 fecisse
1319 655 1426 711 per
1449 654 1633 707 mare,
1661 638 1759 693 vel
1784 636 1963 693 unius
1990 636 2181 694 noctis
2222 635 2413 710 spatio
2438 637 2552 693 hoc
2588 654 2745 695 eme-

327 719 428 775 tiri
448 717 726 793 potuisse.
811 717 1022 790 Longe
1049 722 1251 774 tamen
1278 715 1478 773 verius
1503 721 1608 786 est,
1642 714 1935 772 Hebraeos
1962 716 2038 771 ab
2068 732 2190 773 uno
2238 715 2439 771 littore
2466 715 2545 771 ad
2574 714 2743 773 aliud

329 797 668 873 oppositum
694 795 990 871 profectos
1017 801 1208 852 totam
1233 794 1404 851 illam
1429 792 1612 852 maris
1638 792 2039 865 latitudinem,
2068 812 2203 867 quae
2232 810 2303 849 eo
2324 792 2435 849 loci
2478 800 2745 867 quatuor

327 876 554 933 circiter
579 875 888 932 leucarum
915 880 1060 944 erat,
1087 872 1494 947 pertransiisse
1517 893 1533 943 3
1575 874 1691 929 hoe
1710 870 1869 929 enim
1889 889 2013 929 non
2040 874 2222 929 modo
2248 870 2393 928 facit
2418 871 2495 927 ad
2515 872 2746 945 magni-

327 953 600 1011 tudinem
625 953 899 1010 miraculi
926 952 1348 1021 extollendam,
1379 952 1482 1007 sed
1509 950 1706 1007 verbis
1764 948 2084 1025 Scripturas
2131 949 2397 1025 apprime
2446 950 2743 1021 convenit,

326 1049 460 1107 quae
491 1032 774 1089 transitus
799 1048 1070 1105 expresse
1095 1028 1370 1087 meminit
1395 1028 1637 1104 passim,
1692 1026 1879 1091 διΐῐλοοι
1921 1026 2007 1087 διὸ
2054 1034 2137 1094 τῆς
2180 1028 2469 1099 θαλείαις,
2497 1034 2559 1085 et
2584 1026 2742 1087 Heb.

331 1110 412 1167 xi.
459 1110 554 1185 29,
602 1114 634 1143 “
657 1109 772 1167 Per
816 1110 998 1165 fidem
1043 1106 1411 1165 transierunt
1455 1124 1619 1165 mare
1656 1110 1969 1167 rubrum.’'
2074 1108 2173 1167 Sic
2228 1107 2292 1167 N
2296 1108 2485 1165 ehem.
2524 1106 2606 1163 ix·
2650 1106 2741 1183 11,

333 1194 367 1222 “
385 1188 557 1245 Mare
584 1187 840 1245 divisisti
867 1192 1004 1243 ante
1033 1204 1152 1255 eos,
1183 1186 1586 1243 transiverunt
1611 1204 1719 1259 per
1759 1187 2027 1244 medium
2051 1188 2233 1245 maris
2260 1187 2323 1243 in
2352 1186 2523 1255 sicce,
2552 1202 2745 1259 perse-

331 1272 564 1324 cutores
593 1272 794 1323 autem
823 1282 1032 1320 eorum
1079 1263 1378 1337 projecisti
1423 1263 1486 1320 in
1523 1264 1912 1338 profundum,
1942 1266 2117 1339 quasi
2144 1265 2403 1340 lapidem
2450 1264 2513 1320 in
2562 1282 2743 1338 aquas

329 1344 620 1414 validas,’'
651 1343 812 1417 quod
843 1342 958 1398 dici
985 1360 1108 1398 non
1136 1348 1350 1416 posset,
1379 1342 1428 1399 si
1454 1341 1667 1398 fuisset
1692 1349 1931 1400 tantum
1959 1343 2237 1400 circuitus
2261 1364 2276 1413 ;
2320 1344 2363 1403 J
2366 1342 2614 1418 osephus
2630 1346 2745 1402 hoc

333 1422 644 1479 confirmat
663 1421 766 1477 lib.
785 1419 846 1477 ii.
872 1420 1173 1494 Antiquit.
1192 1420 1340 1475 dum
1359 1420 1463 1490 ait,
1477 1418 1771 1478 Hebraeos
1784 1421 1847 1477 in
1865 1422 2183 1479 adversum
2199 1422 2369 1479 littus
2386 1422 2742 1481 transivisse.

331 1498 398 1557 N
400 1518 466 1557 ec
487 1501 684 1558 obstat
709 1500 872 1575 quod
902 1498 1159 1555 viderint
1177 1498 1500 1573 AEgyptios
1519 1498 1584 1555 in
1599 1498 1819 1569 littore,
1841 1500 1985 1574 quia
2004 1506 2287 1574 poterunt
2304 1499 2579 1575 AEgyptii
2607 1502 2745 1557 sub-

330 1578 520 1653 mergi
547 1578 610 1635 in
638 1577 857 1635 vicinia
881 1576 1100 1634 littoris
1129 1576 1392 1649 Arabici,
1431 1595 1554 1635 non
1582 1576 1945 1652 AEgyptiaci,
1988 1578 2281 1636 nimirum
2318 1578 2589 1637 furenter
2614 1598 2747 1655 per-

332 1665 642 1732 sequentes
668 1656 985 1727 Israe'litas,
1015 1662 1344 1731 potuerunt
1369 1655 1679 1730 pervenire
1707 1656 1786 1713 ad
1812 1656 2031 1713 littoris
2070 1658 2323 1727 adversi,
2352 1676 2474 1733 quo
2519 1658 2593 1715 lli
2611 1659 2744 1733 jam

331 1741 706 1806 emerserant,
756 1734 1052 1805 viciniam,
1101 1734 1304 1809 ibique
1353 1734 1558 1791 divina
1601 1734 1917 1792 accedente
1966 1736 2307 1810 operatione
2354 1754 2460 1811 per
2486 1738 2745 1795 subitam

331 1820 744 1888 tempestatem
771 1812 943 1887 aquis
990 1812 1432 1871 recurrentibus
1477 1819 1538 1870 et
1587 1810 1872 1871 Israelitis
1919 1813 2260 1871 videntibus
2308 1816 2628 1890 submergi,
2675 1822 2746 1872 ut

331 1893 600 1967 sequenti
628 1890 828 1950 statim
857 1891 954 1947 die
983 1893 1274 1949 cadavera
1319 1897 1697 1949 mortuorum
1742 1891 2043 1949 fluitantia
2068 1892 2421 1950 efferrentur
2461 1894 2538 1950 ad
2586 1894 2745 1951 illud

329 1970 519 2041 littus,
548 1971 610 2027 in
640 1989 761 2045 quo
793 1968 1076 2028 Israelitoe
1107 1969 1512 2039 substiterant,
1561 1988 1685 2027 non
1732 1975 1969 2027 tantum
2011 1972 2090 2028 ad
2136 1970 2425 2046 majorem
2475 1972 2745 2047 ipsorum

331 2049 784 2117 exultationem,
814 2048 916 2104 sed
944 2049 1126 2105 etiam
1147 2054 1218 2104 ut
1243 2048 1517 2105 hostibus
1544 2047 1793 2105 devictis
1820 2048 2011 2123 spolia
2036 2050 2434 2119 detraherent,
2464 2050 2657 2123 iisque
2685 2069 2747 2109 se

331 2127 522 2183 ditare
547 2134 609 2184 et
635 2143 868 2183 armare
895 2132 1136 2198 possent
1170 2127 1246 2182 ad
1297 2126 1609 2200 sequentia
1654 2126 1832 2183 bella.
1918 2126 2101 2195 Quod
2144 2128 2389 2185 additur
2415 2129 2490 2185 de
2518 2130 2746 2186 deserto

331 2204 538 2260 Ethan
565 2222 686 2261 non
707 2203 898 2276 magis
925 2203 1183 2277 stringit,
1209 2204 1352 2278 quia
1379 2205 1679 2261 desertum
1699 2204 1819 2263 fuit
1844 2205 2263 2277 vastissimum,
2292 2212 2353 2263 et
2376 2212 2507 2263 tota
2532 2206 2641 2264 illa
2655 2224 2746 2264 re-

328 2282 430 2355 gio
457 2300 646 2357 usque
674 2283 750 2339 ad
781 2288 1046 2339 montem
1075 2281 1220 2339 Sina
1245 2290 1372 2340 tam
1397 2282 1556 2341 intra
1581 2301 1767 2357 quam
1784 2290 1956 2341 extra
1970 2285 2371 2342 extremitates
2387 2285 2566 2343 maris
2582 2287 2747 2343 rubri

331 2364 447 2418 hoc
475 2360 714 2418 nomine
740 2359 1114 2435 intelligitur,
1144 2367 1215 2417 ut
1240 2380 1364 2418 non
1391 2361 1610 2417 mirum
1640 2360 1733 2432 sit,
1780 2363 1829 2419 si
1870 2368 2009 2421 ante
2055 2370 2117 2420 et
2155 2370 2291 2438 post
2336 2364 2650 2421 transitum
2680 2364 2744 2422 in

329 2441 536 2497 eodem
566 2440 799 2496 deserto
825 2439 1086 2497 fuerunt.
1131 2439 1404 2515 Denique
1433 2440 1632 2514 quoad
1662 2442 1842 2499 maris
1870 2440 2269 2513 latitudinem,
2293 2443 2430 2499 licet
2457 2442 2518 2499 in
2548 2444 2745 2502 medio

327 2518 515 2593 possit
541 2536 664 2575 esse
693 2517 1032 2593 quindecim
1059 2519 1385 2590 leucarum,
1404 2536 1542 2575 cum
1557 2526 1757 2576 tamen
1788 2522 1967 2593 longe
1994 2520 2255 2579 strictius
2277 2522 2352 2579 sit
2378 2521 2439 2577 in
2468 2522 2747 2589 extremi-

329 2604 470 2666 tate,
502 2615 606 2653 seu
635 2602 802 2672 parte
829 2596 1137 2673 superiori,
1167 2598 1273 2654 ubi
1298 2598 1667 2655 transierunt
1698 2596 2006 2668 Israelitae,
2034 2607 2106 2656 ut
2132 2600 2451 2657 observant
2482 2598 2747 2674 Geogra-

331 2676 454 2751 phi,
477 2675 736 2733 latitudo
763 2677 894 2750 ejus
922 2694 1044 2733 non
1072 2676 1270 2751 potuit
1296 2675 1540 2732 extendi
1567 2676 1730 2732 ultra
1776 2683 2037 2750 quatuor
2071 2678 2288 2747 leucas,
2319 2684 2389 2734 ut
2417 2677 2661 2735 Hebraei
2682 2679 2745 2735 in

333 2773 441 2811 suo
468 2754 724 2811 transitu
753 2755 1096 2827 impendere
1121 2752 1432 2828 potuerint
1457 2753 1727 2826 quinque
1769 2754 1865 2809 vel
1910 2772 2013 2810 sex
2056 2754 2250 2823 horas,
2279 2754 2341 2810 id
2371 2761 2461 2811 est
2488 2774 2524 2811 a
2548 2756 2749 2813 media

332 2840 504 2890 nocte
532 2834 610 2889 ad
639 2849 935 2888 auroram.
1023 2830 1276 2888 Interim
1303 2837 1548 2899 certum,
1575 2836 1668 2887 tot
1714 2831 2027 2887 hominum
2054 2837 2115 2887 et
2140 2831 2497 2887 animalium
2524 2833 2751 2904 myria·-

330 2911 435 2967 des
463 2928 582 2966 non
611 2909 950 2965 transivisse
975 2926 1124 2982 pure
1151 2907 1522 2975 naturaliter,
1569 2907 1673 2962 sed
1720 2913 1781 2963 et
1820 2907 2191 2978 miraculose,
2242 2905 2373 2963 Deo
2422 2908 2533 2964 iter
2579 2908 2745 2967 istud

331 2987 640 3043 insolitum
668 2993 1010 3043 maturante
1037 2993 1098 3041 et
1123 2986 1502 3042 accelerante.

415 3063 533 3119 XI.
581 3062 746 3129 Quia
771 3082 912 3119 vero
943 3062 1188 3133 Paulus,
1219 3061 1375 3119 Heb.
1407 3063 1485 3118 xi.
1517 3062 1612 3133 29,
1644 3062 1991 3119 Transitum
2034 3062 2219 3119 istum
2260 3062 2401 3120 fidei
2445 3062 2745 3123 Israelita-

333 3160 470 3198 rum
497 3140 724 3212 tribuit,
749 3160 861 3216 per
875 3140 1080 3217 fidem,
1109 3140 1322 3213 inquit,
1355 3140 1723 3197 transierunt
1748 3160 1912 3197 mare
1938 3141 2201 3213 rubrum,
2227 3141 2558 3199 videndum
2594 3143 2743 3217 quid

332 3220 430 3278 hic
455 3222 600 3277 fides
628 3219 967 3277 contulerit.
1053 3218 1298 3276 Certum
1325 3218 1604 3293 equidem
1632 3221 1747 3275 hoc
1773 3236 1924 3294 opus
1968 3218 2155 3277 fuisse
2202 3221 2438 3297 proprie
2476 3222 2746 3297 omnipo-

333 3300 532 3357 tentiae
557 3298 689 3367 Dei,
713 3297 810 3355 cui
830 3304 901 3355 ut
929 3298 1077 3353 nihil
1099 3304 1190 3354 est
1217 3296 1576 3372 impossibile
1597 3304 1658 3355 et
1672 3296 2049 3373 impervium,
2075 3299 2264 3374 “quia
2288 3299 2435 3357 facit
2459 3300 2747 3376 quicquid

333 3380 502 3435 lubet
521 3380 582 3435 in
605 3379 755 3435 coelo
777 3376 914 3434 etin
937 3378 1150 3446 terra,'’
1175 3374 1334 3433 Psal.
1358 3396 1486 3435 cxv.
1511 3376 1566 3447 3,
1589 3395 1713 3434 non
1729 3378 1909 3434 modo
1932 3394 2069 3435 cum
2089 3378 2301 3435 mediis
2328 3385 2389 3437 et
2406 3380 2589 3455 juxta
2608 3398 2749 3437 con·

333 3464 572 3513 suetum
601 3465 832 3514 naturae
863 3456 1150 3525 ordinem,
1181 3457 1282 3512 sed
1311 3463 1371 3513 et
1397 3455 1522 3512 sine
1558 3456 1786 3525 mediis,
1837 3464 1896 3513 et
1944 3474 2126 3531 supra
2168 3458 2385 3529 media,
2435 3467 2497 3517 et
2542 3466 2749 3518 contra

335 3542 568 3592 naturae
596 3536 782 3609 ipsius
808 3534 972 3606 leges
999 3534 1343 3604 ordinarias,
1403 3534 1502 3591 Ita
1528 3533 1703 3591 facile
1732 3534 1930 3609 potuit
1956 3542 2017 3592 et
2042 3554 2207 3594 mare
2253 3536 2450 3612 ipsum
2480 3536 2748 3596 scindere

332 3621 392 3669 et
419 3614 580 3669 viam
607 3614 832 3687 populo
861 3630 971 3668 suo
1001 3612 1244 3687 aperire.
1329 3612 1460 3669 Nec
1487 3613 1536 3669 si
1565 3612 1768 3671 Moses
1789 3613 1959 3686 virga
1998 3632 2110 3671 sua
2151 3616 2345 3672 utitur
2369 3617 2447 3673 ad
2476 3617 2589 3672 hoc
2616 3634 2751 3673 exe-

333 3692 661 3766 quendum,
710 3698 1026 3765 propterea
1068 3692 1200 3748 laus
1248 3691 1412 3748 illius
1461 3692 1653 3766 operis
1696 3691 1807 3766 ipsi
1834 3692 2103 3763 debetur,
2152 3693 2269 3751 fuit
2310 3694 2469 3749 enim
2516 3699 2748 3750 tantum

335 3771 798 3825 instrumentum
829 3770 1072 3839 morale,
1103 3771 1179 3826 ad
1208 3770 1382 3843 cujus
1407 3769 1783 3844 praesentiam
1811 3770 1975 3827 Deus
2002 3770 2125 3845 ipse
2148 3771 2506 3845 operabatur
2529 3792 2541 3828 :
2588 3770 2751 3839 Quia

337 3854 536 3903 tamen
564 3848 710 3903 fides
735 3847 1000 3904 conditio
1027 3848 1146 3905 fuit
1172 3849 1501 3906 necessaria
1527 3868 1564 3905 a
1593 3856 1759 3922 parte
1786 3849 1995 3923 populi
2022 3850 2101 3905 ad
2122 3848 2389 3906 beneficii
2415 3848 2585 3905 istius
2612 3868 2751 3906 con-

337 3925 721 3995 secutionem,
751 3925 889 3982 hinc
913 3927 982 3983 fit
1007 3934 1078 3984 ut
1101 3927 1242 3984 fidei
1277 3928 1390 4001 ipsi
1433 3927 1793 3983 miraculum
1840 3927 2155 3997 tribuatur,
2184 3944 2307 3983 non
2336 3926 2573 4001 proprie
2600 3935 2661 3984 et
2687 3928 2749 3983 in

335 4022 414 4073 se,
445 4003 674 4060 ratione
702 4004 938 4061 virtutis
965 4005 1110 4079 ejus,
1135 4006 1234 4061 scd
1255 4006 1442 4061 relate
1469 4007 1548 4062 ad
1571 4005 1872 4078 objectum
1893 4006 2059 4079 quod
2086 4006 2576 4079 amplectebatur,
2602 4013 2753 4079 puta

335 4082 784 4157 promissionem
813 4083 927 4139 Dei
954 4091 1014 4141 ct
1051 4083 1542 4158 omnipotentiam
1571 4084 1717 4157 ejus,
1748 4084 2051 4157 quomodo
2084 4083 2311 4141 Paulus
2356 4082 2567 4139 tribuit
2610 4084 2750 4140 fidei

334 4161 556 4218 ibidem
578 4162 1083 4235 expugnationem
1104 4161 1961 4229 murorumJericuntinorum,
1984 4161 2407 4217 extinctionem
2428 4160 2601 4235 ignis,
2627 4164 2747 4233 δια,

337 4249 396 4297 et
425 4240 568 4297 alibi
588 4240 940 4313 justificatio
969 4246 1178 4297 nostra
1203 4246 1264 4297 et
1291 4240 1452 4296 salus
1478 4239 1615 4296 fidei
1646 4238 2002 4295 adscribitur
2028 4257 2149 4295 non
2178 4238 2479 4295 meritorie
2506 4239 2604 4295 vel
2631 4240 2749 4298 dis-

338 4320 608 4394 positive,
637 4320 742 4375 sed
771 4318 1050 4391 organice
1077 4324 1315 4374 tantum
1341 4324 1404 4373 et
1429 4316 1739 4390 objective.
1786 4316 1865 4373 Et
1892 4334 2033 4373 sane
2061 4324 2133 4372 ut
2162 4315 2432 4373 Christus
2458 4316 2749 4378 miracula

337 4398 582 4454 nolebat
601 4404 884 4471 praestare
911 4403 1155 4469 propter
1180 4394 1659 4451 incredulitatem
1686 4393 2017 4463 hominum,
2036 4394 2214 4451 Matt.
2234 4394 2357 4451 xiii.
2382 4394 2476 4465 58,
2524 4394 2622 4453 Ita
2642 4416 2749 4457 nec

337 4472 502 4531 Deus
531 4476 816 4532 voluisset
843 4476 956 4530 hoc
982 4491 1132 4546 opus
1160 4472 1378 4547 exequi
1405 4472 1466 4528 in
1517 4472 1775 4546 gratiam
1826 4471 2251 4543 Israelitarum,
2282 4473 2395 4531 nisi
2422 4490 2526 4547 pcr
2572 4474 2749 4534 fidem

337 4554 491 4609 illud
521 4554 628 4610 sibi
658 4553 1122 4626 persuasissent3
1165 4550 1296 4607 Nec
1323 4551 1520 4607 obstat
1568 4551 1731 4623 quod
1779 4548 1957 4606 multi
1984 4550 2279 4608 increduli
2306 4551 2529 4609 fuerint
2556 4554 2618 4611 in
2647 4575 2752 4629 po-

335 4633 498 4705 pulo,
531 4631 828 4687 Dominus
857 4630 1012 4686 enim
1053 4648 1380 4703 paucorum
1428 4629 1568 4687 fidei
1610 4630 1725 4685 hoc
1772 4629 2059 4699 concedit,
2113 4638 2180 4686 ut
2226 4631 2377 4686 sicco
2428 4634 2575 4704 pede
2623 4641 2752 4691 tota
