3234 5192
306 324 545 364 msrur.
580 308 753 379 xxm]
914 320 993 360 nn
1036 320 1384 361 conconnm
1426 321 1609 362 mum
1654 322 1728 361 ΕΤ
1769 322 2003 375 neom,
2045 324 2176 365 nro.
2622 310 2740 379 737

312 465 411 521 vel
438 465 652 522 saltem
680 464 872 521 obiter
896 468 1134 521 tantum
1166 469 1226 520 et
1253 463 1421 522 aliud
1450 465 1686 539 agendo
1709 464 1786 521 de
1805 465 2018 522 eodem
2038 465 2221 522 verba
2241 464 2526 525 fecerunt.
2569 468 2723 529 Cum

312 562 458 617 ergo
502 542 755 617 quaestio
798 541 879 599 sit
922 542 997 599 de
1023 542 1563 600 momentosissimo
1592 542 1927 617 Religionis
1967 550 2185 601 nostrae
2215 544 2486 616 articulo,
2515 546 2724 605 viden-

312 624 463 679 dum
502 620 773 696 inprimis
801 620 905 677 ubi
933 621 1155 694 dogma
1181 620 1341 678 istud
1370 638 1642 697 expresse
1670 626 1730 678 et
1756 621 2012 679 velutin
2042 622 2287 695 propria
2328 624 2465 679 sede
2505 631 2721 683 tracte-

309 708 449 770 tur;
494 698 744 758 Constat
785 706 1006 769 autem,
1051 705 1112 756 et
1152 716 1328 756 nemo
1372 706 1442 757 ut
1485 700 1704 775 opinor
1745 699 1984 757 diffiteri
2019 700 2266 757 audebit
2293 712 2718 775 argumentum

308 780 425 835 hoc
461 776 877 852 propriissimis
904 784 965 833 et
991 776 1331 836 clarissimis
1352 778 1545 835 effatis
1566 796 1603 835 a
1624 776 1819 837 Paulo
1839 777 2092 853 proponi
2113 796 2236 836 non
2259 780 2441 836 semel
2463 779 2524 836 in
2547 782 2714 855 epist.

309 858 387 915 ad
417 856 592 913 Rom.
626 854 762 914 Gal.
793 862 854 912 ct
884 854 1121 931 Ephes,
1164 856 1421 931 ideoque
1443 875 1561 914 non
1594 855 1825 915 Paulus
1851 874 1926 913 ex
1953 856 1997 914 J
1999 857 2185 914 acobo
2213 856 2318 932 qui
2357 859 2542 915 semel
2585 866 2717 916 tan-

306 943 441 993 tum
467 944 527 991 et
554 934 721 991 aliud
748 950 931 1007 agens
948 934 1394 1008 justificationis
1422 934 1709 1005 meminit,
1759 936 1864 993 sed
1892 934 2095 1010 potius
2122 934 2167 993 J
2170 937 2392 993 acobus
2419 955 2493 993 ex
2522 936 2714 995 Paulo

306 1014 715 1089 exponendae,
758 1012 861 1087 qui
889 1013 1065 1071 toties
1092 1018 1335 1087 tamque
1362 1013 1670 1088 perspicue
1697 1020 1958 1071 mentem
1985 1032 2154 1073 suam
2182 1015 2280 1072 hic
2304 1015 2578 1089 aperuit;
2625 1016 2715 1074 vi-

306 1093 693 1165 dendumque
738 1089 1058 1164 diligenter
1092 1108 1167 1147 ne
1196 1091 1341 1165 quid
1368 1092 1431 1147 in
1461 1091 1822 1149 enodatione
1848 1091 1966 1149 loci
1990 1091 2035 1150 J
2038 1092 2208 1151 acobi
2235 1094 2521 1151 afferatur
2547 1096 2712 1169 quod

307 1169 603 1242 analogiae
646 1169 787 1226 fidei
830 1170 893 1225 in
938 1170 1052 1226 hoc
1093 1169 1347 1227 articulo
1375 1189 1414 1228 a
1443 1169 1636 1227 Paulo
1663 1169 2001 1227 constitutae
2028 1178 2360 1246 repugnet3
2403 1169 2543 1229 Hoc
2569 1190 2712 1231 vero

304 1248 480 1306 facile
505 1248 636 1305 fieri
660 1248 881 1323 poterit
906 1246 955 1305 si
982 1252 1244 1323 quatuor
1269 1249 1399 1306 haec
1424 1247 1703 1323 diligenti
1729 1248 2002 1305 examine
2028 1250 2428 1323 ponderemus
2453 1272 2466 1307 ε
2516 1250 2568 1310 1.
2595 1251 2711 1309 Oc-

304 1326 603 1387 casionem
630 1332 691 1384 et
720 1325 967 1402 Scopam
1008 1325 1317 1401 utriusque
1348 1326 1666 1403 Apostoli3
1694 1326 1750 1385 2.
1780 1323 1844 1383 N
1849 1327 2344 1385 omenclationem
2377 1328 2528 1399 fidei
2569 1348 2706 1403 quae

304 1404 626 1479 utrobique
675 1410 1037 1480 usurpatur;
1093 1404 1149 1461 3.
1184 1404 1567 1463 Vocabulum
1594 1407 1752 1465 Justi
1787 1406 2018 1465 cationis
2065 1406 2140 1463 de
2184 1424 2308 1482 qua
2352 1407 2422 1464 fit
2447 1408 2708 1481 mentio;

305 1486 360 1542 4.
385 1486 563 1560 Σχὲσυ
589 1483 817 1541 variam
839 1482 1103 1541 Hominis
1130 1482 1233 1559 qui
1268 1484 1648 1558 justificatur.
1751 1504 1792 1541 x
1808 1482 1966 1543 hisce
1993 1484 2152 1541 enim
2180 1490 2442 1559 quatuor
2466 1486 2709 1559 plenam

302 1564 346 1622 J
348 1562 518 1621 acobi
545 1580 684 1621 cum
713 1560 910 1620 Paulo
936 1562 1409 1620 conciliationem
1438 1564 1696 1637 pendere
1723 1562 2099 1621 arbitramur.

384 1641 583 1700 XIII.
626 1641 746 1698 Hic
774 1640 845 1699 Ε.
882 1640 1185 1699 obversari
1224 1640 1417 1714 primo
1460 1641 1616 1699 illud
1657 1642 1835 1699 debet
1874 1640 2118 1711 Hilarii,
2170 1646 2205 1678 ‘⁴
2233 1640 2708 1716 Intelligentiam

299 1720 603 1779 dictorum
628 1738 703 1777 ex
730 1719 922 1777 causis
948 1720 1303 1777 sumendam
1330 1737 1453 1777 esse
1480 1720 1810 1777 dicentium
1828 1721 1886 1795 ;'’
1927 1738 2003 1777 ex
2030 1719 2197 1777 varia
2231 1720 2391 1777 enim
2425 1720 2710 1779 sermonis

302 1799 625 1870 occasione,
653 1797 859 1856 varius
886 1798 1077 1856 oritur
1101 1797 1403 1873 loquentis
1430 1816 1642 1873 scopus
1671 1806 1731 1856 et
1756 1799 2028 1856 diversus
2053 1798 2342 1874 loquendi
2372 1800 2607 1869 modus,
2637 1806 2709 1857 ut

301 1880 475 1937 aliter
506 1877 775 1936 Christus
808 1877 1082 1953 loquitur
1119 1878 1196 1934 ad
1239 1876 1583 1951 praesractos
1612 1884 1673 1935 et
1699 1878 1985 1952 superbos
2034 1876 2383 1948 Pharisaeos,
2427 1878 2602 1937 aliter
2628 1879 2707 1935 ad

298 1955 605 2015 auditores
632 1954 881 2027 cupidos
908 1955 1174 2013 veritatis
1202 1962 1263 2011 et
1289 1956 1592 2024 demissos,
1630 1956 1804 2013 aliter
1833 1955 2061 2013 Paulus
2089 1974 2150 2013 se
2177 1956 2544 2030 comparavit
2568 1975 2706 2013 cum

300 2034 683 2092 Timotheum
724 2031 788 2089 in
831 2032 1089 2106 gratiam
1124 2032 1501 2089 infirmorum
1540 2033 1926 2103 circumcidit,
1958 2034 2096 2091 Act.
2126 2034 2245 2091 xvi.
2277 2033 2333 2103 3,
2369 2034 2541 2090 aliter
2567 2052 2706 2091 cum

296 2113 502 2171 Titum
544 2111 621 2168 ob
658 2110 954 2167 falsorum
992 2109 1251 2167 fratrum
1290 2110 1732 2167 contentionem
1773 2110 2113 2167 circumcidi
2141 2110 2355 2182 noluit,
2389 2110 2525 2169 Gal.
2555 2111 2615 2169 ii.
2647 2112 2704 2170 3.

299 2190 402 2249 Ita
436 2189 535 2247 hic
576 2187 802 2247 occasio
830 2193 892 2244 et
922 2205 1137 2262 scopus
1166 2186 1481 2262 utriusque
1510 2187 1796 2263 Apostoli
1821 2188 2044 2245 mirum
2071 2193 2362 2262 quantam
2389 2189 2586 2246 lucem
2613 2189 2705 2247 in-

294 2269 453 2328 ferat
476 2268 621 2325 huic
646 2265 907 2340 negotiO.
966 2266 1049 2327 Et
1074 2268 1153 2324 ad
1182 2264 1441 2324 Paulum
1469 2267 1634 2341 quod
1661 2267 1892 2335 attinet,
1927 2264 2142 2342 scopus
2160 2266 2290 2341 ejus
2317 2266 2380 2323 in
2413 2266 2702 2343 Epistolis

296 2349 419 2406 suis
463 2363 586 2402 non
624 2353 713 2403 est
754 2346 1059 2415 obscurus,
1096 2344 1399 2415 nimirum,
1430 2350 1501 2402 ut
1525 2344 1905 2420 potissimum
1943 2344 2034 2403 illi
2077 2355 2378 2403 certamen
2418 2346 2538 2405 fuit
2564 2365 2704 2405 cum

294 2424 613 2485 Pharisaeis
638 2432 699 2483 et
718 2424 1297 2499 Pseudo-Apostolis
1326 2423 1435 2499 qui
1462 2424 1676 2481 merita
1695 2442 1807 2481 sua
1826 2431 1886 2482 et
1919 2422 2222 2498 justitiam
2242 2426 2342 2482 vel
2368 2444 2476 2501 pro
2503 2426 2703 2501 gratia

293 2505 751 2577 substituebant,
780 2505 877 2561 vel
906 2522 1043 2561 cum
1076 2502 1273 2577 gratia
1312 2502 1445 2577 conj
1456 2503 1779 2577 ungebant,
1820 2504 1908 2563 ita
1933 2503 1998 2559 in
2026 2521 2098 2561 eo
2125 2510 2288 2561 totus
2329 2503 2512 2562 fuisse
2541 2505 2704 2563 vide-

292 2590 394 2643 tur
434 2591 507 2642 ut
532 2582 977 2658 justificationis
1002 2600 1206 2640 veram
1232 2582 1526 2641 rationem
1556 2589 1616 2640 et
1643 2600 1882 2641 causam
1911 2582 2261 2654 declararet,
2290 2601 2541 2658 eamque
2568 2602 2706 2657 gra-

291 2664 392 2721 tiae
414 2663 477 2721 in
504 2662 762 2721 solidum
792 2680 899 2737 per
922 2663 1101 2719 fidem
1123 2663 1525 2735 apprehensoe,
1548 2661 1736 2717 nullis
1755 2666 1960 2717 autem
1987 2661 2268 2735 operibus
2293 2662 2512 2719 nostris
2539 2682 2702 2737 quae·

291 2760 529 2818 cunque
574 2744 819 2798 tandem
844 2740 955 2797 illa
992 2739 1128 2808 sint,
1172 2738 1593 2812 transcriptum
1641 2738 1792 2795 iret:
1834 2738 1900 2794 in
1941 2756 2200 2812 eumque
2235 2740 2416 2795 finem
2454 2740 2703 2798 adducit

291 2819 569 2892 exempla
596 2818 931 2875 Abrahami
958 2824 1019 2873 et
1047 2816 1297 2874 Davidis
1324 2817 1427 2890 qui
1456 2833 1579 2872 non
1606 2814 1726 2872 alio
1754 2816 1936 2873 modo
1955 2816 2266 2889 justificati
2299 2824 2458 2873 sunt.
2517 2817 2562 2874 J
2564 2836 2700 2875 aeo-

288 2899 403 2954 bus
429 2914 569 2953 vero
597 2897 779 2968 longe
806 2894 973 2952 aliud
1006 2894 1280 2964 intendit,
1323 2894 1490 2951 aliud
1519 2892 1740 2967 quippe
1765 2893 2080 2950 hominum
2100 2911 2292 2968 genus
2331 2895 2697 2967 aggreditur,

292 2975 617 3049 Epicureos
644 2973 865 3031 scilicet
892 2980 953 3031 et
975 2971 1315 3029 Libertinos
1342 2971 1447 3045 qui
1467 2971 1652 3027 verbo
1676 2977 1738 3028 et
1763 2988 1867 3028 ore
1893 2978 2070 3029 tenus
2095 2972 2276 3028 fidem
2297 2970 2698 3031 Christianam

288 3051 557 3129 professi,
586 3051 713 3109 vita
738 3058 799 3109 et
824 3050 997 3108 factis
1024 3050 1273 3107 eandem
1300 3049 1697 3123 abnegabant,
1731 3054 1912 3124 atque
1937 3048 2025 3107 ita
2049 3048 2307 3123 gratiam
2335 3049 2450 3107 Dei
2476 3049 2542 3107 in
2569 3069 2698 3108 car·

287 3132 487 3189 nalem
528 3130 831 3187 licentiam
858 3136 919 3187 et
945 3127 1261 3203 profanam
1286 3126 1568 3203 peccandi
1596 3128 1976 3185 securitatem
2009 3129 2453 3199 convertebant,
2495 3129 2696 3204 acqui-

286 3215 549 3269 escentes
588 3208 829 3265 interim
868 3207 932 3264 in
972 3206 1082 3264 tali
1107 3205 1249 3263 fidei
1274 3206 1636 3263 simulachro
1663 3206 1836 3280 quasi
1863 3212 2176 3281 propterea
2199 3214 2396 3265 essent
2423 3208 2696 3267 omnium

278 3286 632 3363 justissimi;
674 3285 716 3343 J
720 3286 907 3345 acobo
934 3303 1077 3359 ergo
1103 3284 1472 3359 propositum
1500 3290 1589 3341 est
1608 3302 1862 3359 arguere
1888 3286 2228 3359 neglectum
2254 3287 2418 3344 hunc
2445 3304 2694 3361 operum

286 3373 347 3424 et
372 3364 791 3423 stultissimum
820 3381 1029 3423 eorum
1058 3362 1337 3422 delirium
1366 3362 1471 3437 qui
1498 3361 1654 3421 inter
1673 3362 2042 3423 Christianos
2066 3364 2247 3421 fidem
2274 3364 2369 3439 cuj
2379 3384 2448 3423 us
2473 3382 2694 3423 nomen

284 3451 415 3503 erat
456 3445 689 3503 illustre
732 3450 979 3502 externa
1020 3448 1260 3501 tantum
1301 3441 1491 3517 specie
1534 3447 1596 3499 et
1637 3442 2000 3517 professione
2047 3442 2464 3515 metiebantur,
2513 3444 2694 3501 fidem

275 3523 607 3598 jactabant,
638 3540 819 3597 opera
844 3521 1245 3597 negligebant.
1292 3520 1379 3578 Hi
1405 3527 1608 3579 autem
1636 3520 1781 3595 quia
1804 3518 1849 3577 J
1853 3520 2262 3579 ustificationis
2287 3520 2424 3577 fidei
2453 3522 2694 3579 nomine

282 3602 703 3677 abutebantur,
735 3607 795 3659 et
820 3618 895 3658 ex
922 3598 1215 3659 sententia
1235 3597 1413 3657 Pauli
1438 3616 1748 3675 perperam
1775 3598 2096 3669 intellecta,
2123 3616 2232 3655 nec
2253 3616 2374 3654 non
2398 3616 2472 3654 ex
2495 3598 2692 3656 Abra-

282 3680 447 3737 hami
488 3682 781 3757 exemp10,
824 3679 1093 3737 studium
1121 3679 1414 3736 bonorum
1444 3695 1694 3753 operum
1720 3694 1829 3734 ceu
1855 3676 2070 3734 inutile
2097 3682 2158 3733 et
2185 3694 2691 3751 supervacaneum

282 3776 503 3834 susque
530 3760 724 3835 deque
752 3758 1072 3828 habebant,
1100 3754 1143 3813 J
1146 3756 1371 3814 acobus
1398 3757 1609 3813 eodem
1637 3756 1911 3829 exemplo
1939 3755 2004 3812 in
2032 3754 2170 3812 illos
2198 3760 2423 3812 retorto
2453 3754 2692 3813 inanem

282 3836 451 3894 illam
471 3837 825 3911 jactantiam
854 3835 1187 3906 contundit,
1231 3842 1301 3892 ut
1339 3852 1415 3891 ne
1452 3835 1581 3893 sola
1606 3832 1896 3908 professio
1925 3840 2162 3891 tantum
2191 3832 2474 3904 sufficere,
2501 3834 2598 3891 vel
2627 3834 2690 3891 in

284 3934 357 3973 ea
382 3934 523 3973 vera
549 3917 695 3974 fides
722 3918 837 3973 sita
862 3913 1317 3973 existimaretur.
1376 3912 1553 3971 Vidit
1592 3914 1707 3970 hoc
1736 3914 1903 3986 Aug.
1942 3911 2003 3969 in
2037 3910 2192 3969 Psal.
2222 3911 2406 3982 xxxi„
2452 3915 2486 3945 ‘⁴
2508 3909 2553 3969 J
2555 3930 2690 3969 aco-

282 3995 454 4065 bus,''
496 3994 709 4069 inquit,
748 3994 938 4051 “vult
976 3992 1275 4067 corrigere
1314 4009 1416 4049 eos
1457 3991 1561 4067 qui
1603 3992 1762 4048 male
1791 3988 2054 4047 Paulum
2082 3988 2494 4064 intelligendo,
2524 3991 2692 4047 nole-

280 4074 427 4131 bant
452 4073 603 4130 bene
631 4072 880 4147 operari,
910 4072 985 4129 de
1012 4072 1143 4128 sola
1166 4070 1284 4127 fide
1310 4069 1792 4145 praesumentes.''
1838 4067 2056 4145 Itaque
2093 4069 2380 4125 adversus
2406 4076 2691 4143 utrosque

280 4150 435 4211 sicut
462 4152 761 4210 contraria
785 4152 965 4227 plane
991 4148 1110 4205 fuit
1136 4147 1555 4219 controversia,
1598 4146 1899 4205 contrario
1925 4145 2106 4203 etiam
2133 4146 2315 4203 modo
2342 4145 2462 4204 fuit
2487 4147 2692 4219 dispu-

280 4230 553 4287 tandum.
600 4228 705 4287 Illi
746 4230 1032 4287 adversus
1072 4245 1221 4301 quos
1254 4226 1522 4300 disputat
1551 4224 1782 4283 Paulus
1808 4242 2056 4301 operum
2085 4222 2402 4281 ,Iustitiam
2431 4224 2692 4283 stabilie-

281 4308 446 4378 bant,
481 4306 593 4366 Isti
621 4326 756 4365 cum
784 4306 1003 4382 quibus
1030 4305 1157 4379 agit
1182 4303 1225 4362 J
1230 4304 1471 4375 acobus,
1514 4322 1638 4361 non
1680 4321 1928 4378 operum
1967 4303 2148 4359 modo
2181 4302 2688 4377 justificationem,

280 4386 385 4443 scd
413 4386 542 4459 ipsa
568 4386 747 4443 etiam
771 4404 953 4460 opera
972 4382 1141 4459 quasi
1167 4402 1385 4457 parum
1411 4382 1643 4439 homini
1668 4381 2002 4440 Christiano
2031 4380 2359 4439 necessaria
2385 4382 2461 4439 de
2490 4382 2692 4441 medio

277 4463 573 4523 tollebant
590 4486 605 4535 ;
636 4466 791 4522 sicut
820 4462 887 4521 Ε.
921 4464 1207 4521 adversus
1250 4462 1387 4519 illos
1430 4462 1517 4519 ita
1542 4459 1890 4517 defenditur
1930 4458 2198 4534 gratuita
2223 4458 2267 4516 J
2271 4459 2584 4519 ustificatio
2613 4479 2689 4519 ex

277 4542 414 4614 fide,
450 4550 519 4601 ut
545 4544 705 4601 bona
732 4560 914 4617 opera
940 4559 1061 4599 non
1091 4541 1383 4599 tollantur
1411 4538 1560 4614 quin
1602 4537 1805 4613 potius
1829 4537 2046 4614 passim
2089 4536 2489 4597 efficacissime
2531 4559 2693 4599 com-

274 4623 652 4693 mendentur,
694 4622 793 4679 sed
838 4626 1077 4677 tant-um
1120 4617 1162 4675 J
1168 4618 1502 4677 iustificandi
1550 4617 1642 4675 vis
1681 4616 1804 4673 illis
1857 4617 2207 4675 detrahatur
2232 4617 2376 4752 33ita
2402 4620 2689 4676 adversus

2331 4717 2368 4754 A
