3234 5192
310 351 547 393 msrur.
576 338 745 411 xxv]
925 353 1007 394 nn
1035 354 1383 397 consonum
1410 354 1595 397 raum
1625 354 1700 395 nr
1743 354 1978 414 neom,
2006 354 2140 399 nro.
2441 346 2444 351 '
2603 340 2724 407 733

310 494 515 557 fideles
542 494 617 553 de
644 494 779 552 luce
806 493 867 551 in
896 495 1112 567 lucem,
1133 496 1209 553 de
1236 496 1447 554 robore
1466 496 1530 554 in
1558 496 1763 566 robur,
1786 497 1862 554 de
1883 496 2082 571 gloria
2107 495 2172 553 in
2200 496 2458 572 gloriam
2487 518 2732 576 progre-

316 573 577 643 diantur,
596 580 674 644 et,
698 569 983 630 virtutem
1010 574 1221 631 virtuti
1246 576 1552 645 addentes,
1581 575 1620 632 2
1649 572 1778 631 Pet.
1799 575 1860 645 i.,
1891 581 2160 633 crescant
2178 576 2240 632 in
2259 578 2539 636 omnibus
2565 580 2628 635 in
2655 596 2730 636 eo

314 651 419 725 qui
450 649 649 725 Caput
676 658 781 722 est,
813 651 969 727 Eph.
1013 653 1092 711 iv.
1126 652 1219 723 16,
1248 654 1349 709 sed
1372 653 1525 709 nihil
1552 670 1868 709 commune
1915 653 2096 711 habet
2121 670 2258 711 cum
2285 652 2328 711 J
2333 655 2728 715 ustificationo

316 730 535 786 forensi
583 748 717 803 quae
763 748 887 787 uno
925 739 1063 789 actu
1108 732 1270 806 apud
1314 731 1513 789 Deum
1540 730 1726 787 semel
1767 731 2096 807 peragitur,
2125 732 2289 789 unde
2317 733 2426 791 etsi
2447 734 2580 807 ejus
2605 754 2732 792 sen·

314 828 409 866 sus
447 814 644 881 potest
694 808 758 864 in
813 808 985 866 nobis
1032 811 1131 866 vel
1166 809 1358 884 major
1397 810 1497 867 vel
1546 808 1746 867 minor
1787 810 1914 867 fieri
1960 826 2070 884 pro
2113 810 2282 868 vario
2321 812 2582 869 hominis
2607 818 2726 871 sta·

316 895 403 957 tu,
434 903 558 959 quo
586 885 825 943 videtur
850 888 1137 964 respicere
1162 888 1334 945 locus
1365 888 1555 963 Apoc.
1614 887 1759 945 xxii.
1795 888 1886 958 11,
1931 894 1966 921 “
1985 888 2092 962 qui
2129 889 2336 963 justus
2382 896 2473 947 est
2509 890 2732 964 justifi-

314 971 481 1022 cetur
506 964 764 1035 adhuc‚’'
795 964 911 1024 Jus
938 974 1137 1025 tamen
1164 966 1362 1040 ipsum
1390 966 1573 1023 semel
1601 966 1890 1023 collatum
1917 966 2078 1023 idem
2113 985 2344 1042 semper
2367 975 2572 1025 manet
2595 968 2727 1045 ἅμα·

315 1044 623 1119 τιμιλέτυς,
650 1062 761 1101 nec
787 1046 995 1119 augeri
1022 1052 1221 1121 potest
1244 1050 1355 1102 aut
1378 1044 1587 1101 minui.
1654 1044 1872 1113 Tertio,
1899 1043 2054 1103 falso
2080 1044 2125 1103 J
2129 1046 2586 1105 ustificationem
2607 1049 2732 1122 pri-

317 1140 479 1179 mam
526 1124 601 1179 de
648 1141 774 1196 qua
802 1121 1065 1181 Paulum
1118 1123 1393 1180 locutum
1434 1122 1622 1179 fuisse
1649 1124 1866 1180 volunt
1891 1123 2242 1181 adscribunt
2267 1124 2561 1195 charitati,
2591 1144 2732 1183 cum

316 1201 441 1275 ipse
468 1207 807 1257 constanter
840 1202 1000 1272 fidei,
1030 1218 1345 1275 nunquam
1378 1218 1520 1257 vero
1558 1200 1836 1258 charitati
1863 1218 1996 1259 eam
2015 1202 2260 1259 tribuat.
2307 1202 2560 1274 Quarto,
2589 1205 2730 1261 ‹luae

316 1279 445 1337 istae
474 1277 517 1335 J
522 1278 943 1337 ustificationes
990 1298 1051 1336 se
1096 1285 1312 1335 mutuo
1340 1278 1595 1350 elidunt,
1623 1278 1820 1352 prima
1859 1278 2073 1337 evertit
2099 1282 2440 1352 secundam,
2469 1283 2732 1341 secunda

317 1365 563 1415 enervat
591 1356 846 1430 primam
871 1378 885 1427 ;
928 1376 1069 1415 nam
1092 1357 1141 1414 si
1169 1374 1275 1432 per
1301 1356 1553 1430 primam
1582 1356 1842 1431 perfecte
1869 1374 2076 1415 sumus
2107 1358 2234 1415 Deo
2257 1360 2640 1430 reconciliati,
2670 1369 2732 1419 et

317 1435 381 1492 in
402 1441 564 1492 statu
589 1433 888 1492 felicitatis
916 1436 1241 1506 constituti,
1260 1434 1405 1509 quid
1430 1452 1583 1511 opus
1598 1440 1690 1491 est
1707 1435 2012 1493 secunda?
2041 1436 2089 1493 si
2111 1437 2372 1493 secunda
2401 1440 2732 1497 necessaria

320 1521 425 1589 est,
458 1512 528 1570 E.
558 1512 752 1587 prima
777 1531 899 1570 non
926 1531 1065 1570 vere
1092 1531 1203 1571 nos
1235 1512 1667 1589 justificaverit,
1697 1520 1760 1570 et
1785 1513 1868 1571 sic
1897 1530 1974 1569 ne
2001 1512 2043 1570 J
2049 1514 2458 1572 ustificationis
2483 1516 2730 1590 quidem

320 1610 539 1649 nomen
584 1590 945 1662 merebitur;
990 1591 1247 1665 primam
1295 1598 1498 1649 autem
1545 1592 1886 1649 absolutam
1915 1608 2040 1649 esse
2069 1592 2348 1650 omnibus
2375 1594 2640 1653 numeris
2667 1601 2730 1653 et

318 1670 643 1747 perfectam
670 1686 746 1725 ex
786 1670 1086 1743 adjunctis
1112 1678 1174 1727 et
1199 1669 1421 1727 effectis
1468 1676 1649 1745 patet,
1695 1670 1838 1744 quia
1865 1687 2070 1744 pacem
2103 1669 2474 1729 conscientiae
2503 1680 2640 1747 post
2665 1692 2730 1732 se

320 1749 521 1819 trahit,
552 1746 726 1804 Rom.
757 1767 812 1805 v.
848 1748 898 1819 l,
928 1748 1345 1823 gloriationem
1393 1750 1557 1824 apud
1587 1748 1805 1818 Deum,
1847 1747 1990 1805 ibid.
2023 1767 2142 1807 ver.
2173 1750 2230 1821 2,
2263 1749 2354 1820 11,
2383 1750 2732 1810 felicitatem

250 1858 260 1865 ·
320 1836 381 1885 et
408 1829 666 1886 salutem
688 1827 1116 1897 omnimodam,
1148 1827 1323 1885 Rom.
1352 1826 1431 1884 iv.
1460 1827 1519 1899 6,
1548 1826 1603 1890 7.
1649 1826 1894 1901 Quinte,
1923 1826 2006 1885 sic
2033 1845 2154 1886 non
2183 1834 2418 1885 tantum
2447 1830 2586 1888 duae
2615 1838 2734 1889 sta·-

318 1907 559 1964 tuendae
589 1912 786 1963 essent
812 1904 855 1962 J
860 1905 1299 1977 ustificationes,
1330 1906 1433 1963 sed
1460 1906 1656 1964 multo
1683 1907 1903 1981 plureS,
1931 1913 2113 1979 prout
2137 1906 2296 1963 enim
2326 1906 2478 1965 varii
2503 1916 2646 1965 sunt
2673 1916 2735 1967 et

320 2002 473 2058 pene
492 1984 709 2040 infiniti
738 1984 961 2055 gradus
979 1983 1323 2040 incrementi
1354 1982 1395 2041 J
1402 1983 1637 2055 ustitiae,
1662 2002 1768 2042 cur
1795 2002 1917 2041 non
1941 1984 2166 2058 pariter
2185 1984 2376 2053 tertia,
2405 1993 2642 2060 quarta,
2672 1994 2734 2046 et

322 2060 551 2135 quinta,
580 2066 641 2117 et
668 2062 749 2118 sic
774 2061 1051 2133 deinceps
1079 2078 1188 2134 pro
1212 2061 1389 2117 variis
1420 2061 1541 2117 illis
1570 2063 1858 2133 gradibus
1885 2061 2301 2118 admitteretur
2327 2060 2370 2119 J
2373 2063 2731 2123 ustificatio‘e'

326 2138 529 2207 Sexto,
552 2138 1051 2195 contumeliosum
1074 2138 1239 2193 estin
1253 2137 1686 2195 sanctissimum
1703 2136 1980 2193 meritum
2005 2138 2242 2207 Christi,
2256 2156 2512 2197 asserere
2523 2160 2731 2199 secun-

320 2217 461 2273 dam
479 2216 521 2273 J
526 2215 978 2273 ustificationem
992 2234 1129 2288 quae
1150 2214 1214 2270 in
1232 2214 1447 2271 nostris
1462 2218 1744 2289 operibus
1766 2214 2051 2285 consistit,
2063 2216 2370 2289 majorem,
2383 2218 2730 2291 auctiorem,

321 2294 655 2369 digniorem
684 2311 809 2351 esse
836 2294 999 2366 apud
1028 2292 1245 2362 Deum,
1275 2310 1459 2367 quam
1506 2294 1764 2367 primam
1791 2310 1928 2367 quae
1950 2294 2079 2351 solo
2105 2293 2324 2352 Christi
2351 2295 2564 2354 merito
2591 2297 2734 2355 niti-

322 2380 441 2443 tur,
470 2379 531 2430 et
558 2372 803 2447 quidem
830 2389 951 2429 non
978 2370 1251 2445 primam,
1282 2372 1386 2428 sed
1414 2374 1738 2430 secundam
1765 2372 1808 2431 J
1813 2370 2272 2429 ustificationem
2299 2373 2512 2433 mereri
2539 2375 2730 2433 vitam

320 2456 641 2521 oeternam3
687 2450 786 2509 Ita
812 2449 1033 2509 scilicet
1077 2450 1360 2507 meritum
1391 2446 1613 2507 Christi
1639 2447 1994 2526 deprimitur
2021 2457 2080 2508 et
2107 2451 2399 2526 superbias
2429 2470 2731 2511 venenum

322 2530 403 2586 ad
429 2530 815 2603 gloriandum
844 2546 1045 2587 coram
1072 2528 1204 2586 Deo
1232 2526 1513 2585 cordibus
1550 2529 1864 2587 hominum
1893 2528 2150 2601 afflatur,
2179 2531 2326 2587 dum
2354 2530 2610 2589 liberum
2638 2550 2734 2591 ar-

320 2607 567 2665 bitrium
614 2608 823 2682 gratioe
870 2606 1175 2682 cooperari
1200 2607 1261 2663 in
1301 2609 1415 2665 hac
1458 2608 1888 2681 justificatione
1915 2608 2180 2682 fingitur,
2209 2609 2292 2666 sic
2319 2628 2499 2683 opera
2525 2614 2734 2669 nostra

324 2686 596 2743 meritum
627 2686 851 2745 Christi
878 2687 976 2743 vel
1020 2687 1396 2761 superabunt,
1432 2688 1599 2761 quod
1636 2686 2073 2759 blasphemum,
2093 2686 2194 2743 vel
2213 2688 2528 2764 perficiem,
2567 2690 2732 2763 quod

321 2764 663 2822 ridiculum.

404 2842 561 2899 V11.
584 2841 877 2908 Quamvis
904 2859 1047 2899 vero
1068 2843 1349 2899 daremus
1366 2842 1533 2916 quod
1558 2839 1940 2899 falsissimum
1967 2846 2076 2909 est,
2105 2840 2544 2899 distinctionem
2570 2846 2730 2904 hanc

320 2936 395 2976 ex
427 2920 737 2993 Scriptura
770 2919 1011 2993 probari
1056 2938 1245 2993 posse,
1272 2926 1501 2977 certum
1528 2928 1730 2977 tamen
1768 2926 1860 2976 est
1883 2935 2017 2975 eam
2044 2918 2186 2975 huic
2211 2917 2430 2977 Jacobi
2458 2920 2592 2978 loco
2620 2940 2724 2997 ap-

320 2996 530 3071 plicari
560 3014 679 3053 non
710 3014 883 3071 posse
910 3014 1021 3054 nec
1044 2998 1278 3055 debere.
1338 2996 1559 3069 Primo,
1588 2996 1736 3072 quia
1759 2995 2031 3071 loquitur
2052 2997 2294 3070 quidem
2321 2997 2397 3054 de
2423 2997 2468 3054 J
2469 2999 2728 3057 ustifica-

321 3075 499 3145 tione,
529 3076 627 3131 sed
660 3076 735 3131 de
762 3073 805 3131 J
810 3074 1219 3133 ustificationis
1260 3076 1626 3133 incremento
1654 3075 1902 3131 verbum
1951 3074 2188 3131 nullum
2215 3074 2378 3147 facit,
2407 3077 2569 3133 unde
2594 3096 2729 3153 per·

322 3170 529 3229 peram
554 3152 645 3209 illi
688 3154 819 3210 haec
861 3153 1167 3227 affingitur
1206 3154 1513 3211 sententia.
1598 3153 1895 3223 Secundo,
1925 3152 2070 3226 quia
2114 3170 2190 3209 ex
2217 3153 2364 3211 serie
2391 3160 2558 3229 patet
2583 3174 2726 3215 eum

321 3233 506 3289 verba
538 3231 733 3288 facere
752 3231 829 3288 de
856 3232 1099 3288 homine
1126 3232 1231 3305 qui
1256 3234 1435 3289 fidem
1470 3232 1709 3306 jactans
1735 3232 1861 3289 sine
1891 3231 2168 3306 operibus
2210 3249 2272 3289 se
2297 3232 2594 3291 existimet
2619 3254 2726 3309 per

320 3327 455 3367 eam
482 3311 675 3367 solam
694 3308 1027 3383 justificari,
1056 3310 1319 3367 ostendit
1334 3328 1473 3367 vero
1494 3310 1734 3367 inanem
1755 3327 1884 3367 esse
1905 3311 2061 3367 hane
2079 3309 2516 3384 gloriationem,
2542 3314 2722 3371 fidem

320 3388 485 3447 enim
504 3389 673 3445 illam
700 3398 993 3443 mortuam
1013 3406 1137 3445 esse
1154 3407 1290 3463 quae
1308 3396 1507 3447 careat
1533 3388 1832 3463 operibus,
1853 3396 1916 3447 et
1931 3389 2264 3447 necessario
2293 3407 2475 3465 opera
2499 3391 2724 3466 requiri

322 3467 402 3524 ad
428 3468 493 3523 id
522 3474 591 3524 ut
620 3466 982 3539 justificetur
1003 3487 1019 3536 ;
1062 3473 1127 3523 at
1152 3466 1201 3523 si
1227 3474 1467 3524 mortua
1493 3472 1772 3525 censetur
1795 3468 1944 3525 fides
1963 3467 2089 3524 sine
2116 3468 2411 3541 operibus,
2441 3477 2720 3527 mortuus

320 3545 545 3619 pariter
586 3546 916 3602 censendus
964 3551 1054 3601 est
1099 3545 1487 3619 spiritualiter
1532 3544 1642 3620 qui
1687 3546 1856 3603 illam
1883 3544 1996 3603 sibi
2022 3545 2246 3615 tribuit,
2275 3553 2458 3620 atque
2484 3546 2572 3603 ita
2597 3565 2722 3604 non

322 3629 519 3697 potest
534 3623 758 3697 justior
782 3622 913 3680 fieri
934 3638 1040 3696 per
1064 3641 1264 3697 opera,
1292 3624 1375 3681 sic
1400 3624 1559 3680 enim
1586 3630 2024 3697 supponeretur
2055 3622 2186 3696 jam
2211 3624 2430 3680 habere
2455 3624 2722 3698 aliquam

316 3700 635 3774 justitiam,
664 3720 847 3776 quam
875 3702 1109 3757 nullam
1157 3702 1339 3759 habet
1362 3708 1584 3771 tamen,
1612 3702 1716 3757 sed
1751 3700 1956 3774 justus
1983 3707 2218 3758 tantum
2245 3701 2417 3757 reddi
2443 3702 2590 3757 dum
2617 3720 2724 3776 per

322 3797 507 3853 opera
532 3780 680 3837 talia
717 3780 1097 3854 justificatur.
1180 3780 1399 3850 Terti0,
1426 3780 1475 3836 si
1523 3796 1667 3835 vera
1691 3786 1844 3836 esset
1869 3778 1978 3835 illa
2003 3777 2358 3849 conciliatio,
2379 3787 2725 3853 sequeretur

324 3856 743 3917 Abrahamum
772 3857 947 3915 simul
970 3858 1299 3932 eodemque
1324 3865 1593 3932 tempore
1607 3856 1794 3913 fuisse
1813 3864 2069 3931 utroque
2089 3856 2270 3915 modo
2291 3856 2684 3930 justificatum
2703 3878 2720 3927 3

320 3943 389 3993 at
412 3936 705 4011 posterius
732 3954 806 3993 ex
834 3934 961 3991 istis
988 3935 1313 3992 absurdum
1342 3936 1515 4005 foret,
1542 3935 1692 4009 quia
1725 3934 1808 3992 sic
1835 3952 2017 4009 opera
2040 3934 2178 3992 fidei
2207 3941 2525 4009 utramque
2543 3935 2724 4009 justi·

321 4014 657 4072 ficationem
684 4015 1101 4088 praecederent,
1130 4016 1295 4088 quod
1324 4014 1435 4089 ipsi
1464 4011 1818 4071 Adversarii
1843 4019 2101 4087 negant;
2153 4012 2592 4087 Consequentia
2615 4032 2728 4088 pa-

320 4100 409 4151 tet
434 4111 510 4149 ex
536 4090 667 4149 Jac.
719 4092 777 4148 ii.
822 4092 917 4161 23,
948 4090 1053 4148 ubi
1099 4091 1314 4166 inquit,
1358 4098 1392 4125 “
1416 4099 1545 4149 tum
1584 4092 1894 4167 impletam
1938 4090 2122 4149 fuisse
2151 4092 2320 4147 illam
2354 4090 2722 4165 Scripturam

322 4176 683 4229 asserentem
732 4171 1151 4227 Abrahamum
1200 4170 1331 4228 Deo
1380 4169 1696 4227 credidisse
1743 4175 1806 4226 et
1839 4168 1930 4225 ini
1959 4171 2073 4227 hoc
2099 4168 2464 4243 imputatum
2493 4186 2616 4226 esse
2641 4170 2722 4227 ad

312 4247 633 4323 justitiam,
656 4266 847 4323 quum
878 4247 1153 4304 Isaacum
1178 4248 1401 4306 obtulit
1425 4248 1488 4304 in
1510 4248 1920 4317 sacrificium,''
1943 4247 2024 4303 id.
2053 4264 2242 4321 quum
2263 4264 2338 4303 ex
2359 4247 2636 4321 operibus
2657 4248 2726 4305 fi-

322 4328 463 4383 dem
490 4344 661 4383 suam
688 4326 947 4383 ostendit
968 4346 983 4394 ;
1028 4327 1191 4383 unde
1232 4326 1320 4383 ita
1344 4326 1626 4399 colligere
1642 4328 1848 4383 liceret
1871 4324 2234 4383 conferendo
2258 4323 2303 4382 J
2306 4325 2562 4382 acoburu
2588 4343 2726 4383 cum

324 4402 539 4475 Paulo,
570 4404 824 4477 Quando
848 4404 1199 4461 Abrahamo
1224 4406 1373 4461 fides
1402 4422 1512 4461 sua
1550 4406 1631 4461 ad
1664 4402 1963 4479 justitiam
1991 4402 2286 4477 imputata
2311 4409 2416 4475 est,
2445 4408 2576 4459 tum
2596 4403 2728 4477 jus-

322 4483 581 4541 tificatus
610 4490 698 4539 est
724 4482 949 4555 absque
994 4482 1289 4556 operibus,
1320 4500 1395 4539 ex
1439 4480 1636 4539 Paulo
1679 4484 1756 4540 ad
1787 4480 1984 4553 Rom„
2014 4498 2086 4538 ac
2121 4482 2375 4556 proinde
2401 4481 2595 4555 prima
2621 4482 2730 4539 illa

325 4560 679 4619 Bellarmini
707 4558 749 4616 J
756 4560 1164 4628 ustificatione,
1208 4560 1299 4617 At
1324 4561 1567 4635 quando
1607 4578 1716 4635 per
1740 4560 1903 4617 bona
1927 4578 2124 4634 opera,
2152 4566 2215 4616 et
2241 4560 2594 4617 nominatim
2621 4576 2730 4634 per

320 4639 431 4697 filii
448 4637 541 4697 sui
564 4637 925 4695 oblationem
944 4638 1121 4694 fidem
1148 4656 1319 4695 suam
1347 4638 1794 4709 demonstravit,
1817 4644 1946 4695 tum
1961 4638 2110 4695 fides
2135 4638 2266 4711 ejus
2293 4638 2406 4714 ipsi
2433 4638 2510 4697 ad
2537 4636 2582 4695 J
2585 4636 2734 4695 usti-
