3234 5192
260 294 490 339 meror.
533 276 737 358 xxm]
1079 289 1159 331 nn
1200 289 1457 334 omento
1496 291 1854 337 murts-1010.
2549 285 2662 345 '121

256 447 314 499 et
339 458 443 517 per
468 435 627 515 quod
654 432 1070 513 respondemus
1098 432 1175 491 ad
1200 432 1577 511 quaestionem
1601 436 1744 512 quid
1759 439 1941 499 credis
1956 438 1986 499 ‚³
2007 439 2266 513 formale
2289 449 2381 501 est
2408 440 2470 503 id
2496 463 2666 522 prop·

258 528 345 579 ter
388 517 547 597 quod
590 516 878 575 credimus
920 522 981 573 et
1022 532 1127 590 per
1161 513 1321 589 quod
1358 515 1775 591 respondemus
1801 518 1878 583 ad
1905 518 2282 597 quaestionem
2307 540 2414 582 cur
2439 525 2668 585 credis!

258 618 314 660 v.
338 620 414 677 g.‚
446 618 515 659 ea
543 597 737 657 omnia
762 614 893 672 qnae
913 594 976 652 in
1001 594 1185 653 verbo
1216 594 1328 653 Dei
1357 594 1645 655 credenda
1665 607 2078 674 proponuntur,
2109 607 2176 658 ut
2194 600 2422 659 Creatio
2442 602 2664 679 mundi,

257 677 637 757 providentia,
674 674 1012 752 redemptio,
1058 671 1188 750 δια,
1230 682 1365 734 sunt
1406 676 1702 736 materiale
1738 677 1875 737 fidei
1903 678 2213 757 objectum,
2259 688 2396 743 sunt
2421 682 2576 741 enim
2605 682 2668 742 id

256 759 413 836 quod
440 756 745 831 credimus,
793 764 853 815 et
895 774 999 832 per
1042 773 1112 813 ea
1156 754 1539 832 respondetur
1582 756 1659 815 ad
1703 758 2082 835 quaestionem
2107 758 2251 837 quid
2289 760 2522 821 credis?
2562 762 2668 823 sed

254 838 575 899 authoritas
602 836 767 896 verbi
792 843 883 895 est
908 834 1148 893 formale
1177 835 1467 913 objectum
1496 835 1634 895 fidei
1661 845 1890 913 nostrae,
1933 839 2072 916 quia
2099 847 2190 899 est
2225 840 2372 905 ratio
2409 840 2668 903 formalis

257 928 487 997 propter
514 937 689 995 quam
717 916 1007 975 credimus
1034 914 1229 974 omnia
1255 916 1385 991 alia,
1430 924 1489 975 et
1526 935 1658 993 quse
1691 937 1809 977 non
1836 918 2091 979 creditur
2115 928 2350 998 propter
2375 920 2537 981 aliud
2563 920 2670 983 sed

258 1008 490 1077 propter
534 1018 614 1057 se.
686 996 731 1059 J
734 1016 825 1055 am
854 996 1240 1075 Requlafidea'
1275 994 1567 1055 diversum
1600 997 1742 1074 quid
1769 1008 1938 1059 sonat
1964 1000 2038 1059 ab
2065 1008 2330 1078 utroque,
2380 1020 2516 1061 nam
2558 1021 2670 1061 nec

255 1087 347 1139 est
388 1077 725 1154 simpliciter
771 1076 1065 1154 objectum
1106 1075 1401 1135 materiale
1445 1076 1744 1153 sigillatim
1781 1078 2208 1141 consideratum
2250 1088 2310 1141 et
2351 1080 2414 1139 in
2455 1082 2665 1159 specie,

257 1178 362 1217 nec
390 1168 480 1218 est
506 1156 745 1217 formale
774 1176 879 1215 seu
904 1155 1052 1215 ratio
1080 1164 1315 1232 propter
1342 1175 1515 1234 quam
1544 1158 1850 1234 credimus,
1882 1158 1986 1219 sed
2013 1159 2156 1219 dicit
2183 1168 2440 1237 systema
2460 1169 2520 1221 et
2547 1163 2666 1221 col-

257 1239 563 1298 lectionem
606 1236 864 1295 omnium
906 1234 1342 1311 credendorum,
1391 1255 1494 1295 seu
1530 1237 1876 1315 principium
1906 1239 2222 1301 secundum
2248 1240 2408 1317 quod
2435 1241 2668 1303 credere

254 1318 567 1393 debemus;
612 1317 695 1377 ita
731 1315 925 1375 differt
962 1316 1036 1374 ab
1079 1316 1309 1393 objecto
1358 1314 1584 1375 formali
1623 1316 2048 1380 diversimode:
2101 1322 2155 1379 1.
2185 1322 2414 1397 Requkz
2430 1321 2582 1400 fidei
2605 1341 2668 1381 se

257 1398 432 1458 habet
458 1398 533 1456 ad
560 1396 797 1457 modum
824 1414 1010 1455 causoe
1036 1397 1377 1471 exemplaris
1412 1416 1589 1473 quam
1616 1397 1761 1457 fides
1802 1398 1866 1457 in
1905 1398 2174 1459 omnibus
2203 1400 2368 1477 sequi
2395 1409 2455 1461 et
2482 1402 2578 1461 cui
2603 1420 2668 1461 se

254 1477 610 1537 conformare
640 1476 814 1547 debet
836 1499 851 1553 ;
895 1484 957 1535 at
964 1478 1223 1549 formale
1248 1478 1513 1552 objectum
1539 1478 1718 1537 habet
1741 1479 2025 1540 rationem
2051 1500 2237 1539 causoe
2263 1482 2538 1557 objectiva
2565 1500 2670 1541 seu

256 1557 616 1620 fundamenti
655 1564 891 1635 propter
929 1555 1088 1634 quod
1126 1556 1519 1634 principaliter
1546 1565 1606 1617 et
1633 1557 1950 1619 formaliter
1987 1560 2312 1638 credimus;
2356 1564 2414 1622 2.
2443 1562 2672 1639 Reyula

245 1639 400 1777 ἔξω·
421 1638 639 1697 limitat
686 1644 747 1697 et
794 1635 1139 1695 determinat
1182 1656 1311 1695 eam
1357 1636 1723 1697 latitudinem
1763 1647 1825 1698 et
1865 1641 2268 1701 extensionem
2307 1660 2482 1719 quam
2524 1641 2670 1701 fides

331 1719 433 1779 bet
475 1718 535 1777 in
580 1716 783 1777 ordine
823 1715 899 1775 ad
943 1716 1173 1794 objecta
1211 1717 1547 1793 materialia,
1592 1717 1731 1777 dum
1759 1718 1930 1779 docet
1956 1729 2098 1798 quot
2125 1728 2186 1781 et
2211 1740 2342 1798 quse
2383 1721 2673 1781 credenda

256 1807 408 1875 sunt,
441 1798 543 1858 sed
557 1800 813 1874 formale
840 1798 1105 1872 objectum
1132 1796 1441 1874 specificat,
1488 1806 1547 1857 et
1574 1797 1780 1858 fundat
1819 1819 2120 1861 assensum
2146 1800 2318 1877 fidei3
2363 1803 2421 1863 3.
2443 1804 2672 1878 Requla

240 1880 393 1955 fidei
416 1887 507 1937 est
534 1877 969 1953 comprehensio
1010 1884 1071 1936 et
1110 1879 1340 1949 συλλογὶ
1378 1878 1636 1937 omnium
1665 1877 2119 1957 credendorum3
2163 1880 2269 1941 sed
2291 1883 2549 1955 formale
2575 1883 2670 1941 ob-

242 1961 455 2032 jectum
496 1966 586 2016 est
612 1956 673 2015 id
700 1964 935 2034 propter
960 1955 1118 2031 quod
1144 1966 1204 2015 et
1230 1957 1415 2032 ipsam
1443 1957 1706 2033 regulam
1734 1966 1792 2017 et
1819 1959 2014 2017 omnia
2039 1979 2170 2036 quse
2196 1959 2258 2015 in
2285 1979 2356 2019 ea
2382 1959 2671 2019 credenda

256 2044 653 2114 proponuntur
691 2034 807 2127 fide
850 2034 1050 2093 divina
1084 2035 1394 2126 credimus,
1436 2034 1587 2093 unde
1614 2034 1762 2127 fides
1789 2045 1987 2095 nostra
2011 2057 2130 2095 non
2155 2037 2468 2099 resolvitur
2492 2038 2556 2097 in
2579 2039 2670 2117 ip-

253 2112 1626 2270 sanerefflagotglfficssosegmisstgsgzggffiffig
1651 2114 2310 2272 &ggtuffRecipimus
2352 2192 2666 2257 confessio-

255 2272 821 2413 perffillimb‘vaem
843 2272 960 2331 illis
988 2279 1313 2411 φκὲοτςέιοι,
1335 2271 1509 2413 Εὲίἓηι
1539 2273 1664 2411 Βοὶὲ.
1686 2273 1794 2333 niti
1821 2273 2170 2414 authoritgte
2180 2275 2365 2414 Verlpi
2391 2284 2670 2354 tanquam

254 2376 395 2495 ,ἔξω
434 2372 939 2493 „offendit”
954 2371 1019 2493 ἒξ
1054 2362 2056 2511 οὲἰωῗζοῃῖῑὲἒωῖῗέἑῗέιὲῗ
2073 2362 2221 2493 „¹33²
2237 2366 2670 2499 „32:133”ssss

252 2516 568 2593 objectum,
612 2533 753 2591 ergo
788 2513 997 2574 ultima
1034 2513 1173 2573 fidei
1212 2513 1470 2591 analysis
1510 2514 1573 2573 in
1600 2514 1784 2575 Verbi
1811 2515 2220 2575 authoritatem
2248 2516 2666 2591 terminabitur,

254 2616 373 2655 non
400 2616 541 2655 vero
568 2594 631 2653 in
659 2594 939 2655 Ecclesiae
968 2592 1271 2653 infallibile
1303 2594 1716 2669 testimonium,
1758 2613 1889 2670 quse
1918 2602 2111 2653 tamen
2137 2603 2370 2672 recepta
2395 2604 2486 2655 est
2513 2597 2672 2675 apud

248 2676 617 2736 adversarios
666 2674 953 2735 sententia
992 2693 1166 2750 quam
1194 2674 1290 2732 hic
1317 2673 1726 2749 impugnamus
1751 2694 1766 2731 ι
1815 2672 2084 2733 audiatur
2127 2673 2368 2751 Staplet.
2411 2675 2511 2734 lib.
2542 2676 2668 2737 viii.

252 2751 2576 2895 Pfflmwfflfflmffixd

252 2914 405 2973 hanc
434 2852 865 2971 conclffiionem
890 2876 1074 2987 ponit:
1116 2912 1155 2944 ‘⁴
1182 2918 1307 2969 tota
1336 2873 1625 2987 completa
1650 2874 1908 2971 formalis
1935 2851 2486 2971 ratio‘fideiqx’xoitrae
2512 2876 2666 2971 ordi:

251 2993 413 3055 narie
440 2990 731 3068 loquendo
760 2998 851 3049 est
872 2990 1033 3049 Deus
1060 3009 1165 3066 per
1185 2988 1509 3049 Ecclesiam
1536 2988 1863 3049 revelaus.'’
1916 2988 1980 3049 Si
2002 2989 2072 3047 E.
2097 2988 2340 3049 credunt
2366 2990 2666 3054 formalem.

251 3072 531 3132 rationem
556 3078 790 3147 propter
809 3089 981 3147 quam
1010 3068 1297 3129 credimus
1326 3088 1452 3129 esse
1476 3069 1666 3128 Deum
1687 3068 2018 3145 loquentem
2039 3088 2144 3145 per
2164 3069 2504 3143 Ecclesiam,
2535 3091 2664 3149 per·

250 3171 452 3229 peram
480 3150 683 3209 dicunt
702 3148 968 3209 doctores
994 3148 1094 3209 isti
1121 3148 1287 3208 verbi
1312 3148 1720 3208 authoritatem
1748 3168 1866 3205 non
1892 3148 2002 3207 niti
2029 3147 2442 3209 infallibilitate
2461 3150 2666 3211 Eccle-

250 3232 356 3291 siae
384 3240 659 3308 tanquam
687 3229 915 3289 formali
942 3229 1189 3307 objecto·
1266 3232 1323 3287 2.
1354 3228 1435 3287 Et
1460 3228 1607 3287 illud
1635 3228 2007 3287 vehementer
2033 3227 2242 3289 falsum
2269 3237 2360 3289 est
2383 3230 2545 3307 quod
2570 3231 2668 3295 hie

250 3318 603 3389 supponunt,
638 3309 958 3369 Ecclesiam
992 3328 1121 3368 esse
1146 3307 1284 3367 fidei
1310 3308 1589 3385 regulam,
1622 3308 1809 3370 solum
1828 3308 1986 3367 enim
2013 3308 2292 3385 Verbum,
2323 3308 2483 3387 quod
2509 3330 2664 3371 sum·
2757 3333 2787 3363 ο

252 3411 409 3450 mam
450 3390 707 3449 omnium
750 3387 1163 3448 credendorum
1204 3388 1622 3465 complectitur,
1654 3396 1744 3448 est
1771 3408 1973 3447 norma
1999 3388 2102 3447 illa
2127 3389 2300 3467 plena
2327 3398 2388 3449 et
2413 3391 2669 3467 perfecta

249 3471 349 3529 eui
376 3471 524 3529 nihil
549 3469 649 3530 vel
674 3468 813 3527 addi
841 3468 1015 3527 debet
1032 3468 1128 3527 vel
1154 3467 1397 3543 detrahi,
1426 3476 1495 3527 ut
1522 3468 1694 3528 toties
1723 3488 1758 3527 a
1788 3468 2008 3546 Spiritu
2043 3468 2102 3529 S.
2131 3477 2221 3529 est
2247 3471 2664 3547 praescriptum.

254 3550 321 3609 Si
346 3550 417 3609 E.
442 3548 709 3609 Ecclesia
734 3568 851 3607 non
878 3556 1071 3626 potest
1097 3547 1215 3607 dici
1239 3548 1444 3627 regula
1469 3547 1624 3625 fidei,
1645 3568 1762 3609 non
1775 3555 1972 3627 potest
1991 3546 2233 3611 verbum
2251 3548 2414 3609 credi
2432 3558 2668 3627 propter

252 3630 579 3689 Ecclesiam
604 3638 881 3705 tanquam
911 3636 1143 3706 propter
1169 3628 1449 3705 regulam.

335 3709 588 3768 XVIII.
633 3711 713 3767 5·.
759 3707 1007 3783 Quidam
1036 3707 1379 3785 confugiunt
1399 3706 1475 3767 ad
1496 3706 1760 3767 diverses
1779 3710 2094 3784 respectus,
2113 3713 2242 3767 tum
2269 3724 2660 3785 personarum,

248 3796 380 3848 tum
414 3789 747 3866 regularum
782 3787 1075 3849 credendi.
1132 3787 1283 3847 Nam
1311 3786 1624 3865 aliquando
1651 3806 1780 3847 esse
1807 3786 2068 3846 diversas
2095 3806 2370 3865 personas
2398 3786 2550 3847 circa
2577 3786 2666 3844 di-

250 3888 425 3929 versa
471 3876 744 3942 errantes,
787 3888 847 3927 V.
876 3887 937 3945 g.
986 3887 1166 3945 quum
1200 3867 1349 3927 alter
1376 3867 1674 3943 Ecclesiae,
1721 3866 1884 3927 alter·
1904 3866 2216 3944 Scriptura
2255 3865 2664 3925 authoritatem

250 3956 449 4027 negat,
500 3956 639 4007 tunc
678 3947 905 4007 nullum
944 3947 1224 4007 circulum
1264 3945 1511 4022 admitti,
1560 3945 1613 4006 si
1649 3945 1782 4024 quis
1807 3946 1972 4005 illum
1997 3946 2231 4023 quidem
2260 3966 2338 4005 ex
2369 3946 2668 4023 Scriptura

248 4048 429 4105 quam
475 4027 730 4087 admittit
773 4026 847 4087 de
893 4026 1173 4087 Ecclesiae
1210 4026 1454 4087 veritate
1496 4026 1821 4099 convincat,
1871 4033 1933 4083 et
1975 4033 2177 4085 contra
2199 4024 2482 4084 adversus
2508 4024 2666 4085 hunc

254 4108 614 4185 Scripturam
654 4106 861 4184 probet
900 4127 1003 4184 per
1032 4106 1355 4167 Ecclesiam
1382 4106 1455 4165 de
1482 4106 1652 4183 cujus
1680 4104 2089 4166 infallibilitate
2117 4124 2234 4164 non
2260 4103 2528 4165 dubitat:
2577 4104 2664 4163 sic

250 4188 469 4263 Bcean,
500 4188 561 4246 in
590 4187 781 4245 Tract.
811 4184 883 4245 de
914 4186 1143 4245 Circulo
1170 4186 1397 4245 Calvia.
1427 4189 1483 4261 2,
1512 4185 1709 4245 caveri
1736 4184 2012 4245 circulum
2045 4204 2127 4243 ex
2162 4182 2410 4243 diversis
2435 4202 2662 4261 respec-

246 4268 410 4327 tibus
450 4267 777 4344 regularum
824 4265 1113 4340 credendi,
1158 4285 1288 4343 quse
1315 4274 1380 4324 ut
1407 4264 1649 4325 totidem
1679 4284 1884 4339 causae,
1922 4264 2146 4341 sibique
2172 4263 2426 4323 invicem
2453 4283 2660 4340 causae,

244 4368 327 4405 ex
356 4355 558 4405 mutua
585 4345 1028 4423 comparatione,
1068 4346 1257 4423 magis
1286 4344 1662 4405 illustrabiles
1689 4352 1748 4403 et
1775 4362 1877 4420 per
1903 4343 2236 4403 seinvicem
2266 4350 2401 4403 sunt
2428 4341 2662 4401 demon·

247 4427 537 4501 strabiles,
563 4434 621 4485 et
650 4433 787 4485 tunc
814 4444 933 4483 non
956 4444 1087 4485 esse
1108 4424 1405 4499 circulum,
1436 4423 1540 4484 sed
1565 4442 1894 4501 regressum
1919 4422 2096 4482 talem
2123 4422 2352 4500 qualem
2381 4422 2444 4480 in
2469 4420 2662 4481 diver·

244 4506 333 4565 eis
361 4506 671 4585 generibus
698 4524 1021 4579 causarum,
1050 4504 1299 4582 probant
1324 4524 1457 4563 eum
1479 4503 1662 4563 Arist.
1687 4502 2062 4580 sapientiores
2080 4521 2280 4563 omnes
2302 4501 2662 4580 Philosophi.

245 4586 449 4665 Resp„
483 4586 601 4647 Sed
640 4594 847 4645 neutra
884 4584 1125 4643 istarum
1165 4584 1603 4664 responsionum
1629 4582 2026 4645 difficultatem
2065 4582 2266 4719 tollit.2
2299 4581 2432 4641 Non
2457 4582 2662 4663 prima,

2301 4678 2338 4718 2
