3234 5192
334 349 566 392 msru‘r.
599 332 713 412 nn]
1278 355 1354 392 m:
1386 353 1575 394 rurus
1602 352 1870 395 cnms'rc.
2627 340 2742 398 359

332 493 634 568 diceretur,
658 511 833 570 quam
862 511 1125 569 sequens,
1152 492 1435 570 siquidem
1461 493 1724 554 Christus
1744 496 1986 572 praeibat
2007 505 2072 556 ut
2100 497 2238 572 dux,
2263 517 2380 556 non
2399 499 2748 574 sequebatur

332 582 400 632 ut
428 593 638 648 comeS,
672 573 845 632 Num.
876 573 957 632 ix.
994 576 1085 632 17.
1172 573 1399 632 Deinde
1430 575 1513 634 sic
1542 595 1744 634 ornnes
1773 595 1912 634 vera
1953 577 2066 635 fide
2097 577 2308 636 Christi
2339 578 2582 638 fuissent
2610 581 2748 638 sacti

332 653 660 730 participes,
692 673 822 711 cum
854 673 1055 712 omnes
1083 673 1158 712 ex
1190 654 1364 714 Petra
1391 655 1506 714 ista
1533 655 1804 727 biberint,
1836 657 1995 732 quod
2023 657 2140 715 dici
2162 658 2398 734 nequit;
2448 659 2746 736 Siquidem

336 733 497 792 Deus
538 735 600 792 in
626 733 803 792 variis
832 733 1043 792 dicitur
1081 753 1200 792 non
1229 735 1664 811 complacuisse.
1751 735 1942 794 Multo
1971 737 2185 796 rectius
2215 757 2352 814 ergo
2395 758 2498 815 per
2525 748 2746 816 petram

332 813 676 890 intelligitur
695 832 868 890 rupes
896 813 1209 872 materialis
1235 814 1450 874 deserti
1494 814 1712 890 Horeb,
1744 835 1874 891 quae
1902 836 2082 893 aquas
2110 816 2260 875 fudit
2279 836 2552 894 percussa
2579 819 2747 896 virga

335 893 536 968 Mosis,
566 914 643 952 ex
670 913 787 970 qua
813 893 1061 970 populus
1088 893 1302 953 dicitur
1326 895 1561 968 bibisse,
1586 895 1722 971 quia
1739 895 1888 954 bibit
1903 915 1978 953 ex
2007 895 2239 955 fluentis
2257 917 2332 954 ex
2359 917 2430 956 ea
2455 897 2744 957 exilienti·

335 972 463 1047 buS,
496 973 785 1050 quomodo
814 973 1011 1032 bibere
1040 974 1171 1052 quis
1200 973 1412 1033 dicitur
1438 994 1470 1033 e
1498 974 1673 1048 dolie,
1700 995 1776 1033 ex
1797 995 1912 1052 quo
1935 976 2136 1035 vinum
2163 976 2534 1054 depromitur,
2563 988 2746 1037 meto-

332 1073 469 1128 nym
476 1054 529 1112 ia
540 1073 729 1114 causae
742 1052 1057 1119 efficientis,
1070 1054 1169 1112 vel
1195 1054 1460 1130 subjecti.
1506 1055 1835 1130 Spiritualis
1845 1065 2034 1114 autem
2049 1056 2274 1132 dicitur,
2289 1075 2404 1114 non
2415 1066 2636 1132 natura,
2649 1058 2747 1117 vel

326 1153 457 1202 usu,
487 1133 592 1192 sed
615 1135 1035 1210 siqmflcatione,
1066 1142 1132 1193 ut
1152 1141 1321 1192 antea
1349 1135 1497 1192 cibus
1538 1143 1596 1193 et
1632 1145 1814 1211 potus,
1847 1136 1984 1212 quia
2012 1137 2340 1214 symbolum
2369 1147 2492 1196 erat
2521 1138 2738 1197 Christi

330 1233 483 1272 verae
510 1214 686 1290 rupis,
718 1233 793 1271 ex
822 1233 937 1289 qua
963 1213 1257 1273 fluxerunt
1282 1233 1448 1291 aquae
1477 1215 1757 1273 salutares
1778 1216 1998 1292 gratiss.

420 1292 567 1350 VII.
614 1293 789 1351 Petra
814 1301 1007 1352 autem
1029 1293 1239 1352 dicitur
1278 1293 1626 1369 ἀκολουοοῦη,
1670 1315 1921 1372 sequen-⁹,
1953 1316 2070 1356 non
2111 1295 2268 1373 quod
2297 1317 2502 1356 saxum
2551 1298 2740 1374 ipsum

332 1372 461 1429 loco
492 1379 711 1430 motum
741 1392 841 1430 eos
890 1381 1196 1448 sequutum
1242 1375 1331 1450 sit,
1364 1375 1521 1453 quod
1563 1375 1812 1434 absurde
1858 1375 2152 1434 finxerunt
2187 1376 2422 1452 quidam
2470 1378 2741 1436 Rabbini.

338 1449 473 1525 Sed,
508 1451 602 1510 vel
629 1452 765 1527 quia
792 1452 1217 1530 obsequebatur
1266 1454 1656 1514 Israelitarum
1699 1454 2002 1531 desideri0,
2047 1463 2246 1532 potum
2287 1455 2740 1516 illis‘subminis·

332 1532 556 1606 trand0,
588 1540 654 1590 ut
680 1532 810 1592 vult
833 1532 1091 1608 Photius,
1121 1534 1219 1593 vel
1246 1535 1383 1610 quia
1407 1535 1792 1594 comitabatur
1819 1555 1918 1594 eos
1945 1535 2378 1612 peregrinantes
2407 1536 2466 1594 in
2495 1537 2742 1611 deserte,

332 1631 450 1668 non
477 1611 711 1689 quidem
738 1632 841 1689 per
868 1633 948 1686 se,
980 1613 1084 1671 sed
1111 1614 1171 1671 in
1219 1614 1455 1689 effectis,
1486 1615 1632 1672 rivis
1659 1615 1881 1674 scilicet
1902 1636 1977 1673 ex
2004 1624 2166 1693 petra
2194 1616 2577 1676 manantibus.
2663 1619 2744 1676 Et

334 1710 404 1750 eo
445 1692 696 1769 pertinet
737 1693 893 1769 quod
922 1693 1148 1769 dicitur,
1182 1694 1336 1753 Psal.
1368 1695 1597 1753 lxxviii.
1633 1698 1725 1771 15,
1774 1697 1809 1728 “
1835 1695 2016 1773 Rupit
2058 1703 2252 1773 petras
2291 1695 2354 1753 in
2395 1695 2640 1772 deserto,
2685 1708 2745 1757 et

333 1780 532 1847 potum
561 1772 723 1832 dedit
750 1774 833 1831 eis
881 1773 1047 1850 quasi
1075 1794 1151 1832 ex
1200 1775 1427 1851 abyssis
1470 1775 1716 1852 magnis,
1769 1783 1830 1834 et
1871 1775 2076 1836 eduxit
2102 1775 2321 1834 fluenta
2358 1776 2430 1834 de
2467 1777 2654 1852 Petra,
2687 1789 2746 1836 et

332 1850 681 1910 descendere
724 1852 863 1912 fecit
908 1873 1089 1931 aquas
1136 1863 1411 1932 tanquam
1459 1854 1714 1930 flumina,
1747 1864 1806 1914 et
1852 1856 2137 1934 percussit
2187 1865 2426 1932 petram,
2473 1865 2532 1916 et
2579 1878 2744 1934 aquae

333 1930 641 2007 fluxerunt,
686 1942 745 1991 et
792 1941 1078 1992 torrentes
1122 1933 1603 1994 inundaverunt.’'
1691 1935 1862 1994 Unde
1913 1935 2268 2011 Abarbanel,
2323 1939 2358 1969 ‘⁴
2383 1937 2624 1995 Nullum
2656 1949 2744 1996 est

332 2010 589 2086 dubium,
619 2013 761 2089 quin
786 2021 949 2071 tanta
976 2013 1142 2091 copia
1168 2034 1333 2092 aquae
1361 2015 1670 2091 eruperint,
1701 2023 1767 2073 ut
1793 2012 1928 2076 inde
1945 2016 2208 2076 derivata
2231 2015 2446 2076 fuerint
2485 2017 2741 2090 flumina,

332 2101 392 2150 et
418 2099 705 2150 torrentes
750 2092 1089 2168 aquarum,''
1134 2091 1242 2152 Sec.
1328 2095 1421 2152 Ita
1470 2103 1624 2153 recte
1654 2095 1867 2154 dicitur
1908 2104 2075 2173 petra
2101 2115 2202 2154 eos
2229 2107 2444 2171 secuta,
2468 2098 2606 2173 quia
2633 2099 2744 2156 rivi

328 2189 607 2246 aquarum
638 2170 939 2230 fluentium
983 2192 1017 2229 a
1042 2191 1183 2250 rupe
1212 2193 1314 2232 eos
1336 2174 1802 2250 insequebantur,
1833 2185 1893 2236 et
1917 2177 1978 2233 in
2009 2184 2216 2252 stagna
2241 2175 2474 2234 fuerunt
2495 2177 2740 2251 collecti,

332 2250 659 2327 ubicunque
690 2259 823 2310 sunt
844 2254 1248 2313 castrametati.
1336 2250 1508 2312 Unde
1558 2255 1730 2314 toties
1776 2255 2096 2334 Prophetae,
2127 2255 2430 2332 loquentes
2479 2255 2550 2315 de
2600 2257 2740 2316 effu·

332 2329 493 2388 sione
520 2331 767 2407 Spiritus
800 2331 857 2391 S.
908 2341 969 2392 et
1008 2333 1323 2409 gratiarum
1352 2334 1477 2412 ejus
1526 2336 1635 2395 sub
1680 2355 1957 2412 aquarum
2007 2335 2291 2413 symb010,
2323 2336 2524 2396 dicunt
2553 2337 2744 2396 Deum

332 2409 599 2469 daturum
653 2414 689 2444 “
721 2411 942 2489 Stagna
976 2432 1255 2490 aquarum
1300 2416 1359 2472 in
1390 2415 1642 2490 erem0,''
1687 2435 1756 2474 eo
1785 2416 2128 2492 alludentes,
2182 2417 2298 2476 Isa.
2345 2437 2532 2474 xxxv.
2585 2421 2638 2494 6,
2685 2427 2744 2478 et

332 2490 476 2549 xliv.
508 2494 562 2550 3.
650 2491 815 2552 Licet
841 2503 1031 2552 autem
1060 2494 1175 2553 rivi
1202 2495 1299 2554 isti
1328 2514 1403 2553 ex
1430 2504 1593 2572 petra
1637 2506 1938 2556 manantes
1983 2495 2166 2556 secuti
2211 2516 2310 2556 eos
2337 2495 2566 2572 fuerint,
2597 2518 2741 2556 non-

330 2590 625 2648 nunquam
656 2573 817 2632 Deus
843 2593 1051 2650 passus
1078 2584 1168 2635 est
1194 2595 1295 2634 eos
1323 2575 1624 2650 exsiccari,
1657 2575 1778 2634 sive
1829 2576 1903 2633 ad
1931 2575 2328 2652 castigandam
2373 2577 2736 2652 ingratitudi-

332 2669 461 2709 nem
510 2652 727 2730 populi,
776 2655 900 2712 sive
946 2654 1021 2712 ad
1065 2655 1447 2713 exercendam
1502 2656 1630 2730 ejus
1677 2654 1869 2728 fidem,
1927 2664 1986 2713 et
2039 2655 2230 2713 locum
2287 2655 2541 2714 dandum
2589 2677 2744 2716 novo

328 2731 625 2807 miracu10,
655 2733 813 2808 quod
840 2734 1026 2792 facere
1056 2733 1406 2807 decreverat,
1438 2735 1597 2810 prius
1617 2734 1962 2792 beneficium
1983 2733 2059 2792 ad
2080 2742 2306 2809 tempus
2336 2735 2741 2812 substractum,

326 2813 677 2871 renovanda

410 2891 594 2950 VIII.
640 2892 821 2950 Porro
850 2894 987 2970 quia
1041 2895 1102 2951 in
1149 2894 1455 2970 posteriori
1500 2893 1780 2952 miraculo
1823 2893 2040 2952 mentio
2089 2893 2156 2950 fit
2199 2893 2424 2968 peccati
2469 2893 2655 2950 Mosis
2683 2901 2744 2953 et

332 2970 605 3044 Aaronis,
637 2990 757 3029 ver.
807 2974 897 3046 12,
928 2981 1165 3049 propter
1208 2973 1364 3048 quod
1408 2972 1631 3031 exclusi
1680 2980 1816 3030 sunt
1861 2970 1937 3028 ab
1983 2972 2252 3048 ingressu
2282 2971 2532 3047 Canaan,
2563 2973 2745 3046 quaeri

330 3057 537 3126 potest,
560 3049 851 3125 quodnam
879 3051 1027 3108 illud
1054 3051 1241 3127 fuerit,
1272 3071 1405 3110 cum
1434 3051 1505 3110 de
1536 3070 1604 3110 eo
1632 3070 1818 3127 pauca
1844 3049 2035 3109 tradat
2059 3051 2308 3128 Spiritus
2341 3051 2400 3110 S.
2431 3060 2490 3110 et
2516 3051 2650 3110 talis
2679 3071 2747 3111 ac

330 3136 493 3186 tanta
520 3148 693 3206 poena
720 3129 907 3207 infligi
934 3151 1051 3188 non
1078 3131 1345 3207 potuerit,
1369 3131 1431 3188 ni
1458 3150 1730 3206 magnam
1759 3129 2012 3206 aliquam
2042 3131 2116 3189 ob
2146 3150 2376 3189 causam
2397 3133 2426 3188 i>
2489 3131 2745 3206 Quaestio

328 3209 455 3267 haec
494 3228 613 3268 non
652 3229 855 3286 parum
910 3210 1171 3269 exercuit
1226 3210 1614 3287 Interpretum
1663 3210 1912 3286 ingenia,
1959 3218 2076 3268 tam
2128 3211 2525 3287 Hebraeorum,
2571 3233 2744 3288 quam

331 3289 804 3365 Christianorum,
834 3290 1017 3366 quiin
1044 3289 1235 3348 varias
1264 3290 1579 3349 sententias
1617 3290 1794 3348 divisi
1837 3290 2083 3350 fuerunt.
2169 3291 2416 3366 Quidam
2445 3312 2518 3351 ex
2549 3312 2744 3350 recen-

328 3369 574 3430 tioribus
601 3371 823 3445 volunt,
857 3371 1083 3428 Mosem
1106 3389 1341 3446 prorsus
1368 3389 1483 3428 non
1510 3390 1800 3448 peccasse,
1831 3380 1890 3429 et
1919 3371 1968 3430 si
1988 3391 2118 3449 quae
2146 3371 2454 3450 Scripturas
2486 3373 2614 3432 loca
2643 3395 2736 3432 cx-

328 3457 480 3522 tcnt,
500 3470 631 3526 quae
659 3448 967 3508 videantur
988 3450 1193 3508 docere
1234 3450 1399 3508 illum
1426 3470 1716 3528 peccasse,
1747 3450 1862 3509 alia
1889 3451 2147 3510 vicissim
2177 3471 2322 3529 csse,
2342 3473 2472 3530 quae
2501 3453 2747 3512 doceant

328 3528 495 3586 illum
522 3549 641 3588 non
667 3537 900 3606 propter
925 3537 1227 3606 peccatum
1254 3549 1421 3590 suum
1444 3531 1712 3608 punitum
1739 3551 1884 3607 esse,
1915 3539 1982 3590 ut
2011 3533 2186 3592 Deut.
2217 3532 2297 3592 iii.
2343 3535 2438 3609 26,
2496 3533 2746 3592 “Iratus

331 3615 524 3666 autem
552 3607 738 3668 fuerat
768 3609 1051 3668 Dominus
1079 3618 1279 3669 contra
1304 3627 1397 3669 me
1417 3620 1651 3688 propter
1690 3611 1858 3687 vos,'’
1901 3619 1959 3669 et
1989 3612 2143 3672 Psal.
2175 3613 2287 3672 cvi.
2319 3616 2416 3686 32,
2482 3614 2517 3646 “
2541 3613 2741 3671 Irrita-

330 3696 537 3747 verant
564 3688 737 3748 etiam
768 3709 895 3748 eum
929 3690 1104 3767 juxta
1130 3711 1313 3767 aquas
1342 3691 1586 3768 Meriba,
1618 3700 1679 3751 et
1719 3691 1936 3750 malum
1983 3691 2096 3751 fuit
2141 3691 2256 3770 ipsi
2305 3691 2463 3750 Mosi
2509 3701 2747 3769 propter

332 3767 490 3826 eos.'’
576 3769 655 3826 Et
684 3769 733 3827 si
760 3779 1059 3847 peccatum
1102 3771 1213 3847 ipsi
1242 3771 1531 3846 tribuitur,
1562 3771 1795 3848 quando
1839 3771 2068 3846 dicitur,
2121 3774 2156 3805 ‘⁶
2182 3770 2550 3846 Rebellastis,
2598 3791 2741 3848 prae-

330 3847 572 3906 varicati
595 3848 751 3924 estis,
782 3869 898 3908 non
927 3850 1269 3926 credidistis,
1293 3870 1413 3908 non
1431 3870 1525 3910 me
1554 3851 2018 3926 sanctificastis,’'
2037 3851 2099 3908 id
2127 3851 2314 3910 simile
2343 3870 2470 3908 esse
2491 3851 2547 3910 ei
2589 3851 2746 3928 qnod

330 3926 558 4002 dicitur,
590 3928 720 3987 Jos.
749 3930 849 3988 vii.
884 3933 935 4004 1,
967 3929 1039 3988 de
1066 3938 1304 4007 peccato
1334 3930 1613 4006 Achanis‚
1645 3931 1802 4008 quod
1849 3930 1958 3990 toti
1995 3931 2157 4007 genti
2193 3930 2481 4004 tribuitur,
2512 3930 2650 3988 licet
2677 3931 2744 3988 il-

328 4007 443 4065 lius
472 4008 653 4066 solius
681 4008 869 4084 fuerit,
904 4013 939 4043 “
964 4011 1043 4068 Et
1068 4010 1430 4088 praevaricati
1458 4019 1593 4070 sunt
1613 4011 1719 4069 filii
1751 4010 1930 4069 Israel
1956 4011 2490 4086 praevaricationem
2517 4009 2578 4066 in
2606 4029 2744 4068 ana-

328 4087 640 4147 themate.''
728 4089 845 4148 Sed
893 4089 1117 4149 Textus
1154 4091 1277 4168 ipse
1324 4109 1486 4149 sacer
1527 4099 1830 4168 repugnat,
1863 4090 1962 4166 qui
2008 4090 2179 4148 toties
2221 4099 2279 4148 et
2325 4097 2444 4148 tam
2473 4109 2745 4166 expresse

328 4177 628 4244 peccatum
668 4168 781 4228 hoc
830 4170 987 4230 Mosi
1014 4179 1073 4229 et
1122 4169 1345 4228 Aaroni
1394 4170 1596 4230 tribuit
1623 4172 1684 4229 in
1737 4169 2088 4248 particulari,
2149 4168 2419 4227 distincte
2447 4189 2483 4228 a
2509 4169 2742 4246 popu10,

330 4247 503 4308 Num.
546 4269 650 4308 xx.
698 4252 793 4326 12,
854 4250 1043 4310 “Non
1071 4250 1401 4309 credidistis
1453 4250 1595 4308 mihi
1644 4251 1719 4308 ad
1761 4269 1854 4307 me
1900 4248 2374 4308 sanctificandum
2423 4267 2614 4306 coram
2643 4269 2742 4325 po-

327 4329 523 4405 pulo.'’
612 4329 711 4388 Sic
759 4349 807 4390 c.
860 4330 1047 4389 xxvii.
1098 4333 1189 4406 14,
1221 4330 1492 4388 dicuntur
1532 4332 1565 4362 “
1588 4327 1960 4402 rebellasse,''
2011 4336 2070 4386 et
2119 4328 2293 4386 Deut.
2340 4328 2528 4386 xxxii.
2560 4331 2656 4402 51,
2688 4340 2747 4389 et

330 4407 485 4467 Psal.
530 4409 643 4468 cvi.
689 4412 787 4484 33,
850 4413 884 4443 ‘⁴
908 4408 1347 4467 Exacerbarunt
1394 4408 1664 4484 ¹spiritum
1713 4407 1954 4481 Mosis,'’
2006 4407 2135 4465 ideo
2203 4406 2531 4466 “distinxit
2576 4408 2748 4468 labiis

328 4487 507 4562 suis,”
537 4488 619 4546 id.
648 4489 859 4548 dubius
907 4488 1141 4548 omnino
1188 4487 1481 4546 haesitavit
1533 4508 1638 4563 per
1686 4486 2080 4564 diffidentiam,
2131 4488 2227 4546 vel
2264 4487 2538 4564 loquutus
2567 4499 2656 4547 est
2683 4491 2746 4547 in

326 4569 768 4627 exacerbatione
798 4589 919 4644 sua,
950 4567 1029 4626 id.
1059 4587 1260 4645 parum
1290 4567 1702 4626 convenienter
1728 4565 1912 4627 officio
1937 4587 2058 4627 suo.
2104 4567 2383 4643 Quamvis
2411 4588 2548 4628 vero
2579 4589 2741 4628 occa-

328 4646 417 4704 sio
444 4667 629 4724 poenae
660 4649 847 4706 Mosis
878 4648 1049 4706 fuerit
1076 4646 1367 4707 contentio
1396 4648 1611 4724 populi,
1643 4669 1718 4707 ex
1747 4667 1864 4726 qua
1891 4647 2102 4708 dicitur
2153 4649 2312 4708 Deus
2362 4648 2542 4708 iratus
2568 4648 2746 4708 fuisse
