3234 5192
637 335 754 396 548
1197 350 1278 390 nr:
1307 347 1793 392 suisne-rioms
1820 349 2059 390 cums‘rr
2086 346 2411 392 rasurus.
2604 328 2867 412 [msru‘r.
2898 353 3063 394 ινιτ.

632 491 954 554 divinitatis
983 499 1211 552 aeternae
1240 490 1412 552 taedio
1434 511 1577 550 meas
1607 489 1956 552 infirmitatis
1978 487 2279 550 afficitur.”
2304 487 2401 550 Sic
2430 487 2569 550 Leo.
2603 493 2676 567 1.,
2710 493 2748 525 “
2770 491 2905 552 Non
2936 495 3055 554 sol-

631 572 721 633 vit
741 573 1030 646 unionem,
1055 572 1158 631 sed
1179 571 1500 632 substraxit
1517 571 1860 631 visionem,”
1894 570 2025 630 Hoc
2053 570 2241 629 voluit
2270 569 2597 629 Gatechista
2624 580 2839 647 noster,
2866 573 3051 634 Secti.

631 673 714 730 x„
745 673 878 712 cum
899 654 980 712 ait
1011 655 1046 686 “
1063 653 1356 732 paulisper
1383 651 1602 710 interea
1630 650 1929 710 delituisse
1957 649 2321 710 divinitatem
2348 649 2533 728 ejus,”
2562 652 2621 710 h.
2650 671 2701 710 e.
2734 651 2853 710 vim
2880 672 3053 712 suam

631 753 750 797 nou
777 733 1092 794 exeruisse.
1127 733 1334 792 Scotus
1361 731 1424 790 in
1450 731 1530 792 iv.
1560 751 1682 790 sen.
1706 729 1763 790 d.
1787 734 1883 804 46,
1908 749 1965 807 q.
1994 733 2052 788 4.
2085 730 2157 788 In
2186 729 2299 788 Dei
2324 728 2635 790 amissione
2662 731 2778 790 duo
2806 732 3009 794 insunt
3034 758 3053 794 :

635 817 688 874 1.
743 814 1016 874 Gar-entia
1061 812 1280 872 virtutib
1328 811 1616 888 illiusj'per
1657 830 1829 888 quam
1878 809 2006 870 Deo
2049 809 2439 872 sdhaerescere
2482 811 2673 872 anima
2720 811 2941 872 debuit.
2988 819 3051 872 2.

634 893 910 954 Gan-entia
944 894 1094 952 illius
1121 892 1396 952 beatitatis
1423 911 1552 968 quae
1593 891 1659 950 in
1701 891 1827 950 Deo
1856 889 2091 968 reperiri
2120 890 2305 964 solet3
2348 889 2515 965 hanc,
2545 911 2663 950 non
2711 891 2887 968 illam,
2940 914 3051 970 pro

630 973 800 1041 nobis
828 972 1092 1032 Christus
1119 971 1370 1051 experiri
1397 970 1614 1030 debuit.
1701 969 1857 1045 Quid
1882 970 2061 1048 igitur
2080 973 2108 1029 ?
2148 969 2455 1046 “iffi-{ctione
2478 971 2725 1033 Jmtitioe
2746 983 3051 1049 separatus

629 1075 666 1112 a
697 1053 822 1114 Deo
853 1053 1116 1112 Christus
1143 1072 1261 1112 non
1287 1051 1412 1124 fuit,
1445 1051 1550 1112 sed
1574 1051 1883 1128 Affectione
1908 1051 2182 1110 commodi
2207 1049 2318 1110 fuit
2344 1069 2379 1107 a
2406 1059 2567 1126 patre
2597 1051 2923 1114 derelictus.

713 1133 798 1192 X.
845 1133 1069 1194 Rursus
1096 1132 1334 1192 desertio
1356 1131 1472 1190 alia
1497 1139 1586 1191 est
1634 1132 1903 1206 absoluta,
1936 1131 2137 1204 totalis,
2167 1139 2381 1190 aetema
2417 1149 2535 1207 qua
2564 1130 2725 1190 Deus
2752 1131 2835 1190 ita
2858 1132 3047 1194 homi-

628 1233 760 1274 nem
789 1213 1137 1290 derelinquit
1163 1221 1224 1272 et
1262 1211 1457 1290 quoad
1483 1211 1731 1290 gratiam
1758 1219 1817 1270 et
1844 1209 2037 1288 quoad
2064 1210 2311 1290 gloriam
2338 1217 2403 1268 ut
2430 1230 2665 1287 prorsus
2690 1231 2729 1270 a
2752 1211 2898 1272 facie
2930 1213 3049 1274 Dei

631 1293 1004 1370 abalienetur,
1035 1302 1094 1353 et
1121 1293 1184 1352 in
1211 1301 1489 1352 arternum
1517 1289 1793 1351 exclusus
1819 1310 1857 1352 a
1880 1309 2062 1370 regno
2088 1289 2199 1350 Dei
2210 1290 2511 1351 tormentis
2537 1290 2915 1352 horribilibus
2938 1293 3042 1352 ad·

629 1373 890 1450 dicatur;
913 1375 1064 1434 banc
1083 1373 1314 1451 reprobi
1333 1391 1546 1450 magno
1576 1391 1682 1430 suo
1710 1370 1862 1430 malo
1884 1391 1959 1430 ex
2035 1371 2275 1444 riuntur,
2304 1371 2456 1430 hanc
2481 1371 2677 1430 David
2703 1371 3045 1449 deprecatur

631 1454 896 1530 sollicite,
928 1455 1084 1512 Psal.
1114 1453 1302 1512 xxvii.
1331 1455 1387 1527 9,
1423 1455 1458 1484 ‘⁴
1483 1452 1570 1510 Ne
1599 1450 1923 1513 abscondas
1981 1451 2165 1510 aciem
2192 1458 2351 1509 tuam
2390 1471 2425 1511 a
2452 1471 2563 1524 me,
2604 1471 2679 1525 ne
2706 1461 2939 1513 avertas
2962 1474 3041 1514 ex

630 1534 718 1594 ira
745 1555 978 1596 servum
1005 1541 1186 1608 tuum,
1218 1532 1501 1595 auxilium
1524 1551 1715 1592 meum
1744 1529 1923 1606 fuisti,
1954 1550 2027 1590 ne
2076 1530 2257 1608 igitur
2284 1529 2516 1590 deseras
2538 1550 2647 1605 me,
2690 1551 2837 1591 neve
2864 1533 3041 1592 relin-

631 1633 776 1692 quas
803 1634 912 1688 me,
945 1634 980 1672 o
1009 1614 1172 1672 Deus
1201 1612 1409 1674 salutis
1433 1611 1632 1672 meae.”
1676 1611 1817 1670 Alia
1844 1619 1933 1670 est
1978 1609 2229 1670 desertio
2270 1610 2621 1688 temporalis,
2672 1613 2949 1689 partialis,
2978 1624 3041 1674 et

631 1693 950 1752 secundum
978 1692 1135 1769 quid,
1168 1711 1286 1750 non
1333 1711 1435 1770 per
1462 1690 1699 1750 totalem
1733 1691 1843 1750 Dei
1869 1709 2159 1750 recessum
2178 1690 2251 1750 ab
2278 1689 2527 1765 homine,
2554 1691 2656 1750 sed
2698 1711 2800 1770 per
2826 1694 3045 1770 gratio·

630 1792 710 1832 sae
738 1773 864 1850 ejus
892 1772 1212 1849 praesentiae
1241 1771 1662 1830 ocultationem
1682 1779 1743 1830 et
1768 1769 1975 1830 auxilii
1996 1789 2099 1830 seu
2127 1771 2380 1848 potentis
2424 1771 2780 1832 liberationis
2808 1771 3041 1833 dilatio-

627 1871 778 1922 nem,
822 1851 932 1912 hac
964 1853 1124 1911 Deus
1171 1870 1584 1930 nonnunquam
1628 1849 1726 1908 vel
1774 1850 2021 1926 castigat
2067 1849 2287 1924 fideles,
2334 1851 2431 1910 vel
2478 1852 2699 1928 probat,
2750 1852 2905 1912 unde
2938 1854 3047 1914 illa

630 1931 675 1992 J
679 1931 900 1993 udaicae
929 1931 1206 1992 Ecclesiae
1235 1930 1488 2008 querela,
1523 1933 1557 1964 “
1576 1929 1885 2008 dereliquit
1912 1950 2003 1990 me
2031 1930 2076 1990 J
2078 1930 2321 2003 ehova‚'’
2348 1931 2463 1990 Isa.
2482 1931 2629 1990 xlix.
2663 1935 2755 2008 14,
2786 1941 2845 1992 et
2874 1933 3045 1996 Deus

624 2011 748 2090 ipse
794 2015 830 2044 “
852 2011 927 2070 ad
969 2020 1320 2070 momentum
1351 2030 1592 2088 parvum
1616 2009 2035 2088 dereliqueram
2056 2010 2175 2086 te‚”
2216 2009 2431 2069 ibidem
2460 2031 2510 2071 c.
2538 2011 2643 2070 liv.
2674 2016 2729 2071 7.
2778 2013 2874 2072 Sic
2904 2035 3037 2091 pas·

628 2093 736 2156 sim
765 2091 967 2152 fideles
995 2099 1314 2170 queruntur
1341 2111 1402 2150 se
1431 2110 1468 2152 a
1496 2090 1624 2150 Deo
1672 2089 1861 2150 deseri
1904 2110 2081 2167 quum
2130 2090 2227 2148 vel
2254 2099 2551 2150 externam
2594 2091 2785 2151 differt
2826 2093 3043 2154 libera·

627 2173 846 2234 tionem
873 2182 932 2234 et
957 2173 1240 2232 auxilium
1267 2193 1384 2250 quo
1411 2171 1728 2250 eripiantur
1754 2191 1790 2230 a
1816 2170 2001 2244 malis,
2033 2171 2130 2229 vel
2156 2171 2382 2230 interno
2430 2171 2634 2232 solatio
2663 2171 2927 2234 destituit
2952 2173 3043 2234 fa·

627 2253 774 2312 ciem
804 2273 966 2312 suam
995 2252 1420 2327 abscondendo,
1452 2261 1517 2310 ut
1571 2251 1727 2312 Psal.
1776 2251 1899 2311 xiii.
1951 2255 2007 2324 2,
2038 2259 2097 2310 et
2132 2251 2216 2310 lx.
2268 2253 2324 2310 3.
2374 2251 2625 2312 Primam
2653 2251 3047 2315 desertionem

627 2332 952 2392 absolutam
1006 2341 1066 2392 et
1113 2341 1386 2392 aeternam
1435 2331 1700 2392 Christus
1748 2330 1997 2408 experiri
2044 2350 2163 2390 non
2201 2330 2391 2408 potuit
2432 2340 2667 2410 propter
2692 2331 3047 2410 dignitatem

627 2431 906 2488 personae,
939 2410 1040 2470 sed
1063 2411 1214 2470 hanc
1241 2411 1443 2472 debuit
1469 2430 1546 2469 ex
1572 2410 1779 2470 officio.
1828 2409 2153 2470 Derelictus
2200 2431 2339 2488 ergo
2368 2431 2504 2472 vere
2547 2411 2759 2472 dieitur
2794 2413 2935 2490 quia
2958 2416 3043 2474 ad

670 2489 892 2550 uaedam
923 2497 1214 2549 momenta
1238 2489 1573 2548 dulcissimo
1602 2489 1830 2566 paterni
1876 2489 2094 2548 favoris⁴
2120 2510 2293 2552 sensu
2338 2492 2537 2564 caruit,
2588 2491 2727 2552 dum
2756 2493 2863 2552 sub
2893 2514 3041 2571 pon-

627 2509 766 2631 dere
794 2569 962 2628 nobis
990 2566 1302 2646 &Gunela-q
1346 2568 1639 2631 acerrimae
1666 2569 1766 2628 irae
1816 2569 2117 2646 ingemuit,
2152 2591 2283 2638 non·
2316 2571 2509 2648 quoad
2536 2592 2745 2649 corpus
2790 2581 3042 2652 tantum,

631 2648 737 2710 sed
763 2659 822 2708 et
848 2650 1041 2726 quoad
1068 2652 1337 2709 animam.
1399 2649 1729 2708 Derelictus
1750 2649 1859 2708 fuit
1894 2650 2031 2726 quia
2062 2650 2235 2709 Pater
2277 2651 2529 2710 coelestis
2575 2671 2691 2712 non
2722 2652 2909 2712 solum
2936 2674 3049 2714 ex-

627 2737 850 2792 ternam
879 2729 1278 2792 liberationem
1306 2729 1643 2808 aliquandiu
1671 2728 1913 2788 distulit.
1946 2729 2052 2788 sed
2082 2730 2255 2790 etiam
2303 2731 2593 2790 interioris
2622 2731 2815 2794 solatii
2840 2732 3047 2794 dulce-

627 2810 822 2875 dinem
849 2810 903 2870 ei
931 2820 1055 2872 tum
1083 2812 1358 2890 temporis
1385 2809 1701 2888 denegavit
1733 2818 1797 2871 ut
1823 2809 2052 2871 dolores
2078 2829 2278 2870 omnes
2306 2810 2475 2870 nobis
2501 2811 2729 2872 debitos
2756 2815 3045 2890 persenti-

625 2901 730 2954 ret.
793 2891 886 2952 Ita
912 2901 1106 2953 autem
1135 2891 1316 2952 verba
1341 2890 1721 2968 intelligenda
1747 2909 1875 2950 esse
1902 2910 2032 2970 quse
2060 2899 2381 2968 sequuntur
2401 2891 2701 2956 manifeste
2721 2893 3005 2954 evincunt
3030 2919 3049 2956 ε

628 2973 774 3036 eum
803 2974 956 3036 enim
1000 2981 1174 3032 vocet
1200 2975 1388 3032 Deum
1424 2993 1586 3031 suum
1615 2979 1675 3030 et
1716 2970 1807 3030 bis
1854 2970 2003 3029 illud
2048 2979 2271 3047 repetat
2314 2970 2390 3030 ad
2436 2972 2715 3046 majorem
2761 2973 3045 3034 fiduciam

625 3053 1030 3127 denotandam,
1075 3073 1204 3112 cum
1257 3052 1472 3112 ibidem
1521 3050 1793 3129 subjiciat
1835 3071 1956 3110 ver.
1987 3053 2041 3126 9,
2075 3053 2111 3084 “
2134 3051 2227 3108 Tu
2252 3069 2316 3110 es
2339 3070 2471 3128 spes
2498 3071 2629 3112 mea
2655 3053 2727 3115 ab
2757 3051 3045 3116 uberibus

625 3135 827 3193 matris
855 3134 1054 3207 meae,”
1085 3140 1328 3194 testatur
1355 3133 1496 3193 satis
1515 3152 1576 3194 se
1598 3151 1715 3193 non
1742 3130 1911 3209 plane
1942 3139 2001 3192 et
2028 3130 2355 3190 omnimode
2383 3129 2673 3192 desertum
2700 3153 2737 3192 a
2767 3134 2910 3209 Deo,
2933 3137 3049 3196 sed

625 3220 850 3271 tantum
879 3212 1138 3288 queritur
1165 3232 1228 3270 se
1254 3232 1370 3270 non
1397 3212 1633 3272 liberari
1658 3231 1734 3270 ex
1762 3211 2047 3288 angustiis
2074 3231 2143 3270 eo
2171 3210 2343 3272 modo
2372 3231 2487 3288 quo
2515 3213 2871 3289 patriarchae,
2903 3234 3045 3291 pro-

625 3291 834 3368 phetae,
865 3298 925 3348 et
951 3291 1054 3348 alii
1095 3291 1176 3367 pii
1225 3311 1382 3368 saepe
1425 3291 1769 3350 miraculose
1814 3300 1949 3352 sunt
1995 3291 2241 3350 liberati.
2288 3289 2430 3351 Ideo
2468 3293 2664 3352 statim
2692 3293 2855 3355 addit
2902 3305 3051 3372 post

610 3368 808 3448 'prima
835 3369 1030 3443 verba,
1059 3379 1303 3428 remotus
1322 3391 1363 3428 a
1403 3373 1583 3428 salute
1619 3390 1747 3430 mea
1773 3379 1827 3428 et
1860 3391 1900 3430 a
1926 3372 2103 3430 verbis
2150 3372 2367 3448 παρίω
2394 3373 2517 3446 mei,
2564 3382 2631 3434 ut
2672 3373 2940 3434 innueret
2972 3395 3045 3438 se

623 3457 930 3528 propterea
954 3449 1291 3508 derelictum
1331 3448 1522 3508 dicere
1565 3449 1725 3526 quod
1754 3449 1915 3510 Deus
1964 3470 2095 3510 eum
2132 3471 2251 3510 non
2288 3451 2560 3512 liberaret
2606 3473 2643 3512 a
2669 3453 3047 3532 gravissimis

623 3530 837 3610 quihus
863 3528 1230 3608 premebatur
1255 3527 1442 3591 malis.

705 3611 827 3670 XI.
875 3609 994 3670 Sed
1039 3607 1346 3687 quomodo,
1396 3607 1641 3685 inquies,
1694 3608 1879 3668 deseri
1928 3610 2117 3686 potuit
2163 3619 2431 3672 manente
2475 3611 2687 3672 unione
2708 3615 2737 3672 P
2779 3613 2929 3672 Nam
2986 3619 3049 3678 si

622 3691 776 3772 apud
806 3691 998 3752 Deum
1040 3696 1130 3749 est
1157 3689 1285 3748 fons
1326 3688 1480 3763 vitoe,
1509 3689 1665 3748 Psal.
1710 3689 1919 3750 xxxvi.
1950 3692 2005 3766 9,
2037 3691 2237 3768 utique
2266 3691 2317 3750 si
2345 3691 2608 3754 Christus
2646 3693 2772 3752 Deo
2802 3713 3045 3772 semper

620 3773 817 3834 unitus
843 3771 970 3846 fuit,
1001 3770 1147 3830 mori
1175 3788 1293 3830 non
1327 3769 1532 3847 potuit,
1565 3768 1671 3828 sed
1716 3771 1915 3845 vitam,
1946 3779 2007 3830 et
2033 3770 2279 3848 gloriam
2326 3791 2552 3850 semper
2594 3792 2727 3832 eum
2754 3773 3044 3838 habuisse

615 3872 852 3916 necesse
879 3859 988 3912 est.
1019 3851 1214 3928 Resp„
1251 3849 1348 3910 Sic
1383 3850 1583 3910 liceret
1610 3850 1685 3908 de
1726 3870 1963 3928 corpore
2012 3851 2424 3928 argumentari,
2456 3851 2519 3911 Si
2560 3871 2768 3930 corpus
2811 3853 3045 3918 Christi

619 3954 844 4013 semper
871 3931 1098 3992 unitum
1123 3929 1234 3990 fuit
1259 3929 1570 4004 divinitati,
1600 3929 1749 3990 mori
1784 3950 1923 4010 ergo
1950 3951 2068 3991 non
2096 3931 2300 4007 potuit,
2352 3932 2457 3991 sed
2504 3951 2729 4010 semper
2754 3933 3043 3998 habuisse

615 4016 799 4076 vitam
825 4030 1062 4072 necesse
1090 4018 1206 4087 est3
1227 4010 1385 4088 quod
1411 4019 1608 4070 tamen
1624 4031 1793 4070 nemo
1814 4030 1930 4070 non
1946 4009 2110 4070 videt
2131 4011 2609 4072 absurdissimum
2630 4033 2775 4073 esse.
2808 4016 2843 4047 ‘⁴
2864 4013 3039 4074 Mor-

615 4097 785 4155 tuus''
815 4093 1004 4170 inquit
1032 4091 1191 4169 Aug.
1222 4100 1374 4151 cont.
1404 4091 1554 4151 felic.
1585 4111 1710 4168 cap.
1746 4093 1837 4166 14,
1872 4092 1907 4124 ‘⁴
1930 4089 2194 4152 Christus
2222 4100 2327 4168 est,
2358 4113 2477 4158 non
2520 4091 2852 4154 discedente
2880 4094 3035 4172 vita,

615 4175 766 4236 sicut
793 4193 998 4252 passus
1027 4180 1132 4248 est,
1163 4190 1279 4230 non
1307 4180 1582 4249 pereunte
1634 4170 1947 4248 potentia.'’
1992 4169 2161 4230 Vidit
2192 4172 2317 4232 scil.
2348 4173 2438 4234 vir
2464 4173 2831 4234 acutissimus
2879 4179 3043 4236 mori

611 4255 868 4334 potuisse
893 4252 1184 4315 Christum
1213 4261 1272 4312 et
1299 4253 1418 4330 pati
1448 4252 1823 4313 subtrahente
1866 4251 2099 4312 Deitate
2144 4251 2417 4314 virtutem
2462 4273 2625 4313 suam
2652 4261 2712 4313 et
2738 4255 3037 4332 operatio-

609 4355 762 4409 nem,
792 4353 1122 4412 quanquam
1150 4332 1534 4394 essentialiter
1559 4352 1595 4390 a
1623 4333 1745 4390 vita
1772 4339 1833 4390 ct
1878 4332 2137 4410 potentia
2183 4332 2385 4394 divina
2430 4344 2728 4410 separatus
2758 4333 3035 4398 Christus

609 4415 846 4473 minime
875 4414 968 4474 sit.
1011 4413 1181 4488 Quod
1209 4434 1277 4472 eo
1299 4413 1512 4473 clarius
1575 4419 1735 4490 patet
1761 4412 1919 4489 quod
1956 4411 2230 4472 divinitas
2258 4433 2375 4472 non
2402 4413 2662 4474 vivificat
2688 4415 3036 4490 formaliter·

607 4501 676 4552 ut
701 4493 909 4564 anima,
940 4512 1056 4570 qua
1083 4503 1364 4571 praesente
1392 4502 1452 4552 et
1479 4493 1643 4552 unita
1679 4492 1995 4554 formaliter
2021 4513 2256 4552 necesse
2286 4502 2375 4552 est
2402 4513 2609 4572 corpus
2642 4513 2769 4554 esse
2798 4495 3029 4574 vivum,

610 4571 715 4631 sed
741 4572 982 4648 effltctive
1008 4583 1252 4648 tantum,
1281 4572 1525 4652 ideoque
1554 4592 1675 4632 non
1701 4593 1776 4633 ex
1804 4592 2039 4634 necesse
2068 4583 2133 4632 ut
2164 4583 2431 4635 manente
2458 4572 2671 4635 unione
2700 4573 3037 4636 divinitatis

604 4651 684 4712 ud
711 4669 940 4713 carnem
972 4671 1104 4710 earo
1133 4653 1209 4713 sit
1237 4652 1390 4729 viva,
1422 4653 1560 4730 quia
1589 4652 1750 4712 Deus
1788 4673 1903 4712 non
1934 4673 2009 4714 ex
2036 4654 2380 4716 necessitate
2410 4654 2551 4736 agit,
2582 4653 2685 4714 sed
2714 4673 2791 4713 ex
2818 4655 3037 4716 volun-
