3234 5192
342 360 568 402 msPU'r.
602 339 717 421 vn]
1087 356 1317 397 xosrm
1348 356 1425 397 An
1456 358 1738 399 scenssm
1768 360 2034 403 Reium.
2645 350 2758 409 139

344 502 491 561 ritus
522 502 771 561 Sanctus
818 498 1079 574 ulterius,
1130 518 1255 577 cap.
1306 496 1471 558 xviii.
1520 501 1844 579 exequitur,
1895 511 1954 563 et
1998 504 2226 581 clarius,
2257 514 2379 565 tum
2409 506 2482 567 de
2531 508 2760 567 excidio

346 581 702 659 Babylonis,
718 600 834 639 non
874 579 1142 639 inchoato
1171 586 1415 655 tantum,
1468 580 1573 639 sed
1623 591 2018 642 consummato
2068 587 2432 663 vaticinatur,
2464 608 2584 647 ver.
2616 592 2670 664 2,
2703 592 2760 665 3,

342 670 467 723 tum
496 662 568 721 de
596 660 923 719 necessaria
949 658 1210 719 fidelium
1236 680 1273 717 a
1300 659 1605 736 Babylone
1653 664 1994 723 secessione.
2080 665 2223 725 Ideo
2251 687 2368 726 non
2408 676 2636 727 tantum
2666 668 2766 727 de-

341 742 571 803 nuntiat
596 760 800 819 poenas
829 741 1047 801 Bestiae
1074 739 1409 815 cultoribus,
1440 739 1598 819 quod
1625 740 1839 802 fecerat
1867 763 1990 822 cap.
2019 745 2162 823 xiv„
2195 746 2298 806 sed
2319 749 2580 807 hortatur
2607 750 2764 809 insu-

348 843 453 901 per
478 822 607 900 pios
636 842 837 881 omnes
864 822 925 879 in
947 841 1016 880 ea
1033 818 1312 897 degentes
1334 818 1409 878 ad
1436 820 1840 899 secessionem,
1862 843 1952 899 ne,
1985 828 2358 887 contaminati
2379 828 2537 886 illius
2564 849 2767 905 pecca-

346 904 439 978 tis,
490 901 679 980 poenis
724 902 853 979 ejus
891 900 1282 975 involvantur,
1330 908 1391 959 et
1436 900 1605 961 ruina
1652 903 2063 982 opprimantur,
2094 925 2214 966 ver.
2244 911 2300 983 4,
2332 908 2388 967 5.
2451 909 2582 967 Hoc
2627 930 2766 968 vero

348 983 551 1042 eodem
575 982 865 1060 evangelii
886 980 1174 1060 praeconio
1203 980 1505 1058 impletum
1526 1000 1672 1060 esse,
1703 982 1787 1042 ita
1811 1003 1916 1061 per
1944 1005 2006 1045 se
2027 994 2202 1063 patet,
2236 996 2301 1047 ut
2319 1007 2532 1065 magna
2558 989 2764 1067 proba-

346 1063 501 1123 tione
530 1082 649 1121 non
676 1062 755 1122 sit
782 1082 944 1140 opus.
1030 1061 1174 1135 Quis
1204 1060 1358 1121 enim
1387 1060 1617 1138 ignorat
1643 1062 1892 1123 eximios
1921 1064 2052 1125 illos
2082 1067 2194 1125 Dei
2216 1087 2416 1126 servos
2443 1068 2502 1126 in
2531 1068 2594 1127 id
2620 1089 2767 1146 prae-

348 1144 515 1221 cipue
544 1142 893 1217 incubuisse,
924 1150 993 1201 ut
1016 1140 1219 1200 fideles
1241 1161 1276 1199 a
1298 1140 1603 1217 Babylone
1626 1142 1700 1201 ad
1720 1142 2207 1223 Hierosolymam,
2238 1167 2274 1206 a
2297 1147 2458 1225 Papa
2473 1147 2548 1207 ad
2572 1149 2766 1208 Chris-

344 1233 486 1298 tum,
518 1223 593 1281 ab
622 1242 811 1283 errore
854 1229 916 1282 et
962 1221 1369 1299 superstitione
1397 1221 1473 1280 ad
1499 1222 1805 1282 veritatem
1833 1233 1894 1284 et
1938 1246 2144 1303 purum
2177 1228 2290 1285 Dei
2338 1228 2556 1287 cultum
2585 1229 2764 1288 dedu·

347 1311 543 1362 cerent
562 1305 591 1360 Ρ
674 1302 796 1362 Nec
816 1322 885 1361 eo
912 1309 1169 1380 tempore
1197 1310 1424 1361 tantum
1444 1321 1565 1360 vox
1584 1300 1700 1361 ista
1725 1304 1924 1363 audita
1945 1313 2051 1380 est,
2093 1307 2198 1365 sed
2237 1307 2450 1367 exinde
2493 1310 2766 1367 continuo

347 1382 410 1440 in
438 1384 576 1441 orbe
608 1382 931 1441 Christiano
961 1382 1171 1458 sonuit,
1192 1390 1251 1441 et
1272 1382 1585 1441 etiamnum
1602 1382 1778 1442 hodie
1807 1394 2054 1460 resonat,
2076 1394 2136 1445 et
2151 1387 2224 1445 ad
2243 1387 2443 1447 fideles
2463 1388 2768 1465 Babylone

348 1462 541 1521 adhuc
567 1462 813 1521 latentes
840 1462 1125 1539 dirigitur,
1156 1469 1222 1522 ut
1250 1462 1323 1521 de
1351 1462 1538 1523 salute
1566 1482 1674 1523 sua
1713 1463 1886 1522 etiam
1935 1465 2186 1543 solliciti,
2216 1476 2440 1526 mature
2469 1488 2530 1527 se
2561 1470 2758 1545 Baby-

346 1542 499 1601 lonis
519 1542 669 1620 jugo
696 1549 756 1602 et
778 1542 961 1637 exitio
990 1542 1333 1619 subducant,
1377 1562 1469 1619 ne,
1520 1550 1886 1621 peccatorum
1937 1545 1990 1620 ej
1998 1565 2066 1604 us
2091 1546 2419 1626 participes,
2451 1548 2568 1607 sint
2595 1550 2768 1607 etiam

386 1642 644 1681 cenarum
676 1642 836 1681 soen.

344 1642 385 1701 P
428 1702 681 1761 XXVI.
726 1702 873 1761 Haec
902 1702 1115 1781 quippe
1158 1700 1306 1761 ratio
1360 1701 1617 1763 mandati
1668 1703 1902 1782 gemina
1947 1706 2302 1784 proponitur,
2333 1728 2418 1783 ne,
2451 1707 2768 1785 participes

332 1792 700 1860 peccatorum
728 1786 863 1859 ejus,
888 1802 961 1841 ex
980 1783 1172 1859 play&
1198 1782 1507 1859 accipiatis.
1598 1784 1812 1843 Fateor
1839 1785 1935 1844 vel
1964 1786 2148 1845 solam
2177 1788 2498 1864 Babylonis
2527 1789 2768 1849 mentio-

342 1882 497 1939 nem,
550 1864 891 1923 secessionis
939 1862 1109 1921 istius
1158 1861 1561 1922 necessitatem
1612 1863 1756 1923 satis
1799 1864 2089 1943 inducere,
2134 1888 2267 1927 cum
2315 1868 2671 1946 impossibile
2695 1870 2772 1929 sit

348 1944 535 2003 civem
564 1963 692 2003 esse
722 1943 895 2003 simul
923 1942 1351 2021 Hierosolymse
1380 1952 1439 2001 et
1468 1942 1809 2021 Babylonis.
1865 1945 1982 2005 Sed
2008 1956 2074 2005 ut
2091 1945 2296 2007 fortius
2324 1949 2513 2007 adhuc
2535 1949 2775 2007 manda-

344 2024 391 2083 ti
420 2024 589 2083 istius
606 2024 840 2100 justitia
867 2032 1264 2101 cognoscatur,
1296 2023 1516 2101 duplici
1541 2024 1652 2083 hac
1671 2025 1894 2085 ratione
1921 2026 2123 2087 fulcire
2151 2048 2278 2087 eam
2305 2028 2494 2089 voluit
2525 2029 2773 2107 Spiritus

352 2104 617 2179 Sanctae,
648 2124 764 2181 qua
782 2104 998 2183 justior
1025 2112 1083 2163 et
1110 2103 1345 2181 gravior
1370 2104 1533 2162 nulla
1558 2103 1684 2162 dari
1703 2105 1909 2182 potuit.
1996 2106 2140 2165 Cum
2178 2107 2330 2167 enim
2359 2128 2584 2167 summo
2613 2109 2770 2187 quis·

350 2204 463 2261 que
491 2183 696 2243 salutis
724 2193 785 2243 et
810 2183 1102 2243 felicitatis
1131 2183 1377 2243 ducatur
1396 2183 1700 2260 desideriO,
1717 2204 1785 2243 ea
1813 2204 1951 2244 vero
1979 2187 2058 2246 sit
2077 2187 2444 2265 alienissima,
2467 2188 2581 2247 imo
2599 2189 2771 2265 plane

350 2290 635 2330 novum-5
664 2284 795 2323 eum
843 2263 1071 2323 duobus
1098 2263 1385 2339 maximis,
1417 2284 1548 2341 quse
1574 2264 1670 2322 hic
1714 2274 2006 2343 notantur,
2036 2268 2223 2344 malis,
2254 2271 2434 2345 culpae
2463 2268 2682 2329 scilicet
2711 2280 2772 2329 et

341 2365 531 2423 poenae
572 2344 703 2423 quis
758 2364 875 2404 non
922 2344 1101 2419 videt,
1145 2343 1574 2403 ineluctabilem
1602 2343 1722 2403 illis
1770 2346 2054 2423 omnibu3‚
2105 2348 2208 2426 qui
2253 2349 2458 2409 salutis
2486 2368 2605 2408 suae
2635 2361 2772 2413 sunt

352 2424 615 2501 studiosi,
646 2425 865 2503 imponi
891 2425 1295 2484 necessitatem
1323 2444 1451 2482 cam
1479 2424 1784 2485 deserendi
1811 2426 2162 2505 societatem,
2187 2449 2316 2507 quae
2338 2430 2540 2489 talium
2567 2450 2771 2509 pecca-

351 2514 542 2566 torum
570 2514 629 2564 ct
654 2524 955 2583 poenarum
984 2504 1272 2565 consortio
1300 2524 1399 2563 eos
1428 2504 1722 2565 involvit?
1803 2505 2002 2585 Atque
2031 2529 2100 2568 eo
2127 2510 2332 2587 magis,
2363 2510 2519 2588 quod
2549 2520 2614 2569 ut
2639 2532 2774 2588 pec-

352 2594 483 2645 cata
510 2586 625 2645 ista
650 2606 769 2645 non
794 2585 951 2645 levia
979 2592 1115 2643 sunt
1142 2594 1201 2643 et
1226 2584 1465 2661 minuta,
1498 2606 1628 2663 quae
1657 2606 1790 2646 cum
1816 2587 1930 2646 fide
1981 2596 2039 2649 et
2081 2590 2266 2651 salute
2293 2600 2537 2668 possunt
2564 2598 2770 2651 utcun-

394 2685 465 2725 ue
508 2666 839 2741 subsistere,
884 2665 988 2725 sed
1039 2665 1243 2742 gravia
1290 2672 1349 2724 et
1392 2666 1701 2741 teterrima,
1753 2687 1884 2745 quse
1931 2668 2102 2729 fidem
2135 2670 2366 2747 Christi,
2397 2680 2458 2731 et
2483 2672 2772 2748 puriorem

352 2687 470 2805 {ei
499 2746 717 2805 cultum
745 2745 975 2824 penitus
1003 2754 1392 2823 corrumpunt,
1440 2745 1523 2805 ita
1548 2766 1756 2824 poenae,
1805 2767 1936 2824 quae
1963 2748 2066 2807 illa
2087 2760 2336 2827 manent,
2379 2770 2496 2809 non
2525 2752 2666 2810 casti
2673 2772 2778 2829 ga-

350 2826 513 2886 toriae
543 2836 679 2885 sunt
704 2834 763 2885 et
790 2825 1178 2901 medicinales,
1210 2846 1245 2883 a
1272 2825 1483 2903 quibus
1510 2824 1656 2885 felix
1683 2827 1854 2887 datur
1873 2828 2082 2901 exitus,
2103 2830 2304 2905 quales
2326 2831 2385 2888 in
2402 2830 2604 2889 fideles
2621 2850 2774 2909 saepe

350 2906 581 2983 cadunt,
628 2906 731 2965 sed
757 2906 993 2965 ultrices
1022 2915 1082 2966 et
1106 2906 1424 2981 horrendae,
1456 2925 1589 2981 quae
1614 2906 1882 2966 ultimum
1905 2908 2168 2967 sontibus
2205 2910 2449 2969 exitium
2467 2920 2604 2970 sunt
2631 2911 2774 2971 alla·

348 2996 511 3063 turae,
543 3006 687 3064 quas
714 3006 883 3045 nemo
912 2986 1115 3046 salutis
1143 3006 1265 3047 suae
1292 2985 1536 3063 cupidus
1564 2985 1764 3064 fugere
1793 3006 1908 3045 non
1935 2995 2180 3046 tenetur.

434 3066 726 3126 XXVII.
774 3066 974 3145 Atque
1022 3087 1091 3126 ea
1134 3066 1499 3144 potissimum
1546 3067 1769 3125 ratione
1817 3068 1962 3126 moti
2007 3066 2240 3127 fuerunt
2267 3068 2546 3145 superiori
2577 3072 2772 3131 seculo

350 3149 601 3226 majores
630 3147 831 3222 nostri,
862 3167 1042 3225 quum
1073 3146 1435 3224 Babylonem
1484 3165 1764 3224 generose
1805 3147 2176 3225 reliquerunt,
2208 3156 2275 3208 ut
2303 3148 2772 3229 Hierosolymam

351 3236 681 3307 corruptam
708 3236 1113 3302 restaurarent,
1146 3236 1205 3287 et
1234 3226 1686 3287 Reformationis
1715 3227 1874 3306 operi
1901 3248 2134 3288 manum
2163 3228 2556 3291 admoverent.
2619 3232 2774 3309 Quid

352 3310 507 3367 enim
535 3308 695 3367 aliud
724 3328 825 3367 eos
852 3328 1188 3386 permovere
1216 3307 1423 3385 potuit,
1454 3314 1537 3385 ut,
1568 3307 1772 3367 relicta
1797 3310 2000 3386 patria,
2031 3310 2384 3387 parentibus,
2417 3312 2636 3389 amicis,
2669 3314 2771 3372 bo·

350 3388 460 3465 nis,
508 3397 568 3449 et
614 3389 788 3448 rebus
836 3388 1161 3465 quibusque
1204 3387 1533 3463 carissimis,
1590 3386 1830 3467 (quibus
1870 3389 2224 3469 fruebantur,
2255 3400 2314 3451 et
2353 3392 2468 3453 frui
2507 3402 2775 3472 poterant

354 3467 705 3543 dulcissime,
740 3468 791 3527 si
820 3468 1125 3545 Babylone
1153 3466 1527 3547 mansissent)
1572 3468 1645 3527 de
1666 3469 1962 3529 mutandis
1991 3471 2225 3531 sedibus
2247 3473 2586 3551 cogitarent,
2613 3484 2670 3535 et
2700 3475 2772 3534 de

355 3548 579 3626 Papatu
608 3548 946 3622 deserendO,
978 3556 1036 3607 et
1063 3548 1283 3607 vexillo
1326 3549 1617 3626 evangelii
1667 3550 1962 3626 sequendo
1990 3553 2295 3613 consilium
2321 3553 2532 3613 inirent
2556 3577 2570 3630 ;
2615 3556 2773 3633 quod

354 3627 815 3706 indignationem
858 3628 1199 3707 principum,
1246 3628 1571 3687 concivium
1616 3628 1831 3706 odium,
1863 3632 2042 3691 totius
2082 3653 2230 3711 pene
2273 3633 2474 3693 mundi
2521 3634 2772 3694 furorem

352 3707 414 3766 in
455 3709 613 3786 ipsos
642 3708 985 3783 concitabat,
1018 3718 1077 3767 et
1123 3729 1238 3767 non
1282 3708 1455 3768 modo
1483 3709 1766 3769 bonorum
1801 3710 2064 3789 jacturae,
2096 3713 2198 3772 sed
2227 3720 2287 3773 et
2314 3713 2471 3771 mille
2500 3718 2772 3773 aerumnis

354 3796 414 3849 et
452 3788 737 3864 crucibus,
769 3788 1029 3866 adeoque
1056 3789 1301 3867 propriae
1319 3789 1456 3848 vitae
1482 3790 1742 3867 periculo
1771 3810 1870 3851 eos
1898 3793 2228 3870 exponebat
2245 3795 2274 3851 ?
2316 3793 2486 3869 Quid,
2517 3794 2771 3869 inquam,

351 3888 453 3928 eos
480 3869 626 3927 adeo
674 3876 940 3946 potenter
984 3868 1207 3929 afficere
1248 3868 1453 3947 potuit,
1500 3870 1615 3929 nisi
1663 3872 2030 3931 conscientiae
2071 3872 2254 3950 ipsius
2308 3893 2444 3948 vox,
2489 3880 2548 3931 et
2588 3872 2775 3931 divini

354 3948 611 4007 mandati
630 3948 877 4027 justitia,
910 3950 1246 4027 salutisque,
1276 3969 1407 4027 quae
1427 3949 1601 4009 rebus
1631 3951 1898 4011 omnibus
1937 3951 2389 4030 pretiosissimis,
2419 3952 2537 4011 imo
2565 3961 2624 4011 et
2652 3953 2775 4013 vita

355 4028 467 4086 hae
496 4030 797 4107 temporali
836 4030 1022 4089 carior
1064 4030 1176 4107 piis
1204 4029 1471 4089 omnibus
1514 4029 1688 4090 debet
1715 4051 1860 4107 esse,
1893 4032 2242 4091 desiderium
2261 4036 2291 4091 Ρ
2333 4032 2482 4090 Nam
2511 4032 2560 4091 si
2587 4032 2772 4091 ullum

356 4108 481 4165 dari
503 4109 759 4186 potuisse
786 4110 1169 4170 credidissent
1209 4110 1369 4188 pacis
1413 4110 1509 4169 vel
1554 4111 1974 4172 conciliationis
2004 4132 2134 4171 cum
2164 4112 2467 4190 Babylone
2497 4112 2768 4188 medium,

353 4208 445 4247 nse
486 4188 675 4248 insani
700 4198 761 4249 et
786 4199 977 4249 mente
1006 4190 1161 4268 capti
1200 4190 1461 4265 fuissent,
1508 4191 1557 4249 si
1602 4190 1749 4250 illud
1802 4191 2080 4269 molestae,
2125 4201 2184 4252 et
2210 4192 2554 4251 tristissimae
2585 4210 2770 4253 seces·

358 4269 507 4327 sioni
560 4288 677 4327 non
730 4270 1139 4347 praetulissent,
1189 4278 1257 4331 ut
1298 4271 1653 4348 superiorum
1705 4271 1980 4346 favorem,
2027 4271 2336 4350 aequalium
2390 4292 2660 4349 amorem,
2713 4283 2772 4334 et

356 4348 690 4409 dulcissima
708 4370 971 4428 quaeque,
992 4350 1203 4428 quibus
1225 4360 1395 4409 antea
1422 4350 1771 4429 gaudebant,
1795 4352 1949 4411 bona
1969 4352 2215 4411 retinere
2231 4363 2486 4429 possent.
2530 4354 2770 4433 Verum,

357 4428 493 4505 quia
521 4450 583 4489 se
610 4430 752 4491 talia
778 4430 1074 4507 possidere
1102 4450 1218 4489 non
1245 4450 1433 4507 posse,
1475 4431 1640 4489 salva
1666 4431 2019 4490 conscientia
2045 4441 2106 4491 et
2134 4432 2348 4493 Christi
2373 4434 2506 4509 fide,
2535 4456 2770 4513 persua-

358 4510 647 4570 sissimum
710 4510 1020 4586 habebant,
1066 4512 1395 4569 maluerunt
1436 4531 1568 4571 cum
1616 4510 1802 4570 Paulo
1847 4510 2104 4571 omnium
2138 4514 2426 4591 jacturam
2473 4515 2661 4575 facere
2705 4524 2774 4576 ut

361 4590 652 4650 Christum
701 4590 1077 4667 lucrarentur,
1125 4598 1185 4651 et
1232 4611 1465 4650 suorum
1511 4590 1645 4649 odio
1693 4600 1754 4651 et
1797 4590 1975 4651 furori
2003 4613 2066 4653 se
2092 4613 2399 4672 exponere,
2431 4606 2496 4657 ut
2516 4616 2768 4657 amorem

364 4669 576 4731 Christi
604 4671 889 4730 illibatum
920 4670 1031 4729 sibi
1060 4680 1373 4731 servarent.
