3234 5192
565 316 634 371 13
1333 329 1406 366 ωε
1437 327 1797 366 messmam
1828 323 2175 366 SEcl-:SSIONE
2640 305 2898 385 [msru‘r.
2932 329 2971 367 1.

1168 467 1496 526 XXXIII.
1541 467 1761 526 Verum
1804 477 1861 526 et
1918 467 2012 524 bic
2054 465 2347 524 distinctio
2390 465 2653 542 quaedam
2696 468 2973 528 notanda.

565 535 1027 640 Qniffigfflfflssmda'
1093 549 1280 608 Datur
1321 548 1474 606 enim
1503 567 1688 622 error,
1718 549 1821 625 qui
1862 547 2297 606 fundamentum
2326 553 2551 630 tantum
2580 549 2775 623 tanyit,
2806 548 2979 608 datur

909 627 918 637 '
1085 629 1248 705 aliua,
1292 629 1394 706 qui
1434 627 1871 687 fundamentum
1919 628 2107 704 ipsum
2150 626 2357 684 evertit.
2442 626 2551 685 Ille
2590 628 2745 686 circa
2786 627 2977 705 ipsum

562 716 841 782 versatur,
899 708 1008 766 iste
1057 729 1196 767 vero
1241 719 1456 767 contra.
1530 709 1639 766 Est
1682 707 1782 784 qui
1812 706 2023 782 primo,
2068 708 2289 781 directe,
2338 717 2390 764 et
2430 707 2744 766 immediate
2783 707 2977 784 ipsum

565 797 860 866 oppugnat
902 797 960 846 et
1001 790 1313 863 convellit3
1358 797 1448 847 est
1489 788 1588 864 qui
1632 788 1897 844 indirecte
1943 795 2168 845 tantum
2210 797 2269 845 et
2308 788 2641 846 secundario
2680 787 2829 846 illud
2870 789 2977 846 im-

563 869 726 945 petit.
812 867 1077 944 Denique
1105 868 1354 926 occurrit
1379 868 1514 926 talis
1557 887 1730 940 error,
1763 867 1864 944 qui
1891 866 2139 924 mediate
2166 865 2401 942 quidem
2428 874 2488 924 et
2514 887 2617 943 per
2642 887 2977 944 consequen-

565 950 718 1023 tiam,
753 946 858 1004 sed
883 949 1272 1022 necessariam,
1295 947 1646 1022 proximam,
1678 947 1977 1004 evidentem
2004 956 2063 1004 et
2087 943 2298 1021 ἵμφυτοι
2328 965 2431 1005 seu
2456 947 2727 1013 innatam,
2758 947 2819 1004 in
2846 947 2973 1006 fun-

565 1029 900 1086 damentum
939 1025 1136 1101 fertur,
1183 1034 1242 1084 et
1268 1027 1420 1100 talis,
1451 1026 1553 1102 qui
1593 1045 1697 1103 per
1750 1027 2217 1102 consequentiam
2260 1033 2485 1086 tantum
2526 1036 2815 1102 remotam,
2848 1049 2978 1086 con-

566 1115 790 1179 tortam,
821 1113 880 1162 et
901 1106 1224 1184 vagulo-aron
1253 1125 1356 1164 seu
1381 1107 1616 1179 illatam,
1648 1105 1723 1163 ad
1748 1106 1907 1164 illius
1946 1105 2171 1164 ruinam
2210 1106 2414 1164 tendit.
2500 1107 2585 1166 Ut
2624 1115 2817 1165 autem
2854 1108 2981 1166 haec

567 1186 682 1243 duo
709 1185 884 1260 longe
925 1185 1075 1243 inter
1103 1205 1164 1244 se
1192 1185 1480 1260 differunt,
1511 1185 1591 1243 ita
1617 1186 1743 1261 pari
1782 1186 1911 1244 loco
1958 1203 2073 1242 non
2114 1185 2326 1244 debent
2368 1186 2585 1245 haberi.
2636 1187 2799 1246 Sicut
2824 1188 2980 1246 enim

567 1285 686 1324 non
713 1263 987 1340 quaelibet
1013 1265 1158 1324 rima
1185 1265 1247 1323 in
1273 1263 1647 1324 fundamento
1676 1264 1983 1323 aedificium
2010 1264 2199 1341 ipsum
2242 1265 2543 1342 subvertit,
2575 1267 2658 1325 ita
2697 1287 2804 1325 nec
2851 1269 2979 1345 qui-

567 1343 712 1403 libet
739 1363 898 1402 error
924 1345 1076 1404 eirca
1101 1345 1538 1404 fundamentum
1587 1346 1782 1404 statim
1825 1352 1913 1404 est
1952 1344 2180 1422 proprie
2221 1344 2683 1422 fundamentalis,
2728 1347 2833 1406 sed
2880 1348 2979 1406 ille

571 1424 822 1500 demum,
852 1425 954 1502 qui
971 1425 1160 1503 ipsum
1189 1427 1271 1484 ita
1297 1427 1376 1483 im
1417 1433 1616 1501 ugnat,
1648 1434 1714 1483 ut
1740 1445 1811 1484 eo
1840 1424 1967 1502 ipso
1994 1432 2217 1483 evertat
2244 1433 2304 1483 et
2330 1425 2539 1485 diruat.

569 1520 898 1622 mmmmm
913 1522 1047 1623 flia-⁰02:
1129 1593 1156 1643 t
1173 1506 1378 1562 XXX
1417 1505 1709 1642 {harnales
1732 1513 1950 1643 gii-tetra
1998 1523 2219 1643 οἶοι-οε
2234 1525 2391 1644 ἔξεο
2408 1506 2877 1644 tP⁰¹¹fissei⁰f¹¹m
2919 1508 2981 1565 in

627 1635 767 1745 {gi-{i
783 1633 1046 1747 :ohfssgg
1087 1603 1413 1724 ἓεὲἓιῗιῖιέἰ.
1499 1664 1576 1722 Et
1599 1603 1797 1722 1iliimde
1818 1601 2350 1741 Ιῗήἓὲῗειίοὲῗττῗιιὲιιί
2375 1604 2980 1744 ΘαᾶΡέΐεξιίιεηίῃοῗ

628 1750 815 1794 Gratia-
1089 1743 1276 1821 primo
1303 1743 1580 1819 dieamus,
1611 1742 1685 1801 de
1729 1762 1845 1820 quo
1884 1763 2039 1802 nunc
2080 1745 2457 1822 disputamus,
2490 1765 2627 1804 mox
2668 1746 2741 1805 de
2778 1748 2979 1824 altero,

571 1825 730 1902 quod
761 1823 837 1882 ad
863 1843 1054 1882 mores
1091 1821 1216 1882 sive
1259 1822 1478 1882 cultum
1524 1831 1763 1899 spectat,
1794 1823 2157 1900 disputaturi.
2244 1824 2393 1898 Quia
2433 1825 2673 1904 longum
2702 1835 2857 1886 esset
2899 1829 2981 1886 ire

569 1925 674 1982 per
694 1904 902 1979 omnia,
925 1923 1126 1982 pauca,
1151 1901 1480 1980 speciminis
1500 1921 1657 1980 ergo,
1682 1922 1757 1960 ex
1778 1904 1975 1961 multis
1996 1904 2125 1962 aliis
2147 1903 2421 1982 dogmata
2440 1925 2637 1964 eorum
2656 1907 2984 1966 notabimus

570 2003 824 2059 erronea,
849 2004 978 2061 quae
999 1983 1061 2041 in
1087 1981 1276 2060 ipsum
1301 1981 1735 2041 fimdamentum
1761 1982 2063 2042 manifeste
2084 1983 2398 2044 incurrunt.
2484 1987 2629 2044 Cum
2650 2006 2788 2045 vero
2806 1987 2983 2046 variae

571 2064 846 2123 constitui
885 2063 1110 2141 possint
1148 2061 1506 2122 fundamenti
1545 2062 1715 2121 istius
1754 2070 1963 2139 partes,
1996 2083 2167 2123 nemo
2200 2064 2437 2142 negabit
2468 2073 2587 2124 tres
2624 2067 2798 2126 hasce
2834 2066 2986 2127 inter

569 2144 870 2220 primarias
911 2153 969 2203 et
1006 2143 1327 2221 praecipuas
1367 2143 1571 2201 merito
1613 2143 1829 2220 reponi,
1873 2143 2247 2220 Scripturam,
2276 2145 2573 2222 Ghrz’stum,
2606 2155 2665 2205 et
2697 2147 2981 2206 Gratiam.

571 2225 874 2300 Scrtptara
907 2232 996 2282 est
1005 2226 1444 2300 fundamentum
1471 2223 1741 2281 doctrina
1766 2231 1821 2280 et
1858 2223 2225 2301 institutiomls,
2256 2233 2540 2300 quatenus
2568 2245 2769 2285 norma
2796 2235 2855 2286 et
2880 2228 2980 2286 ba·

573 2304 654 2363 sis
691 2313 780 2362 est
817 2303 1174 2362 invariabilis
1207 2302 1359 2378 fidei,
1389 2321 1506 2379 quo
1535 2321 1710 2361 sensu
1740 2302 2001 2360 Ecclesia
2026 2302 2239 2363 dicitur
2266 2306 2583 2382 superstrui
2606 2309 2983 2380 fiandamento

572 2385 991 2460 Prophetarum
1031 2392 1086 2442 et
1113 2384 1527 2458 Apostolorum,
1561 2382 1775 2459 Ephes.
1806 2382 1865 2439 ii.
1896 2386 1991 2457 20,
2035 2403 2152 2442 non
2178 2384 2399 2443 ratione
2416 2405 2683 2460 personne
2706 2387 2981 2466 ipsorum,

573 2482 703 2540 quae
730 2462 1103 2521 fundamento
1131 2470 1190 2520 et
1229 2462 1356 2540 ipsa
1382 2461 1608 2538 egebat,
1641 2463 1756 2538 quo
1783 2461 2077 2537 niteretur,
2110 2463 2213 2521 sed
2240 2465 2523 2540 doctrinm,
2554 2486 2685 2543 quse
2730 2468 2804 2527 ab
2841 2467 2984 2545 ipsis

573 2551 698 2602 tum
727 2542 787 2600 in
815 2541 1018 2601 Veteri
1045 2551 1170 2602 tum
1213 2541 1274 2599 in
1303 2541 1472 2600 Novo
1501 2541 1871 2600 Testamento
1898 2539 2111 2602 tradita
2154 2552 2260 2602 est.
2348 2545 2603 2604 Christus
2644 2556 2735 2606 est
2762 2550 2983 2620 fianda-

573 2631 815 2680 mentum
841 2623 1053 2698 calm,
1084 2631 1208 2682 tum
1236 2621 1600 2698 acquirendae
1617 2641 1721 2698 per
1746 2621 2014 2680 meritum
2034 2623 2252 2698 mortis,
2284 2631 2407 2682 tum
2436 2627 2863 2704 conservandae,
2882 2649 2986 2707 per

574 2701 884 2761 efficaciam
903 2701 1056 2777 vitae,
1089 2701 1390 2779 siquidem,
1421 2708 1570 2760 teste
1601 2701 1793 2772 Petr0,
1828 2703 1864 2734 “
1888 2702 2018 2760 Νοιι
2047 2701 2217 2760 datur
2242 2703 2303 2760 in
2332 2704 2446 2763 alio
2490 2705 2705 2781 salus,’'
2737 2707 2872 2768 Act.
2902 2709 2981 2768 iv.

575 2784 670 2857 12,
701 2790 776 2857 et,
821 2784 856 2814 ‘⁴
881 2781 1344 2840 Fundamentum
1385 2779 1546 2840 aliud
1571 2801 1742 2839 nemo
1768 2800 1981 2858 ponere
2000 2790 2193 2858 potest
2227 2792 2436 2860 praeter
2460 2785 2524 2844 id
2550 2786 2707 2863 quod
2732 2789 2983 2864 positum

572 2870 679 2937 est,
710 2861 865 2939 quod
893 2869 982 2921 est
1011 2861 1275 2920 Christus
1303 2861 1541 2935 Jesus,''
1577 2863 1605 2918 1
1642 2862 1770 2919 Cor.
1814 2860 1893 2918 iii.
1934 2864 2024 2937 11,
2062 2864 2090 2919 1
2126 2862 2250 2921 Pet.
2280 2861 2339 2922 ii.
2370 2868 2426 2940 4,
2458 2867 2513 2924 5.
2621 2867 2790 2926 Unus
2832 2870 2982 2927 enim

571 2952 662 3002 est
692 2943 967 3020 Princeps
985 2942 1122 3002 vitae
1151 2950 1211 3001 et
1239 2939 1467 3000 Auctor
1495 2938 1716 3016 salutis,
1748 2941 1849 3018 qui
1870 2959 1997 2998 eam
2024 2941 2086 2998 in
2122 2943 2365 3001 Decreto
2388 2945 2461 3002 ab
2490 2953 2704 3005 aeterno
2732 2947 2982 3008 destina-

571 3031 706 3098 tam,
739 3023 799 3080 in
839 3025 1014 3082 Verbo
1043 3022 1254 3100 saepius
1281 3021 1639 3099 promissam,
1670 3021 1731 3078 in
1764 3021 1946 3080 Grace
1968 3021 2145 3080 semel
2172 3023 2528 3100 acquisitam,
2552 3025 2614 3082 in
2640 3027 2827 3087 Corde
2848 3030 2981 3088 sub-

570 3102 708 3159 inde
736 3103 1022 3177 obsignat,
1053 3103 1236 3161 donec
1265 3102 1326 3159 in
1359 3101 1565 3161 Gloria
1591 3100 1825 3160 tandem
1852 3101 2106 3178 impleat.
2196 3103 2407 3162 Gratia
2434 3113 2523 3162 est
2546 3107 2983 3178 fimdamentum

571 3181 979 3254 applicationis,
1009 3189 1294 3255 quatenus
1321 3199 1392 3238 ea
1417 3181 1681 3239 nituntur
1708 3181 1901 3238 omnia
1929 3180 2041 3239 Dei
2068 3199 2207 3258 erga
2234 3199 2341 3241 nos
2368 3183 2661 3259 beneficia,
2686 3195 2821 3261 tam,
2852 3209 2983 3265 quae

563 3274 683 3334 pro
710 3257 862 3315 nobis
889 3275 924 3314 a
969 3258 1215 3331 Christo,
1259 3265 1326 3315 ut
1373 3261 1546 3333 Vade,
1578 3267 1779 3334 parata
1822 3268 1972 3332 sunt,
2004 3279 2175 3336 quam
2205 3281 2335 3338 quse
2363 3263 2421 3321 in
2448 3265 2601 3322 nobis
2626 3265 2701 3322 ab
2740 3266 2883 3342 ipsu,
2915 3279 2984 3327 ut

577 3336 794 3411 Capite,
807 3355 912 3413 per
937 3335 1212 3412 Spiritum
1229 3336 1641 3413 producuntur,
1658 3337 1981 3413 cujusmodi
2002 3349 2152 3413 sunt,
2172 3339 2215 3400 J
2219 3342 2543 3418 ustificatio,
2573 3344 2979 3424 SanctificatiO,

577 3415 1030 3489 Perseverantia,
1063 3413 1189 3489 &c.,
1221 3433 1336 3491 quo
1367 3433 1539 3473 sensu
1561 3416 1762 3493 gratiae
1792 3417 1983 3476 omnia
2002 3418 2333 3479 tribuuntur
2352 3422 2414 3480 in
2444 3423 2781 3502 EvangeliO,
2810 3425 2981 3486 Rom.

573 3495 653 3552 iv.
689 3497 779 3567 16,
811 3501 869 3553 et
896 3494 976 3553 xi.
1020 3497 1074 3571 6,
1117 3499 1152 3552 2
1183 3495 1332 3554 Tim.
1363 3494 1400 3553 i.
1431 3497 1486 3570 9,
1519 3503 1577 3553 et
1624 3498 1652 3553 1
1701 3497 1825 3555 Pet.
1854 3515 1913 3556 v.
1949 3500 2039 3557 10.
2127 3500 2288 3559 Deus
2324 3511 2527 3561 auctor
2568 3504 2753 3563 omnis
2780 3508 2982 3583 gratiae

573 3573 788 3632 dicitur
813 3573 1054 3632 fundare
1087 3573 1304 3651 fideles,
1336 3575 1703 3651 peculiariter
1729 3595 1869 3635 vero
1905 3574 2058 3636 Heb.
2088 3579 2213 3638 xiii.
2242 3583 2299 3639 9.
2385 3583 2498 3641 Cor
2524 3583 2987 3664 diciturfimnmi

567 3654 780 3732 qratia,
834 3655 924 3727 ᾅιε.
1009 3653 1080 3711 Ιιι
1117 3654 1228 3713 tria
1275 3663 1469 3714 autem
1525 3655 1639 3713 ista
1694 3655 2067 3718 fundamenta
2108 3659 2365 3736 graviter
2404 3662 2723 3740 impingere
2777 3667 2979 3726 adver-

573 3734 756 3794 sarios
782 3734 910 3792 luce
939 3733 1256 3792 meridiana
1283 3735 1493 3793 clarius
1519 3743 1627 3793 est.

572 3854 791 3926 qulosja
821 3851 1048 3924 ’Rpmana
1174 3813 1462 3908 XXXV:
1504 3815 1655 3872 Nam
1686 3816 1763 3873 ad
1798 3816 2045 3892 primum
2086 3819 2497 3914 quod-attinet,
2528 3823 2686 3898 quod
2746 3825 2983 3885 Verbum

631 3925 782 3970 unpm
817 3915 916 3955 mn
929 3909 1046 3954 ver·
1088 3896 1200 3952 Det
1241 3913 1367 3953 esse
1405 3893 1677 3970 diximus,
1708 3904 1867 3972 patet
1910 3914 2083 3973 quam
2116 3906 2359 3976 turpiter
2384 3901 2481 3959 h1c
2526 3902 2812 3980 labantur,
2844 3905 2980 3964 dum

632 3971 748 4015 bum
813 3971 872 4015 οἱ·
1094 3973 1286 4032 omnia
1313 3975 1480 4033 istius
1513 3975 1823 4052 Scripturae
1848 3976 2169 4036 θιοπηΰστοῧ
2209 3979 2483 4056 adjuncta
2508 3983 2605 4040 vel
2632 3983 2849 4043 directe
2885 3987 2983 4044 vel

573 4055 850 4115 indirecte
899 4061 1038 4113 eunt
1097 4071 1381 4128 eversum,
1431 4055 1721 4131 Oriyinem
1761 4065 1992 4132 certam,
2038 4075 2217 4134 quum
2265 4061 2701 4121 occasionaliter
2736 4072 2978 4142 tantum,

573 4154 689 4194 non
705 4155 785 4194 ex
801 4134 1082 4228 professo,
1101 4133 1372 4192 traditam
1401 4153 1527 4192 esse
1555 4135 1763 4193 volunt
1786 4157 1800 4210 ;
1820 4137 2223 4196 Auctoritatem
2246 4147 2304 4197 et
2336 4143 2663 4200 cimmo-rim
2702 4143 2979 4221 divinam,

575 4231 752 4288 quum
798 4215 958 4274 1llam
988 4213 1346 4291 suspendunt
1375 4213 1578 4272 saltem
1607 4214 1801 4290 quoad
1832 4233 1939 4274 nos
1980 4237 2015 4274 a
2054 4219 2385 4279 testimonio
2422 4221 2718 4300 Ecclesiae,
2772 4232 2831 4282 et
2871 4225 2983 4302 ipsi

573 4291 874 4351 {Iudicium
946 4295 1467 4353 controversiarum
1533 4293 1671 4352 fidei
1726 4294 2009 4371 abrogant
2037 4318 2051 4371 ;
2122 4299 2524 4373 Perfhctionem
2572 4303 2978 4379 omnimodam,

575 4389 754 4447 quum
795 4372 1168 4432 traditionum
1216 4374 1458 4454 0273de
1481 4372 1884 4431 necessitatem
1902 4383 2126 4452 urgent,
2158 4397 2303 4454 quas
2344 4399 2461 4438 non
2488 4381 2661 4439 modo
2699 4382 2811 4459 ipsi
2857 4384 2981 4462 pari

573 4449 806 4527 pietatis
848 4448 1054 4509 affectu
1103 4461 1160 4511 et
1185 4453 1508 4514 reverentia
1549 4452 1943 4529 suscipiendas
1988 4474 2119 4514 cum
2171 4458 2481 4534 Scripturis
2540 4459 2871 4540 decernunt,
2914 4473 2981 4522 ut

581 4529 750 4588 C‘onc.
788 4528 944 4585 Trid.
974 4530 1117 4588 Sese.
1148 4533 1243 4607 iv„
1277 4532 1379 4591 sed
1406 4541 1464 4590 et
1493 4532 1704 4610 saepius
1724 4532 2051 4609 praeferunt,
2071 4535 2215 4594 adeo
2242 4546 2309 4596 ut
2335 4540 2612 4614 Bar-onio,
2654 4540 2729 4600 ad
2756 4562 2849 4601 an.
2880 4547 2976 4618 53,

575 4608 722 4668 tanti
769 4606 1040 4685 ponderis
1101 4609 1176 4667 sit
1223 4611 1471 4686 traditio,
1515 4620 1581 4670 ut
1646 4611 2082 4673 fundamentum
2126 4616 2339 4676 existat
2400 4618 2652 4696 ipsarum
2723 4621 2977 4700 Scriptu-
