3234 5192
562 369 680 430 568
1139 382 1220 425 rm
1247 357 1729 427 sauss-Acmona
1756 379 1993 426 οιιιιιειι
2020 383 2340 428 vamum.
2506 367 2765 450 [nuru-r.
2800 385 3005 430 xvm.

565 525 1034 622 satisfactionem,
1074 527 1178 586 sed
1223 533 1450 587 tantum
1475 527 1575 586 vel
1601 527 1989 586 antecedenter
2014 529 2113 588 vel
2155 529 2557 605 exemplariter
2580 529 2677 588 vel
2706 531 2989 589 declar-a-

569 609 692 668 five.
768 610 846 667 10.
869 607 1020 684 Quia
1045 607 1466 666 interveniente
1511 606 1753 665 victima
1798 613 1859 667 et
1900 617 2085 668 morte
2132 608 2349 668 Christi
2390 608 2645 686 expiatio
2690 609 2821 668 hsec
2878 629 2997 669 seu

565 687 833 748 liberatio
861 708 897 747 a
921 695 1160 765 peccato
1176 686 1368 764 reipsa
1391 685 1562 746 nobis
1589 685 1925 748 conceditur
1938 707 2043 765 per
2068 687 2479 748 exaltationem
2506 689 2653 765 ejus,
2678 688 2791 747 nisi
2820 689 2993 747 enim

570 768 837 830 Christus
885 767 1226 846 sanguinem
1255 785 1423 826 suum
1467 765 1731 840 fudisset,
1760 773 2105 843 potestatem
2133 787 2271 827 suos
2297 768 2371 826 ab
2400 775 2615 827 aeterna
2638 772 2823 827 morte
2850 769 2995 826 vin-

570 848 822 924 dicandi,
851 867 968 925 qua
1013 848 1076 906 in
1117 867 1179 905 re
1206 854 1574 924 peccatorum
1619 845 1883 905 remissio
1912 849 2253 924 continetur,
2300 847 2465 907 nullo
2510 847 2682 906 modo
2729 847 2993 925 adeptus

569 928 792 988 fuisset.
903 931 986 987 2⁰.
1041 927 1192 1002 Quia
1243 926 1446 985 mortis
1493 933 1554 985 et
1617 925 1907 1018 passionis
1960 926 2177 986 Christi
2234 926 2618 987 consideratio
2670 927 2998 986 efficaciter

571 1027 682 1066 nos
707 1013 907 1066 movet
950 1006 1026 1064 ad
1075 1006 1510 1065 conversionem
1557 1013 1619 1064 et
1664 1005 2079 1083 poenitentiam,
2112 1007 2203 1066 cui
2244 1007 2407 1066 Deus
2432 1007 2661 1084 proprie
2686 1007 2991 1065 remissio·

571 1107 706 1146 nem
769 1085 1092 1172 pollicetur.
1221 1085 1458 1160 ⁰.Quia
1522 1084 1651 1144 haec
1714 1085 1842 1162 ipsa
1892 1086 2112 1146 oblatio
2179 1087 2558 1145 certissimam
2623 1086 2991 1145 remissionis

569 1166 746 1226 fidem
773 1159 928 1244 apud
955 1184 1062 1224 nos
1087 1164 1246 1224 facit.
1311 1165 1539 1223 Horum
1567 1173 1761 1223 autem
1788 1166 2071 1225 rationem
2093 1173 2299 1244 petunt
2326 1186 2363 1224 a
2388 1166 2641 1225 victimis
2668 1166 2981 1242 legalibus.

575 1250 613 1284 6
637 1244 1195 1321 Quemadmodum?
1225 1244 1416 1322 inquit
1447 1245 1578 1304 Soc.
1607 1243 1861 1321 preelect.
1884 1265 1935 1304 c.
1958 1249 2105 1322 23st
2090 1248 2127 1278 66
2146 1245 2395 1322 Legales
2420 1245 2672 1304 victimae
2698 1265 2820 1304 non
2846 1246 2989 1306 ideo

568 1333 808 1404 peccata
833 1325 1146 1403 expiabant
1173 1343 1276 1402 pro
1313 1325 1526 1401 quibus
1553 1323 1957 1401 offerebantur,
1987 1325 2125 1402 quia
2168 1325 2267 1384 vel
2298 1325 2489 1384 Deum
2530 1325 2605 1383 ad
2631 1325 2733 1383 illa
2759 1325 2985 1384 condo·

571 1405 764 1464 nanda
789 1413 1109 1480 moverent,
1136 1405 1235 1463 vel
1282 1403 1505 1481 aliquid
1550 1404 1613 1462 in
1640 1404 1783 1482 ipsis
1810 1414 1965 1465 esset
1990 1404 2148 1482 quod
2194 1404 2425 1498 culpam
2452 1424 2529 1464 ex
2555 1405 2697 1484 ipsis
2725 1405 2987 1482 peccatis

571 1491 901 1544 manantem
927 1484 1245 1560 resarciret,
1277 1484 1382 1543 sed
1407 1485 1545 1560 quia
1591 1483 1873 1542 sacrificio
1900 1492 2133 1561 peracto
2174 1485 2432 1560 expiatio
2458 1484 2586 1562 ejus
2613 1495 2747 1544 ante
2773 1484 2987 1562 benig-

570 1565 754 1623 nitate
784 1563 896 1622 Dei
923 1563 1155 1622 decreta
1180 1563 1655 1640 consequebatur,
1688 1563 1771 1622 sic
1800 1563 2013 1622 Christi
2034 1582 2189 1622 mors
2214 1583 2331 1622 non
2360 1563 2492 1623 ideo
2518 1573 2756 1641 peccata
2780 1573 2987 1624 nostra

572 1643 786 1719 expiat,
817 1643 976 1719 quod
1003 1643 1098 1700 vel
1129 1643 1319 1700 Deum
1345 1642 1423 1700 ad
1451 1661 1520 1700 ea
1561 1642 1733 1701 nobis
1776 1641 2159 1702 condonanda
2182 1649 2433 1718 moveat,
2462 1643 2561 1702 vel
2588 1644 2815 1721 culpam
2843 1663 2985 1721 pec-

572 1731 832 1782 catorum
859 1727 1186 1780 nostrorum
1213 1721 1335 1780 ullo
1361 1720 1534 1779 modo
1561 1722 1852 1798 resarciat,
1883 1722 1988 1782 sed
2012 1723 2151 1801 quia
2178 1722 2395 1782 Christi
2421 1723 2705 1817 supplicio
2724 1731 2981 1801 peraeto,

570 1801 840 1860 liberatio
867 1819 904 1859 a
927 1807 1094 1859 reatu
1131 1808 1496 1877 peccatorum
1541 1809 1867 1860 nostrorum
1904 1803 2291 1881 consequitur,
2322 1821 2451 1879 quae
2488 1805 2615 1880 jam
2641 1813 2811 1862 antea
2838 1823 2987 1880 erga

571 1900 680 1940 nos
730 1880 844 1939 Dei
889 1879 1285 1939 misericordia
1309 1879 1496 1939 fuerat
1523 1879 1854 1939 constituta.
1932 1881 2158 1941 Rursus
2204 1890 2271 1941 ιιι
2316 1883 2573 1942 victimis
2598 1883 2717 1942 illis
2744 1883 2981 1958 oblatis,

565 1961 692 2038 jam
719 1960 968 2038 populus
996 1979 1058 2019 se
1086 1981 1122 2020 a
1147 1967 1312 2020 reatu
1337 1960 1560 2038 peccati
1579 1959 1887 2020 liberatum
1907 1961 2133 2039 sibique
2162 1961 2353 2021 Deum
2378 1963 2671 2041 placatum
2698 1981 2985 2040 agnosce-

572 2041 690 2119 bat,
723 2041 818 2100 Ita
845 2040 1129 2118 supplicio
1157 2040 1373 2100 Christi
1399 2048 1649 2118 peracto,
1688 2059 1807 2100 non
1852 2040 2027 2099 modo
2055 2062 2091 2099 a
2121 2049 2287 2100 reatu
2310 2042 2535 2119 peccati
2560 2042 2728 2100 liberi
2755 2061 2977 2117 sumus,

570 2141 774 2182 verum
803 2129 862 2181 et
887 2121 994 2180 id
975 2121 1091 2200 lpsi
1116 2121 1502 2199 agnoscimur„
1536 2121 1841 2197 Deumque
1861 2121 2031 2179 nobis
2058 2120 2512 2198 placatissimum
2541 2139 2671 2180 esse
2696 2120 2949 2198 intelligi

569 2203 740 2278 mus,'
745 2199 898 2261 '&c.
943 2201 1370 2262 Liberationem
1421 2201 1492 2260 E.
1535 2201 1663 2259 fieri
1712 2200 2035 2259 concedunt
2076 2201 2407 2261 interventu
2434 2201 2655 2276 mortis,
2694 2200 2798 2260 sed
2824 2201 2982 2260 hanc

571 2289 846 2358 tanquam
875 2299 1108 2340 causam
1152 2281 1502 2340 meritoriam
1550 2279 1907 2339 intercedere
1934 2289 2188 2357 negant3
2232 2281 2436 2358 Neque
2464 2280 2813 2338 contr-arima
2841 2301 2983 2358 pro·

569 2360 697 2418 bari
742 2378 930 2437 posse,
961 2378 1038 2417 ex
1085 2379 1226 2419 voce
1275 2359 1650 2451 επρὶαἰίρπιέη
1730 2359 1973 2434 ⁰Quia
2014 2359 2248 2437 expiare
2294 2361 2467 2420 etiam
2508 2359 2581 2418 de
2617 2357 2739 2418 Deo
2766 2360 2979 2436 praedi-

569 2446 735 2497 cetur
759 2457 876 2496 non
899 2439 1097 2508 semel,
1119 2447 1186 2497 ut
1208 2439 1382 2497 Deut.
1405 2438 1530 2496 xxi.
1559 2437 1616 2514 8,
1640 2439 1677 2470 66
1662 2438 1890 2531 ‘Expia
1909 2440 2187 2516 populum
2207 2448 2371 2500 tuum
2395 2440 2615 2515 ·”Deus‚
2636 2446 2695 2497 et
2724 2439 2882 2498 Psal.
2911 2440 2983 2500 li.

571 2521 628 2592 7,
675 2518 712 2550 “
731 2515 983 2593 Expiato
1005 2535 1099 2576 me
1124 2518 1382 2595 hyssopo
1407 2526 1476 2576 ut
1501 2515 1754 2575 mundus
1782 2517 1926 2593 sim3
1952 2519 2127 2578 ''At
2110 2539 2161 2578 is
2192 2528 2385 2579 tamen
2424 2539 2530 2578 nec
2559 2517 2841 2578 satisfacit
2864 2539 2981 2580 nec

569 2595 897 2657 satisfacere
951 2595 1068 2656 dici
1119 2603 1330 2675 potest.
1411 2600 1492 2655 20.
1538 2595 1801 2655 Verbum
1854 2613 1941 2655 ιιι
2006 2618 2121 2675 quo
2190 2600 2443 2677 expiatio
2502 2597 2826 2673 denotatur,
2894 2619 2977 2658 ex

565 2675 753 2756 prima
779 2682 841 2735 et
885 2677 1115 2754 propria
1143 2675 1563 2754 significatione
1611 2685 1794 2753 tegere
1820 2677 2126 2754 signifieat,
2158 2680 2397 2756 operire,
2422 2679 2667 2738 oblinire
2694 2698 2796 2737 seu
2824 2679 2982 2737 obli-

566 2757 780 2816 niendo
809 2756 1095 2834 obturare,
1125 2757 1280 2817 unde
1308 2757 1560 2834 metaph.
1605 2757 1882 2833 expiandi
1904 2767 2241 2836 reatumque
2281 2766 2645 2837 peccatorum
2676 2757 2979 2818 auferendi

567 2855 801 2898 sensum
828 2837 1096 2916 obtinuit,
1127 2837 1265 2915 quia
1291 2845 1530 2897 eatenus
1568 2845 1807 2914 peccata
1834 2837 2055 2915 expiari
2084 2847 2256 2915 atque
2285 2838 2493 2897 auferri
2534 2838 2739 2912 solent,
2770 2845 2977 2914 quate-

564 2937 678 2978 nus
720 2916 1146 2996 quodammodo
1189 2926 1482 2997 teguntur,
1542 2916 1700 2976 Psal.
1754 2917 1942 2976 xxxii.
1999 2920 2051 2975 1.
2108 2921 2191 2978 30
2233 2918 2494 2978 Verbum
2540 2918 2859 2976 mundandi
2907 2927 2973 2978 et

569 2999 845 3137 affl&
853 2998 1401 3153 εῗῖἳῗῗῗὲνῗωὲ,
1413 2997 1703 3135 6ῗὲἑῖἓὲ
1746 2997 2236 3153 ἓῗῖιέῗῗοῑέἶίῗέζ
2261 2997 2977 3170 fflfftssssssffiaxss

564 3156 664 3214 vel
709 3156 1007 3218 immundo
1053 3155 1489 3234 pronunciando
1548 3156 1758 3233 agitur,
1804 3173 1937 3214 nam
1985 3157 2143 3234 quod
2188 3157 2432 3217 subinde
2491 3157 2772 3234 repetitur
2812 3157 2977 3234 quod

565 3233 834 3294 sacerdos
875 3237 1148 3294 mundum
1192 3237 1292 3294 vel
1333 3237 1682 3294 immundum
1706 3236 2001 3312 judicabit,
2032 3235 2113 3294 id.
2162 3237 2224 3295 in
2256 3245 2423 3296 textu
2462 3237 2645 3296 Hebr.
2688 3237 2977 3297 assertive

563 3312 813 3390 ponitur,
859 3314 1152 3372 mundabit
1193 3314 1293 3373 vel
1339 3313 1753 3373 contaminabit.
1818 3314 2043 3406 Itaque
2086 3316 2233 3375 nihil
2276 3317 2527 3376 alienum
2572 3316 2698 3374 fieri
2746 3317 2819 3374 ab
2856 3336 2973 3377 usu

567 3391 880 3529 Scrilpturae
909 3391 962 3451 si
981 3392 1236 3472 expiatio
1263 3393 1479 3471 pariter
1503 3411 1637 3469 quse
1662 3392 1837 3453 morti
1862 3393 2135 3455 tribuitur
2160 3396 2511 3456 declarative
2536 3415 2655 3454 ιιοιι
2702 3393 2973 3456 effective

565 3472 684 3530 inte
733 3470 943 3548 igatur.

643 3551 729 3611 X.
763 3552 880 3612 Sed
907 3551 1004 3612 hic
1031 3551 1402 3612 multifariam
1423 3562 1696 3632 peccatur
1721 3555 1797 3614 ab
1824 3554 2190 3616 adversariis.
2237 3557 2448 3633 Primo,
2470 3556 2607 3616 dum
2626 3555 2974 3650 supponitur

561 3633 937 3710 expiationem
962 3633 1111 3691 nihil
1138 3631 1298 3691 aliud
1325 3651 1452 3693 esse
1479 3653 1655 3712 quam
1702 3635 1888 3713 ipsam
1928 3637 2247 3713 peccatoris
2274 3637 2669 3713 mercationem,
2701 3636 2785 3695 sic
2810 3635 2972 3694 enim

559 3732 858 3791 perperam
907 3712 1280 3773 confunditur
1317 3733 1492 3774 causa
1539 3734 1673 3774 cum
1720 3717 1931 3792 effectu,
1982 3716 2331 3776 antecedens
2378 3735 2508 3775 cum
2556 3723 2969 3792 consequente.

562 3792 987 3852 Liberationem
1014 3793 1248 3871 quidem
1276 3813 1381 3872 per
1405 3795 1795 3873 expiationem
1824 3803 1883 3855 et
1922 3804 2055 3890 post
2081 3815 2209 3855 eam
2236 3795 2361 3855 fieri
2387 3815 2503 3855 non
2530 3813 2829 3873 neg-amus,
2860 3795 2973 3854 sed

561 3892 675 3931 non
716 3881 1020 3951 propterea
1038 3873 1304 3932 liberatio
1325 3874 1520 3933 statim
1549 3882 1640 3934 est
1666 3875 1795 3953 ipsa
1820 3875 2112 3952 expiatio;
2152 3875 2550 3935 liberationem
2577 3881 2815 3953 praestat
2842 3874 2969 3933 Do-

559 3953 770 4028 minuS,
802 3954 1190 4031 expiationem
1218 3971 1352 4012 reus
1367 3955 1467 4013 vel
1493 3953 1643 4014 alius
1670 3955 1802 4032 quis
1830 3956 1977 4048 ejus·
1984 3955 2254 4030 nomine3
2285 3955 2473 4014 omnis
2501 3955 2736 4048 quidem
2764 3954 2967 4031 expia-

559 4034 644 4092 tio
671 4033 1072 4114 liberationem
1099 4039 1234 4109 post
1261 4051 1324 4091 se
1351 4034 1544 4109 nabit,
1575 4033 1681 4092 sed
1707 4053 1825 4092 non
1844 4034 2041 4094 statim
2070 4034 2258 4094 omnis
2282 4035 2548 4095 liberatio
2576 4033 2971 4112 expiationem

561 4105 1036 4191 supponit31iam
1059 4113 1308 4188 expiatio
1318 4114 1545 4191 proprie
1563 4113 1737 4172 infert
1754 4114 2154 4191 purgationem
2174 4133 2345 4173 noxae
2374 4133 2477 4174 seu
2502 4121 2697 4174 reatus
2725 4113 2973 4171 ablatio-

557 4213 688 4251 nem
707 4211 812 4270 per
831 4212 1018 4271 poenae
1035 4191 1283 4269 alicujus
1299 4192 1394 4250 vel
1413 4193 1659 4271 propriae
1681 4195 1779 4252 vel
1800 4193 2032 4252 vicariae
2052 4193 2351 4253 luitionem
2381 4193 2633 4254 debitam
2664 4201 2722 4252 et
2731 4193 2965 4286 ‘justam

558 4273 633 4332 ad
649 4272 990 4350 placandam
1012 4272 1284 4332 alterius'
1265 4290 1428 4331 iram.
1480 4273 1578 4332 Sic
1594 4273 1810 4350 passim
1834 4272 2011 4350 apud.
2018 4274 2288 4334 authores
2314 4273 2585 4352 profanos
2606 4272 2845 4350 expiare
2872 4281 2967 4332 est

545 4354 798 4427 punire:
829 4352 1010 4411 Cicer.
1033 4353 1094 4410 in
1115 4352 1268 4411 Piso.
1254 4396 1288 4428 .,
1325 4355 1361 4385 66
1381 4351 1509 4411 'hia
1530 4351 1749 4411 scelera
1771 4353 1868 4410 Dii
1895 4353 2293 4412 immortales‘
2276 4373 2337 4412 ιιι
2363 4361 2594 4413 nostros
2620 4352 2836 4410 milites
2856 4369 2960 4409 ex-

554 4431 916 4508 piaverunt,”
946 4431 1024 4490 id.
1052 4440 1288 4509 propter
1306 4439 1363 4491 te
1385 4433 1773 4509 puniverunt3
1808 4433 2045 4493 Sallust.
2076 4432 2149 4492 de
2180 4434 2367 4510 Repu.
2396 4433 2647 4507 constit„
2696 4433 2733 4464 “
2756 4430 2961 4507 Neque

552 4509 800 4567 barbaro
827 4510 943 4568 ritu
987 4511 1143 4570 caede
1186 4511 1420 4587 caedem,
1452 4521 1514 4572 et
1551 4513 1837 4590 sanguine
1866 4513 2207 4590 sanguinem
2236 4513 2643 4590 expiandum?
2686 4510 2967 4588 Nihilque

553 4588 823 4647 usitatius
867 4589 1020 4666 apud
1064 4609 1165 4649 eos
1211 4610 1386 4668 quam
1414 4600 1481 4651 ut
1524 4601 1766 4669 peccata
1810 4593 2078 4652 dicantur
2096 4594 2273 4670 piari,
2304 4593 2384 4652 id.
2414 4593 2499 4652 lui
2526 4593 2653 4652 sive
2680 4590 2967 4700 solvendo

553 4687 780 4748 poenam
809 4667 1098 4745 propriam
1125 4667 1252 4728 sive
1273 4669 1714 4747 succedaneam,
1746 4671 1915 4749 Virg.
1940 4673 2137 4732 AEnei.
2168 4677 2238 4733 2:
