3234 5192
328 412 555 454 nrsrur.
587 391 746 473 vnn]
1074 410 1303 453 nosraa
1332 411 1411 452 as
1440 410 1724 453 accensu
1751 411 2021 453 nonam.
2275 396 2280 401 “
2635 398 2749 457 189

329 576 366 613 a
420 553 650 613 Christo
706 561 765 612 et
810 550 1114 629 Apostolis
1168 550 1437 611 traditam
1484 552 1764 612 illibatam
1820 554 2134 613 retinerent
2181 560 2242 613 et
2293 554 2506 631 populo
2561 556 2749 615 trade-

331 642 477 693 rent.
590 633 713 691 Nee
764 632 933 691 aliter
984 652 1111 691 sese
1167 651 1365 709 gerere
1420 642 1749 711 potuerunt,
1795 633 1908 691 nisi
1963 634 2290 692 hominibus
2333 635 2524 711 potius
2576 656 2750 712 quam

335 715 460 771 Deo
501 712 736 771 obedire
792 712 1027 784 vellent,
1086 720 1146 771 et
1192 712 1602 789 juramentum,
1661 733 1778 789 quo
1833 732 1896 771 se
1959 713 2081 771 Deo
2137 716 2368 773 vocanti
2423 714 2748 775 obstrinxe-

332 801 462 851 rant
515 792 591 851 ad
644 791 1119 869 propugnandam
1163 800 1222 849 et
1265 792 1688 867 praedicandam
1734 794 2056 867 veritatem,
2100 792 2386 852 violarent
2428 804 2488 851 et
2535 796 2750 853 rescin-

334 872 551 943 derent,
599 882 665 930 ut
706 870 881 929 fidem
926 870 1117 929 datam
1162 870 1493 930 hominibus
1541 870 1613 929 de
1659 872 2032 949 propagando
2081 873 2381 931 mendacio
2436 884 2750 948 servarent,

333 951 489 1028 quod
516 952 755 1027 impium
782 958 873 1009 est
916 950 1013 1009 vel
1054 950 1327 1027 cogitare.
1416 952 1477 1009 Si
1506 970 1646 1027 ergo
1687 972 1722 1009 a
1762 952 1875 1011 fine
1918 952 2304 1011 ordinantium
2347 952 2542 1028 aliquo
2577 954 2752 1013 modo

336 1031 713 1105 deflexerunt,
771 1050 886 1088 non
935 1029 1045 1088 suit
1096 1030 1420 1089 vocationis
1475 1030 1692 1089 abusus
1755 1041 1815 1090 et
1869 1033 2177 1109 corruptio,
2231 1032 2334 1091 sed
2387 1032 2579 1108 potins
2627 1052 2750 1091 cor-

337 1112 534 1170 rectio·
620 1110 699 1169 Et
740 1110 792 1168 si
832 1110 999 1169 aliter
1037 1109 1325 1183 fecissent,
1370 1111 1428 1167 in
1474 1110 1682 1183 Deum,
1729 1111 1788 1167 in
1829 1113 2174 1188 proximum,
2220 1112 2280 1169 in
2323 1114 2521 1189 populi
2560 1113 2753 1171 Chris·

339 1191 485 1251 tiani
504 1190 767 1262 salutem,
798 1198 971 1266 atque
1000 1188 1145 1247 adeo
1176 1190 1234 1247 in
1264 1190 1503 1266 seipsos,
1528 1190 1892 1267 officiumque
1915 1212 2082 1251 suum
2111 1192 2368 1269 graviter
2393 1201 2751 1269 peccassent.

338 1270 463 1329 Nec
490 1268 761 1346 culpandi
786 1269 1041 1341 veniunt,
1064 1268 1167 1327 sed
1194 1269 1489 1343 laudandi,
1520 1270 1640 1346 qui,
1672 1271 1908 1329 resectis
1938 1271 2204 1329 sordibus
2233 1281 2291 1331 et
2312 1272 2650 1348 corruptelis
2677 1272 2754 1331 ab

336 1349 672 1407 hominibus
720 1348 949 1421 additis,
999 1350 1250 1409 retinent
1297 1349 1515 1408 bonum
1563 1349 1721 1426 quod
1749 1370 1786 1408 a
1835 1349 2064 1409 Christo
2092 1360 2182 1409 est
2204 1350 2548 1426 institutum,
2591 1360 2650 1411 et
2677 1351 2754 1411 ad

342 1428 670 1505 legitimum
702 1427 957 1486 ordinem
986 1428 1179 1487 omnia
1199 1436 1491 1487 revocant.

425 1507 605 1567 XVI.
650 1507 777 1581 Quo
805 1527 942 1567 vero
985 1527 1079 1567 res
1120 1508 1327 1567 clarior
1374 1506 1601 1581 evadat,
1639 1508 1870 1567 Vocatio
1913 1508 2118 1569 iterum
2168 1518 2258 1569 est
2303 1509 2752 1587 distinguenda3

344 1588 475 1662 alia,
500 1608 629 1665 quae
644 1608 751 1647 sua
772 1588 1281 1663 institutionefalsa
1308 1598 1414 1662 est,
1444 1597 1510 1647 ut
1536 1588 1766 1647 vocatio
1794 1588 2152 1659 Judaeorum,
2179 1590 2753 1665 Mahumedanorum,

344 1678 403 1727 et
440 1668 683 1728 aliorum
712 1667 1049 1743 infidelium,
1080 1688 1209 1744 quae
1236 1667 1453 1727 directe
1480 1667 1668 1727 tendit
1709 1667 1784 1725 ad
1827 1669 2296 1745 propagationem
2327 1669 2669 1729 idololatriae
2697 1678 2757 1729 et

344 1746 691 1825 impietatis3
736 1748 867 1821 alia,
896 1768 1027 1825 quae
1075 1748 1436 1807 institutione
1484 1766 1590 1805 sua.
1631 1746 1864 1823 quidem
1893 1756 2094 1807 sancta
2133 1757 2220 1808 est
2249 1757 2307 1807 et
2343 1750 2621 1825 legitima,
2653 1748 2757 1809 sed

345 1846 472 1903 qnae
501 1829 677 1886 abusu
702 1828 981 1885 hominum
1004 1836 1279 1903 corrupta
1306 1827 1698 1903 degeneravit,
1723 1827 1912 1903 qualis
1934 1835 2023 1886 est
2049 1828 2278 1886 vocatio
2303 1828 2755 1888 Pontificiornm.

351 1906 465 1964 Illa
490 1906 719 1984 penitus
748 1907 1143 1965 exscindenda
1184 1916 1275 1965 est
1301 1916 1358 1966 et
1378 1906 1720 1984 abjicienda,
1794 1906 1889 1964 uia
1915 1907 2060 1964 nihil
2087 1907 2223 1965 boni
2255 1908 2314 1966 in
2343 1928 2410 1966 ea
2437 1908 2753 1986 deprehen-

345 1985 517 2045 ditur.
633 1985 747 2045 Sed
774 1988 889 2045 ista
940 1985 1283 2063 corrigenda
1342 1994 1401 2046 et
1448 1985 1732 2045 reforman
1777 2006 1812 2043 a
1851 1986 2024 2062 juxta
2077 1986 2454 2045 intentionem
2502 1986 2759 2065 primarii

314 2066 617 2139 ,auctor-is,
646 2074 729 2139 ut,
776 2066 1019 2125 sublatis
1061 2066 1417 2143 corruptelis,
1462 2066 1587 2125 sola
1633 2065 1848 2125 Christi
1893 2066 2178 2125 institutio
2227 2076 2287 2126 et
2339 2087 2480 2126 usus
2506 2076 2754 2127 maneat.

351 2144 522 2219 Quod
548 2144 687 2203 dum
734 2143 921 2203 facere
969 2146 1159 2203 conati
1202 2154 1337 2204 sunt
1378 2144 1578 2219 nostri,
1616 2164 1732 2203 non
1780 2165 2134 2223 repugnasse
2175 2147 2484 2221 vocationi,
2519 2148 2621 2206 sed
2669 2148 2756 2206 illi

348 2225 543 2302 potius
563 2223 929 2300 respondisse
958 2224 1229 2283 censendi
1258 2234 1409 2284 sunt.
1455 2224 1549 2284 Ita
1575 2224 1728 2283 enim
1751 2224 1828 2282 ad
1855 2225 1965 2283 hoc
1987 2226 2346 2301 tenebantur,
2366 2235 2448 2301 ut,
2479 2226 2590 2285 nisi
2609 2247 2752 2303 prae-

352 2303 652 2376 stitissent,
682 2302 919 2380 perjurii
974 2303 1213 2363 crimine
1260 2304 1541 2363 adversus
1585 2304 1775 2363 Deum
1825 2324 1952 2363 sese
1997 2305 2431 2365 obtrinxissent.
2541 2306 2758 2366 Fateor

349 2382 583 2460 quidem
614 2383 974 2441 vocationem
1022 2383 1364 2458 istiusmodi,
1400 2403 1760 2461 quaecunque
1804 2384 2036 2443 tandem
2067 2386 2159 2461 sit,
2191 2386 2362 2445 etiam
2393 2387 2754 2463 corruptissi-

349 2482 521 2535 mam,
552 2462 601 2521 si
630 2460 705 2520 ad
736 2462 845 2521 Dei
875 2463 1115 2522 verbum
1146 2464 1468 2523 docendum
1508 2464 1727 2538 tendat,
1765 2463 2030 2523 inutilem
2061 2485 2188 2525 esse
2233 2466 2310 2523 ad
2337 2466 2757 2525 conciliandam

350 2543 527 2602 errori
575 2544 991 2616 auctoritatem,
1022 2544 1116 2601 vel
1159 2543 1381 2601 homini
1427 2544 1488 2601 in
1533 2562 1724 2602 errore
1773 2545 2026 2603 manenti
2057 2545 2320 2622 gratiam,
2351 2548 2448 2605 vel
2479 2546 2757 2605 Ecclesiae

350 2642 453 2699 per
480 2622 639 2682 illam
684 2623 1151 2698 praedicationem
1197 2622 1459 2683 salutem.
1544 2622 1880 2699 Adstringit
1919 2633 2112 2683 tamen
2139 2634 2425 2700 vocatum,
2455 2634 2522 2685 ut
2549 2645 2760 2685 munus

352 2721 519 2763 suum
566 2701 838 2779 religiose
882 2711 940 2761 et
988 2713 1184 2763 sancte
1212 2702 1399 2776 obeat,
1445 2711 1503 2761 et
1542 2702 1682 2763 licet
1722 2703 1937 2779 passim
1967 2724 2166 2763 omnes
2214 2705 2328 2763 alio
2375 2725 2586 2765 munus
2613 2704 2761 2765 illud

352 2790 728 2858 convertant3
787 2782 885 2840 illc
914 2790 1123 2857 tamen,
1156 2783 1206 2840 si
1250 2782 1658 2841 conscientiam
1689 2802 1851 2841 suam
1880 2782 2059 2856 audit,
2098 2793 2326 2842 tenetur
2353 2784 2426 2842 ad
2455 2784 2759 2845 veritatem

354 2860 759 2938 indagandam,
792 2861 1047 2939 agnitam
1076 2862 1551 2939 amplectendam,
1582 2870 1802 2939 pestem
1833 2861 2156 2937 arcendam,
2186 2870 2245 2921 et
2289 2864 2531 2922 salutem
2561 2864 2758 2940 gregis

393 2940 789 2999 roem-andam.
876 2941 1025 3016 Quia
1050 2940 1177 3017 ipsa
1206 2941 1482 3001 Ecclesiae
1510 2942 1696 3019 prima
1741 2940 1986 3000 intentio
2014 2950 2074 3001 et
2109 2962 2318 3019 scopus
2344 2943 2456 3001 hoc
2483 2944 2755 3019 postulat,

353 2960 468 3079 Eoo
496 3019 623 3095 ipsa
663 3040 854 3079 rerum
883 3020 1198 3079 necessitas
1242 3021 1461 3098 exigit3
1519 3022 1632 3079 hoc
1663 3020 1824 3079 Deus
1865 3020 2005 3098 ipse,
2038 3022 2133 3080 cui
2158 3022 2346 3097 magis
2374 3022 2760 3084 obediendum

358 3118 531 3175 quam
559 3098 907 3175 hominibus,
936 3100 1235 3178 praecipit3
1281 3101 1391 3159 hoc
1418 3099 1744 3160 vocationis
1784 3100 1930 3159 ratio
1971 3101 2134 3177 petit.
2219 3100 2367 3159 Nam
2397 3102 2446 3159 si
2476 3121 2674 3161 omnes
2701 3110 2762 3163 et

357 3178 573 3253 singuli
605 3178 929 3252 Christiani,
978 3199 1095 3257 qua
1131 3180 1294 3254 taleS,
1341 3180 1536 3239 oblata
1564 3179 1882 3253 occasione,
1929 3188 2172 3257 urgente
2213 3180 2572 3241 necessitatis
2601 3200 2757 3257 casu,

356 3258 598 3317 verbum
629 3257 741 3317 Dei
767 3257 1039 3317 fratribus
1081 3260 1429 3319 annunciare
1458 3268 1763 3335 tenentur;
1807 3259 1992 3317 multo
2019 3260 2222 3337 magis,
2255 3261 2354 3337 qui
2382 3261 2458 3320 ad
2487 3261 2548 3319 id
2572 3262 2756 3321 homi-

353 3356 491 3396 num
520 3357 805 3397 consensu
832 3338 1024 3396 vocati
1042 3348 1193 3397 sunt.
1277 3338 1401 3397 Nec
1428 3340 1601 3416 hujus
1630 3338 1844 3415 agendi
1869 3338 2028 3399 modi
2048 3342 2315 3417 exempla
2342 3341 2503 3400 varia
2530 3341 2759 3417 desunt,

358 3418 481 3477 sive
500 3418 559 3475 in
580 3418 799 3493 repub.,
832 3418 956 3475 sive
973 3417 1031 3474 in
1055 3418 1335 3493 Ecclesia,
1362 3420 1487 3477 sive
1514 3420 1577 3477 in
1604 3418 1840 3476 familia.
1916 3418 1978 3478 Si
2007 3420 2138 3497 quis
2165 3422 2396 3505 tyranni
2419 3422 2761 3482 auctoritate

354 3496 417 3555 in
448 3496 724 3556 Senatum
740 3504 1069 3573 cooptatur,
1101 3517 1170 3556 eo
1206 3498 1406 3574 procul
1424 3498 1603 3557 dubio
1624 3497 1738 3556 fine
1759 3506 1826 3557 ut
1852 3498 2216 3574 tyrannidem
2245 3501 2432 3577 magis
2458 3502 2762 3579 magisque

358 3575 658 3653 confirmet
686 3584 743 3634 ct
790 3576 876 3634 illi
926 3575 1218 3650 inserviat,
1249 3586 1307 3635 et
1335 3578 1675 3654 poenitentia
1717 3586 1919 3654 postea
1960 3578 2226 3653 ducitur;
2270 3599 2460 3639 nonne
2498 3582 2761 3657 agnitum

358 3662 668 3731 tyrannum
696 3676 771 3713 ex
801 3654 1021 3714 ratione
1049 3655 1304 3715 muneris
1352 3658 1644 3717 tenebitur
1671 3656 1952 3729 deserere,
1983 3657 2098 3717 imo
2127 3658 2300 3717 etiam
2327 3659 2646 3735 persequi?
2687 3660 2762 3717 In

360 3732 625 3794 Ecclesia
646 3732 969 3793 Israelitica
996 3736 1323 3795 sacerdotes
1352 3736 1617 3811 Levitici,
1651 3736 1753 3813 qui
1780 3736 1855 3795 ad
1884 3735 2040 3795 idola
2065 3736 2436 3812 deflexerant,
2468 3756 2584 3795 non
2613 3756 2760 3814 opus

354 3812 647 3873 habebant
674 3834 827 3873 nova
854 3815 1173 3890 vocatione,
1218 3823 1285 3874 nt
1317 3816 1392 3875 ad
1419 3815 1882 3875 reformationem
1913 3816 2190 3875 Ecclesiae
2219 3836 2344 3874 sese
2371 3816 2757 3893 accingerent,

356 3893 459 3952 sed
486 3893 749 3971 legitimo
777 3900 1000 3953 tantum
1038 3894 1360 3954 vocationis
1389 3896 1684 3955 exercitio.
1778 3895 1872 3953 Ita
1899 3896 1948 3953 si
1995 3896 2095 3972 qui
2123 3896 2274 3954 inter
2316 3894 2584 3965 Arianos,
2611 3895 2758 3954 Nes-

356 3971 629 4045 tor-ianm,
652 3980 709 4031 et
740 3972 1093 4048 Donatistae,
1125 3974 1398 4052 Episcopi
1426 3975 1670 4048 fuerant,
1694 3982 1960 4051 poterant
1980 3974 2256 4050 legitime,
2279 3973 2396 4031 imo
2418 3974 2763 4033 tenebantur

356 4070 431 4111 ex
460 4051 524 4109 vi
576 4053 829 4110 muneris
857 4072 1107 4111 errorem
1150 4052 1401 4129 abjicere
1428 4064 1489 4114 et
1527 4054 1832 4113 veritatem
1875 4052 2147 4130 profiteri.
2182 4052 2242 4111 Si
2273 4053 2426 4111 servi
2453 4072 2582 4111 cum
2613 4052 2759 4130 fure,

353 4131 453 4189 vel
481 4132 764 4188 oeconomi
792 4152 922 4191 cum
971 4131 1301 4192 adversario
1349 4133 1653 4193 colludunt
1692 4133 1768 4191 ad
1809 4132 2104 4191 dominum
2132 4131 2522 4208 praedandum,
2567 4151 2758 4191 nonne

353 4208 557 4269 licebit
602 4210 745 4286 ipsis
788 4231 957 4270 sunm
984 4230 1233 4271 errorem
1282 4214 1567 4291 castigare
1615 4220 1676 4271 et
1723 4213 1798 4270 ad
1825 4211 2121 4269 meliorem
2175 4211 2400 4287 frugem
2429 4210 2634 4285 redire,
2691 4220 2758 4271 ut

355 4288 591 4349 domino
634 4308 738 4349 suo
780 4290 1028 4350 fideliter
1068 4291 1430 4353 inserviant?
1515 4292 1610 4352 Sic
1640 4311 1828 4368 neque
1857 4289 2130 4349 censendi
2159 4298 2293 4348 sunt
2321 4289 2623 4349 vocatione
2653 4310 2758 4351 sua

350 4368 659 4442 excidisse,
689 4370 786 4428 vel
813 4390 968 4430 nova
1014 4390 1161 4449 opus
1200 4371 1411 4431 habere
1448 4372 1768 4443 vocatione,
1802 4370 1904 4446 qui
1945 4368 2020 4426 ad
2057 4388 2282 4427 sacrum
2329 4388 2538 4429 munus
2566 4371 2760 4431 vocati

353 4458 533 4523 crant,
558 4456 625 4509 ut
652 4450 951 4509 mendacio
979 4450 1375 4511 obniterentur
1412 4459 1471 4511 et
1510 4450 1916 4529 profiterentur
1941 4448 2262 4507 veritatem.
2347 4449 2622 4526 Regeres,
2652 4450 2758 4511 sed

358 4528 800 4601 obstrinxerunt
853 4548 915 4589 se
973 4530 1238 4589 Romano
1287 4530 1572 4605 Pontifici,
1625 4530 1722 4589 cni
1763 4528 1935 4586 fidem
1993 4526 2186 4587 datam
2241 4528 2532 4606 frangunt.
2577 4531 2756 4606 Resp.

361 4606 812 4668 Obstrinxerunt
856 4628 917 4667 se
970 4609 1255 4684 Pontifici,
1287 4609 1484 4685 fateor,
1530 4609 1635 4669 sed
1682 4608 1841 4687 prius
1889 4606 2032 4682 Deo,
2063 4617 2124 4668 et
2149 4618 2383 4686 propter
2422 4610 2610 4669 Deum
2649 4610 2755 4667 illi.

358 4686 452 4745 Ita
488 4687 538 4745 si
564 4687 739 4747 fidem
782 4688 977 4747 datam
1035 4688 1303 4748 Pontifici
1340 4689 1780 4767 deprehendunt
1820 4699 2102 4747 σιωπᾶται
2127 4708 2254 4749 esse
2285 4709 2414 4747 cum
2463 4687 2576 4747 fide
2628 4689 2757 4746 Deo
