3234 5192
340 365 573 408 msrur.
601 345 717 430 xp]
907 367 987 408 nn
1016 364 1495 408 sarxsrscrzoms
1520 365 1762 407 cums‘rr
1787 365 2206 408 suessanus.
2635 349 2749 408 39⁷

344 513 459 565 test
474 506 852 584 plausibilius
872 525 1055 584 quam
1076 507 1209 578 hoc,
1230 506 1395 582 quod
1423 504 1565 580 ipsis
1590 511 1810 564 natura
1829 511 2044 565 notum
2057 505 2258 566 fuerat
2285 506 2482 565 Deum
2511 507 2758 584 quidem

344 585 627 658 misereri,
677 588 781 644 sed
802 603 879 643 ex
894 588 1024 645 solo
1039 583 1431 661 beneplacito,
1468 591 1533 642 at
1553 601 1696 644 vero
1706 583 1920 660 punire
1935 591 2180 660 peccata
2199 585 2380 644 etiam
2417 603 2494 644 ex
2511 587 2757 644 necessi-

342 670 465 724 tate
487 672 734 724 naturae.

427 743 675 802 XXXI.
722 743 1013 814 Quinimo
1038 743 1088 802 si
1108 743 1587 802 adversariorum
1605 743 1794 802 verba
1817 743 2212 820 expendimus
2237 761 2362 802 non
2387 743 2628 804 difficile
2647 745 2761 803 erit

346 822 655 880 sententiae
676 829 895 882 nostras
916 822 1425 880 confirmationem
1452 821 1593 896 ipsis
1610 823 1706 879 vel
1723 821 1928 880 invitis
1943 829 2315 898 extorquere.
2383 822 2550 882 Nam
2570 823 2621 881 1.
2645 823 2762 882 Fa·

346 907 551 958 tentur
578 907 614 934 “
636 899 679 959 J
682 901 948 959 ustitiam
970 900 1417 958 vindicatricem
1442 900 1834 958 neeessariam
1859 918 1984 959 esse
2009 909 2284 976 respectu
2311 902 2758 960 contumacium

346 985 409 1036 et
432 979 995 1054 impoenitentium,”
1023 978 1111 1036 ita
1135 984 1206 1036 ut
1241 984 1414 1036 extra
1441 996 1682 1035 omnem
1707 979 1898 1037 veniae
1927 996 2092 1054 spem
2117 979 2238 1037 sint
2263 979 2590 1050 constituti,
2617 999 2762 1055 ergo

346 1057 461 1115 hoc
489 1058 700 1114 saltem
726 1063 996 1134 respectu
1036 1073 1157 1116 non
1184 1057 1304 1114 erit
1330 1056 1650 1113 arbitraria
1689 1058 1792 1114 sed
1833 1057 2144 1129 naturalis,
2191 1058 2358 1134 quod
2383 1059 2762 1133 pertinaciter

345 1141 546 1193 tamen
568 1137 904 1210 negabant:
946 1143 1009 1194 et
1033 1135 1083 1193 si
1110 1153 1201 1192 res
1310 1142 1381 1194 tu
1408 1135 1852 1193 contumacium
1869 1135 2198 1194 necessaria
2216 1142 2322 1207 est,
2343 1137 2557 1212 quidni
2575 1136 2760 1195 etiam

346 1222 615 1288 respectu
656 1215 1085 1288 peccatorum?
1232 1231 1331 1270 am
1378 1231 1513 1272 cum
1552 1213 1878 1272 obstinatio
1926 1220 1988 1272 et
2027 1215 2360 1289 pervicacia
2399 1233 2524 1273 non
2571 1215 2764 1290 possit

346 1298 591 1366 propter
616 1291 871 1367 seipsam
888 1291 1109 1367 puniri,
1140 1289 1435 1366 siquidem
1454 1292 1605 1349 dum
1630 1291 1696 1348 in
1717 1291 1878 1350 bono
1903 1298 2179 1350 versatur
2203 1293 2541 1351 constantia
2565 1301 2670 1365 est,
2699 1298 2760 1350 et

350 1369 596 1444 quidem
620 1369 804 1428 laude
824 1387 947 1428 non
972 1368 1273 1444 vituperio
1299 1370 1503 1445 digna,
1530 1369 1734 1446 puniri
1761 1370 1940 1428 debet
1963 1375 2196 1428 tantum
2218 1371 2362 1446 quia
2379 1372 2446 1428 in
2469 1372 2634 1430 malo
2649 1377 2758 1442 est,

348 1447 609 1522 ideoque
649 1449 936 1524 punietur
980 1453 1291 1522 peccatum
1331 1449 1524 1523 primo
1574 1454 1636 1505 et
1681 1465 1789 1524 per
1815 1465 1894 1519 se,
1949 1447 2270 1508 obstinatio
2297 1467 2440 1508 vero
2484 1457 2758 1525 respectu

346 1526 573 1600 peccati
600 1527 915 1597 duntaxat,
944 1531 1009 1583 at
1034 1525 1085 1583 si
1112 1531 1421 1600 peccatum
1446 1526 1642 1603 primo
1669 1532 1730 1582 et
1753 1531 1997 1602 propter
2022 1543 2084 1585 se
2111 1545 2317 1602 poenas
2343 1528 2476 1599 luit,
2505 1528 2756 1587 ubicun-

346 1621 465 1678 que
492 1603 735 1662 dabitur
752 1611 1082 1680 peccatum,
1110 1604 1292 1663 etiam
1312 1623 1437 1662 non
1454 1605 1773 1663 accedente
1793 1605 2193 1664 obstinatione
2219 1605 2304 1664 ibi
2320 1606 2502 1664 etiam
2521 1625 2758 1682 poenam

348 1683 631 1758 subsequi
657 1701 889 1741 necesse
914 1682 1065 1754 erit3
1110 1682 1291 1741 Adde
1318 1685 1485 1759 quod
1512 1701 1650 1741 cum
1674 1682 1778 1740 lex
1802 1701 1927 1741 non
1967 1685 2420 1743 contumacibus
2461 1685 2761 1744 duntaxat

346 1763 449 1818 sed
470 1761 809 1839 simpliciter
824 1760 1355 1836 transgressoribus
1374 1779 1615 1836 poenam
1642 1761 1978 1832 denunciet,
1999 1762 2174 1820 nulla
2191 1763 2422 1820 ratione
2441 1763 2574 1838 ejus
2593 1781 2759 1822 sanc·

346 1838 433 1896 tio
464 1841 541 1897 ad
562 1841 722 1898 solos
750 1847 1133 1898 contumaces
1157 1839 1435 1913 restringi
1460 1845 1658 1914 potest
1677 1846 1788 1898 aut
1805 1841 2016 1910 debet;
2058 1839 2204 1898 Non
2228 1841 2374 1899 dicit
2393 1841 2606 1916 subjici
2633 1861 2761 1901 ma·

347 1914 657 1976 ledictioni
700 1925 941 1976 tantum
986 1923 1327 1975 manentem
1362 1917 1427 1974 in
1470 1917 1746 1993 opposito
1793 1936 2002 1976 eorum
2045 1937 2182 1994 quoe
2225 1919 2444 1996 scripta
2467 1927 2625 1992 sunt,
2653 1921 2759 1980 sed

355 1996 389 2030 “
408 2015 531 2054 non
558 2004 903 2054 manentem
945 1996 1011 2052 in
1058 1995 1337 2054 omnibus
1384 1995 1669 2070 scriptis,’'
1702 1996 1840 2054 Gal.
1887 1997 1970 2053 iii.
2004 1996 2098 2055 10.
2181 1995 2320 2055 Imo
2346 1996 2389 2056 J
2392 1999 2615 2056 acobus
2655 2016 2784 2058 ex-'

349 2092 547 2150 presse
588 2081 845 2132 testatur
887 2079 925 2108 ‘⁶
946 2091 1085 2130 eum
1111 2073 1218 2149 qui
1246 2072 1561 2148 impegerit
1604 2074 1668 2130 in
1697 2091 1822 2132 uno
1867 2091 2038 2132 reum
2065 2091 2190 2132 esse
2237 2076 2564 2147 omnium,”
2595 2095 2646 2135 c.
2693 2079 2755 2136 ii.

354 2153 446 2209 10.
516 2153 572 2210 2.
603 2151 899 2226 Agnoscit
946 2149 1204 2208 Orellius
1250 2158 1285 2186 “
1307 2152 1471 2209 hunc
1496 2169 1620 2209 esse
1667 2151 1946 2210 effectum
1972 2150 2015 2210 J
2019 2152 2238 2211 ustitiae
2265 2152 2486 2211 divinae
2513 2161 2584 2212 ut
2609 2175 2761 2230 prae-

350 2235 443 2287 ter
469 2227 512 2287 J
516 2248 587 2288 us
614 2229 767 2286 nihil
788 2235 1075 2286 creaturae
1100 2228 1388 2304 imponat,
1436 2247 1537 2287 eas
1562 2229 1662 2286 vel
1707 2237 1926 2304 praeter
1970 2231 2068 2288 vel
2089 2231 2252 2290 ultra
2291 2231 2574 2290 meritum
2599 2235 2758 2308 plec-

352 2309 557 2379 tendo,
586 2307 731 2383 quia
756 2307 861 2383 qui
889 2307 975 2365 sic
1020 2308 1377 2382 plecteretur
1402 2325 1525 2366 non
1552 2309 1720 2384 quod
1765 2326 1946 2366 suum
1972 2315 2062 2368 est
2105 2309 2414 2385 acciperet,
2463 2311 2568 2368 sed
2593 2315 2758 2386 quod

350 2403 531 2444 suum
556 2404 681 2444 non
705 2385 919 2443 foret.”
1002 2385 1090 2445 At
1114 2386 1165 2445 si
1191 2387 1309 2444 hoc
1343 2403 1555 2444 verum
1601 2393 1709 2459 est,
1737 2388 1931 2446 multo
1978 2387 2170 2463 magis
2211 2389 2480 2465 ejusdem
2499 2389 2758 2464 justitiae

350 2463 449 2523 hic
475 2464 588 2522 erit
614 2465 859 2522 effectus
912 2470 983 2523 ut
1012 2471 1346 2525 creaturam
1386 2473 1730 2540 peccantem
1770 2465 1956 2542 juxta
1995 2467 2276 2526 meritum
2319 2486 2496 2526 suum
2525 2470 2756 2544 puniat,

348 2561 491 2601 nam
518 2543 573 2600 ei
600 2543 707 2620 qui
734 2544 1183 2603 convenientem
1209 2545 1429 2603 delicto
1455 2562 1566 2603 suo
1601 2563 1840 2620 poenam
1860 2544 2043 2604 refert
2061 2545 2349 2604 tribuitur
2388 2549 2550 2622 quod
2577 2567 2757 2608 suum

349 2628 473 2693 est3
517 2621 683 2680 Deus
709 2640 852 2681 vero
878 2641 953 2682 ex
974 2623 1225 2700 justitiae
1253 2642 1379 2682 suae
1406 2623 1616 2681 ordine
1644 2623 1822 2681 debet
1857 2623 2072 2698 cuique
2101 2624 2360 2682 tribuere
2387 2626 2550 2716 quod
2577 2645 2757 2685 suum

350 2708 476 2772 est;
518 2702 681 2759 unde
701 2700 970 2778 sequitur
986 2702 1239 2778 justitiae
1267 2717 1601 2776 repugnare
1633 2707 1943 2777 peccatum
1969 2702 2169 2758 ullum
2193 2701 2558 2776 impumtum
2578 2705 2760 2762 relin-

350 2797 549 2854 quere.
632 2779 687 2838 3.
744 2779 991 2838 Fatetur
1016 2781 1178 2838 idem
1235 2785 1269 2813 “
1292 2796 1402 2836 nec
1440 2778 1817 2836 sanctitatem
1844 2795 1954 2834 nec
1977 2777 2351 2851 majestatem
2399 2780 2514 2838 Dei
2540 2799 2758 2856 usque-

351 2875 592 2932 quaque
616 2857 771 2914 ferre
798 2864 871 2914 ut
893 2857 1139 2935 impune
1181 2857 1467 2913 mandata
1504 2856 1690 2929 ipsius
1717 2855 2076 2912 violentur.”
2157 2855 2249 2913 At
2273 2856 2420 2930 quid
2446 2858 2562 2914 hoc
2587 2859 2756 2916 aliud

350 2942 440 2994 est
466 2953 649 3010 quam
670 2953 987 3009 agnoscere
1005 2934 1307 3009 justitiam
1333 2933 1503 2989 illam
1518 2933 1607 2989 ita
1631 2931 1958 2988 necessario
1987 2931 2119 2989 Deo
2145 2938 2494 3006 competere,
2523 2941 2594 2992 ut
2618 2953 2756 3010 pec-

350 3019 623 3070 catorum
648 3012 975 3086 impunitas
1000 3031 1139 3070 cum
1164 3009 1332 3067 illius
1357 3009 1691 3082 sanctitate,
1717 3009 2050 3084 majestate,
2079 3016 2141 3068 et
2167 3008 2396 3068 ordinis
2422 3014 2760 3074 communis

352 3089 800 3148 conservatione
827 3090 1146 3148 consistere
1172 3092 1431 3162 nequeat
1452 3088 1477 3144 ἓ

449 3166 737 3225 XXXII.
786 3165 883 3226 Sic
926 3167 1045 3226 fuit
1076 3165 1541 3244 fhndamemtum
1578 3165 1844 3241 primum
1887 3167 2254 3226 necessitatis
2299 3171 2716 3232 satisfactionis
2739 3195 2755 3233 :

352 3245 638 3322 Sequitur
679 3245 930 3304 alterum
948 3269 969 3305 .-
1010 3243 1131 3304 Dei
1172 3241 1396 3302 scilicet
1436 3241 1706 3302 voluntas
1747 3252 1810 3304 et
1850 3244 2144 3304 dem-emm
2187 3253 2313 3306 tam
2361 3249 2526 3326 Lege
2573 3269 2754 3328 quam

353 3325 687 3400 Evangelio
715 3342 1099 3399 expressum3
1141 3321 1206 3381 N
1208 3339 1309 3380 am
1334 3339 1474 3380 cum
1502 3321 1668 3380 Deus
1684 3323 1818 3397 jam
1845 3324 1921 3383 ab
1963 3324 2138 3383 initio
2163 3333 2418 3385 mortem
2462 3331 2756 3405 peccatori

350 3406 429 3464 sit
472 3403 893 3462 interminatus
908 3424 925 3474 ;
965 3420 1079 3461 nec
1116 3399 1400 3476 possibile
1446 3400 1524 3458 sit
1569 3419 1710 3458 eum
1747 3403 1846 3460 vel
1885 3403 2108 3462 mutari
2159 3405 2256 3462 vel
2303 3408 2561 3480 mentiri,
2617 3427 2756 3468 cum

350 3485 428 3542 sit
452 3482 747 3560 ipsissima
770 3482 989 3541 veritas
1014 3488 1077 3539 et
1102 3495 1337 3539 summa
1363 3485 1547 3554 atque
1567 3479 1937 3538 invariabilis
1963 3483 2316 3556 constantia,
2347 3486 2464 3545 Isa.
2491 3487 2638 3545 xlvi.
2661 3488 2753 3560 10,

350 3570 413 3621 et
463 3561 615 3618 Mal.
659 3559 740 3618 iii.
787 3562 843 3630 6,
888 3560 1149 3619 Omnino
1194 3573 1428 3616 necesse
1474 3557 1593 3616 fuit
1636 3560 2162 3620 comminationem
2203 3561 2374 3622 illam
2417 3565 2756 3624 executioni

350 3638 645 3709 mandari,
672 3642 734 3693 et
758 3640 856 3696 vel
892 3639 1195 3697 hominem
1222 3635 1421 3712 ipsum
1446 3637 1760 3696 moriendo
1785 3639 1929 3697 huic
1963 3639 2156 3697 edicto
2183 3641 2536 3714 satisfacere,
2563 3645 2662 3700 vel
2689 3644 2754 3702 in

347 3733 605 3791 persona
630 3715 799 3774 vadis
824 3735 1003 3792 poena
1025 3715 1247 3776 vicaria
1270 3714 1427 3773 illud
1452 3715 1650 3789 ipsum
1677 3715 1924 3792 implere
1945 3737 1964 3788 ;
2021 3717 2208 3777 Extat
2247 3727 2450 3778 autem
2477 3721 2662 3778 variis
2688 3721 2756 3778 in

349 3793 495 3852 locis
522 3795 817 3853 sententia
833 3796 965 3854 haec
982 3792 1451 3866 comminatoria,
1468 3799 1601 3851 tum
1625 3793 1868 3854 Adamo
1887 3794 2166 3870 primitus
2190 3799 2567 3868 denunciata,
2599 3799 2756 3859 Gon.

348 3873 411 3930 ii.
444 3871 538 3944 17,
581 3879 617 3907 “
638 3873 777 3941 Quo
804 3875 903 3933 die
945 3872 1268 3933 comederis
1292 3873 1369 3930 do
1415 3890 1511 3929 eo·
1540 3872 1754 3947 utique
1799 3873 2127 3934 moriturus
2171 3876 2291 3946 es,’'
2321 3883 2451 3934 tum
2498 3875 2562 3932 in
2591 3877 2756 3952 Lege

350 3952 701 4011 confirmata
728 3958 765 3986 “
786 3954 1141 4012 maledictus
1165 3950 1273 4027 qui
1298 3968 1421 4009 non
1448 3950 1772 4026 perstiterit
1805 3951 1865 4009 in
1897 3952 2175 4010 omnibus
2202 3972 2338 4028 quae
2365 3954 2586 4029 scripta
2611 3964 2759 4014 sunt

348 4031 413 4088 in
432 4031 589 4088 libro
608 4030 789 4106 Legis
810 4039 881 4090 ut
897 4031 1077 4090 faciat
1096 4030 1226 4102 ea,”
1250 4027 1431 4088 Deut.
1455 4029 1642 4087 xxvii.
1665 4030 1762 4102 26,
1786 4036 1918 4088 tum
1931 4030 1996 4087 in
2017 4030 2458 4106 Prophetarum
2475 4039 2538 4089 et
2555 4032 2756 4110 Apos-

348 4110 615 4168 tolorum
663 4109 893 4186 scriptis
936 4111 1191 4170 subinde
1236 4106 1471 4178 iterata,
1522 4107 1740 4166 Ezech.
1782 4107 1948 4165 xviii.
1977 4108 2072 4180 20,
2118 4116 2153 4142 “
2173 4109 2402 4168 Anima
2442 4129 2578 4185 quae
2619 4131 2758 4187 pec-

348 4187 571 4247 caverit
594 4187 729 4263 ipsa
752 4189 1099 4261 morietur,”
1128 4193 1189 4247 et
1236 4186 1413 4245 Rom.
1440 4186 1521 4244 vi.
1550 4186 1648 4258 23,
1679 4192 1716 4220 “
1739 4185 2052 4259 Stipendia
2091 4187 2318 4261 peccati
2343 4205 2506 4246 mors
2525 4190 2583 4262 ;''
2619 4197 2754 4249 tum

345 4267 636 4342 exemplis
661 4267 844 4326 variis
864 4267 1115 4342 justitioe
1143 4283 1213 4324 ac
1236 4265 1516 4323 vindictae
1544 4263 1768 4321 divinae
1795 4262 2123 4321 identidem
2143 4266 2504 4324 confirmata.
2590 4275 2626 4302 “
2647 4268 2756 4328 Ira

345 4346 507 4404 enim
534 4345 651 4403 Dei
676 4363 711 4402 e
738 4347 886 4405 ooeIo
932 4346 1236 4404 revelatur
1278 4345 1565 4401 adversus
1608 4359 1849 4399 omnem
1895 4340 2264 4418 impietatem
2289 4350 2351 4402 et
2395 4345 2756 4421 injustitiam

344 4424 719 4496 hominum‚”
750 4423 926 4482 Rom.
954 4425 993 4481 i.
1020 4424 1113 4494 18,
1139 4422 1230 4481 19.

426 4501 755 4564 XXXIII.
798 4503 921 4561 Hic
960 4519 1103 4558 vero
1149 4500 1321 4558 varia
1357 4499 1664 4575 excipiunt
1703 4499 2068 4560 adversarii:
2127 4501 2180 4559 1.
2223 4500 2450 4578 Legem
2489 4510 2550 4563 et
2595 4525 2758 4566 com-

344 4580 741 4640 minationem
782 4581 847 4638 in
896 4579 1181 4638 Paradiso
1228 4577 1653 4637 denunciatam
1695 4579 2010 4654 specialem
2054 4580 2236 4639 fuisse
2278 4601 2413 4658 quse
2445 4583 2754 4644 Adamum

348 4665 586 4719 tantum
614 4659 929 4736 obligarit;
970 4675 1091 4718 non
1117 4675 1261 4716 vero
1288 4663 1533 4718 caeteros
1579 4657 1864 4716 mortales
1893 4657 2112 4734 quibus
2159 4678 2282 4720 non
2309 4661 2427 4722 fuit
2472 4664 2754 4736 revelata,
