3234 5192
490 280 611 361 480
1073 317 1151 357 ns
1181 313 1674 357 sarisncrioms
1702 313 1946 355 ciuusu
1975 312 2294 355 vum-rus.
2492 300 2752 373 [Disrur.
2781 314 2907 355 xiv.

488 459 767 537 scriptum
794 459 964 535 enim,
998 456 1363 517 Execrabilis
1382 464 1471 516 est
1486 456 1750 534 quisquis
1777 456 1992 535 pendet
2013 456 2072 515 in
2092 456 2254 534 ligno
2279 460 2326 515 :”
2349 476 2480 533 quae
2502 457 2680 516 verba
2707 464 2772 515 ut
2799 456 2906 514 im-

487 540 689 617 primis
716 548 881 598 erant
906 539 1171 617 apposita
1198 537 1272 595 ad
1292 537 1766 615 justificationem
1795 537 1930 595 fidei
1959 537 2482 611 demonstrandam,
2513 537 2614 614 qui
2643 537 2752 595 fuit
2781 556 2904 595 sco-

486 638 597 697 pus
626 619 917 697 Apostoli,
946 620 1029 679 ita
1056 618 1368 677 maximam
1408 617 1628 676 habent
1667 617 1985 694 emphasim
2015 617 2090 676 ad
2117 617 2529 695 redemptionis
2565 617 2906 694 mysterium

490 698 917 777 explicandum,
948 698 1107 776 quod
1132 698 1389 756 breviter
1414 697 1666 775 quidem,
1701 696 1804 755 sed
1833 716 2078 756 nervose
2107 706 2301 755 tamen
2331 705 2389 756 et
2417 706 2680 757 accurate
2709 697 2822 771 hic,
2855 696 2907 755 si

490 780 715 856 uspiam
753 779 909 855 alibi,
941 778 1255 853 describit3
1299 784 1636 852 connotans,
1672 780 1723 835 1.
1753 775 1896 853 quid
1925 777 2189 835 Christus
2232 776 2433 836 fecerit
2460 778 2521 834 in
2549 777 2730 836 nostri
2773 796 2906 853 gra-

490 860 649 934 tiam,
696 880 797 918 nos
852 860 1101 933 redemit,
1146 864 1202 916 2.
1232 857 1404 932 unde,
1436 859 1507 915 ab
1534 856 1891 915 execratione
1931 858 2082 934 leque,
2127 860 2182 917 3.
2214 857 2521 934 qu'omodO,
2551 862 2750 932 factm
2791 876 2906 932 pro

490 941 646 999 nobis
672 940 973 998 execratio.
1020 939 1231 1012 Prim0,
1264 937 1421 1015 quod
1448 936 1762 996 redemisse
1784 936 2011 1001 dicitur,
2037 936 2488 996 satisfactionem
2515 956 2630 995 non
2661 938 2903 996 obscure

484 1020 611 1097 jam
638 1018 873 1095 indicat,
903 1028 970 1078 ut
994 1026 1165 1077 antea
1201 1018 1655 1077 demonstratum
1703 1025 1809 1093 est,
1841 1017 2124 1093 siquidem
2169 1017 2384 1095 emptio
2413 1019 2539 1076 sive
2565 1016 2903 1094 redemptiO,

489 1099 721 1177 propria
746 1118 814 1157 ac
841 1099 1112 1176 primaria
1138 1098 1469 1174 acceptione
1498 1097 1836 1156 relationem
1856 1097 2032 1155 habet
2061 1096 2134 1155 ad
2163 1098 2426 1174 pretium,
2453 1107 2511 1157 et
2533 1097 2718 1156 sicubi
2745 1117 2904 1173 emp-

491 1180 575 1239 tio
604 1179 870 1257 quaedam
896 1179 1236 1256 proponitur
1268 1175 1531 1236 facienda
1559 1197 1595 1235 a
1622 1175 1892 1235 fidelibus
1921 1177 2119 1254 gratis,
2151 1186 2218 1235 ut
2246 1178 2361 1235 Isa.
2390 1177 2472 1235 lv.
2508 1180 2559 1252 1,
2603 1177 2789 1253 Apoc.
2819 1177 2901 1235 iii.

497 1261 588 1333 18,
618 1278 736 1317 non
764 1259 991 1337 proprie
1021 1258 1125 1317 sed
1152 1257 1539 1334 metaphorice
1556 1256 1994 1333 intelligendam
2024 1276 2151 1316 esse
2179 1276 2272 1316 res
2300 1258 2426 1334 ipsa
2453 1257 2640 1331 docet,
2671 1264 2906 1335 propter

492 1340 829 1399 nonnullam
870 1358 1001 1418 quse
1048 1339 1199 1397 inter
1245 1337 1528 1397 donorum
1556 1337 1879 1395 coelestium
1907 1336 2364 1414 acquisitionem,
2395 1345 2454 1396 et
2480 1338 2760 1396 bonorum
2789 1345 2904 1395 ter-

492 1439 758 1479 renorum
790 1419 1137 1497 emptionem
1183 1417 1505 1493 intercedit,
1538 1416 2033 1492 convenientiam3
2077 1436 2210 1475 nam
2240 1426 2306 1477 ut
2333 1426 2558 1495 emptor
2583 1437 2701 1476 rem
2732 1437 2906 1494 quam

492 1500 700 1577 quaerit
714 1506 1039 1577 permutare
1060 1498 1234 1557 debet
1250 1518 1379 1557 cum
1399 1498 1599 1575 preti0,
1633 1505 1690 1555 et
1708 1504 1774 1556 ut
1793 1516 1920 1555 eam
1943 1497 2052 1556 sibi
2076 1505 2368 1574 comparet
2396 1497 2614 1573 aliquid
2635 1496 2706 1555 de
2729 1497 2908 1556 facul-

492 1580 713 1639 tatibus
742 1578 862 1637 suis
891 1578 1027 1636 dare
1048 1580 1145 1637 vel
1168 1578 1464 1637 amittere:
1510 1578 1605 1636 Ita
1633 1578 1692 1635 in
1709 1577 1998 1654 emptione
2026 1578 2136 1635 hac
2165 1577 2449 1653 spirituali
2475 1576 2618 1635 felix
2639 1577 2907 1653 quaedam

492 1666 553 1717 et
581 1657 849 1717 salutaris
877 1657 1049 1716 debet
1076 1676 1203 1716 esse
1232 1655 1622 1732 commutatiO,
1653 1664 1720 1715 ut
1745 1666 2000 1733 peccate,
2045 1656 2280 1731 mund0,
2321 1676 2392 1715 cu
2432 1655 2732 1716 iditatibus
2769 1676 2906 1715 nos-

494 1738 617 1811 tris,
647 1757 777 1813 quae
804 1756 897 1795 res
926 1746 1061 1796 sunt
1087 1736 1255 1795 uobis
1276 1737 1648 1812 charissimae,
1679 1736 1950 1795 nuncium
1982 1738 2340 1795 remittamus
2411 1736 2568 1813 quod
2595 1736 2734 1794 alibi
2762 1735 2908 1796 dicit

496 1817 761 1877 Christus
806 1818 844 1849 “
864 1815 1118 1875 vendere
1160 1824 1444 1894 quotquot
1484 1816 1825 1890 habemus,''
1872 1818 2081 1877 Matth.
2128 1816 2250 1875 xiii.
2282 1816 2408 1897 44,)
2458 1824 2524 1875 ut
2571 1815 2906 1876 thesaurum

492 1898 649 1956 hunc
675 1895 1093 1974 possideamus.
1146 1897 1303 1956 Cave
1332 1905 1526 1956 tamen
1552 1897 1650 1955 hic
1677 1896 1958 1956 rationem
1987 1897 2164 1955 ullam
2191 1896 2383 1955 meriti
2410 1916 2542 1956 cum
2586 1896 2908 1955 Pontificiis

492 1976 866 2054 imaginando
892 1977 1099 2055 fingas,
1128 1996 1263 2035 nam
1292 1976 1343 2035 si
1369 1996 1474 2055 per
1500 1976 1843 2053 particulam
1885 1978 2071 2053 ‘qr-at&
2112 1976 2452 2055 longissime
2492 1977 2616 2054 jam
2659 1998 2776 2036 non
2819 1996 2906 2035 re·-

492 2066 839 2133 moveretur,
871 2057 1011 2117 satis
1038 2066 1233 2117 tamen
1262 2077 1338 2115 ex
1364 2056 1492 2135 ipsa
1517 2056 1769 2115 hominis
1797 2056 2201 2135 profligaretur
2246 2056 2722 2132 consideratione,
2767 2055 2908 2134 quid

493 2138 649 2207 enim
690 2158 795 2215 pro
837 2138 1023 2215 gratia
1064 2139 1173 2197 hac
1222 2137 1608 2214 comparanda
1637 2138 1774 2197 dare
1815 2146 2013 2214 posset
2039 2138 2137 2197 ille
2166 2138 2268 2215 qui
2294 2138 2448 2197 bona
2477 2138 2668 2196 omnia
2695 2158 2731 2197 a
2761 2138 2905 2210 Deo,

494 2238 571 2276 ex
600 2237 663 2276 se
691 2217 837 2275 nihil
884 2217 997 2275 nisi
1044 2226 1363 2295 peecatum,
1408 2217 1585 2275 habet
1604 2221 1635 2275 P
1713 2217 1934 2275 Verum
1979 2218 2076 2276 hic
2125 2218 2242 2276 alia
2288 2218 2464 2295 longe
2511 2218 2830 2296 redemptio
2874 2237 2910 2275 a

496 2296 727 2355 Christo
756 2298 907 2355 facta
947 2298 1221 2370 innuitur,
1266 2315 1383 2353 non
1424 2296 1674 2371 figurata
1701 2303 1760 2353 et
1786 2296 2194 2371 metaphorica,
2241 2297 2345 2355 sed
2385 2317 2526 2355 vera
2553 2307 2613 2356 et
2638 2298 2906 2374 propria;

492 2374 708 2451 quippe
735 2394 852 2433 non
880 2374 1127 2432 dicimur
1152 2384 1373 2433 tantum
1394 2374 1589 2449 empti,
1637 2372 1740 2431 sed
1771 2375 1806 2406 “
1829 2374 2007 2449 empti
2023 2376 2262 2451 pretio,'’
2295 2378 2325 2431 1
2361 2376 2490 2433 Cor.
2520 2376 2600 2433 vi.
2631 2379 2727 2449 20,
2762 2379 2798 2410 ‘⁴
2820 2396 2908 2433 re-

494 2453 713 2531 dempti
760 2453 1095 2530 sanguine,”
1155 2456 1185 2511 1
1233 2454 1358 2511 Pet.
1388 2452 1427 2510 i.
1461 2451 1552 2526 19,
1598 2451 1734 2509 dum
1782 2450 2045 2510 Christus
2085 2452 2210 2527 ipse
2257 2472 2363 2529 pro
2405 2453 2573 2510 nobis
2621 2458 2908 2533 ἀπίλυτςοι

493 2533 665 2593 datus
704 2542 795 2593 est
834 2532 937 2610 qui
980 2532 1442 2610 chirographum
1483 2530 1654 2589 nobis
1697 2530 2007 2589 adversum
2051 2530 2284 2606 delevit,
2317 2531 2441 2590 Col.
2472 2531 2530 2589 ii.
2567 2535 2658 2607 14,
2691 2539 2748 2591 et
2775 2552 2906 2609 quae

492 2633 611 2673 non
638 2613 829 2691 rapuit
857 2613 1049 2689 solvit,
1077 2613 1230 2672 Psal.
1252 2611 1400 2671 lxix.
1430 2614 1489 2671 4.

576 2694 767 2753 XXI.
812 2693 971 2752 Illud
998 2714 1137 2753 vero
1186 2692 1397 2751 clarius
1445 2691 1619 2751 etiam
1658 2690 1969 2769 colligitur,
2015 2694 2072 2749 2.
2108 2692 2202 2749 Ex
2230 2690 2370 2749 mali
2397 2710 2433 2749 a
2459 2710 2575 2768 quo
2623 2691 2907 2770 redempti

495 2773 743 2834 dicimur
788 2774 1100 2850 notatione,
1147 2772 1459 2833 redemisse
1502 2772 1658 2831 enim
1687 2771 1952 2831 Christus
2000 2790 2108 2831 nos
2135 2772 2348 2831 dicitur
2375 2771 2427 2829 ix
2453 2777 2537 2837 τῆς
2565 2772 2795 2853 κατάξας
2822 2780 2913 2832 τοῦ

493 2854 641 2931 η’μου
672 2857 709 2889 “
727 2856 801 2914 ab
830 2854 1199 2915 execratione
1228 2853 1464 2931 Legis,''
1510 2872 1686 2931 quam
1730 2851 2006 2911 docuerat
2052 2860 2238 2927 antea,
2261 2872 2383 2911 ver.
2419 2854 2511 2929 10,
2541 2854 2812 2912 omnibus
2851 2854 2912 2912 in

497 2937 835 2995 universum
862 2935 1193 2994 hominibus
1222 2932 1570 3009 incumbere,
1614 2952 1686 2991 eo
1725 2931 1883 3010 quod
1909 2952 2082 2991 nemo
2109 2932 2438 2991 mortalium
2465 2934 2785 3010 reperiatur
2810 2934 2911 3012 qui

498 3025 730 3075 maneat
754 3016 817 3074 in
844 3016 1113 3075 omnibus
1158 3035 1287 3093 quae
1328 3014 1543 3091 scripta
1570 3021 1708 3071 sunt
1746 3012 1808 3070 in
1853 3013 2004 3072 libro
2055 3013 2249 3090 Legis.
2335 3012 2482 3071 Haec
2511 3021 2703 3073 autem
2735 3013 2912 3091 Legis

497 3096 792 3153 execratio
814 3104 936 3153 tum
954 3097 1129 3155 active
1156 3105 1281 3154 tum
1299 3095 1527 3171 passive
1542 3093 1794 3171 intelligi
1810 3101 2036 3171 potest:
2065 3093 2242 3170 priori
2268 3092 2443 3151 modo
2469 3094 2617 3151 nihil
2643 3093 2803 3152 aliud
2823 3101 2913 3152 est

498 3192 675 3247 quam
702 3174 830 3249 ipsa
858 3174 1037 3251 Legis
1066 3194 1169 3233 seu
1195 3175 1391 3252 potius
1421 3174 1533 3232 Dei
1553 3174 1774 3250 judicis
1801 3173 2088 3232 sententia
2107 3182 2440 3251 peccatores
2467 3182 2526 3233 et
2551 3174 2703 3251 legis
2725 3181 2912 3231 trans-

498 3270 795 3327 gressores
836 3271 1115 3311 execrans
1163 3262 1223 3311 et
1266 3254 1674 3327 condemnans,
1703 3262 1771 3311 ut
1796 3254 2057 3312 innuitur
2083 3274 2204 3312 ver.
2239 3255 2330 3328 10,
2361 3253 2665 3329 posteriori
2711 3272 2912 3329 poenas

501 3349 701 3387 omnes
728 3336 893 3389 notat
918 3330 979 3387 in
1008 3340 1463 3407 transgressores
1495 3332 1653 3408 Lege
1683 3340 1929 3391 statutas
1957 3333 2081 3391 sive
2120 3353 2409 3411 corporeae
2457 3333 2574 3391 sint
2621 3332 2746 3391 sive
2795 3332 2910 3408 spi-

499 3410 755 3484 rituales,
786 3410 911 3469 sive
938 3410 1131 3488 quoad
1160 3410 1431 3469 damnum
1460 3430 1565 3487 per
1589 3410 1972 3487 privationem
1999 3410 2154 3488 boui,
2188 3414 2311 3472 sive
2339 3412 2528 3491 quoad
2559 3430 2789 3471 sensum
2810 3431 2914 3489 per

501 3488 877 3549 inflictionem
905 3490 1061 3563 mali,
1092 3489 1198 3548 has
1226 3490 1376 3548 enim
1408 3510 1608 3547 omnes
1631 3498 1892 3550 creatura
1921 3491 2236 3551 rebellione
2257 3513 2362 3552 sua
2387 3492 2592 3552 merita
2619 3502 2708 3551 est
2731 3514 2745 3567 ;
2777 3492 2914 3569 quia

500 3590 643 3629 vero
670 3590 968 3647 poenarum
998 3570 1253 3628 omnium
1282 3570 1537 3628 maxima
1562 3570 1766 3646 procul
1793 3569 1972 3630 dubio
2001 3580 2061 3630 et
2087 3571 2397 3632 durissima
2443 3582 2534 3633 est
2575 3572 2757 3650 ipsius
2803 3572 2916 3631 Dei

502 3650 831 3709 maledictio
876 3658 934 3709 et
982 3650 1069 3708 ira
1112 3669 1241 3726 quae
1282 3658 1521 3708 caeteras
1560 3668 1762 3709 omnes
1789 3658 1924 3728 post
1950 3670 2012 3711 se
2039 3652 2231 3728 trahit,
2263 3652 2396 3713 ideo
2425 3653 2534 3712 suh
2561 3654 2916 3711 execratione

500 3751 702 3809 poenas
720 3750 937 3805 omnes,
960 3749 1316 3807 quaecunque
1344 3730 1580 3789 tandem
1606 3728 1724 3788 illae
1753 3730 1884 3805 sint,
1915 3732 2253 3809 complexus
2281 3741 2385 3806 est,
2415 3742 2482 3793 ut
2509 3732 2618 3791 sub
2645 3732 2914 3792 benedic·

500 3813 659 3871 tione
688 3811 953 3889 opposita
978 3810 1259 3869 beneficia
1285 3809 1477 3868 omnia
1504 3830 1636 3888 quae
1663 3810 1740 3869 ad
1766 3811 2100 3871 felicitatem
2129 3820 2188 3871 et
2216 3821 2446 3872 aeternae
2473 3814 2612 3873 vitae
2641 3832 2912 3871 consecu-

499 3892 717 3951 tionem
746 3890 1071 3951 necessaria
1092 3899 1225 3950 sunt
1246 3898 1305 3949 et
1318 3891 1790 3967 justificationem
1821 3892 2100 3969 imprimis
2129 3894 2501 3969 connotavit3
2549 3894 2694 3953 Cum
2724 3901 2915 3951 autem

503 3973 790 4032 sententia
836 3972 960 4030 haec
1006 3970 1185 4047 Legis
1221 3970 1395 4030 fuerit
1442 3971 1822 4031 immutabilis
1849 3992 1954 4031 nec
1983 3992 2135 4051 apex
2162 3973 2318 4032 ullus
2346 3980 2448 4033 aut
2474 3973 2595 4032 iota
2621 3972 2914 4050 praeterire

501 4052 687 4129 possit
712 4072 895 4130 usque
924 4051 1063 4109 dum
1092 4051 1285 4109 omnia
1312 4051 1465 4111 facta
1492 4052 1626 4127 sint,
1657 4071 1765 4111 nec
1793 4052 2058 4113 Christus
2080 4054 2305 4112 venerit
2332 4054 2408 4113 ad
2435 4074 2562 4113 eam
2592 4054 2913 4113 dissolven-

502 4130 635 4189 dam
682 4133 786 4191 sed
834 4131 1204 4210 implendam,
1238 4132 1449 4191 Matth.
1478 4152 1537 4190 v.
1572 4136 1666 4207 17,
1697 4152 1814 4191 non
1841 4141 2068 4211 poterat
2095 4153 2202 4192 nos
2229 4133 2510 4193 redimere
2556 4134 2630 4192 ab
2678 4152 2913 4192 execra-

499 4212 659 4270 tione
690 4212 867 4289 Legis
894 4220 955 4271 et
980 4212 1168 4289 poenis
1196 4212 1367 4271 nobis
1394 4212 1607 4272 debitis
1635 4211 1748 4271 nisi
1777 4213 1958 4272 casin
1979 4234 2042 4273 se
2060 4214 2408 4293 recipiendo,
2437 4234 2556 4273 non
2585 4234 2690 4292 per
2715 4221 2916 4290 poten-

499 4290 657 4364 tiam,
688 4292 793 4351 sed
820 4312 925 4369 per
941 4293 1249 4369 justitiam,
1280 4302 1347 4353 ut
1374 4292 1545 4352 docet
1573 4290 1811 4369 Paulus,
1847 4294 2015 4354 Rom.
2047 4294 2169 4354 viii.
2201 4298 2256 4369 3,
2287 4298 2344 4354 4.

579 4370 804 4429 XXII.
851 4371 1049 4449 Atque
1076 4374 1205 4449 hoc,
1238 4376 1293 4433 3.
1322 4373 1452 4432 loco
1483 4373 1938 4433 Evidentissime
1978 4373 2339 4435 demonstrat
2389 4374 2609 4434 Paulus
2653 4372 2917 4449 redemp-

496 4448 673 4506 tionis
720 4450 889 4508 istius
938 4451 1173 4511 modum
1226 4453 1500 4529 notando,
1550 4453 1796 4513 redemit
1843 4455 1995 4513 enim
2046 4474 2156 4513 nos
2201 4456 2274 4515 ab
2321 4454 2688 4515 execratione
2719 4452 2916 4529 Legis,

498 4528 534 4559 ‘⁴
555 4526 741 4585 factus
768 4548 873 4605 pro
902 4531 1069 4589 nobis
1098 4533 1449 4607 execratio,”
1491 4533 1593 4592 ubi
1636 4542 1780 4609 quot
1807 4542 1942 4593 sunt
1971 4536 2151 4593 verba
2179 4543 2266 4594 tot
2293 4544 2430 4595 sunt
2457 4535 2740 4594 rationum
2773 4552 2918 4609 pon-

493 4604 633 4663 dera
656 4628 670 4665 :
718 4610 771 4665 1.
806 4608 1116 4668 Execratio
1144 4611 1357 4671 dicitur
1384 4612 1686 4689 metalepsi
1715 4614 1990 4673 abstracti
2017 4634 2123 4691 pro
2155 4625 2427 4675 concreto
2454 4635 2586 4692 quae
2615 4615 2836 4673 ἐπίτασιν
2863 4622 2922 4672 ct
