3234 5192
283 329 516 372 msru‘r.
547 307 618 390 1.]
1023 328 1250 368 Nost-ns
1281 329 1356 368 An
1389 330 1669 369 eccmsm
1703 331 1965 370 nonum.
2116 341 2131 352 ·
2638 319 2703 374 19

273 490 500 544 rarum;
564 468 1027 544 Perspicuitatem
1069 477 1126 528 et
1169 469 1572 528 certitudinem
1643 471 1989 546 evidentem,
2021 473 2387 534 obscuritatis
2422 485 2481 534 ct
2508 476 2691 534 incer-

271 551 540 610 titudinis
560 567 690 608 eam
730 547 906 625 impie
947 548 1260 625 arguendo,
1294 557 1358 608 ut
1405 549 1548 626 ipsis
1590 550 1666 608 sit
1708 569 1881 610 nasus
1924 572 2124 611 cereus
2167 561 2225 610 et
2260 555 2463 631 regula
2490 556 2689 630 lesbia,

275 651 408 708 quae
435 649 540 707 pro
565 628 740 686 libitu
779 628 894 686 huc
941 628 1082 688 illuc
1129 628 1346 688 inflecti
1388 629 1611 706 possit;
1670 630 1984 688 Pur-itatem
2028 641 2087 690 et
2128 632 2537 709 integritatem,
2567 655 2689 694 cor·

275 709 562 787 ruptionis
589 707 782 766 fontes
806 707 964 784 ipsos
991 707 1411 784 insimuland05
1455 709 1657 768 Finem
1684 710 2036 786 primarium,
2068 711 2336 788 negando
2358 733 2487 772 esse
2508 715 2689 772 solam

277 803 556 864 normam,
589 787 695 846 sed
721 788 1220 848 commonitorium
1247 797 1470 848 tantum
1493 789 1733 866 aliquod
1760 789 1897 848 fidei
1926 797 1984 849 et
2011 810 2237 850 morum
2260 813 2275 866 ;
2328 793 2503 852 Usum
2530 791 2689 851 deni-

275 889 406 946 que,
435 868 746 928 lectionem
767 868 892 944 ejus
921 887 1120 926 severe
1143 867 1553 944 interdicendo,
1580 877 1639 927 et
1660 869 1953 928 lucernam
1982 869 2311 946 reponendo
2340 872 2449 930 sub
2478 871 2689 948 modio,

275 969 348 1008 ne
377 948 600 1008 scilicet
617 946 698 1008 ad
722 947 880 1006 illius
901 947 1092 1007 lucem
1113 947 1417 1025 detegatur
1433 949 1773 1025 mysterium
1792 949 2131 1026 iniquitatis.
2189 948 2387 1028 Atque
2416 971 2486 1012 eo
2506 971 2691 1028 usque

273 1030 431 1088 furor
449 1028 550 1088 ille
577 1035 876 1105 grassatus
897 1035 1002 1102 est,
1027 1037 1092 1088 ut
1113 1027 1424 1087 etiamnum
1447 1028 1639 1104 hodie,
1668 1028 1769 1087 ubi
1790 1028 2017 1106 plenius
2049 1029 2320 1090 Pontifex
2342 1030 2686 1108 dominatur,

278 1109 522 1186 capitale
545 1109 623 1166 sit
653 1107 714 1166 S.
742 1107 1114 1185 Scripturam,
1137 1116 1239 1166 aut
1253 1107 1434 1166 ullam
1463 1108 1590 1185 ejus
1617 1117 1855 1186 partem,
1876 1127 2219 1186 quacunque
2236 1111 2467 1187 vulgari
2488 1112 2690 1189 lingua

277 1205 632 1266 expressam,
664 1186 822 1246 domi
848 1187 1061 1246 habere
1088 1187 1186 1245 vel
1212 1188 1424 1264 legere,
1449 1187 1626 1264 juxta
1652 1188 1885 1266 impiam
1914 1209 1975 1247 re
2202 1191 2417 1250 Indicis
2442 1193 2685 1267 Expur-

267 1269 494 1344 9ator1'i,
539 1267 642 1344 qui
691 1265 930 1326 Madriti
973 1286 1224 1326 excusus
1268 1275 1356 1326 est
1393 1287 1485 1326 an.
1535 1269 1709 1342 1612,
1754 1268 1847 1326 his
1886 1287 1992 1326 ver
2032 1269 2083 1326 is
2120 1289 2473 1347 expressam,
2514 1291 2687 1348 quam

271 1366 441 1406 nemo
467 1346 602 1424 pius
621 1346 746 1406 sine
771 1347 1006 1406 horrore
1033 1347 1226 1424 legere
1253 1345 1352 1406 vel
1377 1346 1576 1406 audire
1597 1355 1819 1424 potest:
1852 1347 2053 1406 “Cum
2082 1349 2476 1424 experimento
2504 1351 2683 1410 mani·

273 1426 490 1486 festum
517 1425 610 1500 sit,
641 1427 692 1484 si
720 1427 780 1486 S.
811 1426 1006 1485 Biblia
1031 1427 1262 1504 vulgari
1287 1425 1490 1503 lingua
1515 1427 1937 1503 permittantur,
1966 1427 2099 1503 plus
2124 1426 2261 1490 inde
2288 1428 2363 1487 ob
2390 1429 2687 1488 hominum
2784 1463 2792 1470 -

273 1505 656 1566 temeritatem
667 1505 1011 1582 detrimenti,
1025 1525 1198 1582 quam
1216 1506 1482 1566 utilitatis
1498 1506 1654 1582 oriri,
1670 1506 2045 1583 prohibentur
2056 1507 2253 1565 Biblia
2272 1527 2401 1568 cum
2422 1509 2687 1568 omnibus

273 1605 474 1646 eorum
495 1585 756 1663 partibus
785 1587 908 1645 sive
929 1605 1162 1660 excusa,
1194 1587 1318 1646 sive
1341 1586 1747 1664 manuscripta,
1773 1586 1833 1646 in
1854 1605 2199 1664 quacunque
2227 1588 2459 1665 vulgari
2484 1588 2687 1666 lingua

271 1666 532 1740 extent,'’
563 1663 672 1724 &m
757 1665 906 1740 Quia
934 1686 1070 1725 vero
1099 1668 1238 1724 Pius
1263 1668 1375 1724 IV.
1405 1666 1713 1726 videbatur
1750 1666 1991 1726 consilio
2020 1667 2295 1726 ordinarii
2334 1669 2683 1746 permittere,

269 1754 336 1806 ut
377 1744 702 1804 Bibliorum
743 1765 1042 1806 versorum
1084 1745 1258 1804 lectio
1301 1745 1647 1822 quibusdam
1695 1746 2121 1822 concederetur,
2166 1747 2460 1808 Clementis
2514 1750 2683 1808 VIII.

273 1831 472 1884 secuta
511 1825 840 1884 observatio
889 1843 1050 1902 spem
1093 1825 1264 1886 istam
1311 1826 1480 1902 plane
1521 1825 1839 1884 illusoriam
1888 1845 2015 1886 esse
2057 1825 2271 1902 docuit,
2329 1827 2467 1887 dum
2508 1838 2686 1906 negat

277 1909 314 1938 ‘⁶
331 1905 514 1964 ullam
541 1904 614 1963 de
657 1923 813 1964 novo
855 1904 1034 1964 tribui
1062 1905 1368 1983 Episcopis
1389 1905 1486 1964 vel
1513 1905 1647 1964 aliis
1673 1905 2003 1966 facultatem
2024 1906 2317 1966 licentiam
2346 1907 2521 1966 talem
2548 1929 2683 1968 con·

271 1984 534 2058 cedendi,
578 2002 709 2061 quae
752 1983 895 2061 ipsis
941 1985 1220 2044 hactenus
1269 1985 1497 2044 sublata
1533 1985 1645 2044 fuit
1680 1985 1952 2044 mandato
1984 1985 2043 2044 S.
2076 1986 2149 2046 R.
2194 1986 2450 2048 univers.
2482 1988 2683 2065 Inqui-

273 2063 556 2139 sitionis,''
603 2062 713 2122 Soc.
826 2063 968 2138 Quis
1009 2065 1216 2140 omnia,
1261 2084 1333 2123 ne
1363 2064 1504 2142 quid
1525 2065 1669 2140 jam,
1698 2066 1795 2124 vel
1834 2064 1907 2123 de
1954 2086 2183 2141 canone,
2212 2066 2311 2126 vel
2338 2065 2411 2126 de
2437 2087 2599 2126 sensu
2626 2077 2686 2126 et

275 2143 736 2219 interpretatione
781 2145 1107 2220 Set-aptaret,
1137 2145 1404 2204 versionis
1443 2147 1686 2220 vulqatoe
1724 2145 2030 2220 authentia,
2062 2144 2189 2221 δὶα,
2234 2145 2511 2222 dicamus,
2542 2148 2684 2206 satis

278 2222 612 2298 ostendunt,
641 2243 816 2300 quam
857 2224 1114 2300 graviter
1155 2225 1500 2302 impegerint
1539 2225 1598 2282 in
1640 2224 1891 2318 primum
1924 2233 2116 2318 caput.
2200 2225 2355 2302 Quid
2392 2236 2684 2304 opponant

278 2303 600 2362 adversarii
636 2304 790 2362 circa
817 2303 1046 2380 singula
1071 2305 1196 2364 hoec
1224 2305 1430 2382 capita,
1469 2303 1548 2362 ad
1579 2324 1797 2364 crimen
1835 2303 1947 2364 sibi
1984 2313 2297 2382 impactum
2326 2304 2680 2380 diluendum,

270 2382 404 2441 vide
431 2383 494 2440 in
521 2383 892 2442 Ira-stitutionis
917 2392 1124 2442 nostrae
1149 2385 1368 2445 Elenct.
1399 2386 1564 2442 Part.
1593 2386 1647 2446 Ι.

331 2507 392 2552 In
425 2507 676 2554 christum
873 2463 1192 2524 XXXVI.
1254 2465 1372 2524 Sed
1413 2483 1530 2522 non
1573 2463 1767 2524 minus
1813 2473 2125 2541 peccarunt
2168 2465 2321 2526 circa
2364 2465 2681 2526 secundum

681 2541 693 2554 “
798 2553 988 2620 caput.
1073 2543 1352 2620 Quamvis
1379 2544 1532 2604 enim
1563 2543 1857 2604 Christum
1886 2563 1985 2604 ore
2011 2543 2403 2622 profiteantur,
2448 2555 2506 2604 et
2534 2546 2680 2606 duas

271 2621 401 2698 ejus
423 2628 661 2680 naturas
693 2620 754 2678 in
775 2642 893 2680 una
918 2643 1164 2701 persona
1189 2633 1524 2702 agnoscant,
1569 2643 1759 2683 nonne
1809 2624 1998 2702 reipsa
2040 2644 2169 2684 eum
2200 2625 2509 2704 abnegant,
2541 2625 2679 2686 dum

275 2699 526 2759 officium
575 2700 976 2763 mediatorium
1016 2703 1098 2762 ita
1123 2712 1478 2781 pervertunt,
1509 2712 1574 2764 ut
1599 2723 1719 2762 non
1746 2703 1931 2782 possit
1958 2703 2205 2781 amplius
2242 2705 2375 2779 dici,
2446 2704 2563 2764 uod
2591 2715 2679 2764 est

263 2788 460 2839 tamen
485 2799 706 2856 revera,
745 2783 902 2840 Unus
927 2785 1219 2844 Mediator
1244 2791 1442 2844 noster
1467 2783 1625 2860 apud
1653 2785 1861 2858 Deum,
1896 2787 1927 2841 1
1960 2783 2107 2842 Tim.
2138 2783 2199 2842 ii.
2229 2785 2265 2844 5
2287 2787 2316 2842 ?
2441 2804 2535 2842 am
2562 2803 2677 2862 quo

263 2869 434 2936 pacto
472 2861 638 2920 illum
665 2861 910 2922 retinere
954 2863 1226 2922 censendi
1265 2871 1418 2938 sunt,
1449 2863 1550 2942 qui
1598 2863 1744 2922 alios
1790 2862 2145 2922 Mediatores
2190 2864 2363 2922 etiam
2414 2861 2675 2938 redemp-

265 2939 444 2998 tionis
469 2939 890 3017 excogitarunt,
935 2941 1110 3021 quam
1153 2943 1486 3020 Christum;
1529 2942 1689 3002 aliud
1728 2942 2125 3019 purgatorium
2174 2961 2349 3018 quam
2391 2941 2517 3018 ejus
2546 2959 2675 2998 san-

265 3019 523 3096 guinem,
553 3019 652 3096 qui
685 3021 722 3054 ‘⁴
741 3023 1008 3098 purificat
1023 3041 1129 3081 nos
1145 3023 1220 3082 ab
1243 3022 1398 3080 omni
1425 3021 1723 3098 peccat0,''
1761 3023 1789 3078 1
1830 3020 2047 3080 Johan.
2098 3018 2135 3077 i.
2167 3023 2200 3076 7
2227 3040 2241 3094 ;
2286 3017 2445 3076 aliud
2488 3037 2675 3078 sacra-

266 3097 468 3156 ficium
505 3100 980 3178 propitiatorium,
1024 3121 1199 3178 quam
1240 3101 1366 3177 ejus
1392 3100 1738 3178 passionem,
1786 3099 1846 3156 in
1888 3118 2004 3177 qua
2048 3100 2081 3132 ‘⁶
2101 3097 2279 3160 semel
2322 3097 2569 3174 oblatus,
2613 3108 2679 3159 ut

266 3175 520 3254 auferret
571 3181 880 3242 multorum
914 3189 1170 3259 peccata,
1213 3189 1486 3240 aeternam
1523 3177 1975 3257 redemptionem
2024 3177 2193 3238 nobis
2242 3187 2331 3238 est
2378 3178 2673 3258 adeptus,”

267 3255 404 3316 Heb
435 3256 516 3316 ix.
553 3260 643 3334 12,
675 3263 787 3338 283
845 3261 1007 3320 aliud
1051 3261 1318 3320 meritum
1341 3279 1534 3320 coram
1565 3259 1709 3335 Dec,
1738 3279 1909 3336 quam
1954 3258 2135 3336 ipsius
2164 3257 2546 3335 obedentiam,
2571 3281 2675 3338 per

269 3355 442 3414 quam
471 3345 666 3398 tamen
715 3341 936 3400 “multi
965 3342 1394 3402 constituuntur
1412 3340 1619 3418 justi,''
1687 3339 1853 3402 Rom.
1887 3360 1944 3399 v.
1979 3341 2087 3414 193
2154 3339 2325 3400 aliam
2356 3340 2558 3399 salutis
2585 3361 2672 3400 re-

259 3417 1151 3560 ffimixiffloejssffissffiffia
1175 3419 1910 3576 35322222252220021‘51
1932 3419 2670 3578 issfflssffssu5m³2efiffi⁶iiY

257 3575 400 3654 quid
443 3576 632 3652 docet,
663 3545 796 3638 G’al.
826 3579 866 3639 i.
896 3581 972 3656 83
1035 3579 1196 3642 aliud
1236 3581 1560 3639 orationum
1600 3543 1865 3656 fulcrum,
1916 3519 2089 3658 qud'm
2145 3579 2271 3656 ejus
2318 3580 2585 3638 meritum
2615 3589 2673 3638 et

253 3656 746 3735 intercessionem,
768 3661 1034 3736 quamvis
1053 3661 1166 3720 hoc
1188 3659 1435 3719 officium
1457 3660 1560 3719 uni
1580 3659 1667 3716 illi
1688 3658 2098 3720 demandatum
2114 3659 2359 3735 legatur,
2399 3661 2428 3716 1
2453 3657 2496 3718 J
2500 3659 2669 3717 ohan.

255 3735 314 3796 ii.
349 3739 380 3793 1
407 3759 424 3814 ;
490 3737 652 3798 aliud
677 3737 925 3816 denique
953 3740 1298 3800 universalis
1345 3739 1625 3799 Ecclesiae
1674 3747 1863 3816 caput,
1892 3759 2064 3816 quam
2100 3737 2284 3816 ipsius
2386 3756 2667 3812 ersonam,

254 3825 387 3876 utut
413 3824 748 3878 const-anter
784 3819 911 3880 haec
957 3820 1342 3898 praerogativa
1377 3819 1464 3878 illi
1501 3818 1610 3878 soli
1660 3819 1958 3878 exclusive
1986 3818 2062 3877 ad
2090 3837 2288 3876 omnes
2376 3818 2460 3875 ‘os
2488 3816 2667 3875 tribu-

253 3904 404 3972 atur,
451 3897 600 3975 Eph.
638 3897 676 3958 i.
707 3901 805 3974 22,
837 3903 932 3976 23,
965 3908 1021 3959 et
1049 3901 1108 3960 ii.
1141 3902 1236 3975 20,
1267 3908 1327 3958 et
1353 3898 1432 3958 iv.
1467 3901 1560 3974 15,
1595 3901 1716 3958 16?
1816 3896 1958 3957 Alia
1983 3898 2265 3958 mittimus
2290 3895 2439 3954 bene
2466 3895 2665 3970 multa,

295 3995 383 4036 uae
411 3977 648 4054 congeri
675 3987 930 4055 possent.
1017 3979 1135 4040 Sed
1160 3979 1284 4038 haec
1313 3976 1454 4038 satis
1481 3973 1767 4056 superque
1782 3977 2025 4056 probare
2046 3985 2289 4056 possunt
2309 3973 2467 4052 quod
2484 3974 2666 4032 inten-

253 3995 466 4132 im,
495 4075 1358 4198 mxxxh
1375 4057 1705 4198 essm
1724 4057 2381 4197 sumerem
2510 4131 2664 4192 am-

365 4179 426 4225 Π
448 4181 690 4226 Gratiam.
781 4219 918 4278 tiam
955 4220 1110 4280 enim
1129 4183 1314 4278 basim
1333 4237 1459 4278 esse
1481 4227 1540 4278 et
1560 4159 1997 4276 fundamentum
2027 4215 2205 4275 totius
2225 4210 2663 4292 Christianismi,

255 4311 372 4370 quo
397 4294 591 4372 posito
617 4298 870 4374 ponitur,
901 4308 960 4358 et
985 4319 1102 4376 quo
1123 4298 1352 4358 sublato
1379 4298 1618 4374 tollitur,
1640 4317 1809 4356 nemo
1831 4297 2096 4373 ignorare
2116 4299 2325 4370 potest,
2348 4291 2449 4366 qui
2476 4292 2666 4371 Scrip-

254 4379 440 4432 turam
469 4375 652 4436 novit.
741 4377 878 4437 Sive
906 4399 1032 4438 eam
1073 4379 1134 4438 in
1161 4377 1393 4438 decreto
1421 4378 1713 4456 respicias,
1742 4374 1961 4434 ratione
1992 4371 2506 4432 Proedacsaatiomts
2536 4373 2665 4450 Dei,

255 4451 315 4508 in
395 4473 474 4512 ua
513 4455 703 4532 gratia
745 4459 912 4518 nobis
951 4459 1089 4518 data
1127 4478 1256 4518 esse
1298 4457 1508 4519 dicitur
1545 4457 1606 4516 in
1636 4456 1865 4515 Christo
1892 4463 2025 4514 aute
2080 4461 2338 4529 tempora
2366 4453 2662 4528 secularia,

258 4534 294 4588 2
389 4533 488 4592 im.
531 4535 570 4592 i.
615 4538 690 4612 93
737 4538 862 4597 sive
903 4539 964 4598 in
1006 4537 1364 4612 executione,
1417 4537 1637 4596 ratione
1678 4534 2095 4612 Redemptionis
2158 4532 2387 4604 Christi,
2453 4533 2663 4592 Gratia

258 4612 470 4692 quippe
495 4633 807 4694 servamur,
841 4619 989 4698 Eph.
1020 4619 1080 4678 ii.
1116 4619 1171 4694 8,
1201 4617 1317 4678 Tit.
1346 4617 1427 4676 iii.
1457 4621 1516 4692 4,
1547 4619 1618 4694 53
1651 4616 1775 4674 sive
1804 4614 1863 4674 in
1892 4607 2290 4694 applicatione,
2323 4611 2543 4670 ratione
2556 4613 2661 4670 Vo-
