3234 5192
312 347 531 391 msru'r.
561 326 699 409 xm]
864 345 943 386 ne
958 343 1449 418 §effrenationis
1474 344 1716 386 cums-rr
1743 343 2159 386 necessum-re.
2329 325 2352 338 ‘⁶
2591 329 2712 388 413

310 487 573 548 haeretico
600 493 953 568 proponatur
998 486 1309 565 quicquam
1345 488 1473 564 eius
1516 505 1752 546 censam
1772 486 1981 563 juvare
2007 491 2216 564 potest.
2263 486 2318 544 1.
2351 482 2586 562 conseq.
2609 504 2714 544 ve-

308 567 501 628 cillet:
543 569 667 628 Nec
710 568 866 629 enim
902 567 953 628 si
980 575 1177 644 posset
1216 569 1377 627 Deus
1404 566 1478 625 de
1515 567 1654 644 jure
1677 564 1988 640 remittere,
2031 571 2228 642 posset
2252 565 2428 624 etiam
2473 572 2716 641 peccate

310 647 427 708 sine
457 647 847 708 satisfactione
874 647 1200 706 condonare
1222 668 1239 720 3
1266 645 1429 707 eliud
1455 657 1545 705 est
1556 648 1674 722 jus,
1705 645 1868 704 eliud
1878 645 2106 720 ,γίιείίῠιὶι
2128 643 2257 719 Dei,
2281 643 2428 703 illud
2453 651 2714 722 potestas

310 735 411 802 est,
441 728 567 788 haec
593 729 799 802 virtus,
824 747 933 786 nec
961 727 1012 784 si
1039 725 1257 820 dejure
1284 726 1576 789 remittere
1602 725 1806 785 liceret
1831 725 2114 820 continuo·
2129 723 2349 818 liceret·
2357 724 2431 783 de
2446 723 2716 816 justitia3

309 815 701 947 mma
708 808 1714 964 ”332²?.}3}.“J.¹„‚¹'3353.3;⁰ffi332
1733 811 1952 944 ⁹3:35².
1970 803 2629 962 ὲῗέἒῗῖἒὲἓὲἒξῗὲἓιίῗ
2647 812 2716 942 ’ἒξ

311 966 464 1042 quod
490 967 659 1027 elteri
700 986 819 1026 nou
853 965 1047 1025 reddit
1090 985 1279 1037 suum,
1324 969 1383 1025 3.
1424 963 1582 1042 quod
1618 964 1734 1042 ipsi
1779 983 1946 1040 aequo
1973 971 2034 1023 et
2059 963 2212 1021 bono
2239 963 2584 1040 opponitur-3
2629 961 2718 1023 At

312 1045 359 1104 si
384 1055 683 1122 peccatum
712 1047 962 1105 inultum
988 1055 1236 1120 maneat,
1265 1045 1366 1104 lex
1396 1043 1509 1102 Dei
1551 1043 1820 1118 violetur,
1866 1042 2120 1121 peccatis
2161 1061 2280 1100 non
2327 1041 2588 1102 redditur
2613 1041 2714 1102 de·

308 1124 431 1186 bita
456 1146 645 1219 poena,
684 1125 901 1186 bonum
948 1125 1245 1218 publicum
1262 1203 1276 1218 .
1292 1122 1668 1182 memorabile
1690 1122 2122 1216 ‘detrimentum
2144 1121 2390 1260 gtitur.
2433 1121 2716 1215 Remittat

311 1203 727 1343 ssffifflssz‘s
749 1201 2060 1361 33032‘351220’1&333312’1313332253251032
2071 1208 2714 1360 ³13²..5‘q52qffl‘m‘

392 1363 517 1422 XI.
558 1367 635 1422 2.
658 1364 805 1422 Min.
834 1363 1099 1423 absolute
1125 1371 1184 1422 et
1212 1362 1549 1440 simpliciter
1573 1370 1804 1439 sumpte
1827 1361 1979 1420 falsa.
2001 1369 2107 1434 est,
2135 1380 2272 1419 nam
2311 1361 2364 1418 si
2404 1359 2717 1437 unicuique

312 1441 449 1502 licet
475 1442 548 1502 de
568 1443 701 1520 jure
729 1462 834 1504 suo
857 1442 1077 1519 cedere,
1110 1443 1269 1520 Ergo
1290 1442 1663 1520 magistratus
1691 1441 1974 1517 subditos,
1995 1448 2266 1519 parentes
2289 1439 2524 1514 liberos,
2553 1440 2718 1500 Deus

312 1521 437 1614 ipse
457 1531 749 1583 creaturas
770 1523 1105 1601 dispensare
1130 1523 1341 1601 poterit
1368 1541 1405 1581 ι
1430 1520 1630 1594 debite
1655 1519 2000 1595 obedientis,
2025 1521 2186 1597 Ergo
2217 1519 2380 1579 nullu
2407 1519 2518 1580 erit
2555 1519 2716 1597 judi-

312 1621 533 1662 clorum
558 1603 941 1662 criminalium
988 1601 1050 1660 in
1078 1622 1199 1681 rep.
1221 1602 1297 1662 de
1334 1602 1471 1681 jure
1512 1601 1848 1675 necessitas,
1891 1601 2061 1676 furta,
2109 1599 2342 1677 rapinae,
2385 1599 2716 1676 homicidia,

313 1679 421 1742 Sto.
450 1682 737 1759 impunita
760 1681 977 1742 dimitti
1002 1691 1291 1760 poterunt,
1340 1700 1529 1758 neque
1556 1683 1686 1740 Lex
1726 1681 1894 1741 Julia
1933 1680 2049 1757 maj
2057 1680 2258 1740 estatis
2283 1679 2356 1739 de
2401 1679 2716 1755 adulteriis,

314 1769 417 1822 eut
446 1761 714 1822 Cornelia
733 1762 807 1821 de
830 1761 1071 1839 sicariis,
1120 1769 1223 1825 aut
1252 1762 1524 1838 Pompeia
1564 1760 1638 1821 de
1683 1759 2010 1839 parricidiis
2035 1768 2136 1820 eut
2182 1759 2310 1818 aliae
2357 1758 2721 1837 publicorum

216 1883 223 1888 -
307 1841 661 1919 judiciorum
686 1842 849 1919 leges
876 1842 1281 1902 necessitatem
1308 1841 1488 1901 ullam
1517 1860 1694 1919 quem
1728 1841 1900 1919 plane
1949 1839 2310 1899 arbitrariam
2358 1837 2721 1898 obtinebunt.

313 1921 384 1978 E.
414 1919 539 1998 ipse
569 1921 731 1982 Deus
760 1920 975 1999 poterit
1016 1921 1448 1999 impoenitentes
1476 1928 1537 1981 et
1562 1927 1934 1980 contumaces
1959 1919 2282 1979 absolvere.
2349 1917 2499 1986 Quae
2527 1918 2722 1976 omnia

314 2018 446 2060 cum
476 1999 593 2058 sint
619 1999 931 2060 falsissima
956 2007 1016 2060 et
1044 2001 1303 2078 aequitati
1330 1999 1445 2076 ipsi
1468 1999 1716 2058 naturali
1746 2007 2088 2078 repugnent,
2115 1998 2246 2076 ipso
2273 1998 2488 2058 fatente
2515 1997 2720 2056 adver-

314 2079 483 2155 sarie,
508 2079 742 2138 omnino
772 2079 1033 2157 sequitur
1056 2079 1423 2138 limitandum
1468 2097 1595 2137 esse
1623 2079 1734 2137 hoc
1779 2077 2220 2155 pronunciatum
2260 2078 2436 2154 juxta
2461 2077 2724 2136 diversas

309 2158 461 2236 juris
489 2158 871 2234 acceptiones.
933 2158 1219 2216 Nimirum
1248 2157 1459 2216 dantur
1486 2157 1664 2216 varin
1693 2157 1848 2234 juris
1889 2157 2128 2234 species,
2161 2155 2346 2214 Aliud
2373 2164 2464 2215 est
2473 2158 2576 2230 jue
2593 2157 2722 2232 pri-

315 2245 525 2312 vatum,
556 2236 713 2295 aliud
727 2241 829 2312 jus
872 2238 1175 2313 public-mn,
1208 2235 1281 2296 de
1308 2235 1411 2296 illo
1454 2235 1660 2296 cedere
1687 2236 1817 2313 quis
1859 2241 2070 2313 potest,
2117 2254 2234 2294 non
2277 2233 2350 2293 de
2377 2235 2506 2309 hoc,
2539 2233 2724 2294 Aliud

302 2319 411 2392 jus
454 2317 610 2392 quod
632 2319 717 2376 ad
764 2319 1103 2393 voluptatem
1150 2326 1204 2376 ct
1228 2318 1521 2377 utilitatem
1572 2315 1794 2376 domini
1833 2322 2062 2376 tantum
2110 2321 2350 2393 spectat,
2379 2313 2540 2373 eliud
2567 2315 2724 2393 quod

318 2397 665 2456 honestatem
690 2405 741 2456 et
781 2397 1017 2470 officium
1044 2397 1295 2475 respicit,
1346 2396 1419 2458 de
1468 2396 1568 2456 illo
1594 2396 1810 2476 poterit
1853 2395 2124 2456 dominus
2169 2395 2480 2472 remittere,
2509 2404 2570 2457 at
2606 2415 2726 2454 non

318 2476 391 2536 dc
421 2476 566 2552 hoc;
613 2476 763 2536 Nam
790 2485 857 2537 ut
883 2477 935 2537 is
961 2478 1063 2555 qui
1088 2477 1239 2556 legis
1260 2477 1550 2549 mandate,
1578 2497 1712 2538 cum
1738 2476 1868 2557 ejus
1895 2476 1972 2537 sit
1997 2475 2228 2554 exequi,
2256 2495 2374 2534 non
2395 2474 2728 2553 exequitur,

316 2556 467 2633 legis
495 2563 555 2616 et
579 2556 933 2634 legislatoris
960 2559 1369 2618 authoritatem
1396 2557 1611 2635 violst3
1656 2557 1740 2618 ite
1765 2557 1980 2636 pariter
2013 2556 2066 2616 is
2109 2555 2212 2634 qui
2236 2555 2648 2633 promissiones
2669 2563 2734 2615 et

319 2636 793 2697 comminationes
817 2638 969 2715 legis
997 2659 1129 2698 cum
1157 2638 1232 2698 ad
1258 2658 1391 2698 eum
1418 2637 1480 2696 id
1508 2645 1732 2715 spectat
1773 2656 1892 2696 non
1927 2636 2166 2695 mandat
2201 2634 2530 2694 executioni
2557 2635 2728 2714 culpa

320 2735 526 2776 vacare
556 2736 671 2776 non
690 2725 899 2794 potest.
982 2719 1207 2778 Rursus
1228 2716 1387 2776 aliud
1414 2725 1504 2776 est
1531 2720 1634 2791 jus
1671 2716 2026 2786 dominicum,
2075 2714 2235 2774 eliud
2261 2714 2554 2788 judiciale,
2579 2714 2728 2773 illud

318 2795 721 2872 quadantenus
748 2797 963 2856 remitti
991 2797 1136 2856 nihil
1162 2805 1339 2870 vetat,
1364 2795 1597 2872 quando
1625 2815 1696 2854 ea
1721 2802 1812 2854 est
1835 2801 2044 2852 natura
2079 2791 2322 2851 dominii
2347 2799 2414 2851 ut
2440 2811 2512 2850 eo
2537 2792 2728 2869 possis

319 2875 407 2936 uti
427 2877 524 2933 vel
552 2895 670 2934 non
696 2875 782 2936 uti
809 2895 913 2952 pro
954 2875 1142 2950 libitu,
1194 2883 1255 2934 at
1301 2875 1415 2932 hoe
1441 2894 1558 2933 non
1594 2874 1752 2947 item,
1803 2873 1940 2950 quie
1966 2891 2084 2929 non
2125 2870 2355 2948 privata
2379 2889 2474 2928 res
2500 2877 2726 2930 tantum

320 2954 531 3028 agitur,
562 2953 666 3011 sed
690 2955 908 3011 bonum
935 2955 1113 3012 totius
1161 2951 1630 3028 communitatis3
1663 2953 1736 3009 In
1782 2952 1896 3010 hoc
1943 2957 2138 3019 autem
2162 2948 2414 3026 negotiu,
2444 2956 2512 3007 ut
2555 2968 2732 3028 supra

319 3031 625 3109 probatum
652 3041 759 3106 est,
794 3031 955 3091 Deus
980 3051 1101 3090 non
1128 3039 1217 3090 est
1238 3029 1587 3108 spectandus
1631 3028 1968 3124 simpliciter
2013 3035 2082 3086 ut
2115 3026 2384 3087 dominus
2411 3027 2508 3086 vel
2535 3027 2726 3104 priva-

322 3119 435 3185 tus,
466 3109 571 3170 sed
592 3117 657 3170 ut
684 3129 984 3188 supremus
1003 3110 1192 3188 judex
1233 3119 1293 3168 et
1318 3109 1630 3186 imperator
1655 3129 1758 3186 qui
1795 3109 1934 3168 boui
1970 3106 2188 3185 publici
2207 3115 2396 3166 rector
2422 3115 2512 3166 est
2537 3115 2598 3168 et
2625 3108 2726 3167 ad-

322 3190 693 3265 ministrator,
724 3190 825 3267 qui
851 3191 1047 3266 legum
1068 3209 1105 3249 e
1131 3208 1193 3248 se
1210 3189 1459 3250 laterum
1479 3188 1780 3248 custodem
1796 3207 1862 3248 se
1879 3186 2198 3265 profitetur.
2281 3187 2548 3265 Denique
2569 3188 2729 3248 aliud

322 3279 412 3330 est
424 3274 527 3346 jus
552 3273 821 3330 naturale
848 3269 1005 3348 quod
1032 3268 1106 3328 ab
1133 3269 1262 3347 ipsa
1306 3275 1514 3328 nature
1539 3268 1670 3329 fluit
1696 3288 1879 3347 eaque
1915 3266 2138 3343 nititur,
2177 3265 2336 3327 aliud
2366 3271 2470 3343 jue
2495 3268 2734 3329 liberum

321 3361 376 3410 et
390 3352 695 3427 positivum
722 3350 883 3428 quod
908 3370 944 3410 a
970 3349 1095 3410 sola
1134 3349 1433 3410 voluntate
1475 3349 1706 3426 pendet,
1735 3347 1894 3408 istud
1931 3347 2166 3408 omnino
2203 3347 2419 3408 remitti
2454 3356 2647 3428 potest
2673 3356 2734 3410 et

324 3431 591 3506 relaxari,
622 3431 763 3508 quia
800 3430 1049 3491 liberum
1085 3437 1175 3489 est
1202 3437 1260 3490 et
1285 3428 1581 3504 mutabile,
1609 3428 1768 3489 istud
1810 3428 1952 3488 vei-o
1998 3447 2362 3505 nequaquam
2383 3429 2600 3508 quippe
2625 3431 2733 3488 im-

322 3511 603 3570 mutabile
630 3519 692 3571 et
718 3517 1033 3586 setemum3
1065 3508 1151 3570 At
1177 3509 1279 3588 jus
1304 3507 1587 3588 puniendi
1608 3517 1848 3587 peccate
1872 3516 1941 3568 ut
1967 3507 2232 3586 superius
2279 3508 2734 3569 demonstratum

324 3597 415 3650 est
440 3610 561 3650 non
586 3598 678 3649 est
704 3597 927 3649 tantum
954 3589 1201 3649 liberum
1228 3597 1287 3650 et
1321 3589 1638 3668 positivum
1665 3588 1825 3666 quod
1858 3587 2074 3666 pendet
2095 3607 2130 3650 e
2155 3587 2406 3662 decreta,
2437 3588 2540 3647 sed
2565 3597 2733 3648 netu-

324 3669 446 3728 rale
464 3678 525 3729 et
548 3669 937 3729 necessarium
965 3669 1121 3746 quod
1148 3669 1275 3730 fluit
1302 3669 1375 3729 ab
1403 3669 1531 3746 ipsa
1556 3669 1601 3730 J
1603 3669 1802 3728 ustitia
1829 3677 1890 3729 et
1915 3668 2238 3727 sanctitate.

410 3749 567 3808 XII.
610 3749 855 3808 Frustra
879 3768 1019 3808 vero
1046 3749 1241 3827 arguit
1266 3749 1634 3810 adversarius
1681 3748 1868 3807 Deum
1911 3748 2072 3826 juste
2117 3747 2180 3806 id
2203 3765 2394 3824 posse,
2424 3745 2562 3823 quia
2609 3746 2736 3806 sive

325 3827 475 3886 illud
516 3827 691 3889 faciat
734 3828 859 3888 sive
902 3829 1132 3889 omittat
1176 3829 1393 3888 nemini
1440 3828 1581 3888 facit
1625 3827 1896 3906 injuriam
1945 3826 2232 3905 siquidem
2269 3825 2344 3884 de
2373 3844 2478 3884 suo
2507 3833 2742 3885 tentum·

328 3907 555 3984 agitur:
599 3908 749 3968 Nam
782 3911 835 3966 1.
867 3909 1109 3986 Majoris
1134 3907 1361 3968 falsitas
1386 3908 1630 3968 evidens
1656 3917 1763 3985 est,
1809 3907 1995 3967 mults
2030 3905 2245 3985 quippe
2289 3911 2426 3964 sunt
2451 3923 2581 3981 quse
2608 3904 2736 3965 fieri

326 3997 613 4065 repugnat
632 3987 879 4066 justitia
905 3999 964 4048 et
990 3989 1285 4048 sanctitati
1332 3987 1567 4065 divinae,
1615 4007 1747 4065 quse
1789 3995 1984 4048 temen
2031 3986 2085 4044 ei
2123 3985 2330 4044 fierent
2357 4003 2488 4044 cum
2516 3983 2736 4044 nullius

326 4075 495 4128 extra
513 4067 705 4127 Deum
734 4068 947 4145 injurie
972 4070 1285 4147 conjuncta
1309 4076 1541 4142 essent;
1584 4067 1872 4146 Ita—Deus
1899 4086 2017 4125 non
2043 4072 2236 4143 potest
2275 4063 2530 4141 seipsum
2556 4064 2733 4123 abne·

324 4167 487 4224 gare,
512 4151 549 4206 2
578 4148 729 4206 Tim.
758 4148 818 4206 ii.
848 4155 951 4208 aut
970 4169 1034 4208 se
1061 4168 1275 4209 exuere
1302 4147 1554 4208 naturali
1573 4147 1830 4207 dominio
1851 4145 2010 4223 quod
2025 4145 2202 4204 habet
2219 4143 2283 4203 in
2305 4150 2612 4217 creaturas,
2633 4152 2736 4204 aut

322 4227 487 4306 leges
514 4228 719 4288 virtuti
746 4236 807 4288 et
830 4229 1124 4288 honestati
1148 4228 1467 4289 contrarias
1496 4225 1828 4286 hominibus
1874 4244 2105 4302 ponere,
2151 4222 2310 4301 quod
2347 4229 2544 4282 tamen
2571 4222 2622 4282 si
2649 4223 2734 4282 fa-

322 4315 481 4368 ceret
506 4307 724 4368 nemini
751 4318 906 4368 esset
932 4308 1197 4386 injurius-
1242 4311 1299 4366 2.
1346 4307 1409 4367 Si
1438 4306 1660 4366 valeret
1685 4304 1836 4366 ratio
1869 4303 2144 4379 haeretiei,
2191 4322 2266 4361 ex
2293 4322 2364 4362 ea
2410 4302 2585 4362 etiem
2612 4303 2732 4362 col-

321 4388 505 4466 ligere
530 4389 734 4450 liceret
760 4408 929 4465 posse
961 4389 1149 4446 Deum
1177 4386 1606 4463 impoenitentes
1634 4392 1694 4444 et
1720 4391 2088 4444 contumaces
2125 4389 2458 4461 peccatores
2484 4383 2734 4460 impuni-

322 4475 415 4528 tos
436 4467 741 4544 dimittere,
772 4467 931 4545 quod
957 4475 1151 4526 tamen
1176 4485 1296 4524 non
1322 4464 1499 4524 audet
1532 4464 1658 4542 ipse
1687 4463 2086 4542 pronunciare,
2115 4463 2234 4523 imo
2260 4461 2474 4523 diserte
2501 4463 2734 4540 profite-

322 4555 417 4607 tur
446 4548 635 4608 Deum
678 4567 797 4607 non
825 4565 997 4625 posse
1044 4545 1370 4604 condonare
1416 4543 1547 4604 istis
1590 4563 1837 4622 poenam,
1887 4543 2030 4620 quid
2056 4543 2140 4604 ite.
2157 4545 2186 4604 Ρ
2225 4563 2342 4602 ιιοιι
2389 4563 2528 4604 sane
2575 4543 2736 4622 quod

323 4628 591 4705 cuiquam
618 4634 787 4688 extra
813 4646 876 4686 se
903 4624 1077 4686 faciat
1123 4623 1411 4703 injuriam,
1462 4624 1567 4684 sed
1614 4623 1754 4704 quia
1795 4623 2070 4704 majestas
2110 4624 2310 4703 legum
2357 4623 2624 4699 violatur,
2671 4631 2735 4682 et

2231 4777 2328 4788 ..ι-ο.
