3234 5192
493 295 607 351 332
1243 313 1320 353 m:
1353 313 1643 353 nsi-‘msam
1673 310 1846 353 xcms
1878 312 1949 351 ΕΤ
1982 311 2179 353 MAmS.
2516 292 2775 373 [msr’c‘r.
2806 316 2913 356 vn.

491 458 586 508 tro
614 450 912 526 baptismi,
940 458 1002 509 et
1047 452 1332 513 beneficia
1377 453 1714 530 spiritualia
1755 454 1869 511 isto
1918 454 2233 528 obsignata
2272 453 2696 525 adumbraret;
2740 458 2903 531 quod

496 529 613 587 Isa.
644 548 690 587 c.
721 530 802 601 iv,
835 530 966 603 jam
1011 532 1314 609 docuerat,
1367 552 1557 607 quum
1603 533 1857 608 loquens
1892 534 1967 589 de
2015 532 2378 607 protectione
2405 538 2465 589 et
2492 532 2904 593 benedictione

489 626 598 683 per
623 607 922 667 Christum
953 609 1231 668 Ecclesiae
1281 612 1619 669 exhibenda
1648 612 1749 681 ait,
1795 629 1915 668 ver.
1966 628 2022 667 v.
2072 610 2128 681 5,
2160 618 2195 645 “
2222 609 2459 669 Creabit
2510 610 2678 668 Deus
2726 628 2903 686 super

491 703 728 744 omnem
776 688 976 745 locum
1023 690 1240 747 montis
1285 690 1430 750 Sion
1479 691 1703 747 nubem
1751 707 1857 763 per
1899 689 2077 760 diem,
2106 696 2169 746 et
2212 688 2585 763 splendorem
2609 687 2767 763 ignis
2794 708 2903 764 per

491 771 748 835 noctem,
777 772 838 823 et
862 767 1150 840 protectio
1177 768 1294 826 erit
1337 786 1517 844 super
1565 785 1805 825 omnem
1842 766 2155 842 gloriam‚''
2186 769 2287 825 διο.
2372 765 2461 824 Ut
2486 784 2627 824 vero
2654 785 2785 825 rem
2810 775 2899 825 to·

489 849 614 899 tam
661 844 956 918 possimus
1005 844 1340 904 distinctius
1388 845 1704 921 percipere,
1750 853 1812 903 et
1854 864 1962 903 cur
2006 845 2339 920 Apostolus
2380 845 2659 921 baptismi
2680 864 2897 903 nomen

486 920 782 979 columnae
825 930 886 979 et
927 924 1208 981 transitui
1248 924 1430 982 maris
1470 926 1608 997 det;
1657 925 2111 983 Observandum
2139 923 2335 981 Paulo
2356 923 2415 979 in
2446 941 2612 981 more
2636 923 2897 998 positum

485 1017 628 1070 esse,
662 998 1010 1058 Christianis
1034 1000 1077 1059 J
1083 1002 1315 1075 udaica,
1343 1009 1406 1059 et
1431 1002 1474 1060 J
1476 1003 1667 1060 udaeis
1697 1002 2033 1062 Christiana
2058 1008 2427 1061 sacramenta
2442 1002 2763 1059 attribuere
2786 1022 2801 1071 ;
2833 1000 2899 1060 Si

488 1078 790 1137 habebant
839 1078 928 1135 ini
975 1079 1494 1151 circumcisionem,
1545 1081 1633 1139 ita
1678 1088 1740 1139 et
1782 1099 1911 1151 noe,
1971 1087 2005 1115 “
2030 1080 2163 1138 Nos
2209 1098 2415 1138 sumus
2466 1079 2892 1151 circumcisi0‚’'

501 1154 658 1213 Phil.
681 1156 765 1215 iii.
795 1157 851 1227 3,
879 1157 942 1213 id
971 1164 1058 1215 est
1085 1158 1431 1230 circumcisi,
1477 1166 1512 1194 “
1530 1159 1860 1217 circumcisi
1888 1159 2331 1217 circumcisione
2358 1176 2481 1215 non
2508 1176 2693 1216 manu
2719 1157 2894 1229 facta,

489 1233 937 1294 circumcisione
965 1236 1186 1295 scilicet
1215 1238 1452 1309 Christi,
1481 1238 1578 1295 cui
1599 1239 1664 1295 in
1702 1238 2001 1314 baptismo
2030 1255 2236 1295 sumus
2262 1237 2648 1311 consepulti,”
2676 1235 2803 1295 Col.
2832 1236 2893 1293 ii.

493 1312 585 1383 11,
619 1313 709 1370 12.
795 1314 860 1373 Si
887 1315 1189 1373 habebant
1215 1317 1306 1373 illi
1337 1317 1566 1375 Pascha
1593 1335 1790 1391 suum,
1820 1323 1883 1373 et
1908 1333 2019 1373 nos
2058 1322 2333 1373 nostrum
2356 1314 2663 1385 habemus,
2696 1314 2728 1371 1
2761 1313 2893 1372 Cor.

489 1409 548 1449 v.
577 1391 634 1463 7,
680 1398 715 1427 ‘⁸
741 1392 970 1451 Pascha
995 1402 1270 1453 nostrum
1318 1414 1428 1471 pro
1461 1396 1633 1453 nobis
1670 1395 2051 1452 immolatum
2093 1395 2238 1450 est.'’
2323 1392 2425 1450 Ita
2464 1392 2725 1450 vicissim
2764 1410 2899 1450 nos-

487 1476 583 1527 tra
611 1478 984 1529 sacramenta
1008 1472 1131 1531 illis
1153 1474 1364 1531 tribuit
1387 1495 1402 1544 ;
1447 1473 1510 1532 Si
1530 1475 1819 1532 habemus
1859 1472 2109 1548 epulum
2138 1471 2473 1547 mysticum,
2500 1470 2563 1527 in
2592 1488 2715 1546 quo
2742 1488 2895 1545 pane

488 1548 783 1622 spirituali
809 1555 871 1606 et
895 1558 1043 1625 potu
1071 1552 1370 1627 spirituali
1395 1552 1693 1627 pascimur
1720 1557 1780 1607 et
1800 1558 2080 1625 potamur
2102 1571 2118 1621 ;
2160 1550 2464 1608 habebant
2482 1556 2544 1607 et
2568 1550 2660 1606 iJJi
2697 1553 2894 1625 βυῧμα

487 1634 547 1683 et
574 1628 720 1703 πόμα
747 1633 1073 1705 πηυμιτιιὶν
1101 1637 1137 1663 “
1154 1648 1354 1687 escam
1397 1635 1457 1686 et
1495 1637 1707 1705 potum
1750 1629 2181 1703 spiritualem,”
2208 1628 2273 1685 id
2300 1635 2389 1685 est
2416 1646 2637 1685 manna
2662 1629 2894 1687 coelitus

483 1706 826 1777 demissum,
855 1714 916 1765 et
941 1725 1160 1782 aquam
1189 1726 1222 1765 e
1247 1715 1418 1782 petra
1443 1709 1854 1783 profluentem.
1938 1705 2003 1765 Si
2029 1707 2319 1765 habemus
2346 1706 2705 1780 baptismum
2729 1728 2744 1777 ;
2786 1708 2893 1765 ha·-

485 1782 704 1841 bcbant
731 1791 791 1841 et
815 1785 926 1855 illi,
972 1793 1005 1820 “
1023 1804 1166 1843 nam
1181 1786 1244 1842 in
1272 1786 1432 1842 nube
1454 1792 1514 1843 et
1533 1785 1683 1843 mari
1705 1785 1991 1861 baptizati
2018 1786 2217 1843 sunt.’'
2262 1784 2414 1842 Ideo
2436 1790 2635 1841 autem
2662 1785 2891 1842 Paulus

483 1863 1012 1920 commutationem
1037 1863 1211 1920 istam
1238 1863 1520 1935 instituit,
1549 1882 1674 1921 non
1703 1869 1773 1920 ut
1812 1862 2295 1921 communionem
2336 1862 2665 1938 specificam
2694 1863 2893 1937 signo-

483 1956 622 1995 rum
637 1940 792 1999 inter
813 1959 923 1998 nos
938 1947 1000 1998 et
1018 1948 1245 1999 veteres
1264 1942 1531 2012 inducat,
1549 1942 1721 2017 quasi
1742 1942 1953 1999 eadem
1970 1940 2143 1999 nobis
2160 1940 2453 2011 cumillis,
2476 1948 2539 1999 et
2551 1940 2672 1998 illis
2692 1941 2889 1999 nobis-

485 2036 622 2074 cum
649 2018 822 2093 signa
847 2026 908 2077 et
934 2029 1302 2078 sacramenta
1321 2021 1465 2077 data
1483 2018 1743 2091 fuerint;
1773 2019 2089 2077 discrimen
2110 2020 2269 2077 enim
2290 2018 2447 2076 inter
2464 2038 2536 2077 ea
2560 2038 2737 2076 nemo
2764 2036 2889 2076 non

483 2096 682 2167 videt3
726 2100 828 2155 sed
855 2097 1082 2173 duplici
1110 2099 1186 2155 de
1213 2116 1394 2156 causa
1421 2098 1816 2173 potissimum,
1844 2104 1978 2155 tum
2006 2099 2083 2155 ad
2112 2098 2518 2155 denotandam
2546 2115 2889 2173 correspon-

481 2175 748 2233 dentiam
776 2183 836 2233 et
855 2176 1308 2235 similitudinem
1339 2176 1647 2250 signorum
1674 2177 1829 2233 inter
1850 2194 1929 2246 se,
1954 2176 2097 2250 quia
2114 2176 2363 2232 fuerunt
2382 2176 2658 2249 symbola
2684 2182 2745 2232 et
2770 2175 2887 2249 sig-

481 2271 562 2311 na
589 2254 812 2313 similia
854 2256 1122 2329 ejusdem
1168 2255 1396 2329 gratiae,
1435 2262 1562 2312 tum
1589 2255 1669 2312 ad
1696 2254 2133 2329 designandam
2160 2254 2643 2311 communionem
2670 2271 2887 2311 eorun-

483 2332 622 2387 dem
648 2332 1072 2389 beneficiorum
1099 2332 1503 2407 spiritualium
1527 2354 1542 2401 ;
1585 2334 1731 2407 quia
1772 2332 1932 2389 enim
1978 2332 2269 2388 habemus
2296 2330 2607 2389 veritatem
2634 2331 2885 2388 circum-

480 2409 713 2465 cisionis
762 2416 822 2467 et
847 2410 1142 2485 paschatis
1167 2410 1230 2467 in
1279 2410 1581 2484 mysteri0,
1611 2410 1747 2467 ideo
1774 2408 2033 2467 dicimur
2048 2409 2267 2465 habere
2295 2408 2805 2465 circumcisionem
2827 2416 2889 2466 et

475 2488 709 2560 pascha,
753 2494 813 2545 et
859 2488 1004 2563 quia
1048 2488 1139 2544 illi
1181 2489 1523 2545 habuerunt
1549 2488 1857 2545 veritatem
1886 2486 2161 2561 baptismi
2185 2487 2377 2543 nostri
2404 2493 2465 2543 et
2494 2484 2884 2543 Eucharistiae

475 2564 611 2621 ideo
639 2566 924 2623 dicuntur
951 2566 1238 2643 baptizari
1266 2573 1326 2624 et
1353 2566 1536 2625 cibari
1563 2566 1892 2624 nobiscum.

560 2642 784 2704 XVII.
829 2645 968 2703 Hoc
993 2662 1138 2702 vero
1166 2653 1237 2702 ut
1261 2644 1477 2703 certius
1517 2652 1847 2714 teneamus,
1876 2644 2205 2701 refellenda
2250 2650 2340 2700 est
2367 2640 2723 2699 Bellarmini
2750 2660 2883 2699 sen·

479 2722 684 2793 tentia,
713 2725 820 2798 qui
839 2724 942 2781 lib.
973 2724 1011 2781 i.
1051 2725 1127 2781 de
1157 2723 1376 2795 Sacra„
1405 2742 1452 2782 c.
1485 2724 1540 2795 9,
1570 2731 1631 2781 et
1656 2723 1760 2780 lib.
1790 2723 1849 2779 ii.
1873 2742 1923 2780 c.
1950 2722 1991 2777 4
2016 2729 2079 2779 et
2110 2722 2201 2792 17,
2228 2722 2365 2778 vult
2390 2720 2504 2779 ista
2530 2721 2736 2778 omnia
2762 2739 2881 2778 non

476 2807 600 2858 tam
630 2808 664 2836 “
688 2808 1280 2877 sacramenta·quam
1307 2810 1810 2860 sacramentorum
1852 2802 2077 2875 figuras
2102 2800 2343 2869 fuisse,'’
2386 2798 2518 2857 Nec
2542 2806 2739 2874 potest
2784 2817 2886 2857 ne-

477 2880 626 2953 gari,
670 2900 744 2938 ex
791 2881 996 2956 priscis
1049 2900 1172 2938 non
1221 2882 1438 2949 deesse,
1488 2880 1594 2955 qui
1646 2879 1943 2953 ejusmodi
1996 2877 2229 2955 aliquid
2280 2875 2580 2937 insinuare
2642 2876 2883 2934 videan-

477 2963 613 3016 tur:
660 2959 758 3018 Sic
801 2960 1078 3035 Cyprian.
1099 2958 1208 3035 Ep.
1239 2960 1445 3030 lxxvi„
1477 2966 1512 2993 ‘⁴
1533 2976 1699 3016 mare
1736 2957 1891 3014 illud
1940 2964 2377 3015 sacramentum
2397 2956 2677 3031 baptismi
2696 2955 2881 3013 fuisse

477 3037 740 3095 declarat
769 3038 1055 3097 Paulus.”
1089 3037 1392 3112 Chrysost.
1425 3038 1594 3095 Tom.
1626 3056 1681 3093 v.
1714 3036 1853 3094 Ora.
1884 3036 1979 3107 51,
2022 3038 2047 3098 ἦ
2076 3034 2312 3105 διἰιβσω-ις
2340 3036 2477 3101 ’κείνη
2505 3042 2593 3095 τοῦ
2616 3033 2881 3110 μέλλοντος

477 3125 776 3193 samsom?
801 3114 856 3185 ἦν
882 3117 1053 3182 τίη-ος.
1139 3117 1237 3175 Sic
1263 3116 1605 3174 Ambrosius
1650 3115 1712 3172 in
1762 3113 2027 3190 Apolog.
2082 3116 2298 3174 David.
2328 3134 2375 3172 c.
2406 3116 2462 3186 8,
2492 3122 2553 3172 et
2578 3116 2653 3172 de
2682 3115 2879 3173 Sacra.

478 3193 519 3249 l.
551 3193 586 3249 i.
617 3212 666 3250 c.
709 3197 766 3263 6,
811 3197 1076 3269 August.
1107 3196 1168 3252 in
1197 3194 1240 3252 J
1243 3214 1298 3251 0.
1350 3194 1580 3253 Tracta.
1616 3195 1707 3251 11.
1793 3191 2025 3251 Verum
2074 3200 2287 3252 notum
2314 3200 2404 3251 est
2432 3193 2639 3251 Patres
2664 3192 2725 3249 in
2753 3192 2881 3251 istis

477 3270 721 3327 liberius
749 3274 1110 3347 quandoque
1157 3273 1566 3343 rhetoricatoS,
1604 3280 1665 3329 et
1710 3271 1991 3345 baptismi
2022 3271 2342 3331 Christiani
2390 3274 2537 3329 dum
2583 3270 2882 3345 praeconia

477 3348 796 3417 celebrant,
827 3350 1020 3407 multa
1045 3366 1382 3423 congerere,
1413 3359 1483 3407 ut
1503 3351 1556 3423 ej
1567 3350 1771 3405 usdem
1794 3356 1971 3423 typos
1998 3358 2059 3407 et
2085 3352 2325 3425 figuras,
2354 3368 2487 3425 quae
2515 3349 2592 3405 ad
2620 3366 2761 3405 eum
2788 3366 2879 3404 re-

477 3442 618 3481 vera
645 3426 796 3482 nihil
823 3426 1069 3485 faciunt.
1153 3426 1386 3483 Deinde
1413 3433 1663 3497 constat,
1692 3444 1794 3482 eos
1836 3426 2229 3486 Sacramentis
2270 3446 2423 3503 saepe
2450 3428 2725 3495 tribuere,
2775 3427 2878 3482 de-

477 3522 592 3578 que
621 3503 702 3560 eis
729 3504 1068 3578 praedicare,
1097 3522 1232 3579 quae
1259 3522 1466 3563 revera
1491 3522 1614 3561 non
1644 3511 1785 3561 sunt
1812 3504 1967 3578 signi
1995 3506 2219 3564 ritusve
2240 3505 2487 3576 externi,
2514 3506 2619 3563 sed
2644 3504 2731 3561 rei
2759 3504 2877 3581 spi-

472 3582 708 3640 ritualis
733 3583 858 3640 sive
886 3583 1156 3651 coelestiS,
1179 3602 1311 3657 quae
1341 3583 1511 3657 signo
1539 3584 1647 3639 illo
1675 3581 2038 3655 designatur,
2062 3586 2365 3659 quomodo
2392 3590 2454 3642 et
2480 3582 2593 3659 ipsi
2618 3582 2877 3658 apostoli

472 3662 547 3717 de
575 3661 868 3737 baptismo
907 3680 1062 3738 saepe
1109 3680 1182 3719 ea
1227 3662 1564 3733 enunciant,
1615 3680 1749 3735 quae
1800 3662 1877 3717 ad
1906 3662 2267 3736 baptismum
2290 3663 2593 3720 internum
2621 3661 2879 3736 Spiritus

471 3740 790 3814 pertinent,
819 3759 941 3798 non
969 3742 1048 3798 ad
1075 3746 1386 3797 externum
1415 3758 1608 3815 aquae,
1634 3746 1703 3796 ut
1729 3756 1863 3813 quae
1908 3738 2136 3797 Paulus
2164 3742 2361 3811 habet,
2408 3740 2582 3798 Rom.
2612 3739 2691 3796 vi.
2722 3740 2779 3809 3,
2819 3740 2876 3811 4,

477 3818 613 3877 Gal.
663 3819 746 3877 iii.
793 3819 888 3891 27,
935 3819 1031 3890 28,
1075 3818 1201 3876 Col.
1251 3817 1311 3875 ii.
1348 3818 1438 3888 11,
1466 3819 1556 3888 12,
1601 3818 1717 3875 Tit.
1748 3817 1829 3873 iii.
1861 3818 1917 3887 5,
1940 3825 2000 3876 et
2028 3818 2241 3876 Petrus
2294 3819 2501 3894 primae
2530 3837 2579 3875 c.
2636 3818 2722 3875 iii.
2779 3818 2874 3875 21.

469 3896 634 3954 Nam
663 3900 824 3972 quod
852 3897 1152 3973 pertendit
1173 3894 1456 3954 Bellarm.
1500 3915 1620 3954 non
1652 3896 1833 3953 fuisse
1862 3904 1985 3954 tam
2034 3905 2421 3967 sacramenta,
2464 3915 2649 3972 quam
2684 3914 2877 3955 sacra-

471 3982 810 4033 mentorum
829 3978 1070 4051 figuras,
1090 3976 1416 4033 absurdum
1439 3982 1528 4033 est
1551 3998 1565 4044 ;
1595 3974 1889 4049 siquidem
1916 3983 2369 4046 sacramentum,
2389 3994 2525 4033 cum
2553 3974 2629 4032 sit
2654 3994 2747 4033 res
2772 3992 2873 4031 ex-

470 4060 655 4125 terna,
699 4063 761 4114 et
785 4055 1031 4130 quidem
1058 4073 1192 4130 quae
1221 4054 1416 4127 figura
1439 4061 1529 4112 est
1556 4053 1643 4110 rei
1670 4052 1980 4126 cujusdam
2011 4054 2260 4111 internae
2290 4060 2350 4111 et
2380 4053 2721 4128 spiritualis,
2751 4071 2871 4109 non

470 4149 622 4209 opus
650 4135 830 4191 habet
860 4134 988 4191 ulla
1013 4133 1134 4190 alia
1157 4134 1352 4206 figura
1369 4150 1490 4207 qua
1515 4139 1999 4207 repraesentetur:
2042 4139 2293 4207 possunt
2311 4132 2555 4207 quidem
2583 4131 2714 4189 dari
2734 4131 2871 4188 duae

469 4212 676 4285 figurae
705 4211 925 4271 similes
951 4219 1012 4269 et
1037 4211 1148 4269 sibi
1177 4212 1698 4286 correspondentes
1728 4209 1907 4267 unius
1928 4210 2317 4285 ejusdemque
2340 4210 2621 4281 veritatis,
2652 4217 2711 4266 et
2739 4210 2875 4265 hac-

469 4295 644 4346 tenus
691 4298 1060 4348 sacramenta
1111 4298 1314 4347 vetera
1371 4290 1620 4347 fuerunt
1674 4290 1923 4347 ana‘waeae
1988 4298 2347 4359 nost-rorum,
2404 4288 2467 4345 id
2523 4296 2613 4345 est
2663 4289 2872 4361 figurae

468 4367 738 4441 analogae
767 4376 828 4425 et
847 4370 1386 4443 correspondentes,
1411 4370 1713 4443 quomodo
1726 4368 1891 4426 Arca
1909 4386 2047 4426 cum
2066 4366 2240 4441 aquis
2260 4366 2475 4424 diluvii
2496 4366 2717 4425 dicitur
2736 4364 2871 4423 nnl-

466 4469 621 4504 τυπ-ον
669 4446 945 4519 baptismi
992 4447 1195 4517 nostri,
1241 4448 1272 4504 1
1322 4446 1448 4505 Pet.
1493 4447 1574 4503 iii.
1619 4448 1714 4517 21,
1758 4448 1860 4505 sed
1898 4464 2021 4503 una
2051 4446 2247 4519 figura
2276 4463 2397 4501 non
2420 4446 2598 4502 debet
2638 4444 2713 4501 ab
2754 4444 2878 4502 alia

466 4524 664 4595 figura
691 4524 1050 4593 adumbrari,
1079 4526 1184 4580 sed
1212 4533 1466 4601 utraque
1493 4526 1570 4581 ad
1600 4526 1781 4582 unius
1799 4524 2064 4583 veritatis
2090 4522 2673 4598 repraesentationem
2702 4522 2875 4581 adhi-

463 4600 655 4657 betur.
743 4598 840 4655 Ita
860 4600 1245 4671 circumcisio,
1269 4620 1386 4658 non
1410 4603 1791 4676 baptismum,
1822 4605 1921 4661 sed
1960 4602 2213 4675 gratiam
2242 4600 2707 4675 regenerationis
2736 4619 2871 4677 qua*
