3234 5192
219 394 451 443 Disrur.
482 374 640 457 xx1.]
844 396 926 435 na
954 394 1433 437 summeverae
1461 394 1702 437 cnmsn
1729 396 2049 439 vamum-s.
2511 384 2627 443 661

215 556 340 597 rum
368 536 480 595 ista
506 536 773 597 humanae
802 544 861 595 et
888 557 1055 596 caecae
1082 536 1321 597 rationis
1349 535 1627 615 figmenta
1647 536 2030 615 nequicquam
2053 537 2447 600 obtenduntur
2464 560 2627 600 sanc-

216 615 439 677 tissimo
481 616 594 676 Dei
638 617 879 677 consilio
926 618 987 675 in
1040 616 1237 676 Verbo
1282 616 1557 677 revelato,
1649 619 1700 675 1.
1752 616 1956 676 Pecca.
2007 618 2227 695 ignora.
2263 620 2428 679 Eleu.
2460 622 2626 699 quasi

221 696 422 757 Gloria
456 697 567 755 Dei
596 698 671 757 ob
699 718 872 775 quam
920 697 1081 756 Deus
1108 696 1499 777 principaliter
1540 697 1736 757 omnia
1762 697 1902 775 agit,
1938 698 2109 755 Prov.
2141 699 2262 757 xvi.
2294 703 2349 775 4,
2383 708 2441 759 et
2469 702 2626 759 salus

221 784 433 853 nostra,
466 778 635 855 cujus
656 798 831 837 causa
850 778 1011 837 Deus
1028 776 1369 837 secundario
1393 778 1607 837 Filium
1639 797 1807 837 suum
1835 798 1939 870 pro
1969 777 2138 837 nobis
2166 778 2344 855 dedit,
2377 780 2628 839 invicem

216 866 553 935 repugnent,
604 866 667 917 ut
714 878 791 917 ex
836 857 1009 917 unius
1052 858 1338 937 positione
1386 865 1662 936 sequatur
1688 858 1928 920 altanus
1953 860 2188 935 negatio
2211 883 2227 935 ς
2273 880 2402 919 611111
2431 861 2625 939 potius

220 936 663 999 subordinentur
691 946 750 997 et
778 958 839 998 se
866 947 1068 997 mutuo
1098 947 1331 1017 ponant.
1417 938 1510 997 Ita
1538 958 1656 997 non
1682 939 1871 1014 magis
1898 939 2196 1018 prospexit
2231 940 2476 1018 justitiae
2505 962 2625 999 suae

216 1038 389 1096 quam
418 1018 593 1079 saluti
620 1026 871 1095 nostrae3
917 1018 1022 1077 sed
1048 1028 1113 1077 ut
1154 1021 1213 1077 in
1252 1020 1463 1079 Filium
1490 1017 1601 1077 fuit
1628 1020 1983 1095 justissimus,
2015 1020 2076 1078 in
2101 1022 2226 1079 Nos
2267 1020 2377 1081 fuit
2403 1021 2621 1095 munifi-

214 1098 550 1159 centissimus
576 1108 811 1177 propter
838 1096 1289 1158 satisfactionem
1319 1100 1473 1157 Filii.
1547 1099 1764 1158 Paulus
1785 1100 1897 1159 hoc
1924 1100 2076 1159 clare
2103 1100 2309 1177 innuit,
2342 1102 2510 1161 Rom.
2541 1102 2624 1161 iii.

216 1180 309 1255 25,
343 1182 439 1253 26,
470 1199 602 1237 cum
631 1178 789 1255 dicit,
838 1182 873 1211 “
898 1180 1090 1237 Deum
1119 1179 1417 1237 ordinasse
1446 1178 1742 1238 Christum
1769 1179 1832 1237 in
1859 1179 2284 1257 placamentum
2310 1202 2414 1259 per
2448 1182 2624 1243 fidem

212 1256 273 1316 in
300 1259 583 1335 sanguine
610 1259 793 1336 ipsius
821 1259 896 1319 ad
925 1258 1430 1319 demonstrandam
1450 1259 1739 1337 justitiam
1769 1280 1931 1318 suam
1961 1262 2358 1341 praetereundo
2386 1270 2625 1340 peccata

215 1358 344 1416 quae
382 1346 816 1399 antecesserunt
858 1340 921 1399 in
962 1340 1065 1397 illa
1114 1339 1227 1399 Dei
1274 1340 1596 1415 tolerantia,
1641 1339 1742 1399 Ad
1791 1340 2340 1400 demonstrationem
2375 1342 2621 1419 justitiae

216 1439 334 1479 suae
360 1420 631 1497 praesenti
672 1428 946 1498 tempore,
991 1428 1056 1479 ut
1098 1419 1337 1497 sit-ipse
1378 1420 1421 1479 J
1426 1428 1589 1479 ustus
1632 1428 1691 1479 et
1731 1420 1774 1479 J
1778 1420 2073 1479 ustificans
2115 1440 2246 1479 eum
2283 1423 2388 1503 qui
2430 1430 2620 1481 estex

215 1498 328 1558 fide
355 1498 400 1559 J
404 1520 505 1558 esu
524 1500 581 1576 ;’'
628 1500 748 1559 Ubi
775 1500 1020 1560 Justitia
1049 1500 1162 1558 Dei
1203 1519 1335 1559 cum
1380 1500 1565 1559 salute
1608 1508 1808 1559 nostra
1835 1501 2221 1579 conjungitur,
2253 1503 2390 1581 quia
2409 1503 2621 1561 utrius-

214 1599 324 1657 que
352 1579 635 1641 rationem
660 1580 875 1642 habere
897 1580 1083 1641 voluit
1104 1580 1163 1637 in
1192 1600 1363 1658 opere
1394 1578 1851 1658 Redemptionis,
1889 1589 1955 1640 ⁴et
1995 1582 2076 1639 ita
2104 1580 2217 1639 sibi
2244 1583 2526 1659 satisfieri,
2557 1591 2624 1642 ut

212 1658 347 1719 inde
388 1660 487 1719 via
526 1660 603 1719 ad
644 1661 891 1721 salutem
931 1669 1187 1719 nostram
1230 1668 1595 1737 sterneretur,
1641 1681 1770 1737 quae
1810 1660 1956 1719 alias
1983 1660 2278 1720 inaccessa
2304 1664 2474 1723 nobis
2503 1672 2628 1723 erat

212 1748 271 1799 et
295 1739 474 1799 invia.
531 1742 781 1808 Tantum
810 1742 975 1800 abest
1002 1761 1142 1818 ergo
1172 1748 1236 1799 ut
1264 1740 1648 1800 manifestatio
1676 1740 1848 1799 nnius
1889 1741 2254 1819 proprietatis
2281 1743 2496 1802 divinae
2525 1744 2622 1803 de·

212 1820 347 1879 beat
374 1821 579 1881 obesse
622 1822 1074 1881 manifestationi
1100 1821 1355 1895 alterius,
1387 1830 1446 1881 et
1472 1822 1515 1881 J
1519 1821 1734 1881 ustitiae
1761 1821 1906 1881 ratio
1955 1840 2215 1899 pugnare
2244 1843 2372 1881 cum
2403 1824 2622 1889 miseni-

215 1900 426 1960 cordise
470 1902 781 1979 exerciti03
826 1910 891 1961 ut
940 1911 1139 1961 contra
1184 1902 1435 1961 mirabili
1482 1909 1936 1979 temperamento
1957 1912 2218 1961 mutuam
2248 1923 2479 1981 operam
2510 1904 2622 1963 sibi

212 1989 487 2057 praestent
514 1990 657 2041 etse
684 1982 933 2041 invicem
963 1982 1295 2041 osculentur
1323 2002 1399 2040 ex
1439 1982 1691 2056 oracu10,
1725 1982 1879 2041 Psal.
1911 1982 2120 2041 lxxxv,
2155 1985 2246 2057 10,
2278 1984 2415 2060 quia
2445 1984 2622 2043 Mise-

210 2059 473 2119 ricordiae
501 2081 620 2119 non
645 2070 837 2139 potest
864 2081 992 2121 esse
1018 2061 1182 2120 locus
1208 2060 1322 2119 nisi
1348 2061 1539 2137 posita
1558 2062 1603 2119 J
1606 2060 1818 2119 ustitiae
1841 2060 2247 2135 satisfactione,
2279 2072 2338 2121 et
2364 2064 2408 2122 J
2410 2064 2624 2123 ustitiae

212 2138 529 2199 satisfactio
558 2160 675 2199 non
702 2141 879 2199 alium
907 2142 970 2199 in
996 2140 1170 2198 finem
1198 2140 1427 2217 petitur,
1460 2159 1634 2217 quam
1655 2148 1721 2199 ut
1747 2140 1823 2197 ad
1846 2139 2304 2199 Misericordiam
2335 2144 2624 2220 aperiatur

209 2219 324 2278 via.
410 2224 465 2279 2.
498 2220 665 2295 Quod
687 2220 921 2279 additur
947 2220 1021 2279 de
1066 2219 1361 2279 Creditore
1387 2238 1587 2277 verum
1618 2217 1854 2297 quidem
1883 2228 2037 2279 esset
2064 2220 2126 2277 in
2158 2222 2392 2297 privato
2420 2231 2479 2282 et
2515 2244 2620 2299 pe-

211 2298 485 2375 cuniario,
516 2300 617 2379 qui
646 2320 749 2379 pro
776 2299 947 2361 libitu
990 2308 1182 2377 potest
1210 2298 1283 2358 de
1316 2300 1450 2377 jure
1489 2320 1593 2359 suo
1624 2298 1828 2359 cedere
1857 2300 2076 2378 absque
2099 2302 2440 2379 cujusquam
2469 2302 2622 2381 inju-

212 2379 314 2451 ria,
345 2380 450 2439 sed
476 2380 537 2439 in
556 2382 781 2457 publico
808 2388 868 2439 et
894 2381 1177 2457 judiciali,
1210 2378 1289 2439 id.
1321 2379 1499 2458 Legis
1542 2378 1796 2455 vindice,
1829 2388 1888 2439 et
1935 2389 2206 2441 exactore
2241 2382 2504 2460 justitiae,
2535 2384 2620 2443 lo-

214 2480 346 2520 cum
391 2480 507 2519 non
556 2460 747 2521 habet.
835 2461 953 2521 Hic
998 2460 1151 2521 enim
1196 2460 1248 2526 si
1293 2459 1696 2539 peccatoribus
1731 2480 1848 2521 non
1875 2459 2226 2538 indignatur,
2259 2483 2366 2523 nec
2393 2484 2626 2541 poenam

212 2538 475 2619 imponit,
504 2541 617 2601 1106
643 2541 770 2620 ipso
818 2540 1053 2619 iniquus
1082 2548 1187 2617 est,
1218 2560 1336 2601 non
1374 2541 1697 2615 munificus,
1728 2540 1866 2617 quia
1893 2540 2142 2601 officium
2164 2542 2393 2618 deserit,
2426 2552 2486 2605 et
2514 2544 2624 2603 Le·

258 2642 353 2681 um
381 2622 749 2685 autoritatem
777 2642 951 2699 quam
980 2622 1182 2681 debuit
1230 2630 1443 2683 sartam
1491 2629 1819 2697 tectamque
1848 2641 2206 2697 conservare,
2238 2624 2472 2701 impune
2499 2626 2623 2684 vio-

236 2702 320 2761 ari
342 2702 496 2763 sinit.
583 2703 825 2762 Interim
854 2704 904 2762 si
932 2687 1070 2761 boni
1097 2699 1316 2779 publici
1345 2720 1535 2777 causa,
1566 2712 1690 2759 tum
1719 2699 2001 2759 rationem
2027 2710 2308 2761 monstret
2336 2722 2452 2781 qua
2479 2704 2623 2781 legi-

210 2782 321 2842 bus
350 2782 595 2843 satisfiat
623 2792 681 2842 et
710 2782 884 2841 saluti
912 2782 1192 2841 debitoris
1220 2780 1445 2839 consuli
1473 2788 1663 2857 queat,
1695 2786 1820 2837 tum
1849 2778 1921 2837 de
1951 2799 2056 2838 suo
2085 2780 2294 2839 vadem
2343 2790 2402 2841 et
2449 2802 2619 2859 spon-

210 2880 399 2921 sorem
448 2862 861 2936 subministret,
907 2868 1133 2920 tantum
1177 2860 1341 2919 abest
1389 2868 1455 2919 ut
1501 2868 1806 2937 propterea
1851 2858 2043 2916 minus
2071 2860 2377 2919 munificus
2406 2862 2620 2938 audiat,

211 2940 354 3019 quin
379 2941 573 3018 potius
596 2949 661 2999 ut
688 2940 1148 3017 sapientissimus
1176 2946 1235 2998 et
1261 2936 1834 2997 munificentissimus
1860 2937 2066 2995 merito
2085 2938 2158 2997 ab
2177 2940 2444 2999 omnibus
2472 2942 2622 3001 cele·

209 3020 427 3081 bretur.
513 3019 727 3095 Quidni
764 3040 903 3097 ergo
950 3020 1112 3079 Deus
1160 3018 1411 3095 potuerit
1457 3016 1539 3075 idi
1583 3036 1711 3076 sum
1755 3024 2026 3094 praestare
2056 3017 2118 3075 in
2142 3018 2252 3076 hoc
2301 3020 2536 3097 negotio
2566 3030 2625 3082 et

205 3100 381 3177 longe
402 3099 801 3173 excellentius,
834 3100 958 3159 sine
988 3099 1108 3158 ulla
1147 3098 1447 3177 injustitiae
1473 3098 1533 3156 la
1574 3117 1624 3173 e,
1657 3096 1773 3155 imo
1802 3116 1932 3157 cum
1964 3116 2202 3157 summae
2232 3100 2530 3178 sapientise
2560 3111 2620 3163 et

212 3180 532 3241 clementiae
561 3180 788 3256 gloria?

292 3260 651 3320 XXXVII.
694 3263 750 3320 3.
792 3259 962 3336 Quod
1003 3256 1277 3337 supponit
1316 3257 1535 3317 nullam
1575 3256 1696 3316 fore
1734 3256 2183 3318 munificentiam
2215 3257 2275 3317 in
2305 3260 2620 3341 Creditore,

209 3339 325 3399 nisi
352 3339 425 3399 de
444 3341 578 3419 jure
607 3360 713 3401 suo
742 3339 955 3416 credat,
986 3348 1045 3399 et
1073 3338 1435 3397 exactionem
1464 3336 1875 3399 satisfactionis
1917 3358 1951 3397 a
1990 3358 2334 3417 quocunque
2361 3341 2464 3401 illa
2490 3363 2624 3420 pro-

210 3419 502 3480 ficiscatur
528 3421 833 3499 relinquat,
866 3422 928 3479 in
955 3440 1024 3479 eo
1051 3419 1202 3478 fallit
1230 3427 1288 3478 et
1315 3418 1535 3479 fallitur
1562 3417 1975 3478 Adversarius.
2053 3419 2204 3479 Nam
2239 3429 2449 3498 praeter
2490 3444 2622 3481 uam

210 3501 371 3578 quod
399 3522 623 3579 semper
660 3522 695 3559 a
732 3499 1015 3559 creditore
1052 3498 1127 3557 ad
1155 3498 1417 3577 judicem
1444 3499 1651 3558 transit
1678 3507 1737 3558 et
1763 3519 1799 3557 a
1827 3498 2023 3558 debito
2050 3501 2381 3576 pecuniario
2409 3443 2488 3559 ad
2513 3504 2620 3561 cri-

206 3581 422 3639 minale
464 3602 591 3647 cum
635 3590 830 3640 tamen
871 3580 1105 3639 diversa
1145 3580 1223 3639 sit
1261 3580 1561 3656 utriusque
1602 3580 1750 3637 ratio
1777 3587 1843 3638 ut
1872 3578 2083 3657 saepius
2121 3588 2433 3657 ostensum,
2480 3580 2622 3655 Quis

208 3668 387 3738 neget
413 3660 777 3737 clementiam
807 3660 1039 3729 «Iudicis
1082 3668 1141 3718 et
1180 3656 1629 3719 munificentiam
1669 3658 1844 3735 longe
1871 3659 2184 3717 maximam
2211 3660 2272 3717 in
2301 3680 2369 3718 eo
2399 3680 2460 3719 se
2490 3680 2620 3736 pro-

207 3740 363 3815 dere,
394 3762 527 3801 cum
553 3741 637 3801 ita
664 3740 736 3799 de
758 3740 892 3819 jure
920 3760 1027 3800 suo
1054 3747 1321 3818 respectu
1355 3738 1691 3817 principalis
1732 3737 2010 3798 debitoris
2052 3757 2156 3797 seu
2191 3739 2300 3799 Rei
2341 3740 2512 3816 cedit,
2555 3752 2622 3800 ut

205 3820 357 3879 nihil
384 3821 457 3880 ab
484 3821 587 3880 illo
608 3820 879 3898 requirat,
906 3820 1014 3880 sed'
1031 3820 1224 3879 omnia
1244 3819 1332 3877 illi
1356 3818 1674 3877 liberaliter
1696 3817 1935 3876 crimina
1955 3818 2211 3877 remittat
2231 3839 2476 3895 quorum
2496 3842 2618 3899 pce-

204 3920 341 3959 nam
364 3920 470 3960 vas
490 3922 595 3980 pro
616 3901 719 3961 illo
741 3900 1017 3965 sustinuit
1034 3903 1064 3959 Ρ
1118 3900 1213 3959 Ita
1238 3898 1334 3958 hic
1356 3897 1727 3958 multifariam
1757 3917 1818 3957 se
1847 3897 2018 3957 nobis
2045 3898 2284 3957 exhibet
2312 3899 2425 3959 Dei
2445 3900 2618 3961 mise·

162 4019 170 4027 -
203 3980 471 4056 ricordia.
523 3986 573 4039 1.
601 3980 771 4055 Quod
792 3982 997 4041 salutis
1012 3980 1296 4040 rationem
1316 3978 1740 4057 excogitaverit
1759 3986 1818 4037 et
1833 3976 2120 4037 invenerit
2135 3980 2482 4057 hominibus,
2503 4001 2621 4041 non

205 4060 473 4120 homines
502 4061 803 4139 sibiipsis,
872 4066 929 4121 2.
962 4061 1132 4136 Quod
1167 4060 1325 4119 viam
1367 4058 1573 4118 salutis
1614 4058 1904 4136 aperuerit
1929 4078 2033 4137 per
2057 4059 2391 4119 missionem
2419 4069 2478 4120 et
2504 4070 2619 4121 tra-

206 4140 488 4200 ditionem
507 4142 727 4220 proprii
745 4142 870 4201 filii.
909 4141 965 4201 3.
990 4140 1161 4217 Quod
1180 4142 1350 4199 istam
1374 4138 1764 4199 conditionem
1776 4138 1964 4197 Filius
1983 4138 2191 4199 lubens
2213 4148 2272 4200 et
2293 4141 2416 4199 sola
2437 4154 2618 4213 φιλοιν-

204 4220 395 4302 egnrlqa
420 4230 613 4283 motus
640 4222 701 4281 in
730 4242 791 4282 se
820 4221 1155 4301 susceperit.
1201 4224 1257 4279 4.
1292 4220 1371 4279 Et
1396 4218 1634 4297 quidem
1661 4238 1764 4296 pro
1791 4217 2122 4277 hominibus
2150 4220 2336 4279 salute
2363 4220 2622 4300 indignis

204 4322 453 4380 eamque
494 4302 1013 4377 contemnentibus,
1059 4302 1149 4361 sui
1182 4301 1360 4376 juxta
1396 4308 1456 4359 et
1494 4298 1607 4359 Dei
1645 4298 1912 4357 inimicis.
1983 4300 2038 4357 5.
2076 4298 2244 4373 Quod
2272 4300 2418 4359 nihil
2445 4303 2620 4365 abiis

204 4382 473 4460 exegerit
510 4404 615 4461 pro
650 4383 862 4461 quibus
906 4402 969 4443 se
1012 4380 1370 4441 demittebat.
1430 4382 1485 4439 6.
1517 4377 1689 4453 Quod
1716 4378 1877 4436 illam
1905 4377 2356 4439 satisfactionem
2384 4380 2620 4443 alterius

202 4484 313 4542 pro
340 4463 510 4523 nobis
540 4471 836 4541 acceptam
863 4472 923 4523 et
950 4471 1134 4523 ratam
1162 4460 1431 4521 habuerit
1453 4459 1633 4535 Deus,
1665 4456 1936 4536 quodque
1963 4478 2122 4519 mera
2149 4460 2337 4537 gratia
2364 4470 2423 4521 et
2449 4464 2619 4523 mise-

202 4544 457 4604 ricordia
484 4544 652 4603 nobis
680 4564 809 4603 eam
836 4544 1123 4622 applicet3
1166 4542 1373 4619 Neque
1400 4540 1495 4599 hic
1523 4537 1834 4599 dicendum
1863 4538 2258 4599 remissionem
2295 4543 2620 4605 necessario
2675 4552 2678 4557 '

204 4624 463 4703 exigere,
507 4645 625 4684 non
653 4624 826 4684 modo
854 4632 920 4685 ut
945 4624 997 4684 is
1025 4623 1127 4703 qui
1154 4621 1328 4683 debet
1355 4642 1425 4681 ea
1452 4619 1808 4699 obligatione
1836 4619 2113 4698 solvatur,
2145 4621 2249 4681 sed
2275 4622 2447 4682 etiam
2479 4632 2543 4684 ut
2570 4625 2620 4685 is
