3234 5192
366 362 596 404 msru‘r.
630 341 742 425 vn]
1152 360 1381 402 NOSTRA
1408 359 1487 402 Aa
1516 362 1798 404 schssu
1827 362 2094 404 nomana.
2667 349 2777 408 131

356 503 513 563 aliud
544 504 751 562 volunt
777 502 891 563 ista
917 502 1127 579 elogia,
1160 504 1197 535 “
1216 502 1425 563 Omnia
1455 522 1638 579 regna
1675 504 2090 565 Constantinus
2115 505 2289 583 Papae
2318 504 2539 581 dedit,”
2561 506 2776 569 Distin.

358 586 453 659 96,
485 603 609 662 cap.
640 584 765 643 xiv.
811 582 1243 642 Constantinus.
1332 585 1367 615 “
1388 582 1502 641 Per
1532 582 1751 661 Papam
1780 604 1981 644 omnes
2030 604 2198 662 reges
2225 586 2528 663 regnant,'¹
2558 587 2778 649 Bozius

356 664 429 723 de
448 665 581 741 jure
610 672 769 723 natu.
800 672 859 723 et
889 662 1047 721 Divi.
1078 663 1239 722 Eccl.
1268 662 1417 721 liber
1442 665 1481 721 i.
1512 682 1639 741 cap.
1671 666 1727 723 6.
1782 668 1818 698 “
1838 665 1998 741 Papa
2041 676 2131 725 est
2174 664 2378 725 mundi
2426 666 2774 743 Dominus,”

354 743 507 803 idem
544 744 645 804 lib.
678 764 733 801 v.
766 764 891 821 cap.
942 744 1035 818 19,
1080 742 1165 801 ita
1210 752 1278 803 ut
1325 762 1525 803 omnes
1565 762 1736 821 reges
1780 746 1898 805 sint
1928 746 2102 823 Papae
2145 744 2378 821 vassali,
2431 746 2480 804 si
2525 746 2568 806 J
2571 747 2776 809 esuitis

352 825 619 900 creditur,
657 824 891 883 Steuch.
920 822 995 882 de
1026 823 1258 882 Donati.
1284 823 1602 898 Constant,
1634 833 1693 883 et
1710 825 1813 903 jus
1840 824 2052 885 habeat
2079 824 2459 885 transferendi
2487 846 2684 904 regna,
2715 836 2776 887 et

352 904 529 963 dandi
556 904 769 982 quibus
796 904 943 979 vult,
994 903 1223 963 Decret.
1252 903 1355 961 lib.
1386 903 1423 961 i.
1454 904 1543 963 tit.
1576 906 1631 979 6,
1662 924 1787 983 cap.
1818 907 1918 981 34,
1969 905 2044 965 de
2073 904 2391 965 Electione.
2477 905 2572 965 Ita
2611 907 2773 983 quod

350 984 423 1044 de
450 986 849 1062 persecutione
894 991 1222 1043 sanctorum
1251 992 1311 1043 et
1338 983 1622 1060 sanguine
1663 993 1982 1063 martyrum
2026 985 2255 1061 dicitur,
2299 1004 2416 1043 non
2459 985 2536 1044 ad
2582 987 2772 1046 ethni·-

351 1084 451 1123 cos
496 1064 884 1142 imperatores,
918 1063 1022 1123 sed
1049 1063 1124 1122 ad
1153 1062 1581 1123 Antichristum
1608 1064 1970 1124 referendum
1999 1074 2106 1125 est.
2171 1065 2450 1141 Quamvis
2478 1065 2631 1125 enim
2653 1086 2772 1126 non

350 1144 590 1204 dubium
620 1145 714 1221 sit,
744 1144 885 1221 quin
916 1145 1105 1203 Roma
1147 1144 1401 1203 Ethnica
1448 1144 1808 1205 Christianos
1855 1145 2031 1204 etiam
2076 1146 2154 1205 sit
2194 1154 2530 1223 persecuta3
2573 1154 2770 1207 tamen

350 1244 483 1283 cum
510 1234 719 1302 agatur
739 1224 811 1283 de
839 1224 1253 1301 persecutione,
1284 1242 1413 1301 quse
1441 1224 1730 1285 excitatur
1773 1246 1809 1283 a
1837 1225 2152 1301 meretrice,
2200 1245 2330 1303 quse
2371 1246 2582 1285 nomen
2609 1246 2766 1305 mys-

348 1304 481 1363 terii
510 1306 569 1362 in
599 1304 785 1363 fronte
814 1303 989 1382 gerit3
1018 1324 1165 1381 quae‚
1198 1302 1338 1362 dum
1360 1324 1437 1363 ex
1456 1324 1573 1363 una
1598 1314 1762 1382 parte
1790 1305 2001 1382 poculo
2027 1324 2202 1364 aureo
2231 1306 2642 1365 scortationum
2664 1326 2767 1385 po·

346 1384 519 1462 pulos
548 1384 855 1459 dementat,
888 1383 1183 1443 fraudibus
1231 1394 1291 1443 et
1336 1384 1642 1443 lenociniis
1683 1384 1744 1443 in
1791 1404 2040 1444 errorem
2085 1384 2430 1463 inducendO,
2460 1405 2538 1445 ex
2565 1386 2764 1465 altera,

346 1464 611 1523 inaudita
629 1463 909 1523 violentia
933 1464 996 1521 in
1020 1463 1223 1523 fideles
1250 1464 1467 1523 Christi
1495 1484 1696 1524 servos
1725 1472 2037 1541 grassatur,
2069 1473 2228 1543 patet
2247 1464 2324 1523 ad
2347 1464 2593 1525 Romam
2617 1466 2762 1525 Eth-

346 1545 537 1603 nicam
578 1544 689 1603 hoc
735 1544 1181 1623 haudquaquam
1224 1544 1529 1621 pertinere,
1574 1544 1679 1604 sed
1725 1544 1802 1603 ad
1847 1544 2229 1621 Pontificiam,
2259 1545 2427 1639 cujus
2453 1545 2762 1606 immanem

342 1624 743 1683 crudelitatem
772 1632 831 1683 et
858 1623 1176 1683 dirissimas
1204 1624 1650 1701 persecutiones,
1679 1625 1904 1684 utinam
1930 1623 2012 1703 pii
2039 1644 2157 1683 non
2185 1633 2503 1685 sensissent
2530 1625 2760 1704 saepius,

342 1712 403 1763 et
430 1723 545 1764 non
575 1705 855 1764 sentirent
882 1704 1199 1763 etiamnum
1219 1702 1411 1764 hodie.
1496 1704 1613 1763 Sed
1642 1724 1736 1765 res
1762 1705 1892 1783 ipsa
1937 1704 2110 1765 nimis
2157 1704 2386 1781 clamat,
2417 1713 2478 1765 et
2502 1705 2762 1767 historiae

340 1784 672 1861 loquuntur,
714 1795 779 1844 ut
821 1784 1103 1861 superiori
1146 1783 1537 1862 disputatione
1578 1785 1886 1863 probatum
1913 1793 2020 1861 est,
2065 1791 2132 1845 ut
2173 1784 2288 1845 ista
2327 1786 2432 1844 vix
2459 1806 2528 1846 ac
2555 1806 2628 1845 ne
2657 1786 2762 1847 vix

340 1864 575 1941 quidem
604 1863 991 1943 explicatione
1018 1874 1246 1943 egeant.
1316 1864 1449 1924 Non
1476 1864 1666 1942 magis
1693 1884 1762 1924 ac
1789 1865 1908 1941 illa,
1931 1884 2062 1943 quae
2089 1865 2396 1942 adduntur,
2427 1886 2607 1943 quum
2633 1886 2759 1927 mu-

338 1945 448 2003 lier
474 1945 687 2005 dicitur
717 1948 753 1978 ‘⁴
774 1964 1027 2022 purpura
1054 1953 1113 2004 et
1140 1964 1313 2004 cocco
1339 1944 1569 2021 amicta,
1598 1964 1740 2005 auro
1789 1953 1849 2005 et
1889 1944 2182 2022 lapidibus
2226 1944 2496 2023 pretiosis
2524 1954 2584 2007 et
2609 1967 2760 2006 mar-

340 2025 543 2101 garitis
571 2024 891 2101 inaurata,''
935 2023 1093 2102 quod
1120 2024 1183 2083 in
1207 2023 1397 2084 fronte
1424 2024 1702 2102 scriptum
1723 2025 1874 2103 gerit
1899 2044 2112 2084 nomen
2143 2025 2493 2103 Mysterium,
2524 2028 2682 2105 quod
2697 2028 2760 2087 in

342 2104 589 2163 Romani
622 2104 920 2165 Pontificis
948 2106 1094 2163 tiara
1120 2104 1399 2182 scriptum
1424 2103 1603 2165 fnisse
1647 2112 1826 2165 testes
1869 2130 2125 2165 evron-rm
2165 2104 2437 2184 referunt,
2467 2115 2528 2167 et
2553 2106 2670 2167 alia
2695 2107 2760 2167 id

337 2204 540 2263 genus,
573 2185 645 2244 de
672 2186 884 2263 quibus
911 2184 1053 2243 alibi
1078 2183 1263 2244 fusius
1290 2184 1597 2245 dicendum
1620 2185 1750 2244 erit.

420 2264 575 2324 XII.
624 2266 757 2325 Scio
786 2264 903 2323 duo
943 2264 1133 2323 adhuc
1162 2264 1341 2344 objici
1382 2266 1457 2325 ab
1504 2264 1854 2325 adversariis
1909 2266 2190 2327 adversus
2238 2265 2581 2326 sententiam
2623 2286 2756 2327 nos-

336 2353 501 2405 tram.
545 2346 819 2419 Menum,
850 2364 967 2404 non
994 2364 1165 2423 posse
1192 2345 1441 2423 intelligi
1460 2345 1708 2405 Romam
1727 2345 2130 2422 Christianam,
2151 2345 2254 2405 sed
2283 2347 2595 2425 Paganam,
2620 2348 2760 2426 quia

338 2424 526 2503 Apoc.
556 2426 700 2484 xvii.
733 2430 787 2501 7,
819 2428 1005 2485 decem
1032 2445 1266 2500 cornua,
1294 2426 1361 2483 id
1384 2434 1475 2485 est
1500 2426 1702 2485 decem
1730 2446 1916 2504 reges,
1947 2427 2049 2505 qui
2085 2434 2428 2505 potestatem
2459 2446 2622 2487 suam
2642 2436 2755 2488 tra-

338 2504 517 2565 dituri
554 2506 826 2565 dicuntur
854 2506 1084 2581 Bestiae,
1116 2515 1175 2566 et
1202 2525 1332 2565 cum
1362 2505 1542 2583 Agno
1566 2508 1900 2585 pugnaturi,
1945 2527 2068 2567 ver.
2111 2510 2182 2567 13
2214 2516 2272 2567 et
2304 2510 2378 2566 14
2409 2506 2574 2586 (quia
2599 2508 2758 2569 vires

336 2605 472 2645 suas
500 2594 559 2645 et
580 2586 680 2663 jus
709 2586 935 2663 imperii
981 2584 1278 2646 conferent
1302 2585 1379 2645 ad
1408 2584 1689 2646 Romanae
1727 2586 1882 2647 sedis
1919 2596 1978 2647 ct
2003 2586 2302 2665 religionis
2341 2596 2622 2664 tutamen,
2654 2588 2754 2647 ad-

333 2684 539 2725 versus
568 2666 781 2726 Christi
818 2665 1140 2726 doctrinam
1186 2675 1247 2726 et
1297 2666 1541 2727 Sanctos
1589 2667 1720 2745 ejus
1760 2666 1987 2747 testes),
2027 2667 2206 2727 iidem
2246 2675 2464 2745 postea,
2503 2688 2624 2727 ver.
2659 2671 2754 2745 16,

334 2745 607 2806 dicuntur
636 2748 673 2779 ‘⁴
696 2746 953 2805 Bestiam
982 2745 1320 2821 aversaturi,
1350 2754 1411 2805 et
1438 2746 1758 2807 desolatam
1805 2766 1933 2806 eam
1974 2755 2034 2807 et
2059 2746 2273 2806 nudam
2303 2746 2600 2824 reddituri,
2631 2768 2757 2807 car-

334 2845 439 2885 nes
466 2827 595 2904 ejus
622 2826 1041 2902 manducaturi,
1065 2835 1125 2887 et
1150 2827 1289 2904 igne
1316 2846 1443 2886 eam
1460 2826 1938 2887 concrematuri.'’
2025 2829 2064 2860 “
2083 2826 2170 2886 At
2185 2826 2535 2903 quomodo‚''
2563 2826 2756 2905 inquit

336 2905 487 2965 Bell.
516 2907 617 2966 lib.
647 2906 729 2965 iii.
758 2906 831 2965 de
882 2908 1051 2965 Rom.
1100 2907 1269 2965 Pont.
1300 2926 1424 2984 cap.
1459 2910 1552 2983 13,
1586 2910 1623 2941 ‘⁶
1645 2908 1755 2965 erit
1803 2906 1970 2965 sedes
2017 2905 2382 2980 Antichristi,
2436 2906 2486 2964 si
2527 2926 2596 2965 eo
2624 2908 2754 2984 ipso

332 2994 591 3063 tempore
618 2986 793 3045 debet
819 3006 856 3046 a
882 2987 1119 3065 regibus
1145 2986 1277 3046 istis
1304 2986 1487 3046 everti
1514 2995 1575 3047 et
1601 2986 1862 3045 comburi
1881 2987 1948 3043 ἕν’
2019 2984 2138 3044 Sed
2165 2984 2352 3044 nodus
2379 2984 2550 3044 facile
2573 2987 2752 3045 solvi-

330 3074 443 3142 tur,
474 3067 523 3126 si
551 3066 983 3145 distinguantur
1008 3074 1285 3145 tempora.
1358 3066 1555 3124 Primo
1598 3066 1750 3125 enim
1800 3064 1992 3125 daturi
2039 3072 2174 3124 sunt
2201 3072 2544 3141 potestatem
2589 3086 2752 3126 suam

332 3146 547 3206 Bestiae
573 3166 677 3224 per
702 3146 1030 3207 illusionem
1078 3146 1239 3207 faisse
1286 3146 1535 3225 pietatis,
1587 3154 1648 3206 et
1690 3144 2175 3205 dementationem
2216 3144 2338 3203 vini
2367 3146 2750 3223 scortationis,

327 3246 447 3304 quo
474 3227 745 3286 inebriari
772 3226 1113 3287 debuerunt.
1200 3227 1318 3287 Sed
1364 3234 1672 3305 postquam
1713 3226 1788 3285 ab
1815 3244 2008 3285 errore
2035 3244 2143 3285 suo
2171 3232 2232 3284 et
2257 3225 2540 3303 spirituali
2568 3227 2752 3287 ebrie·

328 3314 452 3366 tate
480 3315 649 3367 erunt
670 3307 1081 3385 expergefacti,
1112 3314 1251 3367 tunc
1279 3326 1474 3367 amore
1499 3307 1562 3365 in
1590 3305 1790 3367 odium
1830 3325 2018 3381 verso,
2066 3306 2489 3367 aversabuntur
2529 3329 2752 3370 summe

329 3406 504 3464 quam
532 3387 784 3447 maxime
812 3387 1188 3465 deperibant3
1236 3388 1361 3447 Deo
1382 3387 1710 3462 justissimo
1724 3385 1952 3462 judicio
1979 3406 2086 3447 suo
2113 3386 2224 3447 hoc
2251 3386 2335 3446 ita
2361 3387 2749 3466 dispensante,

326 3475 397 3526 ut
422 3487 459 3526 a
485 3468 732 3545 propriis
759 3468 993 3527 amasiis
1020 3467 1297 3544 deleatur,
1332 3470 1368 3501 “
1387 3468 1552 3527 Deus
1578 3466 1792 3541 enim,”
1834 3475 1902 3527 ut
1923 3466 2229 3543 subjicitur
2254 3488 2376 3527 ver.
2405 3471 2496 3543 17,
2533 3471 2752 3531 “dedit

329 3546 393 3605 in
422 3546 597 3607 corda
624 3566 839 3616 eorum,
890 3556 959 3607 ut
1004 3547 1219 3607 faciant
1294 3547 1413 3607 uod
1454 3548 1543 3607 illi
1588 3547 1868 3625 placitum
1913 3548 2061 3607 est.''
2144 3548 2404 3607 Alterum
2429 3549 2646 3625 petitur
2673 3572 2748 3609 ex

324 3626 639 3705 hypothesi
668 3628 1103 3688 Pontificiorum
1150 3628 1225 3687 de
1308 3628 1571 3688 uratione
1615 3627 2008 3687 Anti-Christi
2054 3646 2158 3705 per
2190 3630 2346 3687 1260
2375 3626 2516 3705 dies,
2549 3628 2609 3687 id
2638 3638 2746 3705 est,

326 3715 449 3766 tres
470 3726 653 3768 annos
682 3728 813 3767 cum
842 3707 1101 3767 dimidio.
1162 3708 1313 3767 Nam
1341 3708 1393 3767 si
1419 3707 1586 3767 brevi
1614 3708 1726 3767 hoc
1751 3715 2010 3785 tempore
2037 3714 2264 3767 tantum
2292 3706 2498 3767 durare
2527 3707 2746 3785 debuit,

325 3786 619 3864 quomodo
648 3788 839 3848 Roma
862 3787 1145 3847 hodierna
1172 3788 1517 3863 Christiana,
1548 3808 1679 3865 quas
1708 3807 1743 3845 a
1783 3795 1871 3846 tot
1893 3788 2104 3847 seculis
2124 3788 2249 3865 jam
2276 3786 2526 3862 duravit,
2557 3794 2750 3863 potest

324 3886 455 3926 esse
484 3868 755 3942 Babylon
784 3868 1225 3946 Apocalyptica,
1255 3876 1315 3927 et
1342 3868 1509 3927 sedes
1532 3867 1699 3927 Anti·
1709 3868 1923 3927 Christi
1944 3871 1973 3926 1>
2017 3867 2134 3927 Sed
2151 3866 2543 3926 demonstrata
2570 3868 2750 3927 semel

324 3945 579 4006 falsitate
606 3947 778 4007 istius
802 3947 1163 4027 hypothesis,
1192 3968 1323 4026 quae
1352 3946 1479 4007 dies
1504 3948 1798 4007 naturales
1825 3948 2100 4025 supponit
2145 3966 2250 4025 pro
2291 3945 2658 4023 propheticis,
2690 3955 2752 4007 et

322 4034 445 4087 tres
472 4045 657 4085 annos
684 4047 815 4087 cum
842 4028 1101 4104 dimidio,
1130 4048 1235 4106 pro
1262 4028 1421 4088 mille
1448 4028 1715 4087 ducentis
1736 4035 1796 4087 et
1837 4027 2144 4105 sexaginta
2185 4025 2372 4103 annis,
2401 4024 2556 4085 cadit
2583 4026 2746 4085 vani-

321 4115 417 4167 tas
444 4106 614 4167 istius
638 4108 919 4185 figmenti,
947 4116 1015 4168 ut
1042 4109 1103 4167 in
1131 4108 1507 4187 sequentibus
1534 4127 1738 4169 sumus
1763 4106 2078 4185 probaturi.

405 4186 601 4245 XIII.
647 4186 745 4247 Sic
792 4196 1089 4247 ostensum
1135 4189 1247 4249 fuit
1286 4196 1543 4248 veterem
1589 4188 1838 4247 Romam
1883 4186 2194 4246 Ethnicam
2236 4204 2340 4263 per
2383 4184 2746 4261 Babylonem

320 4284 441 4325 non
467 4284 639 4344 posse
666 4266 977 4346 designari.
1056 4268 1147 4327 De
1172 4270 1281 4329 hac
1309 4268 1555 4329 veritate
1581 4266 1856 4342 convicti,
1882 4266 2106 4343 aliquot
2131 4284 2208 4323 ex
2238 4263 2559 4323 Pontificiis
2587 4265 2748 4325 aliud

320 4344 601 4424 effugium
630 4357 883 4426 captant,
910 4359 979 4408 ut
1008 4348 1196 4408 Roma
1211 4348 1447 4428 quidem
1462 4348 1840 4425 intelligatur,
1857 4346 2046 4424 qualis
2067 4344 2260 4403 futura
2287 4352 2410 4403 erat
2437 4344 2546 4403 sub
2572 4346 2746 4406 finem

322 4426 525 4485 mundi
572 4436 830 4507 tempore
880 4426 1245 4505 Antichristi,
1288 4448 1493 4488 verum
1535 4447 1655 4487 non
1701 4428 1888 4485 Roma
1937 4423 2282 4499 Christiana,
2312 4432 2372 4484 et
2410 4425 2584 4504 Papae
2611 4428 2752 4487 sub-

312 4506 493 4583 jecta,
526 4508 629 4567 sed
660 4509 897 4587 Pagana
924 4518 985 4568 et
1010 4508 1087 4567 ad
1112 4507 1522 4569 ethnicismum
1548 4507 1792 4585 relapsa,
1823 4504 1980 4583 quod
2013 4503 2326 4564 somniavit
2359 4506 2574 4583 VieyaS,
2605 4509 2745 4567 Les-

318 4587 453 4662 sius,
484 4590 717 4663 Hibera,
750 4608 883 4649 cum
911 4588 1043 4649 aliis
1069 4589 1383 4649 nonnullis.
1471 4587 1588 4649 Sed
1614 4588 1726 4645 hoc
1767 4586 1940 4645 etiam
1988 4598 2325 4666 agna-omna
2371 4586 2626 4665 proclive
2657 4598 2748 4646 est

320 4666 543 4745 eripere
580 4668 947 4746 adversariis,
999 4668 1285 4747 siquidem
1332 4668 1537 4729 eadem
1585 4666 1860 4729 facilitate
1903 4666 2164 4743 rejicitur
2211 4676 2600 4727 commentum
2627 4686 2746 4743 qua
