3234 5192
767 350 858 395 DE
895 348 1314 396 sncnssmNE
1349 349 1442 393 AB
1477 348 1813 396 Eccmzsu
1846 349 2167 399 ROMANA.
2614 337 2681 400 xi

275 533 389 576 nos
422 511 690 575 invitare
720 510 916 574 videri
949 510 1184 586 volunt,
1221 512 1336 574 sub
1371 530 1480 590 spe
1515 509 1995 576 Reformationis
2029 512 2309 594 alicujus,
2344 533 2515 577 mera
2547 533 2681 578 esse

275 613 485 686 verba,
525 615 590 673 et
625 610 852 685 fucum,
902 601 1176 688 nihilque
1227 608 1395 671 aliud
1448 609 1639 688 quaeri
1696 611 1811 674 sub
1860 609 2269 673 fraudulentae
2310 613 2480 692 pacis
2524 633 2679 692 prae-

275 715 481 791 textu,
536 728 718 788 quam
771 726 1046 772 errorum
1095 706 1283 769 semel
1331 713 1720 786 receptorum
1755 728 1877 770 non
1916 708 2377 783 correctionem,
2427 710 2536 774 sed
2584 709 2686 772 in-

278 807 740 882 crustationem,
773 811 838 870 et
869 804 1382 869 conscientiarum
1417 806 1531 867 sub
1567 804 1865 869 Ecclesiae
1896 805 2144 885 Papalis
2168 808 2389 887 jugum
2416 807 2681 870 feliciter

279 925 624 979 excussum,
655 903 1077 967 reductionem
1103 927 1119 978 ;
1173 923 1212 966 a
1245 923 1368 982 qua
1401 904 1901 967 reformationem
1933 904 2117 966 ullam
2148 912 2499 986 expectare,
2536 905 2681 966 dum

281 1023 350 1068 se
377 1003 758 1066 infallibilem
798 1003 1026 1082 jactat,
1057 1001 1212 1064 nihil
1255 1000 1422 1064 aliud
1454 1009 1550 1064 est
1580 1023 1765 1082 quam
1800 1002 2072 1092 sueviter
2101 1003 2380 1079 delirare,
2424 1010 2490 1066 et
2518 1003 2677 1082 seip-

282 1122 420 1165 sum
455 1107 674 1180 sponte
707 1101 1008 1180 decipere.
1114 1099 1309 1162 Absit
1334 1119 1482 1162 vero
1507 1107 1578 1161 ut
1606 1101 1733 1163 tale
1757 1100 1904 1180 quid
1927 1099 2019 1163 vel
2042 1101 2379 1182 cogitemus
2408 1121 2679 1182 unquam

281 1199 380 1263 vel
409 1205 813 1279 praestemus;
866 1197 1062 1263 Absit
1098 1209 1172 1260 ut
1221 1217 1434 1279 pacem
1485 1217 1623 1260 cum
1675 1198 1925 1279 mundo,
1960 1197 2131 1278 pacis
2164 1219 2303 1262 cum
2332 1196 2581 1263 Christo
2612 1206 2680 1264 et

279 1298 566 1361 veritatis
597 1297 730 1376 ejus
763 1296 1028 1359 coelestis
1058 1294 1402 1376 dispendio,
1438 1315 1650 1358 eamus
1680 1297 2086 1375 redemptum.

381 1395 508 1458 Sed
557 1394 684 1457 ista
729 1395 925 1456 fusius
971 1394 1037 1456 in
1087 1393 1631 1473 Disputationibus
1682 1400 2087 1474 exponentur,
2138 1400 2211 1456 ut
2256 1413 2411 1473 opus
2443 1414 2565 1456 non
2596 1393 2683 1458 sit

279 1493 520 1557 diutius
546 1492 612 1556 in
646 1491 722 1554 iis
750 1491 1080 1554 immorari.
1183 1489 1320 1554 Hoc
1343 1511 1531 1554 unum
1555 1492 1881 1556 Lectorem
1901 1511 2147 1555 monere
2170 1492 2379 1566 debeO,
2403 1491 2681 1554 additam

279 1591 382 1654 hic
431 1591 620 1654 fuisse
672 1589 980 1653 Decadem
1033 1589 1544 1669 Disputationum
1595 1589 2127 1656 Miscellanearum
2179 1610 2334 1669 quae,
2367 1594 2439 1651 ut
2473 1589 2679 1652 multi-

278 1688 430 1771 plici
462 1689 993 1768 Argumentorum
1053 1707 1188 1768 quae
1220 1687 1286 1749 in
1335 1687 1413 1750 iis
1442 1695 1798 1752 tractantur
1827 1688 2147 1763 varietate,
2173 1695 2239 1752 et
2261 1687 2680 1764 Quaestionum

281 1807 418 1868 quae
469 1786 699 1850 ibidem
746 1786 1061 1867 agitantur
1111 1785 1434 1867 gravitate,
1488 1787 1815 1851 Sacrorum
1866 1786 2093 1867 Mystis
2144 1792 2361 1866 sponte
2402 1805 2470 1849 se
2518 1807 2681 1850 com-

281 1885 618 1958 mendant3
671 1885 764 1947 ita
792 1904 906 1948 nec
933 1883 1214 1965 ingratas
1247 1904 1360 1947 nec
1389 1883 1643 1948 inutiles
1683 1883 1807 1950 illis
1838 1887 1971 1948 fore
2008 1903 2339 1966 speramus.
2423 1883 2601 1961 Quod
2626 1883 2683 1948 si

281 1983 632 2064 contigerit,
670 1983 796 2045 voti
832 1983 951 2046 mei
981 2001 1228 2062 compos
1257 2002 1393 2046 sum
1422 1985 1687 2046 futurus.
