3234 5192
514 292 629 347 702
1054 304 1133 344 DE
1162 302 1638 345 sA‘rlsrAcnoms
1667 302 1902 344 cnms'rl
1929 302 2356 343 rsnrnc'rloxn.
2447 282 2708 368 [DISPUT.
2739 304 2922 349 xxm.

590 444 815 505 XXII.
862 446 1009 505 Nam
1056 454 1119 506 ut
1158 447 1232 504 ab
1260 444 1529 522 exemplo
1560 445 1826 520 Davidis,
1857 445 2018 522 quod
2035 444 2282 522 primum
2323 445 2594 522 proponit
2623 446 2918 524 Bellarm.,

506 526 818 584 ordiamur.
898 527 1174 585 Fatemur
1198 523 1433 602 quidem
1474 534 1720 585 mortem
1763 525 1929 584 filioli
1957 546 2086 603 quse
2114 525 2202 583 illi
2231 524 2563 602 praedicitur
2589 547 2624 585 a
2640 526 2920 599 ,Nathane

504 614 639 684 post
679 606 982 667 remissum
1009 612 1305 684 peccatum
1336 606 1638 665 occasione
1680 606 1902 683 peccati
1939 614 1999 664 et
2037 614 2272 683 propter
2311 606 2501 683 ipsum
2529 605 2704 665 fuisse
2732 606 2916 669 inflic-

506 696 643 762 tam,
684 694 749 745 ut
794 688 922 765 ejus
966 705 1137 744 sensu
1180 686 1369 763 magis
1414 686 1716 763 magisque
1752 684 2176 763 percelleretur.
2259 684 2394 744 Non
2422 705 2701 763 negamus
2741 688 2918 747 etiam

505 766 684 825 fuisse
728 786 956 844 poenam
1004 765 1219 823 Davidi
1262 775 1577 844 paternam,
1627 764 2072 842 castigatoriam,
2119 774 2180 824 et
2225 765 2643 842 medicinalem,
2686 786 2804 844 qua
2841 766 2916 827 de

504 847 795 925 praeterito
829 854 1063 925 peccato
1106 844 1381 905 confusus
1416 846 1631 905 erudiri
1659 844 1876 921 debuit,
1905 864 1980 903 ne
2009 845 2070 902 in
2095 853 2390 922 posterum
2420 846 2536 905 tale
2564 845 2788 906 facinus
2815 866 2916 907 au·

506 927 685 986 deret.
752 926 869 985 Sed
912 945 1141 1003 poenam
1184 927 1415 1003 proprie
1452 925 1667 985 dictam
1695 945 1824 1003 quae
1870 944 1905 982 a
1943 924 2160 983 Judice
2205 924 2352 984 irato
2393 924 2470 983 ad
2512 926 2832 987 vindictam
2857 938 2919 987 et

508 1006 955 1067 satisfactionem
975 1005 1219 1083 justitiae
1247 1005 1467 1065 inflicta
1492 1006 1571 1065 sit
1596 1024 1896 1082 negamus.
1974 1004 2179 1082 Neque
2205 1005 2316 1063 hoc
2345 1025 2420 1064 ex
2449 1005 2668 1083 duplici
2694 1008 2916 1067 ratione

506 1106 679 1164 quam
708 1085 873 1145 affert
902 1086 1175 1145 Bellarm.
1199 1085 1399 1163 colligi
1424 1094 1635 1163 potest.
1713 1086 1951 1170 Nomex
1977 1086 2164 1163 prima
2191 1084 2364 1144 ducta
2392 1105 2468 1144 ex
2495 1087 2586 1145 his
2611 1087 2915 1165 Prophetae

504 1166 717 1240 verbis,
765 1168 801 1199 “
826 1165 1107 1239 Quoniam
1154 1166 1554 1244 blasphemare
1598 1166 1788 1225 fecisti
1831 1164 2098 1225 inimicos
2141 1185 2352 1225 nomen
2382 1165 2635 1244 Domini,
2681 1176 2918 1246 propter

504 1248 617 1305 hoc
642 1244 887 1305 verbum
930 1247 1085 1305 filius
1127 1247 1237 1307 tibi
1278 1256 1451 1307 natus
1493 1247 1822 1322 morietur,”
1868 1266 1999 1325 quae
2027 1246 2302 1305 videntur
2339 1245 2642 1307 ostendere
2685 1267 2916 1325 poenam

502 1328 652 1385 hanc
696 1325 917 1403 imponi
958 1328 1019 1385 in
1062 1326 1343 1386 ultionem
1386 1327 1611 1405 peccati
1652 1328 1944 1405 praeteriti,
1975 1347 2092 1386 non
2121 1327 2182 1385 in
2209 1326 2669 1387 emendationem
2697 1329 2916 1405 futuri;

504 1406 656 1466 Nam
684 1426 761 1465 ex
788 1426 858 1465 eo
878 1407 1113 1485 quidem
1142 1408 1291 1467 bene
1320 1408 1564 1487 colligas
1591 1416 1894 1485 peccatum
1920 1407 2079 1466 istud
2107 1407 2287 1467 fuisse
2309 1408 2670 1467 occasionem
2693 1418 2752 1467 et
2779 1428 2914 1467 cau·
2989 1399 3002 1412 ⁶

506 1506 628 1547 sam
652 1486 985 1546 inflictionis
1012 1487 1181 1547 istius
1208 1488 1579 1563 calamitatis3
1616 1488 1733 1547 Sed
1761 1507 1878 1547 non
1905 1488 2100 1546 statim
2129 1487 2263 1546 inde
2291 1488 2498 1547 elicere
2525 1490 2759 1566 poteris,
2785 1508 2918 1547 eam

504 1568 680 1626 fuisse
724 1567 851 1645 ejus
891 1588 1141 1645 poenam.
1208 1569 1335 1627 Imo
1377 1569 1518 1627 satis
1560 1588 1838 1645 expresse
1873 1567 2062 1626 innuit
2089 1566 2200 1625 Vir
2229 1566 2340 1625 Dei
2369 1568 2517 1625 hanc
2544 1588 2663 1627 non
2691 1576 2810 1627 tam
2839 1569 2916 1628 ad

494 1668 723 1725 poenam
752 1668 926 1725 quam
955 1648 1030 1706 ad
1056 1651 1373 1724 exemplum
1389 1648 1609 1724 infligi3
1653 1648 1941 1720 nimirum,
1971 1654 2038 1704 ut
2064 1646 2271 1723 ingens
2298 1666 2402 1723 per
2425 1646 2584 1705 istud
2611 1657 2912 1723 peccatum

504 1728 701 1786 datum
744 1736 867 1787 erat
906 1728 1162 1805 profanis
1202 1728 1532 1785 hominibus
1566 1725 1902 1784 scandalum
1929 1724 2097 1802 quasi
2127 1724 2288 1783 Deus
2315 1724 2610 1783 adulteros
2638 1734 2698 1785 et
2724 1727 2912 1786 homi-

503 1807 665 1866 cidas
692 1808 753 1865 in
782 1808 913 1866 sinu
940 1826 1045 1866 suo
1067 1806 1305 1881 foveret,
1337 1806 1538 1865 debuit
1564 1806 1676 1863 hoc
1703 1803 1978 1880 quicquid
2005 1812 2130 1863 erat
2155 1803 2414 1863 scandali
2441 1824 2511 1863 ea
2537 1804 2758 1863 ratione
2787 1824 2908 1863 sar-

502 1887 625 1963 ciri,
654 1896 723 1947 ut
749 1886 1158 1947 documentum
1186 1894 1340 1945 esset
1381 1886 1638 1963 graviter
1666 1885 1794 1943 Deo
1831 1883 2135 1961 displicere
2175 1883 2319 1943 talia
2343 1892 2599 1962 peccata,
2627 1884 2912 1945 adversus

502 1988 635 2047 quse
674 1976 894 2028 tantam
924 1966 1299 2026 offensionem
1324 1966 1385 2025 in
1414 1966 1628 2025 dilecto
1655 1964 1776 2025 filio
1817 1983 1922 2023 suo
1964 1964 2332 2041 declarasset,
2383 1972 2558 2043 atque
2585 1965 2669 2025 ita
2695 1964 2912 2026 divinae

504 2048 712 2108 domus
740 2048 1049 2127 disciplina
1073 2048 1407 2125 turpissimo
1435 2049 1545 2107 hoc
1573 2046 1791 2107 scelere
1811 2045 2029 2104 violata
2055 2045 2249 2122 aliquo
2277 2047 2546 2125 exemplo
2575 2046 2909 2123 sanciretur,

502 2148 578 2189 ne
607 2130 705 2189 vel
730 2130 855 2207 ipse
886 2128 1097 2206 David,
1137 2128 1235 2187 vel
1262 2129 1378 2205 alii,
1409 2128 1536 2207 ejus
1562 2126 1830 2205 exemplo
1857 2126 2198 2186 libidinibus
2224 2126 2322 2185 vel
2349 2126 2606 2187 caedibus
2633 2128 2694 2185 in
2721 2136 2911 2206 poste·

504 2230 633 2269 rum
660 2211 1046 2288 indulgerent.
1118 2209 1251 2269 Non
1278 2229 1419 2287 ergo
1447 2208 1731 2285 infligitur
1757 2208 1817 2265 in
1845 2226 2073 2285 poenam
2103 2207 2207 2267 sed
2248 2208 2308 2265 in
2349 2207 2711 2267 medicinam.
2790 2208 2914 2267 Nec

505 2292 856 2350 contrarium
884 2299 1075 2367 potest
1100 2289 1234 2347 elici
1262 2290 1515 2348 secundo
1544 2309 1622 2346 ex
1649 2308 1718 2347 eo
1746 2287 1904 2364 quod
1934 2287 2126 2345 David
2155 2288 2487 2363 lachrymis,
2511 2288 2754 2364 jejunio,
2785 2307 2912 2365 pre-

504 2370 687 2442 cibus,
722 2368 831 2427 &c.
870 2376 1111 2427 mortem
1140 2368 1289 2425 hanc
1319 2368 1675 2443 deprecatur,
1707 2366 1864 2442 quod
1883 2385 2001 2423 non
2021 2365 2277 2424 facturus
2305 2365 2512 2426 fuisset
2539 2368 2630 2424 vir
2657 2378 2908 2445 sanctuS,

505 2449 557 2507 si
586 2449 696 2505 sibi
722 2447 923 2505 utilem
952 2445 1305 2521 agnovisset,
1336 2454 1403 2503 ut
1428 2443 1511 2502 ait
1539 2444 1814 2501 Bellarm.
1843 2444 1972 2503 loco
2001 2443 2098 2502 cit.
2149 2444 2274 2502 Nec
2301 2446 2456 2502 enim
2483 2465 2702 2504 novum
2731 2456 2820 2507 est
2845 2455 2914 2507 ut

504 2526 691 2586 sancti
718 2526 1097 2602 deprecentur
1122 2542 1221 2581 eas
1249 2522 1604 2581 calamitates
1627 2541 1772 2597 quas
1800 2522 2149 2597 caeteroquin
2177 2522 2370 2581 sciunt
2396 2523 2458 2581 in
2487 2524 2702 2582 bonum
2724 2546 2759 2583 a
2783 2526 2911 2586 Deo

504 2605 781 2679 converti,
829 2603 967 2680 quia
1008 2603 1134 2661 haec
1176 2611 1267 2661 est
1308 2609 1529 2661 naturae
1576 2610 1791 2661 nostrae
1834 2600 2060 2659 indoles
2087 2609 2154 2661 ut
2179 2601 2458 2677 quicquid
2484 2610 2573 2661 est
2600 2603 2804 2662 durum
2849 2614 2911 2665 et

502 2685 811 2744 molestum
840 2683 1032 2744 statim
1064 2681 1312 2761 refugiat
1352 2691 1411 2741 et
1446 2682 1650 2760 procul
1693 2702 1730 2739 a
1771 2702 1832 2741 se
1875 2680 2102 2739 amoliri
2129 2688 2408 2741 conetur:
2450 2681 2533 2740 sic
2559 2682 2780 2741 Paulus
2807 2684 2914 2761 qui

500 2773 745 2825 noverat
772 2784 1011 2843 gravem
1039 2763 1199 2823 illam
1222 2782 1449 2823 crucem
1478 2762 1590 2821 sibi
1618 2783 1654 2821 a
1687 2762 1810 2821 Deo
1839 2761 2166 2839 impositam
2201 2780 2318 2820 non
2345 2781 2575 2839 poenam
2603 2782 2730 2823 esse
2758 2783 2906 2841 prae-

502 2846 676 2923 teriti,
708 2846 812 2905 sed
847 2845 1165 2906 remedium
1206 2844 1402 2915 futuri,
1444 2862 1518 2903 ne
1546 2842 1768 2903 scilicet
1793 2842 2192 2920 magnitudine
2219 2842 2638 2902 revelationum
2665 2844 2913 2904 extolle-

503 2937 677 3004 retur,
725 2947 843 2986 non
885 2928 1076 2986 minus
1119 2934 1314 2985 tamen
1356 2924 1517 2983 illam
1560 2923 1916 3001 deprecatur,
1965 2926 2001 2981 2
2047 2922 2176 2981 Cor.
2207 2922 2309 2981 xii.
2355 2926 2410 3000 7,
2443 2925 2499 2999 8,
2549 2923 2718 3001 plane
2758 2924 2910 2985 sicut

506 3028 677 3085 aeger,
710 3008 950 3068 cauterii
992 3007 1331 3082 molestiam,
1376 3013 1435 3065 et
1476 3004 1780 3064 medicinae
1821 3002 2260 3063 amaritudinem
2311 3004 2683 3064 vehementer
2708 3004 2910 3082 depre-

503 3100 683 3163 catur,
716 3089 853 3148 licet
880 3108 1005 3147 eam
1034 3108 1149 3146 non
1170 3106 1401 3165 poenam
1430 3084 1534 3143 sed
1560 3085 1878 3144 remedium
1906 3104 2034 3143 esse
2061 3104 2179 3143 non
2207 3083 2466 3160 dubitet3
2513 3084 2607 3144 Ita
2634 3084 2684 3143 si
2714 3084 2910 3144 David

502 3178 745 3227 mortem
772 3168 938 3226 filioli
971 3187 1125 3243 segre
1154 3168 1303 3242 tulit,
1334 3185 1577 3241 eamque
1596 3166 1866 3243 precibus
1899 3164 2020 3223 suis
2047 3173 2105 3223 et
2126 3162 2351 3242 jejunio
2381 3172 2639 3223 avertere
2667 3173 2910 3225 conatus

502 3256 608 3323 est,
640 3246 884 3305 efficitur
910 3246 1143 3322 quidem
1170 3266 1248 3305 ex
1276 3266 1345 3306 eo
1374 3264 1609 3321 gravem
1639 3245 1727 3302 illi
1755 3254 1814 3303 et
1840 3243 2104 3303 acerbam
2132 3243 2310 3302 fuisse
2336 3245 2486 3303 hanc
2513 3252 2776 3316 mortem,
2805 3244 2910 3304 sed

500 3347 620 3386 non
646 3334 839 3403 potest
860 3325 993 3383 inde
1022 3326 1287 3402 exsculpi
1313 3326 1409 3383 vel
1430 3324 1720 3401 propriam
1749 3324 1877 3401 ejus
1897 3343 2128 3401 poenam
2147 3323 2344 3399 fuisse,
2366 3324 2460 3383 vel
2481 3324 2704 3383 nullum
2725 3325 2908 3385 habu-

500 3406 617 3466 isse
644 3405 719 3463 ad
748 3406 877 3482 ejus
904 3404 1361 3463 emendationem
1390 3422 1577 3463 usum.

586 3484 846 3544 XXIII.
890 3484 1023 3543 Non
1065 3484 1363 3543 dissimilis
1404 3492 1493 3542 est
1532 3482 1680 3541 ratio
1715 3482 1952 3541 alterius
1979 3482 2378 3560 castigationis
2405 3504 2535 3561 quse
2553 3436 2773 3543 dicitur
2800 3484 2906 3543 im-

502 3567 681 3627 missa
710 3565 923 3626 Davidi
954 3574 1013 3625 et
1038 3564 1148 3625 toti
1177 3564 1380 3623 Israeli
1410 3562 1485 3621 ob
1511 3571 1874 3622 numeratum
1903 3562 2198 3640 populum,
2229 3566 2264 3621 2
2300 3564 2454 3623 Sam.
2484 3563 2650 3623 xxiv.
2685 3567 2776 3639 10,
2811 3568 2905 3640 11,

507 3649 601 3707 12.
658 3648 809 3705 Nam
852 3647 991 3705 licet
1034 3654 1254 3705 certum
1298 3645 1374 3703 sit
1412 3643 1525 3703 hoc
1562 3641 1798 3720 flagello
1828 3644 2018 3702 Deum
2046 3650 2320 3701 testatum
2348 3642 2525 3702 fuisse
2553 3653 2907 3721 quantopere

500 3737 803 3807 peecatum
832 3727 979 3786 illud
1008 3726 1119 3786 sibi
1140 3724 1545 3802 displicuisset,
1570 3734 1744 3800 atque
1773 3724 1856 3782 ita
1881 3732 2004 3783 tum
2033 3723 2110 3782 ad
2136 3722 2430 3800 publicum
2458 3724 2713 3783 omnium
2743 3744 2906 3785 secu-

428 3812 435 3819 ’
499 3808 690 3869 lorum
706 3804 1077 3885 'exemplum,
1128 3814 1250 3865 tum
1291 3804 1659 3883 peculiariter
1705 3803 1780 3861 ad
1828 3803 2112 3881 privatam
2159 3802 2405 3861 Davidis
2449 3804 2907 3863 humiliationem

498 3889 877 3969 pertinuerit;
925 3888 1089 3947 Licet
1132 3888 1257 3945 haec
1301 3884 1599 3944 calamitas
1633 3904 1750 3943 non
1777 3892 2002 3943 tantum
2033 3882 2318 3941 Davidem
2347 3884 2684 3962 respexerit,
2717 3885 2820 3944 sed
2848 3894 2909 3945 et

500 3969 778 4049 populum
816 3969 916 4046 qui
944 3968 1073 4027 aliis
1100 3966 1353 4044 peccatis
1380 3984 1506 4025 eam
1536 3972 1660 4023 erat
1696 3964 2080 4040 commeritus,
2129 3972 2190 4023 et
2229 3983 2402 4041 quam
2445 3964 2745 4023 occasione
2773 3985 2907 4042 pec-

502 4051 619 4110 cati
653 4050 900 4109 Davidis
944 4048 1031 4106 illi
1072 4047 1349 4123 immisit;
1402 4046 1535 4105 Non
1580 4044 1842 4122 sequitur
1882 4052 2078 4103 tamen
2119 4044 2408 4121 propriam
2451 4064 2683 4122 poenam
2727 4044 2907 4105 fuisse

503 4131 723 4191 Davidi
748 4150 878 4209 quse
906 4128 979 4187 ad
1007 4128 1323 4187 vindictam
1352 4124 1687 4205 respexerit.
1753 4124 1882 4183 Imo
1911 4124 2260 4184 contrarium
2289 4124 2428 4183 satis
2456 4132 2651 4201 aperte
2681 4125 2905 4203 colligi·

498 4219 600 4271 tur
632 4232 709 4270 ex
740 4218 903 4289 peste
930 4229 1105 4286 quam
1134 4208 1345 4287 seligit,
1374 4216 1441 4267 ut
1472 4204 1810 4265 “incideret
1834 4206 1898 4263 in
1923 4223 2130 4263 manus
2159 4203 2272 4263 Dei
2297 4204 2491 4281 potius
2518 4224 2692 4283 quam
2719 4204 2904 4263 homi·

498 4310 657 4366 num,
688 4293 825 4369 quia
851 4291 1049 4350 multae
1077 4298 1213 4349 sunt
1238 4290 1364 4366 ejus
1392 4284 1859 4361 misericordiae,”
1886 4304 2007 4344 ver.
2041 4286 2136 4343 14.
2215 4284 2364 4359 Quia
2389 4304 2528 4343 vero
2554 4282 2906 4344 horrendum

500 4380 590 4429 est
632 4371 886 4431 incidere
926 4372 989 4428 in
1030 4390 1237 4429 manus
1284 4371 1320 4403 ‘⁴
1344 4368 1459 4426 Dei
1501 4366 1693 4442 irati,”
1739 4364 1894 4424 Heb.
1937 4384 1997 4424 x.
2041 4366 2138 4440 31,
2187 4363 2388 4423 debuit
2427 4364 2662 4423 omnino
2708 4363 2906 4423 David

498 4468 734 4509 manum
786 4453 823 4485 ‘⁴
846 4451 957 4509 Dei
985 4450 1235 4528 placati”
1278 4458 1339 4510 et
1378 4446 1766 4507 misericordis
1811 4445 2154 4523 intelligere,
2198 4443 2396 4522 Atque
2439 4444 2583 4505 adeo
2625 4444 2902 4523 gravissi-

496 4548 655 4589 mum
683 4529 795 4586 hoc
820 4528 1119 4607 flagellum
1146 4530 1221 4590 de
1249 4548 1453 4589 severa
1482 4527 1672 4587 Patris
1699 4526 2057 4606 correptione
2083 4524 2463 4603 interpretari,
2501 4525 2602 4603 qui
2641 4544 2760 4584 non
2798 4544 2899 4603 po·

498 4618 613 4670 test
634 4608 882 4667 filiorum
910 4628 1133 4669 errores
1153 4618 1213 4670 et
1232 4609 1474 4670 crimina
1494 4606 1858 4669 dissimulare
1878 4614 1939 4668 et
1957 4606 2082 4669 sine
2105 4604 2412 4684 disciplina
2437 4605 2900 4684 praetermittere3
