3234 5192
273 340 512 383 masur.
541 318 658 399 nn]
961 338 1038 377 nr.
1069 336 1368 377 sonorum
1399 335 1648 377 ori-:auu
1677 332 2097 377 melissum-n.
2586 322 2694 377 281

285 482 522 559 egerint,
553 501 590 539 a
616 479 806 557 gratia
834 478 947 538 Dei
975 498 1240 556 separare
1267 499 1454 557 posse,
1480 498 1610 537 cum
1642 478 2017 537 immutabilis
2046 478 2123 539 sit
2152 476 2263 536 Dei
2296 476 2538 537 Electio.
2610 478 2707 537 Sic

289 560 763 621 Remonstrantes
784 561 846 618 in
875 558 1082 619 Collat.
1108 560 1286 637 Hagi.
1301 569 1360 619 et
1387 560 1447 617 in
1477 558 1647 618 Actis
1676 566 1734 617 et
1760 560 2003 637 Scriptis
2028 558 2421 635 Synodalibus
2450 558 2705 617 Dordra·

287 643 440 701 cenis
463 650 745 701 conantur
773 640 1244 699 orthodoxorum
1293 638 1639 699 sententiam
1682 637 1978 713 infamare,
2030 637 2468 697 Pontificiorum
2514 638 2626 697 hac
2645 640 2709 696 in

285 732 442 799 parte
472 722 723 799 vestigia
743 728 1085 798 prementes,
1135 720 1252 780 Sed
1279 740 1396 779 non
1425 718 1604 779 semel
1632 740 1667 778 a
1695 719 1925 778 Nostris
1952 739 2307 797 responsum,
2340 718 2709 777 falsissimam

289 820 429 877 esse,
459 821 590 878 quse
618 822 695 859 ex
725 800 1028 860 verissimo
1055 801 1166 860 hoc
1195 800 1468 878 dogmate
1507 799 1738 859 elicitur
1785 799 2273 877 consequentiam.
2359 797 2527 858 Licet
2554 800 2707 857 enim

288 900 402 939 non
431 881 790 957 diffiteamur,
825 880 1104 940 Profanos
1130 901 1302 959 posse
1351 879 1590 939 salutari
1637 880 1750 939 ista
1794 878 2057 938 doctrina
2084 879 2255 955 impie
2286 878 2446 937 abuti
2474 878 2551 937 ad
2578 898 2705 957 pro-

289 962 469 1039 priam
517 982 680 1021 suam
729 962 1078 1039 perniciem3
1125 962 1422 1039 Negamus
1466 969 1661 1019 tamen
1703 978 1877 1017 veros
1916 958 2135 1033 fideles,
2186 959 2397 1035 quibus
2440 958 2710 1034 Mysterii

289 1041 455 1101 istius
482 1052 690 1101 natura
709 1050 1008 1120 perspecta
1039 1049 1142 1115 est,
1175 1043 1234 1099 in
1263 1040 1496 1118 impiam
1525 1039 1697 1099 istam
1716 1039 2125 1117 cogitationem
2156 1058 2410 1116 unquam
2438 1038 2711 1097 devenire

287 1141 474 1200 posse.
520 1123 745 1200 Quippe
775 1122 966 1181 sciunt
1012 1122 1362 1181 diabolicum
1392 1140 1518 1180 esse
1551 1120 1875 1198 Sophisma,
1924 1118 1983 1177 in
2012 1139 2128 1197 quo
2160 1127 2528 1195 opponuntur
2556 1138 2712 1177 com-

289 1202 574 1279 ponenda,
600 1210 659 1260 et
685 1222 984 1279 perperam
1025 1202 1160 1260 finis
1185 1222 1222 1259 a
1248 1200 1456 1261 mediis
1483 1208 1542 1259 et
1561 1200 1755 1259 media
1780 1220 1817 1257 a
1836 1200 1949 1258 fine
1978 1198 2369 1273 divelluntur3
2414 1198 2713 1258 Certitudo

291 1281 481 1339 nimir.
517 1282 736 1340 Salutis
763 1301 800 1339 a
829 1281 1314 1341 Sanctificationis
1331 1281 1542 1355 studi0,
1575 1280 1743 1357 quasi
1772 1280 1873 1337 illa
1899 1279 2055 1339 istud
2085 1287 2371 1339 everteret
2398 1278 2493 1337 vel
2522 1279 2709 1338 relax·

295 1369 435 1420 aret.
521 1360 666 1419 Cum
695 1369 896 1420 contra
921 1361 999 1419 sit
1026 1361 1424 1435 certissimum,
1477 1362 1641 1419 Finis
1688 1360 2137 1435 infallibilitatem
2180 1368 2239 1419 et
2287 1358 2707 1433 certitudinem,

294 1459 414 1498 non
440 1439 643 1499 tollere
672 1440 775 1500 sed
804 1441 1060 1501 stabilire
1108 1442 1300 1520 potius
1347 1442 1743 1501 Necessitatem
1774 1450 1827 1499 et
1852 1460 2012 1499 usum
2039 1440 2379 1514 Mediorum,
2414 1439 2493 1497 Et
2522 1438 2711 1497 Deum

296 1520 396 1597 qui
425 1539 532 1579 nos
558 1520 632 1579 ad
663 1520 904 1581 salutem
928 1522 1122 1599 elegit,
1155 1531 1220 1581 ut
1245 1521 1322 1581 ad
1347 1522 1540 1597 finem,
1571 1522 1818 1599 elegisse
1847 1519 2022 1579 etiam
2050 1519 2125 1577 ad
2152 1518 2325 1578 fidem
2354 1527 2412 1578 et
2442 1519 2711 1578 sanctita-

293 1608 429 1675 tem,
461 1608 528 1659 ut
571 1599 647 1657 ad
695 1601 902 1677 media,
937 1602 1087 1680 Eph.
1117 1604 1156 1665 i.
1187 1607 1244 1677 4,
1276 1607 1312 1661 2
1364 1603 1569 1661 Thess.
1599 1601 1659 1659 ii.
1696 1604 1789 1675 13,
1825 1603 1854 1658 1
1892 1600 2018 1659 Pet.
2050 1600 2085 1657 i.
2119 1603 2177 1659 2.
2241 1599 2335 1657 Ita
2372 1607 2438 1659 ut
2464 1600 2567 1676 qui
2592 1619 2715 1658 me·

294 1678 390 1737 dia
411 1679 752 1757 neglexerit,
783 1682 954 1741 finem
983 1684 1216 1761 assequi
1243 1702 1361 1741 non
1387 1682 1582 1741 valeat
1607 1704 1620 1740 ι
1668 1680 1845 1741 Unde
1864 1680 2038 1739 iidem
2060 1678 2257 1741 Sancti
2274 1678 2375 1756 qui
2396 1678 2714 1739 certissime

296 1759 408 1818 sibi
437 1760 722 1838 spondent
749 1770 808 1821 et
835 1764 1216 1822 constantiam
1248 1763 1308 1821 in
1337 1764 1451 1838 via,
1483 1770 1542 1821 et
1570 1760 1900 1820 fruitionem
1947 1760 2009 1817 in
2048 1760 2251 1837 patria,
2302 1759 2475 1819 simul
2502 1768 2717 1819 norunt

293 1839 405 1900 hoc
431 1860 548 1898 non
576 1843 836 1917 praestari
865 1844 988 1902 sine
1009 1842 1368 1903 intermediis
1385 1841 1779 1901 sanctimoniae
1798 1839 2015 1915 officiis,
2048 1850 2106 1899 et
2134 1840 2525 1918 oppositorum
2546 1839 2713 1917 fuga5

299 1919 554 1997 Ideoque
583 1921 790 1981 mediis
817 1922 936 1981 illis
963 1944 1080 1981 non
1108 1922 1460 1994 valedicunt,
1511 1921 1616 1981 sed
1664 1920 1866 1979 sedulo
1914 1920 2273 1979 incumbunt.
2359 1920 2503 1994 Quis
2531 1920 2715 1979 Paulo

297 2001 506 2059 certior
551 2021 806 2078 unquam
855 2002 926 2061 de
966 2004 1150 2063 salute
1195 2002 1349 2062 suit?
1405 2002 1575 2061 Rom.
1605 2001 1729 2061 viii.
1760 2003 1857 2074 3⁷,
1890 2004 1985 2077 38,
2017 2005 2053 2059 2
2103 2000 2251 2057 Tim.
2270 1999 2309 2057 i.
2344 2003 2435 2075 12,
2467 2010 2525 2060 et
2552 2001 2633 2059 iv.
2657 2004 2712 2075 7,

299 2082 355 2139 8.
401 2080 544 2155 Quis
593 2090 786 2141 tamen
815 2102 884 2141 eo
913 2082 1252 2159 diligentins
1297 2082 1735 2142 sanctificationi
1780 2080 2059 2155 incubuit,
2106 2079 2405 2155 currend0,
2452 2100 2715 2157 pugnan-

299 2158 394 2234 do,
427 2169 484 2219 et
532 2180 740 2238 corpus
767 2163 1132 2237 macerando,
1165 2183 1236 2221 ne
1279 2162 1420 2220 dum
1449 2163 1580 2221 aliis
1628 2160 1921 2240 praedicat,
1952 2162 2076 2238 ipse
2103 2157 2337 2235 ἀδόκιμος
2364 2159 2709 2234 inveniatur,

302 2243 331 2298 1
381 2240 510 2297 Cor.
543 2240 624 2298 ix.
656 2245 750 2313 27,
785 2241 938 2301 Phil.
969 2242 1048 2300 iii.
1085 2244 1204 2301 14?
1287 2242 1382 2301 Ita
1417 2242 1624 2316 fidelis,
1656 2242 1755 2319 qui
1798 2242 1963 2301 novit
2012 2241 2257 2299 salutem
2304 2240 2417 2298 sibi
2452 2248 2711 2316 paratam

297 2338 426 2379 esse
455 2328 512 2377 et
540 2320 880 2397 promissam
903 2345 918 2397 ς
962 2323 1126 2383 novit
1153 2322 1326 2381 etiam
1355 2343 1472 2381 non
1499 2324 1624 2382 sine
1653 2323 1883 2400 pietatis
1900 2330 1959 2381 et
1985 2323 2264 2382 bonorum
2285 2340 2521 2396 operum
2548 2320 2716 2398 praxi

299 2419 426 2459 esse
455 2400 794 2477 promissam
818 2425 833 2477 ;
880 2402 1022 2461 Ideo
1049 2423 1168 2461 non
1195 2412 1422 2481 separat
1449 2424 1578 2481 quse
1609 2404 1773 2463 Deus
1800 2402 2121 2479 conjunxit,
2154 2410 2211 2461 et
2250 2400 2443 2459 media
2470 2400 2715 2461 sollicite

297 2480 573 2558 sequitur,
605 2482 815 2559 quibus
842 2484 1014 2542 finem
1043 2492 1400 2561 assequatur.
1467 2484 1584 2543 Hie
1613 2504 1751 2561 ergo
1782 2483 2193 2559 distinguenda
2210 2483 2479 2541 securitas
2506 2482 2713 2557 carnis,

297 2580 425 2638 quse
455 2560 707 2637 feriatur,
739 2571 796 2621 et
825 2563 943 2623 otio
973 2565 1138 2641 segni
1167 2565 1348 2624 vitam
1375 2573 1530 2623 amat
1559 2564 1773 2637 fallere,
1806 2572 1865 2623 et
1889 2563 2113 2643 fiducia
2140 2564 2403 2639 Spiritus,
2436 2582 2565 2639 quae
2594 2570 2713 2621 stu-

300 2640 459 2699 dium
479 2642 712 2719 pietatis
739 2644 922 2704 nutrit
951 2653 1008 2703 et
1036 2644 1227 2721 fovet;
1276 2645 1359 2705 Ut
1388 2646 1447 2702 in
1475 2644 1635 2719 urbe,
1666 2644 1781 2702 alia
1808 2656 1897 2703 est
1944 2642 2222 2703 securitas
2270 2642 2569 2701 hominum
2597 2652 2717 2701 stu·

298 2721 581 2799 pidorum,
613 2723 713 2801 qui
741 2742 942 2783 somno
970 2734 1030 2784 et
1057 2726 1194 2784 vino
1223 2726 1432 2803 sepulti
1463 2732 1729 2797 stertunt,
1780 2733 1839 2784 et
1887 2724 2102 2783 incauti
2151 2723 2491 2798 capiuntur:
2576 2722 2717 2781 Alia

299 2800 662 2879 vigilantium
694 2811 752 2862 et
779 2806 1178 2881 excitatorum,
1209 2806 1310 2883 qui
1337 2805 1616 2865 excubias
1646 2812 1844 2881 agunt,
1876 2824 1948 2863 ne
1987 2824 2063 2861 ex
2110 2802 2423 2879 improviso
2445 2802 2518 2860 ab
2547 2802 2715 2863 hoste

293 2892 716 2959 expugnentur.
765 2884 860 2942 Sic
893 2886 1142 2963 Spiritus
1170 2885 1570 2946 certitudinem
1601 2892 1839 2962 generat
1859 2903 1975 2942 non
2004 2882 2263 2956 otiosam,
2286 2880 2389 2939 sed
2406 2880 2713 2957 efficacem,

297 2982 426 3037 quie
469 2972 636 3021 extra
663 2963 918 3023 studium
943 2967 1282 3039 sanctitatis,
1324 2974 1382 3024 et
1428 2985 1600 3025 usum
1649 2963 1967 3023 mediorum
2014 2982 2049 3021 a
2096 2962 2223 3020 Deo
2271 2960 2715 3021 constitutorum

303 3060 420 3099 non
447 3052 638 3117 potest
666 3044 820 3101 exire
853 3044 908 3104 in
939 3056 1150 3105 actum.
1237 3046 1408 3106 Unde
1451 3045 1554 3122 qui
1599 3053 1805 3102 metum
1850 3042 2169 3115 diffidentiae
2212 3048 2270 3097 et
2313 3042 2716 3117 desperationis

301 3120 516 3197 passim
545 3122 826 3198 prohibet,
859 3144 930 3182 ne
960 3124 1289 3186 dubitemus
1333 3126 1405 3185 de
1448 3124 1790 3185 certitudine
1842 3122 2045 3181 salutis
2092 3120 2403 3199 promissae,
2438 3121 2581 3179 Luc.
2612 3122 2714 3184 xii.

305 3204 399 3275 32,
435 3200 549 3259 Isa.
580 3200 726 3261 lxiii.
763 3206 813 3277 1,
846 3207 900 3278 2,
935 3206 1104 3263 Rom.
1133 3206 1254 3265 viii.
1289 3209 1396 3283 153
1445 3206 1610 3264 Idem
1656 3206 1907 3263 timorem
1937 3202 2208 3262 cautionis
2236 3211 2287 3261 et
2328 3202 2715 3263 sollicitudinis

303 3281 450 3341 serio
480 3282 861 3359 commendat,
893 3304 964 3344 ne
993 3285 1358 3364 negligamus
1379 3284 1622 3345 medias
1658 3286 1779 3344 Deo
1796 3284 1963 3343 nobis
1981 3284 2331 3362 praescripta,
2354 3282 2503 3343 Phil.
2534 3282 2593 3343 ii.
2622 3286 2715 3359 12,

304 3360 472 3421 Rom.
503 3362 582 3421 xi.
614 3366 710 3437 20,
745 3364 918 3423 Prov.
949 3366 1156 3426 xxviii.
1191 3370 1282 3426 14.

385 3442 609 3500 XXII.
655 3443 854 3521 Atque
881 3444 976 3504 hic
1003 3466 1238 3505 manum
1267 3448 1339 3506 de
1367 3447 1566 3507 tabula
1591 3466 1951 3524 poneremuS,
1984 3446 2094 3505 nisi
2124 3464 2404 3504 remoram
2432 3444 2601 3504 nobis
2628 3445 2715 3504 in-

297 3521 505 3598 jiceret
537 3523 768 3581 Author
789 3524 1093 3585 Tractatus
1123 3527 1354 3601 Gallici,
1387 3529 1484 3604 qui
1515 3528 1829 3586 novissime
1858 3527 1916 3584 in
1958 3526 2145 3587 lucem
2165 3526 2409 3585 emissus
2438 3535 2527 3583 est
2556 3526 2715 3584 Pari-

306 3602 409 3660 siis
437 3602 494 3659 in
520 3606 581 3661 4⁰
609 3604 718 3661 sub
747 3604 856 3663 hoc
877 3606 1090 3682 Titulo,
1118 3610 1154 3641 “
1183 3608 1496 3667 Subversio
1517 3606 1809 3666 Doctrinae
1834 3607 2065 3666 moralis
2084 3606 2298 3665 Christi
2316 3605 2389 3663 ab
2410 3604 2717 3662 Erroribus

308 3681 754 3741 calvinistarum
785 3686 936 3745 circa
955 3686 999 3746 J
1002 3686 1515 3763 ustificationem;’'
1549 3687 1670 3747 Ubi
1698 3687 1833 3764 quia
1861 3687 2101 3745 eandem
2132 3685 2475 3743 calumniam
2505 3702 2719 3760 magno

307 3761 600 3821 molimine
629 3783 908 3825 renovare
953 3768 1198 3845 satagit3
1247 3768 1378 3826 Non
1407 3768 1532 3842 erit,
1565 3776 1631 3826 ut
1670 3768 1889 3845 opinor,
1920 3764 2289 3847 ἇπςοσδιέιυση
2334 3762 2409 3821 ad
2436 3762 2713 3838 majorem

303 3842 566 3902 veritatis
595 3842 1052 3923 elucidationem,
1083 3848 1282 3925 paucis
1312 3868 1440 3925 quae
1465 3848 1582 3906 huc
1617 3847 1905 3925 pertinent
1953 3845 2205 3907 examini
2234 3842 2534 3920 subjicere.
2582 3842 2715 3902 Sco-

305 3942 417 4000 pus
441 3922 722 3983 Authoris
751 3936 838 3985 est
883 3928 1220 3987 Doctrinam
1269 3937 1525 3987 nostram
1575 3927 1649 3986 de
1694 3928 2127 3986 Per-severantia
2170 3934 2225 3983 et
2264 3922 2720 3983 inamissibilitate

307 4004 730 4081 Justificationis
757 4006 1073 4085 traducere,
1105 4017 1378 4085 tanquam
1410 4009 1619 4067 Pietati
1644 4016 1701 4067 et
1734 4006 2185 4066 Sanctificationi
2212 4003 2463 4077 noxiam,
2506 4010 2563 4061 et
2590 4024 2719 4081 quse

307 4083 663 4161 quibuslibet
689 4088 940 4163 peccatis
969 4100 1028 4147 et
1057 4088 1370 4149 sceleribus
1399 4088 1554 4147 viam
1583 4088 1840 4165 aperiat3
1888 4087 2091 4163 quue
2107 4085 2467 4162 potissimum
2488 4082 2719 4142 nomine

306 4163 465 4241 quod
493 4172 812 4226 statuamus
839 4168 1094 4227 maxima
1121 4178 1180 4228 et
1209 4168 1539 4247 turpissima
1583 4168 1800 4227 scelera
1825 4188 1941 4225 non
1971 4166 2217 4240 obstare,
2249 4163 2555 4241 quominus
2582 4164 2723 4222 fide-

307 4244 409 4320 leS,
441 4244 543 4323 qui
572 4265 641 4303 ea
666 4256 1012 4325 perpetrant,
1045 4250 1184 4309 Filii
1215 4249 1326 4307 Dei
1355 4259 1413 4309 et
1429 4248 1589 4310 Justi
1610 4268 1835 4327 semper
1864 4253 2169 4319 maneant3
2218 4244 2297 4302 Et
2317 4262 2447 4301 eum
2469 4242 2529 4299 in
2546 4242 2721 4303 finem

305 4326 468 4384 varia
495 4326 762 4403 corradit,
793 4337 852 4388 et
880 4328 1183 4407 detorquet
1213 4330 1552 4389 Nostrorum
1580 4327 1726 4402 loca,
1748 4326 1957 4405 quibus
1978 4324 2259 4383 intentum
2281 4322 2503 4401 probet.
2570 4324 2721 4383 Lon·

308 4426 446 4483 gum
475 4416 630 4465 esset
657 4407 889 4486 singula
915 4410 1198 4487 persequi,
1229 4430 1336 4469 nec
1374 4408 1558 4467 nostri
1603 4428 1759 4465 nunc
1808 4414 1895 4465 est
1942 4404 2229 4481 instituti;
2274 4402 2377 4463 sed
2406 4423 2475 4461 ea
2500 4412 2724 4464 tantum

305 4485 590 4565 attingere
619 4488 844 4548 animus
874 4500 978 4565 est,
1010 4511 1139 4567 quse
1167 4488 1386 4549 faciunt
1413 4487 1489 4547 ad
1525 4494 1931 4564 argumentum
1977 4492 2253 4560 nostrum,
2284 4504 2413 4562 quae
2440 4484 2727 4549 habentur

307 4566 408 4625 lib.
439 4566 498 4625 ii.
529 4587 654 4644 cap.
686 4569 720 4627 8
752 4578 810 4627 et
833 4572 891 4627 9.
977 4570 1098 4629 Ubi
1126 4570 1366 4647 suscipit
1414 4567 1792 4646 probandum,
1837 4566 2052 4642 dogma
2095 4564 2207 4625 hoc
2254 4575 2513 4626 nostrum
2562 4588 2723 4627 ener-

309 4667 442 4706 vare
465 4648 696 4727 penitus
723 4648 978 4711 studium
1009 4651 1256 4727 pietatis,
1289 4658 1346 4709 et
1373 4648 1777 4709 necessitatem
1805 4646 2083 4707 bonorum
2115 4646 2365 4725 Operum
2396 4646 2615 4708 tollere.
