3234 5192
566 355 642 412 56
1343 371 1420 410 ns
1450 370 1815 412 Nscsssams
1845 367 2191 410 ssesssxexe
2599 347 2856 429 [msru‘r.
2890 375 2978 414 111.

566 514 750 572 instar
797 513 1069 588 omnium,
1100 513 1258 591 qued
1307 515 1542 592 propius
1591 513 1731 573 facit
1758 511 1833 570 ad
1870 511 2218 570 institutum.
2304 509 2434 568 Non
2474 528 2644 587 pesse
2672 513 2831 573 cultu
2876 515 2979 574 illo

568 593 808 672 defungi
833 593 1184 669 Pontificios,
1215 596 1355 672 quin
1384 604 1662 653 creaturae
1690 595 1909 653 cultum
1952 591 2061 650 soli
2091 591 2218 649 Deo
2247 589 2505 650 debitum
2534 589 2810 668 deferant,
2840 595 2979 655 dum

567 683 986 734 sacramentum
1035 675 1346 749 adorando,
1374 695 1584 752 panem
1630 675 1760 733 leco
1790 673 2020 749 Christi,
2045 681 2103 730 et
2145 671 2364 748 specics
2393 671 2547 746 ipsas
2592 691 2721 730 cum
2752 675 2982 735 Christe

567 755 770 814 eedem
799 755 959 814 cultu
985 764 1334 814 venerantur
1361 764 1421 814 ct
1463 756 1679 830 colunt,
1710 753 1867 831 qued
1894 761 2199 829 utrumque
2238 751 2453 809 foedam
2480 751 2865 812 idololatriam
2894 756 2979 814 in-

569 836 822 910 volvere,
855 854 1042 894 caecus
1071 844 1160 894 est
1187 836 1286 912 qui
1315 855 1430 894 nen
1451 835 1669 893 videat.

648 915 831 975 VIII.
877 915 1026 988 Quia
1052 923 1246 974 tamen
1293 915 1354 973 in
1403 935 1603 974 omnes
1631 914 1844 973 formas
1874 933 1934 972 se
1958 920 2195 972 verrunt
2222 911 2555 989 adversarii,
2586 923 2653 972 ut
2680 915 2825 975 tanti
2868 917 2977 976 cri-

567 995 740 1054 minis
767 991 1059 1052 invidiam'
1095 994 1403 1070 declinent,
1435 1015 1542 1072 age
1592 995 1893 1053 videamus
1935 994 2108 1072 paule
2136 993 2459 1052 accuratius
2487 992 2629 1070 quid
2654 995 2730 1052 ad
2756 995 2980 1056 incrus-

567 1075 806 1134 tandum
851 1094 1100 1133 errorem
1147 1075 1302 1134 hunc
1347 1074 1625 1134 adferant.
1672 1075 1883 1150 Prim0,
1913 1074 2070 1152 qued
2114 1077 2197 1132 ad
2239 1075 2625 1132 adorationem
2674 1077 2981 1152 specierum

569 1155 792 1229 attinet,
824 1155 1122 1232 excipiunt
1166 1158 1201 1189 “
1222 1177 1338 1214 nen
1362 1155 1594 1214 adorari
1643 1154 1796 1233 apud
1836 1156 1994 1232 ipses
2040 1162 2456 1213 sacramentum
2484 1155 2673 1231 ipsum
2702 1175 2807 1216 seu
2851 1178 2975 1234 spe·

569 1235 704 1312 cies,
737 1234 841 1294 sed
870 1235 1160 1295 Christum
1209 1237 1398 1314 ipsum
1448 1237 1555 1296 sub
1587 1235 1888 1315 speciebus
1914 1235 2207 1308 latentem,
2238 1254 2345 1293 nec
2376 1235 2426 1293 si
2452 1235 2807 1295 adorandum
2836 1238 2977 1297 diei-

569 1323 664 1375 tur
707 1315 769 1374 in
799 1315 1057 1375 Concilio
1087 1316 1443 1393 Tridentino,
1475 1317 1590 1376 alio
1638 1337 1811 1376 sensu
1856 1316 1968 1374 hoc
2012 1315 2454 1392 intelligendum
2491 1335 2636 1391 esse,
2688 1337 2861 1394 quam
2888 1337 2974 1376 re·

569 1405 772 1474 spectu
800 1396 1015 1456 Christi
1043 1397 1238 1474 soline,
1269 1398 1370 1476 qui
1419 1407 1598 1458 totam
1627 1399 1802 1476 hujus
1839 1396 2101 1474 mysterii
2126 1396 2491 1473 majestatem
2518 1395 2799 1473 includit3
2843 1397 2974 1456 ideo

568 1497 694 1537 esse
737 1477 971 1555 quidem
1000 1477 1072 1536 de
1119 1477 1251 1555 fide,
1285 1479 1575 1538 Christum
1626 1477 1982 1538 adorandum
2039 1495 2165 1534 esse
2214 1475 2275 1533 in
2330 1485 2702 1550 sacramente,
2762 1487 2819 1537 et
2865 1479 2977 1556 ipsi

567 1558 751 1617 latriae
779 1559 998 1618 cultum
1050 1559 1263 1631 deberi,
1311 1558 1414 1618 sed
1460 1579 1578 1616 non
1605 1558 1819 1635 pariter
1848 1557 1919 1615 de
1949 1555 2080 1631 fide,
2113 1565 2548 1630 sacramentum,
2581 1565 2749 1634 prout
2798 1560 2974 1616 sumi-

566 1647 662 1697 tur
686 1657 791 1715 pre
841 1638 1142 1714 speciebus
1186 1639 1324 1696 selis
1364 1639 1657 1699 Christum
1700 1636 2145 1712 continentibus,
2196 1637 2379 1695 latriae
2424 1637 2581 1695 cultu
2614 1636 2976 1697 adorandum

565 1717 753 1776 esse.’'
802 1717 898 1775 Sic
929 1716 1251 1776 Cardinalis
1283 1718 1580 1776 Richelius
1616 1718 1677 1776 in
1705 1717 2022 1776 novissime
2050 1737 2220 1794 opere
2252 1717 2496 1791 Gallice,
2530 1716 2631 1776 lib.
2662 1717 2739 1777 iv.
2768 1737 2893 1796 cap.
2919 1723 2976 1779 3.

570 1817 626 1856 n.
676 1796 792 1856 Sed
820 1797 1098 1874 quicquid
1125 1797 1282 1857 dieat
1323 1798 1663 1875 Cardinalis,
1694 1798 1789 1857 vel
1839 1798 2007 1876 plane
2038 1817 2174 1856 sues
2202 1798 2295 1856 hie
2346 1797 2574 1873 deserit,
2606 1798 2704 1856 vel
2748 1807 2973 1858 senten-

568 1878 710 1936 tiam
758 1877 1101 1954 dissimulat,
1144 1887 1202 1938 et
1246 1878 1417 1937 nobis
1465 1879 1759 1956 imponere
1805 1887 2059 1938 cenatur.
2106 1879 2255 1936 Nam
2298 1878 2478 1936 verba
2506 1879 2749 1936 Concilii
2804 1899 2977 1958 supra

568 1958 745 2017 allata
770 1958 1077 2016 manifesta
1122 1968 1271 2035 sunt,
1298 1979 1426 2037 quae
1471 1960 1633 2018 nulia
1678 1959 1992 2037 sophistica
2024 1966 2265 2036 possunt
2293 1958 2467 2033 eludi,
2514 1961 2551 1991 ‘⁴
2571 1959 2783 2018 Nullus
2807 1959 2974 2019 dubi-

568 2038 730 2097 tandi
777 2037 941 2097 locus
989 2039 1348 2116 relinquitur,
1380 2041 1518 2118 quin
1549 2061 1749 2100 omnes
1800 2040 2015 2098 Christi
2060 2039 2274 2114 fideleS,
2305 2058 2409 2116 pre
2437 2059 2595 2097 mere
2624 2038 2684 2096 in
2714 2040 2979 2100 Ecclesia

568 2117 864 2177 Catholica
893 2139 1118 2196 semper
1164 2129 1410 2198 recepte,
1439 2121 1576 2180 huic
1626 2120 1988 2180 sanctissime
2018 2129 2372 2178 sacramento
2399 2118 2581 2177 latriae
2612 2119 2847 2196 cultum,
2878 2121 2979 2197 qui

565 2219 705 2258 vere
736 2200 863 2258 Deo
891 2199 1148 2270 debetur,
1179 2201 1509 2261 adhibeant.
1555 2203 1675 2261 Nee
1705 2201 1857 2260 enim
1886 2201 2077 2259 minus
2107 2209 2195 2259 est
2222 2199 2593 2276 adorandum,
2624 2200 2781 2278 quod
2808 2200 2981 2261 fuerit

565 2301 600 2338 a
631 2281 880 2340 Domine
903 2280 1247 2357 institutum,
1279 2301 1414 2339 nam
1439 2282 1602 2341 illum
1636 2281 1885 2340 eundum
1930 2281 2115 2340 Deum
2145 2288 2487 2358 praesentem
2515 2280 2574 2337 in
2602 2300 2672 2339 ee
2697 2301 2826 2340 esse
2856 2303 2975 2341 cre-

568 2358 817 2435 dimus,''
843 2357 950 2418 &c.
985 2360 1100 2419 Ubi
1131 2360 1343 2420 diserte
1373 2373 1563 2438 patres
1591 2362 1857 2421 sanciunt
1884 2361 2237 2421 adorandum
2268 2380 2383 2419 nen
2411 2369 2631 2420 tantum
2666 2361 2973 2438 Christum,

568 2440 672 2498 sed
700 2449 1118 2498 sacramentum
1151 2441 1337 2518 ipsum
1366 2441 1426 2500 in
1455 2462 1570 2520 que
1607 2463 1861 2520 praesens
1890 2441 2116 2518 dicitur,
2161 2451 2220 2501 et
2257 2441 2411 2518 qued
2441 2442 2515 2500 ab
2544 2441 2669 2520 ipse
2694 2451 2786 2501 est
2812 2443 2975 2501 insti-

567 2527 775 2579 tutum.
840 2520 926 2579 At
955 2541 1091 2578 num
1123 2521 1385 2581 Christus
1412 2523 1474 2580 in
1505 2543 1565 2582 se
1594 2523 1721 2600 ipso
1750 2543 2005 2601 praesens
2035 2531 2139 2598 est,
2171 2521 2451 2600 numquid
2482 2522 2542 2579 in
2572 2533 2927 2581 sacramente
2948 2527 2977 2581 t>

569 2600 724 2658 Num
781 2611 870 2658 est
918 2600 1103 2677 ipsum
1152 2611 1588 2678 sacramentum,
1640 2604 1737 2661 vel
1785 2603 1931 2661 nihil
1979 2603 2055 2661 ad
2098 2611 2515 2662 sacramentum
2561 2603 2808 2679 pertinet
2864 2604 2976 2662 nisi

571 2679 834 2739 Christus
853 2683 884 2738 P
925 2681 1130 2740 Nonne
1161 2701 1234 2740 ex
1261 2683 1520 2760 ipsorum
1549 2684 1722 2743 etiam
1746 2683 2053 2761 hypothesi
2073 2703 2147 2741 ex
2167 2683 2396 2743 Christe
2424 2691 2483 2742 et
2511 2684 2812 2761 speciebus
2838 2703 2973 2742 con·

569 2769 683 2821 stat
703 2763 732 2819 P
775 2760 978 2838 Itaque
1007 2781 1123 2819 nen
1153 2769 1374 2821 tantum
1403 2783 1524 2822 rem
1555 2764 1913 2838 sacramenti,
1934 2764 2029 2822 vel
2050 2764 2339 2822 Christum
2370 2764 2431 2821 in
2460 2764 2840 2840 Eucharistia,
2872 2764 2975 2823 sed

567 2841 751 2918 ipsam
816 2841 986 2900 etiam
1041 2842 1462 2902 Eucharistiam
1507 2845 1769 2903 aderant.
1822 2845 2034 2903 Fateor
2077 2843 2511 2902 fundamentum
2560 2845 2728 2903 istius
2772 2843 2972 2902 adera-

565 2922 739 2981 tionis
788 2922 1102 2982 secundum
1149 2923 1306 3002 ipses
1350 2925 1467 3003 peti
1518 2946 1553 2983 a
1597 2925 1844 3002 Christe,
1902 2925 2003 3002 qui
2051 2924 2263 2984 dicitur
2318 2925 2426 2982 sub
2475 2925 2775 3002 speciebus
2836 2945 2974 2983 cen-

563 3002 749 3079 tineri,
795 3003 898 3062 sed
952 3004 1063 3063 hoc
1109 3025 1223 3063 non
1279 3006 1486 3081 obstat,
1546 3007 1688 3084 quin
1732 3006 2123 3064 adorationem
2180 3005 2363 3084 ipsam
2418 3004 2493 3062 ad
2548 3013 2731 3065 totum
2788 3023 2974 3063 saera-

565 3093 840 3220 gientum,
907 3093 968 3143 et
1023 3105 1127 3162 per
1168 3106 1526 3164 consequens
1568 3086 1641 3145 ad
1704 3087 1860 3165 ipsas
1902 3087 2122 3164 species
2164 3093 2433 3144 externas
2474 3084 2734 3144 visibiles
2774 3095 2979 3144 exten-

607 3172 723 3221 ant.

649 3241 766 3297 IX.
813 3241 980 3312 Quod
1009 3242 1058 3298 si
1087 3243 1276 3300 minus
1305 3246 1472 3302 nobis
1500 3245 1560 3301 in
1586 3246 1697 3303 hac
1724 3253 1885 3321 parte
1908 3245 2178 3317 creditur,
2208 3243 2581 3302 consulantur
2599 3244 2873 3322 praecipui
2903 3267 2979 3304 ex

567 3318 889 3376 Pontificiis
919 3319 1268 3396 doctoribuS,
1301 3323 1400 3398 qui
1429 3343 1554 3380 eam
1586 3343 1712 3381 esse
1754 3324 2030 3380 Ecclesiae
2060 3344 2178 3381 suae
2206 3332 2473 3396 mentem,
2502 3331 2565 3382 et
2604 3324 2831 3401 praxim
2858 3346 2977 3386 nou

567 3397 950 3456 dissimulant.
1005 3397 1298 3458 Audiatur
1313 3401 1436 3478 ipse
1465 3403 1743 3459 Bellarm.
1772 3402 1874 3460 lib.
1898 3402 1977 3459 iv.
2008 3403 2079 3460 de
2104 3401 2483 3478 Eucharistia‚
2514 3423 2639 3482 cap.
2671 3407 2766 3481 25,
2800 3407 2839 3438 “
2862 3407 2975 3466 Fa-

567 3487 758 3537 temur
808 3486 1226 3536 sacramentum
1276 3479 1464 3557 ipsum
1512 3501 1639 3540 esse
1690 3481 2061 3556 adorandum,
2114 3491 2179 3540 ut
2224 3481 2544 3542 Concilium
2573 3484 2974 3546 Tridentinum

565 3557 836 3634 loquitur,
867 3577 1000 3615 nam
1031 3558 1140 3619 etsi
1169 3560 1330 3618 cultu
1377 3560 1561 3619 latriae
1606 3560 1852 3620 dicimus
1910 3581 2013 3639 per
2054 3583 2115 3622 se
2144 3571 2203 3622 et
2248 3562 2475 3640 proprie
2515 3565 2807 3626 Christum
2848 3587 2977 3627 esse

565 3637 940 3712 adorandum,
999 3647 1193 3700 tamen
1247 3661 1374 3699 eam
1423 3641 1819 3701 adorationem
1867 3641 1942 3700 ad
1992 3644 2255 3722 symbola
2296 3643 2467 3702 etiam
2523 3647 2689 3724 panis
2744 3655 2803 3706 et
2850 3649 2975 3706 vini

563 3718 864 3798 pertinere,
897 3727 1181 3796 quatenus
1203 3722 1712 3798 apprehenduntur
1738 3731 1804 3783 ut
1830 3743 2009 3783 unum
2038 3724 2178 3803 quid
2200 3745 2331 3784 cum
2360 3725 2649 3803 Christe,”
2682 3725 2788 3786 810.
2847 3728 2973 3787 Au·

565 3799 755 3858 diatur
791 3800 1091 3860 Suaresim
1139 3801 1199 3858 in
1229 3804 1264 3860 3
1295 3801 1498 3861 Them.
1531 3823 1586 3880 q.
1619 3807 1716 3864 79.
1747 3812 1852 3863 art.
1885 3807 1939 3879 8,
1979 3805 2303 3864 “Ecclesia
2338 3814 2524 3866 totum
2554 3817 2973 3866 sacramentum

562 3879 779 3956 adorat,
829 3887 888 3938 et
937 3879 1155 3940 Concil.
1205 3881 1606 3942 Tridentinum
1650 3905 1767 3943 nen
1796 3885 1905 3944 sub
1944 3886 2175 3944 nemine
2205 3886 2436 3960 Christi,
2482 3886 2584 3947 sed
2614 3890 2971 3964 sacramenti,

551 3961 732 4019 decet
780 3959 1136 4020 adorandum
1185 3981 1312 4020 esse
1340 3963 1450 4022 hec
1496 3965 1921 4024 sanctissimum
1972 3967 2451 4043 sacramentum,’'
2492 3977 2549 4026 et
2592 3968 2776 4027 fusius
2822 3969 2975 4028 hanc

562 4040 804 4100 eandem
827 4041 1170 4101 sententiam
1200 4043 1514 4121 explicans,
1577 4048 1611 4078 ‘⁴
1638 4046 1768 4104 Hoc
1816 4053 2001 4105 totum
2031 4055 2449 4106 sacramentum
2476 4056 2669 4126 petest
2696 4067 2812 4107 nne
2839 4059 2973 4109 actu

561 4121 804 4197 adorari,
855 4141 970 4200 que
1007 4123 1194 4201 prime
1236 4132 1294 4183 et
1333 4145 1437 4202 per
1465 4145 1526 4182 se
1569 4125 1843 4186 adoratur
1870 4126 2150 4202 Christus,
2182 4127 2284 4204 qui
2310 4133 2401 4186 est
2426 4128 2661 4187 unicum
2710 4131 2971 4207 supposi-

560 4213 684 4262 tum
710 4201 885 4280 hujus
915 4204 1274 4278 sacramenti,
1307 4202 1380 4262 ad
1408 4205 1565 4281 qued
1593 4226 1696 4282 per
1744 4225 1805 4264 se
1834 4205 2020 4265 tendit
2048 4207 2325 4283 adoratio,
2370 4206 2753 4268 coadorantur
2780 4219 2973 4269 autem

559 4281 780 4358 species
807 4291 1080 4360 tanquam
1112 4283 1342 4343 Christe
1369 4285 1709 4362 conjunctae,
1755 4293 1969 4344 etcum
2010 4286 2111 4345 illo
2158 4307 2337 4346 unum
2381 4289 2797 4348 constituunt.''
2842 4291 2973 4350 Imo

561 4359 803 4420 ulterius
849 4363 1230 4440 progreditur,
1254 4373 1391 4423 sect.
1423 4369 1478 4438 2,
1515 4367 1550 4396 “
1569 4364 1699 4423 Etsi
1723 4365 1943 4442 species
1959 4386 2253 4444 nunquam
2277 4388 2379 4445 per
2400 4389 2461 4428 se
2483 4377 2655 4446 atque
2684 4369 2977 4448 disjuncte

559 4449 691 4498 actu
721 4437 1047 4515 adorentur,
1081 4443 1183 4500 sed
1237 4444 1572 4503 adoratione
1619 4445 1804 4504 latriae
1852 4445 2119 4506 absoluta
2158 4456 2219 4506 et
2270 4447 2525 4526 perfecta
2572 4450 2858 4510 ordinarie
2914 4460 2974 4512 et

560 4517 902 4596 regulariter
929 4521 1310 4582 coadorentur
1337 4545 1468 4583 eum
1499 4525 1748 4601 Christe,
1782 4526 1932 4585 sicut
1973 4547 2106 4587 care
2134 4527 2478 4588 coadoratur
2504 4550 2635 4589 cum
2657 4531 2875 4606 Verbe,
2924 4533 2974 4592 si

559 4599 690 4677 quis
719 4607 910 4657 tamen
935 4599 1078 4658 velit
1107 4611 1298 4662 mente
1327 4604 1663 4682 disjungere
1691 4625 1820 4684 quoe
1848 4607 1909 4664 in
1936 4627 1997 4666 re
2036 4609 2345 4684 conjuncta
2390 4617 2541 4686 sunt,
2588 4611 2745 4687 qued
2790 4613 2976 4690 possit

558 4680 713 4744 solas
745 4677 964 4756 species
993 4679 1291 4756 adorare,’'
1317 4683 1479 4742 addit
1500 4685 1754 4762 quidem,
1802 4689 1838 4720 ‘⁴
1860 4687 2035 4746 talem
2074 4687 2469 4748 adorationem
2496 4710 2615 4749 non
2642 4711 2813 4768 posse
2842 4712 2973 4752 csse
