3234 5192
578 305 697 365 400
1130 319 1209 360 nr.
1238 315 1717 362 ss‘risracnoms
1745 313 1982 360 cnatsri
2011 315 2426 360 nscsssinra.
2613 297 2875 383 [meror.
2909 321 2990 363 xi.

571 469 839 522 mentum
866 464 1129 521 addatur
1154 457 1720 520 comminationibus
1740 460 1838 516 vel
1864 458 2170 534 promissis
2203 458 2268 516 in
2297 459 2537 535 signum
2583 461 2982 524 immutabilis

570 541 921 613 voluntatis,
968 559 1111 600 nam
1151 540 1429 617 quamvis
1468 543 1716 613 propter
1759 536 2170 597 infirmitatem
2215 543 2482 597 nostram
2509 538 2666 598 illud
2719 542 2983 600 addatur

570 620 954 694 quandoque,
983 637 1107 677 non
1133 619 1335 677 minus
1360 615 1728 693 impossibile
1753 622 1846 674 est
1871 621 2072 674 tamen
2101 615 2302 674 Deum
2328 617 2570 675 mentiri
2595 635 2734 677 cum
2757 619 2978 696 loquu-

566 703 667 756 tus
692 705 783 756 est
808 697 1168 774 simpliciter,
1198 715 1385 772 quam
1416 713 1554 754 cum
1588 693 1940 767 juramento
1969 712 2036 754 se
2087 693 2426 768 adstrinxit,
2453 694 2614 754 Heb.
2643 697 2722 756 vi.
2757 697 2849 770 17,
2883 700 2975 758 18.

566 774 620 833 5.
663 775 809 835 Non
837 777 1143 835 videretur
1168 793 1367 834 carere
1398 771 1676 833 absoluta
1717 772 2033 830 criminum
2079 771 2408 848 impunitas
2433 780 2496 832 et
2541 776 2863 836 sanctionis
2888 778 2976 835 le-

562 855 719 928 galis
737 855 1069 929 abrogatio,
1098 855 1302 931 aliqua
1326 850 1716 928 turpitudine,
1747 851 1943 927 qualis
1969 857 2075 922 est,
2103 851 2168 910 in
2189 857 2414 910 rectore
2441 858 2502 910 et
2537 853 2764 928 judice,
2793 856 2974 914 officii

562 933 729 1007 quod
754 950 1023 990 exercere
1049 933 1228 991 debet
1252 933 1315 990 in
1344 930 1569 990 ordinis
1594 928 2042 988 conservatione
2069 931 2324 988 desertio
2351 937 2414 990 et
2439 939 2832 1008 contemptus.

643 1010 996 1069 XXXVII.
1038 1011 1095 1069 6.
1142 1009 1649 1070 Comminationes
1701 1026 1824 1066 non
1889 1008 2066 1065 aliter
2115 1015 2259 1066 sunt
2309 1009 2740 1084 dispensabiles
2785 1031 2970 1088 quam

560 1087 703 1164 ipsae
730 1090 893 1164 leges
920 1089 1137 1166 quibus
1163 1106 1414 1147 annexae
1442 1092 1601 1158 sunt,
1631 1093 1694 1144 at
1719 1088 1863 1144 solas
1890 1087 2054 1162 leges
2073 1087 2338 1161 positivoe
2376 1087 2807 1148 relaxationem
2832 1111 2968 1168 pos-

561 1173 703 1225 sunt
729 1167 1062 1240 admittere,
1092 1185 1216 1226 non
1242 1184 1385 1225 vero
1406 1168 1507 1224 lex
1534 1164 1831 1222 naturalis
1847 1184 1983 1240 quae
2011 1164 2076 1222 in
2101 1163 2234 1240 ipsa
2259 1165 2376 1224 Dei
2401 1167 2712 1225 sanctitate
2741 1175 2802 1226 et
2829 1169 2966 1244 jus-

558 1244 691 1304 titia
714 1245 1019 1306 fundatur.
1063 1245 1121 1310 7.
1143 1245 1361 1322 Neque
1386 1244 1485 1303 hic
1502 1245 1686 1320 juvat
1711 1245 1872 1319 quod
1899 1243 2075 1301 aiunt
2122 1242 2322 1302 Deum
2375 1245 2486 1302 sub
2513 1245 2716 1304 aliena
2767 1255 2964 1322 potes-

556 1329 681 1381 tate
734 1342 857 1382 non
911 1343 1035 1384 esse
1082 1325 1517 1394 constitutum;
1572 1321 1636 1380 N
1641 1340 1740 1380 am
1765 1323 1905 1380 licet
1930 1339 2050 1379 non
2080 1320 2158 1379 sit
2183 1322 2296 1380 sub
2323 1322 2522 1382 aliena
2547 1324 2680 1398 lege
2706 1325 2962 1400 positus,

555 1403 718 1459 unde
744 1421 865 1460 non
892 1410 1091 1478 potest
1115 1422 1156 1461 a
1180 1401 1475 1479 superiori
1501 1408 1561 1460 et
1586 1403 1918 1460 extrinseco
1939 1398 2258 1476 prohiberi,
2282 1401 2430 1477 quin
2447 1401 2496 1458 si
2523 1402 2708 1460 vellet
2726 1404 2962 1465 relaxan-

553 1479 779 1539 tionem
803 1482 973 1540 illam
1001 1481 1409 1540 omnimodam
1435 1482 1802 1551 concederet,
1833 1485 2034 1539 tamen
2063 1477 2176 1536 sibi
2199 1477 2318 1554 ipsi
2345 1479 2444 1538 lex
2471 1487 2580 1552 est,
2609 1498 2718 1538 nec
2743 1486 2959 1544 sancti-

550 1559 709 1631 tatis,
737 1561 1107 1631 constantiae,
1134 1567 1197 1618 et
1221 1558 1485 1618 veritatis
1502 1559 1658 1617 ratio
1683 1558 1927 1634 patitur,
1957 1562 2028 1615 ut
2053 1574 2093 1614 a
2119 1557 2375 1631 justitiae
2403 1575 2615 1616 norma
2640 1561 2820 1618 semel
2847 1581 2956 1637 po-

551 1637 667 1696 sita
711 1638 809 1694 vel
854 1639 1165 1696 tantillum
1206 1638 1499 1708 deflectat,
1536 1637 1701 1694 unde
1748 1635 2261 1712 quemadmodum
2304 1654 2426 1693 non
2471 1643 2666 1711 potest
2689 1637 2951 1713 seipsum

548 1713 864 1789 abnegare,
891 1716 979 1773 ita
1002 1733 1113 1773 nec
1137 1716 1424 1774 adversus
1439 1714 1744 1790 justitiam
1779 1714 2104 1790 quicquam
2131 1713 2498 1773 committere
2521 1713 2668 1789 legis
2693 1717 2952 1776 sanctio-

546 1809 687 1850 nem
727 1793 1113 1868 abrogand03
1156 1793 1224 1852 Si
1268 1811 1411 1868 ergo
1456 1793 1738 1872 quaedam
1785 1791 2050 1850 conditio
2089 1791 2204 1849 sub
2229 1792 2340 1850 illa.
2363 1792 2513 1868 legis
2532 1791 2830 1852 sanctione
2857 1795 2951 1854 in-

546 1869 877 1946 telligenda
902 1880 1069 1944 esset,
1098 1889 1327 1947 semper
1346 1873 1588 1930 deberet
1602 1871 1732 1928 fieri
1747 1871 1917 1929 salva
1937 1869 2052 1928 Dei
2069 1869 2327 1945 justitia,
2345 1889 2454 1930 nec
2469 1871 2590 1929 alia
2608 1877 2803 1946 potest
2823 1891 2950 1934 esse

542 1966 729 2023 quam
746 1951 891 2023 haec,
912 1969 1148 2026 poenam
1174 1951 1331 2008 hanc
1356 1949 1684 2008 necessario
1711 1949 2087 2007 subeundam
2113 1965 2238 2006 esse
2257 1949 2572 2025 peccatori,
2593 1948 2708 2008 nisi
2733 1952 2950 2012 vadem

543 2033 605 2084 et
630 2045 975 2103 sponsorem
1000 2030 1259 2104 reperiat
1284 2027 1389 2104 qui
1428 2045 1668 2103 poenam
1707 2027 1824 2103 ipsi
1849 2027 2114 2086 debitam
2139 2027 2202 2084 in
2240 2045 2303 2085 se
2321 2029 2595 2103 recipiat,
2625 2035 2687 2086 et
2712 2029 2794 2086 sic
2823 2049 2948 2089 om-

540 2105 645 2163 nia
668 2109 831 2166 mala
856 2127 967 2167 sua
992 2109 1239 2166 nomina
1264 2107 1587 2182 dispungat
1612 2107 1692 2164 ad
1721 2106 2005 2164 ultimum
2033 2122 2222 2181 usque
2251 2107 2664 2182 quadrantem.
2723 2106 2946 2167 Fateor

542 2183 741 2242 Deum
761 2186 1123 2262 poenitentiae
1150 2184 1419 2262 polliceri
1444 2185 1848 2243 remissionem
1891 2191 2288 2260 peccatorum,
2317 2185 2422 2242 sed
2447 2203 2572 2242 non
2599 2186 2868 2262 sequitur
2893 2189 2944 2246 si

540 2263 669 2321 haec
708 2283 747 2321 a
784 2271 955 2340 parte
976 2265 1165 2323 nostri
1209 2261 1534 2339 requiritur
1580 2265 1877 2321 duntaxat
1903 2263 1982 2322 ad
2009 2260 2416 2320 remissionem
2443 2265 2940 2340 consequendam,

539 2341 617 2398 ab
642 2340 753 2398 illa
778 2344 907 2400 sola
932 2345 1187 2417 pendere
1213 2344 1329 2400 boc
1354 2341 1708 2400 beneficium
1733 2347 1794 2398 et
1819 2339 2296 2400 comminationis
2339 2340 2788 2417 relaxationem,
2817 2344 2939 2403 imo

538 2435 677 2476 cum
702 2420 1106 2494 resipiscentia
1129 2423 1310 2478 fidem
1358 2437 1590 2494 semper
1615 2419 1895 2478 comitem
1920 2418 2140 2494 exigat,
2167 2418 2316 2476 fides
2341 2437 2484 2476 vero
2505 2431 2807 2495 supponat
2832 2441 2938 2480 ne-

537 2496 789 2554 cessario
818 2498 1285 2557 satisfactionem
1312 2497 1577 2572 aliquam
1602 2497 1891 2574 praeviam
1917 2515 2102 2574 quam
2129 2496 2245 2555 sibi
2272 2497 2532 2571 applicet
2555 2517 2758 2557 coram
2785 2499 2938 2572 Deo,

538 2573 679 2632 inde
705 2576 1011 2652 colligitur
1036 2595 1159 2636 non
1186 2593 1359 2654 posse
1386 2575 1521 2633 tolli
1537 2577 1908 2635 sanctionem
1933 2575 2048 2634 nisi
2075 2575 2246 2634 salva
2287 2567 2402 2633 Dei
2419 2575 2660 2651 justitia
2686 2583 2748 2635 et
2771 2578 2940 2636 satis-

534 2651 791 2712 factione
816 2656 1233 2716 intercedente.

616 2732 1010 2794 XXXVIII.
1055 2735 1138 2795 Et
1182 2753 1325 2795 sane
1366 2736 1417 2795 si
1460 2736 1688 2796 sanctio
1735 2737 1846 2794 illa
1891 2733 2232 2793 relaxabilis
2265 2741 2437 2807 esset,
2465 2736 2564 2793 vel
2589 2736 2934 2796 relaxabilis

533 2818 685 2871 esset
704 2815 929 2890 exlege
943 2815 1043 2872 vel
1062 2831 1139 2872 ex
1159 2814 1508 2890 Evangelio.
1536 2815 1685 2874 Non
1701 2833 1778 2872 ex
1799 2815 1980 2889 Lege,
1997 2813 2145 2889 quia
2163 2813 2550 2872 inexorabilis
2574 2814 2684 2872 illa
2701 2823 2763 2874 et
2779 2817 2936 2874 dura

533 2889 795 2952 Domina
820 2894 1229 2952 omnimodam
1272 2894 1676 2952 obedientiam
1720 2893 2004 2968 postulat,
2031 2891 2130 2948 vel
2171 2909 2374 2967 poenas
2401 2893 2936 2968 transgressoribus

531 2969 868 3042 denunciat,
896 2973 1174 3048 nuspiam
1208 2990 1351 3030 vero
1400 2972 1657 3047 gratiam
1683 2973 1877 3030 ullam
1902 2969 2223 3046 nequidem
2258 2971 2568 3045 poenitenti
2595 2971 2930 3047 pollicetur,

532 3064 671 3104 cum
686 3051 1095 3122 poenitentiam
1112 3069 1225 3110 nec
1242 3050 1407 3110 norit
1427 3069 1537 3109 nec
1556 3051 1759 3125 exigat
1777 3049 2014 3125 proprie
2035 3067 2104 3106 ac
2123 3065 2231 3122 per
2255 3065 2334 3105 se.
2375 3047 2524 3106 Non
2551 3067 2626 3107 ex
2655 3049 2932 3126 Evange-

530 3125 632 3194 lio,
656 3131 691 3160 ‘⁴
709 3128 853 3202 quia
872 3130 969 3186 lex
992 3147 1115 3186 non
1136 3130 1369 3188 inutilis
1397 3130 1672 3187 redditur
1705 3147 1812 3204 per
1831 3129 2010 3186 fidem
2031 3128 2136 3185 sed
2151 3125 2492 3203 stabilitur‚'
2499 3127 2512 3155 ’
2533 3127 2710 3186 Rom.
2721 3147 2804 3186 m
2829 3128 2928 3200 31,

526 3209 590 3259 et
617 3203 885 3262 Christus
904 3207 1069 3264 venit
1109 3225 1232 3265 non
1260 3209 1339 3265 ad
1364 3225 1499 3264 eam
1518 3207 1931 3282 abrogandam
1956 3206 2059 3263 sed
2078 3205 2466 3279 implendam,
2493 3205 2716 3266 Matth.
2746 3226 2800 3264 v.
2834 3207 2927 3271 17.

533 3278 771 3354 Quippe
814 3283 924 3339 etsi
966 3285 1185 3342 modus
1216 3285 1664 3359 justificationis
1713 3291 1932 3343 nostrae
1959 3290 2020 3342 et
2065 3283 2273 3342 salut-is
2299 3283 2636 3342 obtinendae
2665 3292 2932 3344 mutetur

526 3357 592 3413 in
636 3355 857 3416 foedere
898 3361 1105 3434 gratiss
1150 3381 1287 3419 cum
1334 3381 1459 3420 non
1500 3363 1760 3438 amplius
1801 3380 1908 3436 per
1953 3362 2258 3438 propriam
2283 3361 2686 3421 obedientiam
2710 3382 2928 3439 propo-

528 3440 712 3492 natur
750 3437 1127 3513 acquirenda„
1182 3447 1253 3498 ut
1298 3441 1413 3497 sub
1461 3444 1614 3514 lege,
1659 3441 1762 3498 sed
1817 3459 1923 3515 per
1973 3439 2252 3511 alienam,
2289 3439 2448 3498 idem
2495 3446 2695 3499 tamen
2724 3451 2928 3500 manet

526 3515 845 3591 utrobique
898 3517 1291 3577 absolutionis
1332 3524 1551 3576 nostrae
1596 3517 2076 3589 fundamentum,
2131 3517 2391 3594 perfecta
2442 3517 2726 3578 nimirum
2774 3521 2926 3595 legis

522 3591 810 3731 ἰὸῐιέίἱοῐίο,
840 3603 1081 3730 {reptet
1106 3615 1289 3673 quam
1336 3613 1570 3656 necesse
1614 3595 1736 3654 fuit
1763 3595 2068 3656 Christum
2112 3597 2242 3656 fieri
2285 3601 2379 3657 ὕει-ὃ
2409 3597 2544 3674 ,ἐμοι
2569 3606 2632 3658 et
2673 3600 2922 3679 navigan,

651 3716 665 3729 .
694 3673 774 3730 iii.
809 3674 839 3732 1
886 3717 901 3745 ,
930 3682 991 3732 et
1018 3675 1095 3734 iv.
1124 3675 1181 3734 4.

608 3751 919 3812 XXXIX.
969 3753 1186 3830 Neque
1228 3755 1291 3813 id
1332 3755 1533 3832 ipsum
1578 3775 1656 3814 ex
1701 3755 2062 3815 remissionis
2108 3773 2292 3835 quam
2329 3757 2656 3832 quaerimus
2703 3765 2924 3816 natura

522 3832 905 3907 comprobare
940 3840 1030 3891 est
1070 3833 1346 3911 difficile;
1395 3851 1538 3892 nam
1578 3853 1716 3894 cum
1758 3836 1889 3911 ipsa
1913 3835 1992 3894 sit
2017 3846 2180 3894 actm
2193 3835 2643 3910 jurisdictioni&
2672 3836 2918 3894 omnino

518 3909 616 3967 hic
642 3909 1005 3970 intercedere
1050 3931 1284 3971 necesse
1310 3919 1400 3972 est
1424 3913 1521 3988 vel
1549 3913 1690 3990 1⁶91}
1724 3914 2176 3990 abroqationem,
2205 3914 2300 3970 vel
2329 3913 2794 3985 declarationem,
2825 3916 2920 3972 vel

520 3989 1023 4065 dispensationem,
1067 3993 1165 4050 vel
1210 3993 1470 4068 denique
1514 3993 1910 4063 evocationem,
1958 3991 2086 4050 istis
2109 3991 2272 4048 enim
2306 3991 2501 4050 modis
2544 3992 2739 4066 judex
2765 3993 2920 4051 circa

519 4067 745 4143 Legem
768 4069 1017 4146 ejusque
1038 4071 1399 4130 sanctionem
1421 4077 1619 4145 potest
1634 4070 1874 4129 versari.
1905 4069 2026 4128 Hic
2045 4075 2249 4128 autem
2265 4070 2570 4145 abroqatio
2585 4072 2787 4129 locum
2807 4072 2915 4128 ha-

516 4145 655 4205 bere
677 4165 800 4205 non
839 4155 1053 4224 potest,
1096 4168 1239 4209 nam
1258 4157 1659 4227 praeterquam
1695 4151 1861 4225 quod
1891 4149 2114 4224 Legem
2141 4166 2247 4222 per
2270 4147 2572 4207 Christum
2591 4167 2714 4206 non
2742 4151 2920 4206 abro-

514 4225 647 4298 gari
673 4225 953 4304 diximus,
982 4229 1033 4287 si
1058 4230 1349 4304 abrogata
1383 4236 1535 4287 esset
1578 4229 1814 4286 nullam
1855 4227 2102 4285 baberet
2141 4227 2401 4302 amplius
2443 4227 2567 4284 vim
2609 4227 2920 4302 obligandi

516 4319 653 4360 cum
678 4309 879 4363 tamen
906 4313 1133 4366 certum
1160 4309 1237 4368 sit
1260 4307 1529 4367 infideles
1554 4307 1754 4366 adbuc
1795 4306 1888 4363 illi
1913 4305 2202 4364 obnoxios
2219 4323 2362 4364 esse.
2445 4303 2591 4362 Non
2621 4313 2711 4363 est
2735 4304 2918 4362 etiam

518 4379 837 4440 declaratio
864 4397 970 4443 aut
994 4387 1417 4462 interpretatio,
1448 4405 1589 4444 nam
1614 4384 1940 4444 declaratio
1965 4384 2073 4442 illa
2121 4385 2385 4442 ostendit
2411 4383 2659 4458 aliquod
2685 4383 2918 4442 sactum

514 4463 625 4514 aut
648 4477 962 4531 personam
989 4465 1103 4522 sub
1130 4465 1309 4540 Legis
1351 4465 1721 4539 obligatione
1742 4481 2055 4539 nunquam
2079 4461 2264 4520 fuisse
2289 4463 2794 4536 comprehensam,
2823 4467 2916 4532 ut,

516 4533 737 4592 Matth.
766 4537 870 4594 xii.
898 4539 956 4610 5,
1009 4541 1280 4600 Christus
1334 4545 1758 4617 interpretatur
1779 4543 2004 4616 Legem
2027 4543 2172 4599 dum
2191 4541 2452 4598 ostendit
2477 4557 2660 4615 opera
2685 4540 2915 4598 miseri-

514 4613 730 4671 cordiae
775 4620 837 4671 et
876 4618 1181 4692 religionis
1222 4621 1334 4677 sub
1380 4621 1697 4680 interdicto
1741 4637 1990 4694 operum
2017 4619 2082 4676 in
2127 4619 2432 4678 Sabbatho
2461 4635 2584 4677 non
2611 4618 2794 4678 fuisse
2817 4617 2914 4676 in-
