3234 5192
842 960 1543 1043 1>1sPUTAT10
1628 964 2094 1079 (11111111Ξ

1346 1256 1479 1303 QUAE
1520 1254 1630 1295 Es‘r

618 1490 775 1579 DE
858 1489 1660 1582 TYRANNIDE
1765 1487 2353 1583 ROMANA.

1298 1765 1694 1775 ———-

680 1948 1069 2025 Respondente
1114 1948 1365 2006 Basaro
1410 1948 1499 2005 LA
1544 1949 1898 2007 enimin-:1³2
1941 1944 2281 2005 Privatemi.

356 2129 413 2187 1.
460 2128 545 2188 Ut
572 2149 713 2187 vera
762 2130 977 2191 Christi
1028 2132 1293 2191 Ecclesia.
1338 2132 1523 2190 tribus
1572 2131 1858 2209 praecipue
1906 2128 2168 2206 partibus
2213 2128 2596 2202 constituitur,
2643 2136 2701 2186 et

266 2208 523 2267 totidem
553 2208 735 2267 veluti
764 2211 1191 2270 characteribus
1238 2211 1662 2283 internoscitur,
1705 2210 1967 2282 Ver-itate,
2023 2210 2256 2283 R‘etate,
2289 2216 2348 2266 et
2395 2208 2696 2279 Libertate,

268 2288 527 2346 veritate
556 2288 615 2345 in
644 2291 945 2366 Doctrina,
992 2292 1205 2368 pietate
1238 2290 1299 2348 in
1348 2292 1534 2364 Cultu,
1566 2300 1625 2349 et
1651 2290 1918 2349 libertate
1964 2288 2026 2345 in
2074 2288 2380 2364 Reqimine,
2425 2287 2508 2345 ita
2555 2287 2702 2344 falsa

270 2368 470 2426 tribus
524 2368 887 2444 potissimum
926 2372 1078 2429 notis
1127 2370 1409 2447 distingui
1455 2372 1617 2443 solet,
1651 2371 1892 2443 Haeresi,
1944 2387 2074 2445 quae
2124 2368 2429 2427 veritatem
2472 2366 2698 2441 evertit,

270 2447 645 2523 Idololatria,
698 2468 827 2526 quae
875 2451 1105 2526 pietatis
1151 2460 1208 2509 et
1256 2452 1446 2509 cultus
1493 2450 1800 2527 puritatem
1866 2449 2195 2525 corrumpit,
2248 2458 2306 2506 et
2359 2448 2699 2523 Z‘jyrannide,

274 2546 417 2604 quae
471 2526 769 2603 regiminis
810 2531 1155 2589 suavitatem
1184 2538 1241 2589 et
1278 2530 1602 2589 libertatem
1650 2529 1939 2607 opprimit.
2024 2526 2518 2601 Quemadmodum
2549 2526 2704 2584 enim

273 2606 532 2683 Spiritus
564 2608 787 2684 Christi,
819 2610 919 2685 qui
947 2632 981 2666 a
1007 2610 1193 2687 capite
1222 2620 1405 2669 totum
1436 2630 1644 2687 corpus
1672 2609 1982 2685 mysticum
2007 2606 2276 2685 pervadit
2323 2617 2381 2666 et
2424 2607 2701 2675 vivificat,

276 2686 569 2762 triplicem
600 2688 747 2746 solet
774 2688 1293 2748 nomenclationem
1322 2691 1513 2748 sortiri
1542 2710 1576 2747 a
1620 2690 1849 2765 triplici,
1883 2708 2054 2764 quem
2101 2687 2161 2744 in
2205 2686 2373 2745 nobis
2417 2686 2700 2763 producit,

276 2765 511 2840 affectu,
542 2766 789 2841 Spiritus
816 2770 1079 2844 veritatis,
1112 2770 1251 2828 Joh.
1281 2770 1403 2827 xiv.
1434 2774 1522 2843 17,
1549 2778 1607 2827 et
1647 2768 1950 2844 sapientiae,
1978 2768 2128 2843 Eph.
2160 2767 2197 2823 i.
2233 2770 2322 2839 17,
2355 2766 2454 2841 qui
2482 2774 2706 2822 mentes

280 2854 513 2905 nostras
541 2846 829 2906 illuminat
856 2848 931 2907 ad
952 2850 1339 2925 cognitionem
1362 2850 1485 2906 veri
1509 2871 1523 2923 ς
1573 2848 1822 2923 Spiritus
1848 2846 2172 2917 sanct-itatis,
2200 2844 2354 2901 Psal.
2385 2843 2445 2900 li.
2482 2847 2572 2916 11,
2604 2842 2706 2917 qui

282 2924 463 2984 corda
513 2926 834 2986 sanctificat
871 2936 931 2986 et
974 2929 1221 3005 impellit
1300 2928 1376 2985 ad
1414 2928 1639 3005 praxim
1685 2927 1862 2997 boni3
1913 2934 1971 2983 et
2026 2924 2275 2999 Spiritus
2318 2923 2585 2979 libertatis
2647 2930 2706 2980 et

282 3006 622 3081 adoptionis,
674 3010 711 3064 2
743 3008 871 3067 Cor.
920 3008 999 3065 iii.
1036 3012 1127 3082 17,
1158 3006 1259 3085 (1111
1286 3008 1549 3065 homines
1576 3006 1800 3081 peccati
1829 3012 1888 3062 et
1930 3002 2162 3061 Diaboli
2193 3000 2470 3058 servitute
2499 3000 2706 3060 liberat

284 3085 423 3143 etin
453 3086 671 3161 regiam
698 3086 947 3146 filiorum
968 3088 1079 3146 Dei
1102 3087 1445 3164 dignitatem
1489 3084 1700 3157 evehit,
1735 3085 1818 3142 sic
1850 3082 2098 3161 Spiritus
2130 3079 2360 3139 Diaboli
2389 3088 2447 3137 et
2485 3080 2703 3156 mundi,

284 3164 387 3241 qui
414 3165 475 3221 in
503 3165 651 3223 salsa
680 3166 942 3225 Ecclesia
968 3176 1190 3244 regnat,
1230 3166 1416 3225 tribus
1464 3164 1794 3223 nominibus
1824 3163 1970 3221 solet
1998 3162 2057 3219 in
2091 3162 2386 3238 Scriptura
2413 3160 2706 3237 designari

284 3243 362 3302 ad
405 3243 665 3303 exitialia
706 3248 832 3323 ejus
860 3246 1063 3307 effecta
1105 3246 1484 3319 connotanda,
1516 3245 1762 3320 Spiritus
1788 3242 2080 3317 mendacii,
2121 3243 2164 3301 J
2168 3242 2261 3301 oh.
2306 3241 2426 3299 viii.
2467 3246 2563 3317 44,
2605 3241 2706 3319 qui

286 3322 547 3397 omnium
575 3344 827 3384 errorum
858 3336 918 3385 et
944 3328 1247 3385 haeresium
1278 3336 1367 3384 est
1400 3334 1602 3384 auctor
1618 3346 1634 3399 ;
1683 3324 1930 3401 Spiritus
1975 3324 2262 3397 immundi,
2290 3322 2389 3399 qui
2417 3322 2492 3379 ad
2520 3322 2706 3381 omnis

288 3402 521 3479 generis
550 3404 748 3463 sordes
775 3426 882 3464 nos
931 3406 1149 3479 incitat,
1184 3406 1393 3465 Matth.
1440 3424 1499 3463 x.
1542 3408 1592 3479 1,
1625 3413 1684 3463 et
1712 3404 1814 3461 xii.
1846 3407 1962 3477 433
2005 3413 2063 3462 et
2107 3403 2354 3481 Spiritus
2397 3404 2700 3477 homicidae,

285 3481 391 3557 qui
418 3484 723 3557 tyrannide
753 3493 810 3544 et
840 3486 1065 3545 saevitia
1092 3487 1304 3562 ubique
1334 3493 1645 3563 grassatur,
1682 3488 1710 3541 1
1744 3485 1786 3543 J
1791 3504 1919 3542 oan.
1949 3483 2030 3541 iii.
2066 3487 2157 3541 12.

370 3560 455 3618 ΙΙ.
502 3562 649 3622 Haee
676 3566 787 3623 tria
806 3576 999 3624 autem
1021 3566 1103 3625 ita
1130 3574 1265 3623 sunt
1287 3566 1489 3642 gravia
1512 3574 1569 3622 et
1587 3564 1928 3641 periculosa,
1951 3570 2017 3621 ut
2055 3565 2101 3621 si
2129 3584 2308 3623 unum
2339 3562 2432 3623 vel
2463 3562 2705 3624 alterum

290 3638 576 3701 duntaxat
602 3643 663 3701 in
692 3654 846 3704 coetu
873 3645 1085 3722 aliquo,
1131 3646 1229 3721 qui
1260 3646 1539 3704 Ecclesiae
1572 3644 1804 3702 nomine
1834 3644 2130 3721 gloriatur,
2180 3645 2454 3717 obtineat,
2506 3664 2703 3703 neces-

288 3720 441 3777 sario
468 3722 542 3779 ab
570 3722 672 3781 illo
698 3725 868 3783 nobis
898 3726 972 3783 sit
994 3722 1395 3801 secedendum,
1421 3744 1528 3783 nec
1549 3724 1670 3783 ulla
1698 3724 1881 3801 possit
1909 3742 2038 3781 cum
2089 3724 2189 3782 illo
2219 3722 2544 3781 communio
2574 3722 2703 3781 coli.

292 3798 442 3855 Nam
490 3802 542 3858 si
590 3810 836 3861 testatur
871 3806 1183 3881 apostolus,
1235 3805 1455 3863 nullam
1500 3804 1962 3863 communionem
2027 3822 2152 3861 esse
2202 3822 2370 3879 posse
2407 3802 2524 3860 luci
2574 3822 2706 3859 cum

292 3878 561 3953 tenebris,
613 3883 829 3960 templo
902 3886 1013 3943 Dei
1069 3904 1199 3942 cum
1256 3885 1445 3959 idolis,
1494 3895 1552 3943 et
1602 3884 1832 3943 Christo
1882 3903 2013 3942 cum
2063 3882 2268 3955 Belial,
2313 3880 2444 3957 quis
2493 3880 2708 3940 dixerit

292 3956 351 4013 in
379 3978 447 4016 ea
471 3960 734 4020 Ecclesia
760 3962 991 4022 fidelem
1020 3984 1249 4022 manere
1277 3984 1465 4041 posse,
1498 3984 1628 4042 quae
1661 3964 1758 4022 vel
1801 3962 2066 4022 haeresim
2097 3962 2348 4039 aliquam
2393 3958 2578 4037 docet,
2611 3959 2707 4018 vel

290 4035 615 4097 idolatriam
663 4040 838 4118 fovet,
890 4045 986 4102 vel
1034 4044 1398 4119 tyrannidem
1446 4046 1731 4121 usurpat?
1787 4044 1830 4104 J
1834 4064 1926 4102 am
1957 4044 2006 4101 si
2043 4042 2153 4101 tria
2181 4042 2292 4101 ista
2321 4040 2557 4099 seorsim
2591 4037 2704 4097 sin-

291 4116 431 4191 gula
450 4120 671 4193 justam
714 4130 773 4179 et
811 4124 1190 4181 necessariam
1220 4124 1526 4182 secedendi
1554 4144 1786 4182 causam
1831 4122 2105 4201 praebent,
2151 4118 2292 4199 quid
2334 4120 2459 4177 fieri
2499 4128 2705 4197 putan-

290 4195 429 4254 dum
467 4207 573 4272 est,
624 4201 857 4275 quando
885 4203 1077 4260 omnia
1104 4202 1265 4261 velut
1302 4204 1531 4279 agmine
1560 4202 1712 4261 facto
1742 4204 1910 4260 simul
1942 4209 2304 4275 concurrunt,
2337 4209 2395 4258 et
2423 4210 2705 4258 monstro-

294 4294 421 4332 sum
460 4298 669 4355 corpus
711 4300 786 4337 ex
843 4281 1049 4340 haeresi
1118 4283 1427 4357 teterrima,
1476 4282 1832 4340 crassissima
1896 4280 2236 4351 idololatria,
2285 4290 2344 4337 et
2401 4280 2706 4356 tyrannide

288 4354 595 4415 durissima
640 4360 950 4420 conflatum
996 4362 1399 4420 constituunt?
1469 4362 1616 4419 Haec
1665 4370 1857 4418 autem
1885 4378 2000 4417 11011
2040 4360 2276 4417 seorsim
2309 4368 2549 4431 tantum,
2601 4362 2708 4419 sed

293 4436 645 4511 conjunctim
674 4438 735 4495 in
776 4440 1039 4499 Ecclesia
1088 4440 1351 4498 Romana
1392 4460 1688 4498 occurrere
1735 4450 1902 4497 antea
1932 4438 2201 4513 diximu‘s,
2254 4450 2312 4498 et
2355 4442 2546 4517 quoad
2592 4442 2707 4499 dno

291 4514 476 4589 prima
503 4516 695 4592 capita
742 4520 1132 4596 probavimus
1244 4520 1502 4577 Tertium
1542 4540 1694 4577 nunc
1741 4528 2002 4595 superest
2049 4518 2120 4576 de
2171 4522 2485 4596 tyrannide,
2534 4543 2708 4598 quam

292 4592 657 4685 durissimam
680 4606 739 4656 et
755 4598 1169 4659 intolerandam
1200 4597 1259 4656 in
1292 4598 1512 4675 Papatu
1534 4598 1733 4675 vigere
1752 4598 2036 4657 ostensuri
2059 4619 2275 4676 sumus,
2296 4602 2552 4679 adeoque
2577 4621 2708 4661 cum

290 4671 558 4733 libertate
588 4676 913 4737 Christiana
941 4679 1109 4757 plane
1137 4703 1433 4738 mvnera».
1568 4688 1573 4695 ·

2267 4781 2304 4819 G·
