3234 5192
497 365 576 423 90
1223 380 1301 421 m:
1321 380 1685 423 NECESSARIA
1708 378 2054 422 ssesssxons
2541 358 2800 442 [msru‘r.
2830 380 2913 421 iv.

490 522 554 580 in
597 520 847 599 peccatis
887 521 932 580 J
933 520 1241 597 eroboami,
1274 522 1554 581 Bahalem
1586 521 1952 581 Sidoniorum
1983 523 2170 581 Deum
2200 530 2324 580 tum
2367 520 2491 599 ipse
2540 522 2734 597 coluit,
2786 531 2910 581 tum

492 602 621 660 aliis
664 601 968 661 colendum
994 602 1308 679 proposuit,
1346 606 1375 660 1
1409 602 1556 679 Reg.
1596 602 1719 660 xvi.
1756 604 1852 661 31.
1937 602 2032 660 Ex
2077 602 2287 678 quibus
2333 610 2560 661 constat
2585 602 2905 677 manifeste,

489 681 707 739 idolum
736 701 853 738 non
882 680 953 739 de
982 701 1041 739 re
1072 681 1216 739 falsa
1235 689 1475 756 tantum,
1509 682 1613 740 sed
1641 682 1713 740 de
1740 701 1802 740 re
1831 701 1969 740 vera
1997 682 2170 740 ctiam
2191 680 2324 740 dici.

572 760 786 819 XXV.
845 760 967 818 Nec
1000 761 1193 820 obstat
1235 760 1391 837 quod
1437 761 1665 838 Apost.,
1715 764 1744 817 1
1793 762 1921 820 Cor.
1966 761 2087 818 viii.
2123 766 2178 834 4,
2209 762 2418 819 idolum
2458 760 2600 819 dicit
2627 761 2767 818 nihil
2791 780 2906 819 esse

484 840 547 898 in
586 839 821 913 mund0,
866 841 975 897 hoc
1020 841 1173 898 enim
1222 860 1337 897 non
1382 840 1644 898 absolute
1682 849 1740 899 et
1769 840 2106 917 simpliciter
2143 840 2316 899 debet
2343 839 2592 916 intelligi
2618 841 2904 915 subjective

485 919 707 978 ratione
735 920 1052 993 existentioe,
1079 920 1176 978 vel
1203 920 1455 993 objective
1482 920 1702 977 ratione
1731 920 2253 995 repraesentationi&
2276 920 2432 996 quod
2450 920 2546 977 vel
2563 939 2680 977 non
2709 920 2784 977 sit
2811 940 2904 978 res

489 998 755 1077 quaedam
804 998 1140 1073 subsistens,
1186 1000 1281 1057 vel
1317 1019 1437 1056 rem
1482 998 1688 1057 falsam
1721 1008 2107 1076 reproesentet,
2151 1018 2284 1056 nam
2325 998 2584 1075 plerique
2627 1000 2904 1058 Gentium

492 1080 593 1137 Dii
620 1078 882 1135 homines
911 1087 1089 1151 erant,
1121 1079 1216 1136 vel
1244 1079 1373 1135 aliae
1402 1086 1694 1137 creaturae.
1783 1078 1898 1137 Sed
1925 1080 2064 1137 nihil
2089 1080 2308 1137 ratione
2338 1080 2610 1153 efficacioe,
2632 1079 2788 1155 quod
2815 1080 2904 1136 ni-

490 1158 575 1216 hil
622 1158 833 1215 habeat
870 1156 1207 1233 divinitatis,
1251 1158 1397 1215 nihil
1433 1159 1666 1216 virtutis
1699 1158 1774 1216 ad
1811 1158 2134 1216 faciendum
2171 1157 2390 1235 aliquid
2431 1157 2571 1216 boni
2613 1158 2706 1216 vel
2747 1158 2902 1233 mali,

492 1247 665 1313 atque
710 1236 855 1294 adeo
898 1237 1043 1294 nihil
1071 1238 1337 1295 efficaciae
1374 1236 1448 1295 ad
1477 1238 1918 1297 sanctificandos
1966 1238 2063 1295 vel
2101 1238 2443 1314 polluendos
2480 1238 2758 1311 homineS,
2789 1258 2904 1315 quo

487 1318 719 1377 videtur
740 1315 1100 1393 potissimum
1126 1317 1341 1376 Paulus
1368 1318 1668 1393 respicere.
1709 1317 1932 1376 Eodem
1961 1336 2149 1391 sensu,
2186 1317 2215 1373 1
2250 1316 2378 1375 Cor.
2401 1317 2501 1375 vii.
2532 1320 2622 1391 19,
2651 1318 2904 1375 Circum-

492 1398 625 1455 cisio
652 1397 792 1454 nihil
809 1416 923 1454 esse
944 1396 1169 1472 dicitur,
1194 1396 1256 1455 id
1282 1406 1388 1469 est,
1420 1397 1639 1455 nullam
1656 1396 1868 1455 habere
1885 1399 2158 1456 virtutem
2176 1397 2252 1455 ad
2281 1398 2543 1471 salutem,
2567 1405 2632 1455 ut
2661 1396 2902 1473 exponi-

488 1486 599 1551 tur,
633 1476 765 1535 Gal.
795 1495 852 1533 v.
884 1478 939 1535 6.
1026 1477 1119 1534 Ita
1146 1496 1323 1553 quum
1367 1478 1429 1533 in
1473 1477 1677 1536 Veteri
1721 1476 2091 1535 Testamento
2119 1476 2276 1535 idola
2324 1476 2600 1535 Gentium
2638 1476 2908 1535 dicuntur

488 1560 663 1618 n-b-bn
693 1555 790 1614 vel
816 1578 961 1629 mna,
992 1556 1055 1614 id
1082 1566 1187 1629 est,
1218 1557 1505 1631 vanitatoe,
1536 1556 1648 1614 hoc
1675 1556 2115 1633 intelligendum
2145 1564 2365 1615 tantum
2393 1564 2656 1632 respectu
2683 1564 2903 1613 naturae

486 1644 546 1694 et
572 1636 805 1695 virtutis
834 1634 1064 1709 divinae,
1096 1656 1210 1711 qua
1243 1635 1451 1693 fallunt
1486 1636 1944 1712 expectationem
1979 1654 2212 1695 suorum
2253 1636 2555 1711 cultorum,
2597 1654 2704 1693 nec
2741 1634 2901 1710 quic-

488 1735 663 1792 quam
686 1713 801 1772 illis
823 1715 1095 1791 prodesse
1122 1723 1381 1792 possunt.

568 1794 819 1852 XXVI.
864 1794 1082 1868 Quarta
1108 1794 1374 1870 exceptio
1403 1802 1491 1851 est
1522 1794 1793 1852 Bellarm.
1823 1802 1882 1852 et
1908 1794 2166 1869 aliorum,
2197 1794 2296 1871 qui
2338 1793 2684 1871 pertendunt
2710 1792 2904 1870 prohi-

488 1874 612 1932 beri
638 1873 922 1949 imagines
948 1891 1066 1930 non
1094 1874 1347 1948 quasvis,
1380 1872 1483 1931 sed
1525 1880 1751 1931 tantum
1779 1894 1904 1949 quae
1943 1876 2255 1932 habeantur
2281 1894 2398 1951 pro
2425 1874 2573 1948 Diis,
2607 1892 2668 1931 se
2717 1882 2909 1931 autem

484 1953 769 2030 imagines
796 1973 903 2012 nec
930 1972 1035 2029 pro
1066 1952 1195 2010 Diis
1236 1953 1441 2011 colere.
1529 1952 1646 2011 Sed
1683 1972 2023 2029 quocunque
2067 1954 2240 2012 modo
2279 1954 2494 2013 crimen
2537 1972 2704 2011 suum
2735 1951 2904 2010 dissi-

486 2033 705 2091 mulare
754 2041 1048 2107 conentur,
1107 2052 1383 2091 excusare
1438 2051 1555 2090 non
1609 2042 1852 2109 possunt
1906 2042 2114 2091 tamen.
2224 2037 2276 2091 1.
2320 2033 2518 2092 Verba
2563 2032 2741 2109 Legis
2787 2051 2904 2089 non

486 2121 730 2189 possunt
772 2112 892 2188 pati
919 2112 1029 2170 hoc
1058 2112 1362 2188 glossema,
1397 2112 1521 2169 Lex
1550 2112 1704 2170 enim
1752 2113 2018 2190 prohibet
2061 2112 2344 2189 imagines
2377 2113 2580 2187 colere,
2612 2121 2671 2170 et
2711 2132 2772 2170 se
2801 2131 2896 2169 co-

488 2212 613 2249 ram
640 2192 757 2249 illis
780 2192 1099 2250 incurvare.
1185 2192 1271 2250 At
1298 2190 1517 2269 aliquid
1546 2192 1750 2265 colere,
1783 2201 1840 2250 et
1868 2212 2059 2250 coram
2081 2212 2151 2250 eo
2181 2212 2241 2250 se
2269 2202 2645 2269 prosternere,
2677 2211 2794 2249 non
2815 2200 2906 2250 est

486 2273 680 2331 statim
710 2272 855 2330 illud
882 2271 1094 2330 habere
1122 2292 1226 2347 pro
1258 2272 1400 2346 Dee,
1445 2291 1580 2329 nam
1622 2279 1680 2330 et
1723 2272 2012 2330 Pontificii
2057 2273 2300 2329 Sanctos
2322 2281 2380 2330 et
2402 2271 2666 2349 Angelos
2687 2272 2900 2347 colunt,

485 2372 676 2409 coram
705 2352 822 2409 illis
851 2352 1248 2427 procumbunt,
1278 2371 1386 2410 nec
1428 2359 1619 2410 tamen
1658 2370 1758 2409 eos
1791 2351 1996 2410 volunt
2020 2351 2232 2409 habere
2261 2372 2364 2427 pro
2393 2352 2541 2410 Diis.
2621 2354 2676 2409 2.
2711 2351 2774 2409 Si
2801 2370 2906 2408 va·-

484 2429 631 2489 leret
658 2430 922 2508 exceptio
952 2430 1023 2489 de
1051 2450 1168 2488 non
1196 2431 1436 2489 colendis
1463 2432 1792 2507 imaqinibus
1825 2450 1940 2506 pro
1981 2432 2128 2505 Diis,
2161 2439 2428 2507 ageretur
2453 2430 2550 2489 hic
2576 2438 2800 2489 tantum
2829 2430 2901 2489 de

486 2510 716 2587 objecto
746 2510 951 2584 cultuS,
984 2518 1041 2568 et
1078 2510 1161 2568 sic
1190 2510 1635 2569 confunderetur
1658 2519 2008 2588 praeceptum
2033 2510 2282 2587 primum
2309 2530 2441 2569 cum
2469 2510 2738 2583 secundo,
2770 2528 2902 2568 cum

484 2598 681 2649 tamen
722 2598 939 2648 certum
968 2590 1044 2648 sit
1071 2610 1139 2647 ea
1166 2590 1315 2648 inter
1344 2610 1405 2649 se
1434 2589 1679 2664 differre,
1704 2590 1861 2666 quod
1887 2590 1949 2647 in
1975 2591 2160 2667 primo
2189 2598 2395 2667 agatur
2421 2590 2493 2649 de
2521 2590 2749 2666 objecto
2777 2589 2897 2647 cul-

486 2680 600 2745 tus,
622 2689 724 2727 seu
742 2668 814 2727 de
842 2688 959 2726 non
988 2669 1246 2729 colendis
1269 2670 1397 2728 Diis
1426 2670 1649 2745 alienis,
1680 2670 1740 2727 in
1770 2668 2023 2727 secundo
2049 2688 2188 2727 vero
2227 2670 2300 2728 de
2329 2670 2456 2746 ejus
2482 2669 2672 2744 modo,
2703 2668 2765 2726 id
2791 2678 2900 2741 est,

485 2749 557 2808 de
586 2768 703 2807 non
732 2748 972 2807 colendo
999 2769 1138 2807 vero
1170 2750 1295 2807 Deo
1323 2750 1385 2806 in
1411 2750 1662 2825 imagine
1690 2748 1788 2807 vel
1813 2768 1918 2826 per
1943 2748 2271 2825 imaginem.
2328 2752 2384 2807 3.
2419 2750 2479 2807 Si
2508 2750 2620 2806 hoc
2645 2748 2900 2806 admitti-

485 2838 596 2903 tur,
622 2828 853 2906 plurimi
880 2828 1201 2887 idololatrae
1221 2829 1391 2887 facile
1419 2829 1684 2887 excusari
1720 2837 1974 2905 possent.
2033 2828 2087 2885 N
2091 2848 2157 2887 eo
2197 2828 2516 2887 idololatras
2539 2828 2782 2886 fuissent
2811 2827 2899 2885 Is-

483 2910 703 2969 raelitae
730 2909 793 2967 in
818 2908 1003 2967 vitulo
1032 2929 1222 2984 aure0,
1258 2928 1429 2986 quem
1458 2929 1575 2966 non
1600 2908 1882 2986 putabant
1912 2909 2100 2966 Deum
2129 2927 2272 2984 esse,
2305 2908 2408 2967 sed
2435 2909 2562 2985 ejus
2581 2916 2802 2966 tantum
2823 2908 2900 2965 si-

484 2990 833 3066 mulacrum3
881 3010 989 3047 nee
1017 2990 1059 3048 J
1063 2990 1333 3047 eroboam
1375 2989 1591 3047 vitulos
1633 2987 1936 3046 conflando
1977 2988 2038 3045 in
2083 2989 2232 3061 Dan,
2275 2995 2334 3046 et
2362 2987 2602 3064 Bethel;
2645 3007 2753 3045 nec
2781 2986 2902 3045 cul-

484 3080 639 3129 tores
668 3070 950 3146 serpentis
992 3070 1153 3143 aenei,
1183 3088 1355 3145 quem
1382 3088 1499 3126 non
1540 3068 1831 3126 habebant
1857 3086 1961 3144 pro
1993 3068 2134 3141 De0,
2179 3068 2316 3125 licet
2355 3067 2652 3126 incensum
2681 3068 2736 3125 ei
2763 3065 2902 3125 ado-

484 3151 703 3223 lerent;
749 3169 854 3207 nec
904 3148 1215 3207 Christiani
1256 3148 1366 3224 ipsi
1409 3146 1640 3205 dicendi
1681 3147 1924 3206 fuissent
1968 3146 2303 3221 idololatrae,
2355 3147 2456 3223 qui
2503 3147 2689 3205 coacti
2729 3145 2904 3203 idolis

426 3286 433 3293 ‚
483 3229 581 3287 vel
626 3227 1024 3285 sacrificabant
1062 3227 1156 3285 vel
1206 3226 1529 3300 adolebant,
1575 3227 1716 3285 licet
1757 3227 1916 3284 idola
1942 3246 2045 3303 pro
2086 3226 2215 3284 Diis
2255 3246 2372 3284 non
2399 3226 2693 3284 haberent.
2779 3226 2901 3284 Nec

488 3306 753 3365 Ethnicis
780 3306 939 3382 ipsis,
972 3306 1021 3362 si
1048 3325 1165 3363 non
1193 3305 1475 3378 omnibuS,
1508 3305 1712 3364 saltem
1739 3305 2001 3381 plurimis
2027 3306 2138 3363 hoc
2167 3306 2383 3364 crimen
2408 3305 2652 3382 impingi
2685 3312 2897 3381 posset,

484 3386 585 3463 qui
614 3404 765 3462 saepe
794 3385 1135 3463 profitentur
1156 3404 1215 3443 se
1245 3404 1361 3441 non
1388 3384 1597 3442 habere
1629 3385 1784 3443 idola
1803 3404 1906 3442 sua
1933 3405 2036 3462 pro
2069 3385 2214 3443 Diis.
2239 3386 2442 3443 Celsus
2460 3384 2613 3462 apud
2642 3384 2896 3460 Origen.,

482 3466 584 3523 lib.
607 3465 708 3523 vii.
741 3484 794 3540 p.
820 3468 954 3537 384,
985 3489 1057 3529 τις
1084 3490 1188 3545 αγις
1215 3479 1375 3528 σιλλος
1402 3488 1524 3539 ειμι»
1552 3490 1723 3523 πωπω
1752 3486 1914 3529 van-m
1949 3472 2118 3523 nvn
2145 3467 2340 3541 ἥγηται
2367 3467 2522 3537 Suus,
2557 3466 2592 3497 “
2616 3464 2760 3539 Quis
2787 3464 2900 3522 nisi

487 3545 658 3622 plane
703 3544 893 3603 infans
922 3544 1106 3619 haec,'’
1152 3544 1274 3603 scil.
1318 3544 1640 3620 simulacra,
1689 3549 1725 3578 ‘⁴
1745 3556 1910 3622 putat
1951 3566 2078 3603 esse
2121 3547 2278 3603 Deos
2297 3546 2364 3603 ?''
2409 3544 2632 3603 Arnob.
2676 3544 2775 3603 lib.
2818 3544 2900 3602 vi.

490 3624 771 3683 Ethnieos
797 3625 1100 3701 loquentes
1126 3624 1364 3699 inducit,
1400 3628 1435 3657 “
1459 3626 1636 3683 Erras
1684 3634 1743 3684 et
1777 3624 2006 3700 laberis,
2049 3644 2184 3682 nam
2213 3644 2400 3703 neque
2441 3644 2546 3683 nos
2575 3644 2690 3682 aera
2715 3642 2902 3699 neque

486 3705 612 3763 auri
640 3704 977 3782 argentique
1018 3703 1287 3763 materias
1332 3724 1458 3763 esse
1500 3725 1603 3782 per
1632 3724 1693 3763 se
1726 3705 1897 3778 Deos,
1923 3713 1982 3762 et
2010 3704 2280 3780 religiosa
2305 3724 2606 3763 censemus
2647 3703 2899 3776 numina,

488 3784 589 3842 sed
620 3784 777 3843 Deos
807 3805 881 3843 ex
908 3784 1001 3841 his
1028 3783 1328 3843 colimus.’'
1415 3785 1635 3843 Eodem
1665 3784 1837 3842 modo
1866 3784 2181 3860 loquuntur
2208 3785 2444 3843 Ethnici
2470 3783 2624 3861 apud
2655 3784 2899 3841 Lactan-

484 3865 644 3939 tium,
674 3865 777 3922 lib.
808 3864 867 3923 ii.
890 3884 1014 3941 cap.
1039 3870 1093 3940 2,
1129 3868 1164 3897 “
1189 3866 1331 3940 Quae
1360 3865 1610 3923 amentia
1638 3873 1726 3923 est
1753 3872 1854 3923 aut
1877 3884 1946 3923 ea
1966 3863 2202 3941 fingere,
2233 3883 2362 3940 quae
2391 3864 2501 3940 ipsi
2529 3862 2896 3939 postmodum

486 3944 742 4018 timeant,
794 3953 895 4003 aut
935 3945 1134 4003 timere
1164 3965 1293 4021 quae
1322 3944 1632 4004 finxerunt.
1718 3944 1848 4002 Non
1877 3944 2061 4021 ipsa,''
2092 3944 2360 4020 inquiunt
2390 3943 2639 4017 Ethnici,
2676 3947 2711 3976 ‘⁸
2733 3942 2898 4000 time-

486 4044 632 4101 mus,
677 4024 780 4083 sed
820 4044 920 4083 eos
960 4024 1035 4082 ad
1063 4043 1305 4102 quorum
1334 4024 1647 4101 imaginem
1673 4024 1825 4093 ficta,
1855 4033 1914 4083 et
1941 4042 2186 4100 quorum
2213 4022 2542 4082 nominibus
2569 4030 2903 4080 consecrata

486 4105 679 4163 sunt.''
764 4104 1018 4181 August.
1042 4104 1103 4161 in
1128 4105 1257 4161 Psa.
1278 4104 1434 4163 cxiii.
1464 4104 1575 4162 hoc
1598 4103 1976 4162 Ethnicorum
1998 4110 2382 4161 commentum
2399 4100 2573 4161 refert
2593 4109 2652 4159 et
2671 4100 2898 4175 refellit,

487 4187 523 4217 “
542 4184 887 4259 Videntur,”
918 4183 1121 4260 inquit,
1150 4187 1185 4217 ‘⁴
1204 4183 1314 4241 sibi
1334 4183 1683 4260 purgatioris
1701 4202 1826 4241 esse
1855 4182 2167 4259 religionis,
2199 4183 2300 4260 qui
2321 4182 2537 4255 dicunt,
2557 4201 2657 4240 nec
2674 4182 2903 4239 simula-

483 4284 658 4337 crum,
708 4284 809 4322 nec
836 4265 1113 4322 daemonia
1158 4266 1295 4337 colo,
1324 4266 1428 4321 sed
1455 4282 1569 4339 per
1614 4263 1845 4338 effiqiem
1892 4264 2242 4337 corporalem
2292 4264 2410 4337 ejus
2435 4262 2524 4319 rei
2559 4262 2776 4337 siynum
2818 4262 2904 4318 in-

488 4352 661 4414 tueor,
720 4362 891 4417 quam
944 4346 1123 4402 colere
1179 4344 1402 4402 debeo?
1490 4344 1657 4418 Item,
1709 4346 1744 4375 ‘⁴
1773 4344 1910 4401 Non
1959 4343 2060 4400 Ιιοο
2105 4342 2316 4401 visibile
2361 4344 2500 4415 σοῖο,
2551 4344 2654 4399 sed
2701 4360 2905 4399 numen

486 4424 639 4497 quod
664 4422 774 4479 illic
813 4423 1152 4481 invisibiliter
1191 4422 1459 4483 habitat.”
1544 4422 1658 4497 Qui
1697 4421 2020 4499 ipsissimus
2068 4430 2158 4481 est
2200 4420 2634 4480 Pontificiorum
2677 4440 2906 4494 sermo;

484 4521 557 4557 an
600 4500 790 4557 minus
830 4510 1023 4559 tamen
1060 4511 1363 4579 propterea
1402 4503 1722 4561 idololatrae
1766 4501 2038 4561 censendi
2087 4509 2222 4560 sunt
2273 4500 2553 4560 Ethnici?
2635 4500 2730 4558 Ita
2770 4499 2907 4557 licet

486 4578 774 4637 Pontificii
801 4579 1084 4655 imagines
1110 4600 1227 4639 non
1254 4602 1359 4659 pro
1390 4582 1517 4641 Diis
1546 4582 1816 4657 colerent,
1847 4602 1965 4640 non
1991 4582 2271 4640 habereut
2298 4590 2511 4653 tamen,
2537 4600 2652 4656 quo
2681 4598 2808 4639 sese
2829 4578 2904 4636 ab

482 4658 823 4719 idololatriae
847 4658 1081 4719 crimine
1109 4672 1438 4737 purgarent.
