3234 5192
940 1226 1474 1305 DISPUTATIO
1538 1223 2126 1319 THEOLOGIGA,

352 1467 487 1560 DE
552 1468 1409 1565 SATISFACTIONIS
1476 1468 1924 1562 CHRISTI
1986 1462 2756 1583 PERFECTIONE,

1273 1730 1495 1799 PARS
1566 1732 1854 1819 PRfflA.

1380 1961 1755 1969 ——-———-—-..

789 2134 1183 2208 Respondente
1209 2131 1253 2191 J
1255 2150 1447 2191 acono
1476 2132 1746 2206 Monmo,
1802 2132 2288 2192 Santo-Torsensi.

434 2290 484 2348 I.
532 2290 615 2349 Ut
644 2290 829 2367 gloria
856 2288 1061 2349 salutis
1076 2298 1289 2349 nostrae
1312 2290 1371 2348 in
1393 2290 1645 2351 solidum
1668 2290 1898 2351 Christo
1927 2290 2303 2370 Redemptori
2323 2292 2625 2368 tribuatur,
2645 2310 2765 2352 non

355 2370 565 2431 sufficit
591 2390 907 2448 agnoscere
934 2371 1309 2431 necessariam
1350 2379 1411 2432 et
1444 2392 1641 2431 veram
1684 2371 1864 2431 fuisse
1907 2372 2090 2451 ipsius
2143 2371 2624 2449 satisfactionem,
2649 2374 2766 2433 nisi

354 2470 482 2509 eam
508 2451 731 2510 unicam
760 2458 821 2511 et
848 2452 1313 2531 perfectissimam
1356 2452 1750 2528 confiteamur,
1775 2471 1891 2529 qua
1937 2454 2020 2513 ita
2046 2472 2149 2531 pro
2197 2452 2452 2531 peccatis
2496 2454 2769 2513 omnibus

353 2532 567 2591 nostris
587 2531 833 2610 justitiae
860 2531 1075 2590 divinae
1101 2532 1271 2610 plene
1300 2532 1660 2610 satisfecerit,
1690 2542 1757 2593 ut
1783 2534 1946 2593 nulla
1972 2533 2049 2594 sit
2069 2532 2428 2593 admittenda
2465 2533 2766 2593 hominum

354 2611 687 2688 satisfactio,
712 2632 842 2691 quse
862 2613 951 2671 illi
980 2613 1136 2671 assui
1172 2614 1357 2691 possit
1384 2620 1486 2673 aut
1513 2614 1739 2690 debeat,
1771 2621 1830 2673 et
1857 2634 1974 2692 qna
1998 2614 2262 2673 homines
2289 2633 2427 2672 vere
2456 2621 2514 2672 et
2541 2613 2770 2691 proprie

357 2692 486 2753 Deo
514 2691 843 2753 satisfacere
874 2693 1156 2764 dicantur,
1193 2693 1291 2751 vel
1317 2713 1423 2770 pro
1470 2694 1677 2770 seipsis
1705 2693 1802 2751 vel
1845 2714 1952 2770 pro
1980 2694 2128 2753 aliis.
2211 2693 2268 2751 N
2270 2713 2346 2751 on
2391 2692 2598 2751 inutile
2627 2714 2770 2772 ergo

354 2773 454 2832 vel
480 2774 771 2850 ingratum
800 2772 1057 2831 futurum
1106 2772 1466 2845 arbitramur,
1498 2772 1547 2830 si
1575 2780 1798 2831 asserta
1835 2773 1980 2831 alias
1999 2771 2369 2831 Necessitate
2417 2780 2477 2831 et
2503 2772 2769 2831 Veritate

354 2852 525 2910 istius
556 2852 996 2926 Satisfactionis,
1027 2849 1101 2909 de
1130 2853 1257 2929 ejus
1284 2853 1634 2927 Per-sectione
1655 2850 1780 2927 jam
1808 2850 2104 2927 disputare
2131 2850 2506 2927 aggredimur
2531 2851 2609 2908 ad
2639 2852 2766 2910 Sal-

354 2931 574 2990 vatoris
601 2931 785 2990 nostri
812 2930 1075 3007 gloriam,
1108 2938 1167 2989 et
1191 2930 1329 2989 fidei
1352 2938 1566 2990 nostrae
1594 2929 2104 3006 confirmationem,
2137 2938 2198 2989 et
2223 2930 2662 2989 incrementum.

438 3010 525 3068 ΙΙ.
570 3011 649 3069 Et
676 3030 745 3069 eo
772 3010 960 3087 magis
988 3005 1313 3069 necessaria
1354 3010 1587 3069 videtur
1612 3008 1974 3087 disceptatiO,
2004 3009 2164 3088 quod
2188 3010 2286 3069 hie
2327 3029 2444 3068 non
2484 3010 2609 3086 jam
2638 3030 2772 3069 cum

362 3088 683 3149 Socinianis
710 3090 925 3166 apertis
954 3089 1170 3147 Christi
1216 3089 1481 3149 hostibus
1528 3110 1624 3149 res
1648 3089 1822 3148 nobis
1869 3090 1962 3165 sit,
1993 3089 2098 3148 sed
2125 3108 2256 3149 cum
2301 3089 2640 3166 Pontificiis,
2670 3091 2772 3167 qui

358 3170 495 3230 licet
520 3170 751 3229 nomine
780 3170 907 3246 ejus
936 3168 1171 3246 gloriari
1199 3164 1440 3245 soleant,
1472 3176 1531 3228 ct
1562 3168 1984 3229 Satisfactionis
2023 3170 2192 3229 istius
2219 3169 2618 3229 sufficientiam
2638 3190 2772 3248 pro-

358 3251 479 3309 lixe
506 3248 815 3309 videantur
842 3247 1229 3327 depraedicare
1252 3271 1267 3325 3
1310 3268 1427 3307 non
1454 3269 1658 3327 parum
1680 3257 1873 3309 tamen
1895 3249 1984 3308 illi
2004 3248 2306 3310 detrahere
2334 3250 2772 3328 deprehendun-

358 3338 455 3391 tur
500 3338 567 3389 ut
611 3330 731 3389 suis
775 3327 1266 3389 satisfactionibus
1308 3328 1471 3389 falsis
1500 3339 1559 3390 et
1600 3330 2012 3389 commentitiis
2064 3330 2258 3390 locum
2300 3330 2534 3390 faciant.
2579 3332 2777 3391 Prima

361 3410 629 3491 equidem
657 3410 845 3469 fronte
894 3417 1119 3469 tantum
1174 3409 1340 3469 abest
1390 3417 1459 3469 ut
1485 3408 1559 3469 de
1604 3409 1959 3487 perfectione
1991 3410 2414 3471 Satisfactionis
2460 3411 2772 3489 quicquam

362 3493 621 3552 deterere
647 3490 801 3550 velle
828 3489 1150 3566 videantur,
1172 3498 1239 3549 ut
1264 3491 1437 3569 longe
1459 3489 1812 3551 luculentius
1849 3512 1976 3550 eam
2005 3500 2282 3567 asserant,
2313 3490 2452 3551 dum
2481 3491 2776 3554 Christum

362 3592 481 3630 non
507 3571 679 3629 modo
727 3570 959 3631 abunde
1002 3590 1106 3649 pro
1148 3570 1463 3631 sceleribus
1508 3571 1723 3631 nostris
1763 3572 1957 3631 ultrici
1986 3571 2098 3630 Dei
2133 3572 2378 3649 justitiae
2427 3571 2776 3651 satisfecisse

361 3652 579 3731 pariter
597 3650 903 3710 nobiscum
928 3650 1289 3725 confitentur,
1324 3648 1549 3710 Verum
1594 3651 1768 3711 etiam
1811 3651 2042 3711 unicam
2087 3649 2390 3729 sanguinis
2431 3650 2614 3727 ipsius
2641 3657 2776 3727 gut-

359 3741 485 3791 tam
540 3730 869 3791 satisfacere
919 3730 1175 3810 potuisse
1224 3729 1301 3789 ad
1342 3730 1796 3809 redemptionem
1846 3732 2076 3809 generis
2129 3730 2384 3807 humani,
2415 3728 2576 3808 quod
2599 3729 2778 3790 habet

366 3813 633 3871 Clemens
662 3812 774 3871 VI.
820 3812 981 3890 Papa
1008 3812 1331 3888 Extravag.
1364 3804 1736 3889 Unigenitus,
1761 3819 1820 3871 et
1841 3811 2230 3871 Bellarminus
2251 3830 2385 3869 cum
2410 3810 2541 3868 aliis
2567 3810 2776 3888 probat

362 3892 464 3951 lib.
521 3892 559 3950 i.
603 3892 676 3951 de
714 3892 950 3969 Indulg.
980 3911 1105 3969 cap.
1135 3894 1192 3967 4,
1245 3892 1373 3953 Imo
1430 3890 1894 3952 satisfactionem
1932 3890 2148 3951 Christi
2191 3908 2378 3967 usque
2432 3888 2578 3948 adeo
2628 3894 2776 3971 buve-

362 3972 641 4049 σι-λιοηίζω
666 3980 733 4032 ut
758 3992 1035 4051 magnum
1064 3971 1141 4031 sit
1168 3972 1295 4050 ejus
1336 3973 1642 4053 πεζῶν-ευριπ
1681 3970 1840 4049 quod
1864 3972 1928 4029 in
1953 3972 2312 4031 Thesaurum
2334 3969 2616 4029 condatur
2642 3990 2777 4029 cum

364 4052 669 4130 superfluis
718 4051 1207 4112 satisfactionibus
1258 4052 1617 4127 Sanctorum,
1648 4052 1803 4111 unde
1834 4052 2152 4111 Pontificiae
2196 4057 2538 4128 promuntur
2583 4049 2774 4107 indul-

364 4134 595 4211 gentiae.
643 4132 801 4191 Hinc
828 4132 1043 4211 passim
1077 4132 1283 4191 merita
1312 4132 1526 4193 Christi
1571 4131 1831 4192 sufficere
1859 4140 1919 4191 et
1964 4132 2272 4209 plusquam
2315 4129 2576 4189 sufficere
2602 4129 2776 4206 pleno

264 4212 269 4215 ’
364 4233 463 4272 ore
509 4212 931 4291 pronunciant3
976 4220 1036 4272 et
1078 4232 1183 4291 per
1227 4211 1536 4271 immanem
1587 4212 2023 4291 sycophantiam
2070 4211 2182 4269 sibi
2225 4230 2260 4269 a
2285 4207 2580 4269 nonnullis
2600 4209 2778 4269 tribui

364 4300 811 4371 conqueruntur,
843 4292 1002 4369 quod
1028 4292 1226 4351 dicant
1256 4295 1291 4325 ‘⁴
1316 4293 1530 4352 Christi
1558 4292 1926 4369 passionibus
1953 4290 2165 4367 quibus
2184 4296 2424 4367 peccata
2447 4298 2648 4348 nostra
2674 4308 2770 4347 ex·

364 4374 550 4451 piavit
578 4372 801 4450 aliquid
826 4372 1098 4448 defuisse,
1129 4372 1437 4449 quominus
1456 4372 1631 4450 plena
1650 4392 1720 4431 ac
1745 4370 2000 4449 perfecta
2026 4389 2154 4430 esse
2181 4371 2366 4449 possit
2392 4370 2518 4447 ejus
2544 4387 2650 4448 pro
2671 4388 2778 4429 no-

364 4454 458 4514 bis
486 4452 864 4513 satisfactio.’'
911 4451 1082 4527 Quod
1106 4452 1471 4512 mendacium
1498 4462 1619 4511 tam
1647 4450 1953 4529 impudens
1987 4460 2046 4511 et
2066 4470 2323 4511 crassum
2351 4469 2478 4510 esse
2506 4449 2778 4525 clamant,

363 4544 432 4595 ut
478 4534 627 4593 nihil
650 4532 1045 4610 impudentius
1090 4532 1189 4591 vel
1215 4533 1464 4593 crassius
1489 4532 1635 4610 fingi
1665 4539 1864 4625 queat,
1895 4550 2086 4609 neque
2127 4552 2204 4591 ex
2231 4538 2394 4593 tanto
2426 4529 2784 4607 Scriptorum

367 4634 599 4756 ῗιῐιιῖἰᾜω
629 4634 870 4707 numero
896 4634 1078 4674 unum
1105 4614 1347 4691 allegari
1382 4633 1553 4703 posse
1580 4632 1684 4691 qul
1711 4612 1774 4672 id
1821 4612 1993 4691 dicat,
2023 4620 2090 4673 ut
2136 4612 2220 4673 ait
2245 4610 2521 4671 Bellarm.
2549 4609 2592 4669 1.
2621 4609 2682 4669 ii.
2704 4608 2779 4669 de

552 4740 565 4753 .
597 4714 648 4755 c.
676 4714 801 4755 xiv.
