3234 5192
527 307 644 366 614
1087 323 1164 364 m:
1195 319 1687 364 sarrsrac‘rioms
1716 320 1959 362 cnutsri
1990 321 2309 363 vam-rara.
2512 305 2773 378 [orsrur.
2804 321 2943 365 xix.

527 465 710 524 xxvii.
744 469 839 526 54.
886 467 964 527 Et
993 487 1129 526 sane
1158 467 1288 543 quis
1333 484 1448 523 non
1487 465 1649 524 videt
1678 463 2079 524 miraculosam
2110 463 2523 522 daemoniorum
2570 463 2967 542 ejectionem,-

523 547 881 624 leprosorum
909 547 1357 621 mundationem,
1389 565 1671 605 caecorum
1700 545 2198 619 illuminationem,
2222 554 2281 604 et
2308 551 2661 602 mortuorum
2692 545 2940 605 suscita-

523 628 758 702 tionem,
781 637 838 687 et
855 637 1063 686 caetera
1091 626 1151 684 id
1173 647 1372 704 genuS,
1399 626 1669 684 habuisse
1692 626 1967 703 majorem
1990 625 2316 702 analogiam
2338 643 2473 683 cum
2490 622 2786 682 beneficiis
2806 645 2942 684 nos-

523 708 628 766 tris
658 708 1054 785 spiritualibus
1081 715 1140 766 et
1168 707 1378 765 clarius
1405 707 1663 783 potuisse
1692 705 1999 781 obsignare
2026 705 2423 764 liberationem
2452 713 2707 764 nostram
2734 725 2811 762 ex
2832 725 2941 782 po-

523 795 732 846 testate
783 798 1014 863 satanae,
1065 787 1470 865 purgationem
1513 807 1548 844 a
1595 786 1864 863 peccatis,
1906 785 2261 864 spiritualem
2304 785 2581 843 mentium
2610 794 2941 844 nostrarum

525 868 1006 927 illuminationem
1034 877 1092 926 et
1118 867 1424 944 mysticam
1450 866 1947 940 resurrectionem,
1978 885 2149 942 quam
2195 865 2513 943 simplicem
2544 865 2757 924 Christi
2784 885 2941 924 mor-

529 958 646 1006 tem
673 951 702 1007 ?
745 948 897 1022 Quid
946 947 1098 1006 enim
1149 947 1336 1024 magis
1385 967 1420 1004 a
1445 966 1586 1004 vero
1632 947 1881 1004 alienum
1912 966 2085 1023 quam
2114 953 2357 1004 mortem
2388 945 2941 1005 truculentissimam

527 1029 777 1087 hominis
797 1027 1252 1088 innocentissimi
1282 1046 1382 1103 per
1404 1045 1464 1084 se
1493 1027 1568 1085 ad
1595 1028 1707 1084 hoc
1737 1028 1928 1085 valere
1957 1034 2023 1084 ut
2050 1026 2217 1085 nobis
2254 1025 2597 1102 persuadeat
2625 1033 2821 1084 sancte
2852 1028 2943 1085 vi·

529 1109 800 1168 ventibus
830 1116 1066 1187 peccata
1087 1127 1191 1166 sua
1217 1107 1520 1165 remissum
1549 1107 1618 1165 iri
1643 1115 1701 1165 et
1729 1116 1943 1166 aeterna
1972 1106 2185 1182 gaudia
2212 1105 2329 1164 illis
2350 1125 2477 1164 esse
2506 1109 2751 1182 parata?
2821 1107 2939 1165 Fa-

529 1197 656 1248 teor
683 1189 733 1247 si
761 1187 1102 1248 resurrectio
1125 1195 1183 1246 et
1210 1187 1487 1246 exaltatio
1515 1207 1647 1246 cum
1666 1197 1847 1246 morte
1867 1195 2287 1247 connectantur
2304 1185 2657 1245 luculentius
2682 1185 2743 1243 id
2766 1207 2941 1263 posse

531 1268 929 1343 demonstrari,
945 1268 1049 1332 sed
1071 1267 1254 1325 Aliud
1274 1267 1434 1344 loqui
1452 1267 1524 1326 de
1540 1276 1726 1326 morte
1745 1268 1885 1344 ipsa,
1911 1267 2069 1326 aliud
2082 1267 2153 1324 de
2167 1265 2653 1342 consequentibus
2672 1277 2941 1344 mortem,

533 1358 591 1408 et
614 1350 696 1408 sic
721 1369 833 1407 non
857 1349 1042 1424 morti,
1070 1347 1172 1406 scd
1201 1347 1603 1406 resurrectioni
1632 1347 1825 1424 potius
1854 1347 2159 1406 tribuenda
2186 1354 2395 1422 essent,
2426 1355 2493 1405 ut
2513 1345 2755 1423 jamjam
2784 1346 2943 1406 dice-

531 1449 680 1488 mus.
711 1435 766 1488 2.
783 1429 952 1504 Quod
971 1449 1107 1486 vero
1130 1427 1292 1485 addit
1305 1427 1594 1486 Christum
1615 1428 1873 1504 potuisse
1886 1427 2169 1504 stupenda
2190 1426 2467 1486 miracula
2486 1424 2655 1484 edere
2667 1435 2725 1485 et
2746 1435 2946 1486 tamen

533 1511 617 1567 nil
639 1510 752 1567 nisi
778 1509 965 1567 minas
986 1527 1302 1584 proponere
1320 1507 1502 1566 instar
1525 1506 1727 1582 Mosis,
1752 1507 1813 1564 in
1836 1527 1903 1566 eo
1921 1508 2147 1566 aberrat
2164 1527 2199 1564 a
2219 1507 2537 1582 quaestione
2559 1513 2617 1565 et
2634 1515 2803 1565 extra
2822 1509 2945 1567 ole-

533 1609 598 1646 as
629 1597 889 1663 vagatur,
921 1607 1108 1664 neque
1137 1586 1289 1645 enim
1319 1595 1723 1663 argumentum
1745 1595 2005 1647 nostrum
2024 1586 2360 1663 simpliciter
2386 1587 2631 1662 petitum
2658 1595 2749 1646 est
2775 1608 2810 1645 a
2834 1589 2943 1646 mi-

537 1669 763 1743 raculis,
798 1667 900 1726 sed
942 1688 976 1725 a
1007 1667 1290 1725 miraculis
1322 1667 1546 1741 Christi,
1577 1686 1694 1724 non
1723 1686 2004 1744 negamus
2032 1667 2187 1726 enim
2215 1666 2481 1743 quaedam
2510 1685 2637 1725 esse
2665 1667 2949 1727 miracula

534 1747 745 1825 quibus
773 1767 889 1805 nou
916 1755 1106 1824 potest
1135 1746 1458 1804 confirmari
1485 1747 1747 1804 remissio
1766 1755 2146 1823 peccatorum,
2178 1747 2375 1823 qualia
2400 1755 2535 1805 sunt
2562 1748 2841 1806 miracula
2868 1751 2948 1807 le·

530 1826 692 1904 yalia
719 1847 848 1904 quae
871 1827 930 1884 in
949 1847 1081 1885 eum
1097 1835 1320 1884 tantum
1342 1826 1514 1884 finem
1537 1825 1857 1885 edebantur
1882 1834 1947 1885 ut
1974 1836 2249 1886 terrorem
2277 1827 2600 1886 incuterent
2626 1829 2947 1904 peccatori-

535 1909 646 1966 bus
675 1916 732 1967 et
754 1906 1132 1966 reverentiam
1164 1906 1214 1964 N
1223 1906 1399 1964 nmini
1429 1906 1819 1982 conciliarent,
1850 1906 2003 1966 unde
2035 1907 2233 1965 Moses
2262 1907 2562 1983 profitetur
2582 1927 2643 1966 se
2662 1905 2867 1979 ἔιφοζον
2884 1918 2949 1968 et

535 1987 754 2070 ἔηςομον
775 2009 900 2048 esse
925 2011 939 2063 3
965 1987 1069 2046 sed
1097 1987 1375 2046 miracula
1402 1987 1768 2064 Evanyelica‚
1800 2006 1930 2063 quae
1960 1986 2222 2046 Christus
2252 1985 2447 2061 edidit,
2480 1987 2595 2045 alia
2620 1987 2789 2065 plane
2818 1988 2943 2048 fue-

533 2079 686 2144 runt,
717 2069 984 2148 prodigia
1032 2075 1195 2126 erant
1243 2067 1460 2144 gratiae,
1494 2087 1624 2143 quae
1671 2067 1733 2124 in
1782 2067 2023 2126 salutem
2075 2075 2134 2126 et
2162 2067 2613 2125 consolationem
2642 2068 2945 2127 hominum

535 2150 949 2227 dirigebantur,
985 2157 1047 2207 ut
1075 2148 1227 2207 enim
1257 2148 1520 2206 Christus
1548 2156 1787 2206 venerat
1837 2167 2067 2206 servare
2096 2146 2253 2224 quod
2279 2148 2542 2224 perierat,
2574 2148 2687 2207 huc
2716 2156 2774 2207 et
2802 2149 2943 2208 doc-

534 2231 685 2290 trina
713 2238 773 2288 et
798 2229 1092 2302 miracula,
1124 2236 1183 2286 et
1211 2229 1406 2285 omnia
1433 2228 1570 2286 vitae
1598 2235 1765 2304 gesta
1782 2227 2121 2286 referuntur.
2176 2227 2288 2284 Illa
2316 2235 2533 2286 metum
2562 2228 2941 2302 incutiebant,

533 2310 659 2366 haec
687 2309 860 2366 fidem
891 2308 1263 2384 ingenerant3
1307 2307 1408 2364 illa
1435 2307 1639 2382 procul
1666 2307 2052 2366 amandabant
2079 2315 2426 2384 peccatoreS,
2448 2308 2575 2366 haec
2602 2308 2719 2366 illis
2746 2329 2948 2368 acces·

535 2409 663 2446 sum
691 2387 966 2463 praebent,
998 2395 1056 2444 et
1084 2386 1302 2444 aditum
1333 2393 1572 2462 parant3
1604 2385 1706 2443 illa
1754 2395 1995 2445 mortem
2036 2395 2095 2446 et
2136 2387 2377 2446 exitium
2406 2387 2785 2462 intentabant,
2816 2389 2949 2449 haec

530 2468 713 2526 vitam
742 2475 800 2525 et
827 2466 1070 2524 salutem
1101 2465 1460 2542 pollicentur.
1547 2465 1691 2539 Quis
1738 2485 1878 2543 ergo
1908 2485 2083 2525 sanus
2110 2466 2184 2524 ab
2212 2467 2329 2525 illis
2356 2467 2431 2526 ad
2459 2467 2573 2526 ista
2598 2468 2743 2527 velit
2768 2489 2947 2546 argu-

533 2547 776 2605 mentari
796 2549 824 2605 Ρ
867 2546 1029 2604 Deus
1057 2545 1268 2622 quippe
1297 2544 1484 2603 voluit
1511 2544 1787 2604 doctrinae
1828 2546 2261 2606 accommodare
2290 2557 2555 2625 portenta
2582 2557 2641 2607 et
2666 2549 2951 2609 miracula

534 2627 747 2705 quibus
775 2646 902 2686 eam
947 2625 1283 2685 confirmare
1311 2631 1584 2702 tanquam
1615 2625 1799 2702 signis
1827 2625 2163 2686 decreverat
2186 2649 2199 2702 ;
2233 2627 2359 2686 Lex
2388 2647 2517 2704 quae
2546 2627 2657 2687 fuit
2681 2629 2946 2689 ministe-

531 2710 679 2767 rium
710 2705 1204 2767 condemnationis
1233 2715 1290 2765 et
1317 2705 1485 2764 litera
1513 2705 1784 2765 occidens
1822 2706 1983 2766 nulla
2010 2706 2211 2765 debuit
2238 2707 2351 2766 nisi
2378 2709 2664 2784 stupenda
2690 2719 2749 2768 et
2774 2711 2949 2768 terri—

531 2790 644 2848 fica
670 2789 883 2848 habere
905 2787 1198 2861 miracula,
1231 2786 1333 2844 sed
1364 2786 1751 2864 Evangelium
1782 2787 1939 2864 quod
1966 2795 2055 2847 est
2083 2786 2345 2846 doctrina
2372 2789 2573 2864 gratiae
2602 2798 2660 2848 et
2685 2791 2945 2848 reconci-

529 2869 787 2930 liationis
833 2868 1112 2928 miracula
1139 2866 1340 2927 debuit
1389 2866 1580 2925 sortiri
1607 2867 1983 2944 homogenea,
2012 2867 2125 2925 hoc
2166 2875 2271 2943 est,
2302 2867 2539 2926 vivifica
2564 2878 2623 2928 et
2650 2869 2947 2931 salutaria.

533 2949 1030 3025 Quemadmodum
1057 2967 1197 3024 ergo
1227 2967 1301 3005 ex
1323 2947 1616 3005 miraculis
1648 2947 1831 3007 Mosis
1860 2946 2121 3005 doctrina
2150 2948 2274 3025 ejus
2303 2947 2587 3007 illustrem
2614 2949 2677 3006 in
2702 2951 2945 3010 modum

530 3051 724 3089 coram
769 3037 893 3088 toto
945 3029 1162 3087 Isra'ele
1211 3026 1320 3086 fuit
1368 3027 1737 3103 confirmata;
1784 3027 1865 3086 sic
1897 3027 2160 3086 Christus
2190 3027 2485 3086 miraculis
2514 3027 2634 3090 suis
2662 3028 2947 3091 doctrinae

531 3109 800 3168 salutaris
828 3108 1130 3167 veritatem
1180 3107 1502 3165 luculenter
1549 3106 1986 3166 demonstravit.
2052 3107 2184 3165 Non
2232 3116 2425 3184 potest
2472 3128 2611 3186 ergo
2658 3109 2947 3171 hactenus

529 3187 662 3245 finis
691 3188 798 3244 iste
828 3187 1000 3244 morti
1028 3186 1268 3244 seorsim
1297 3205 1331 3242 a
1359 3186 1651 3244 miraculis
1680 3187 1873 3245 tribui.

612 3264 932 3323 XXXVI.
977 3269 1031 3323 3.
1079 3264 1298 3322 Eadem
1327 3265 1655 3323 absurditas
1676 3266 1850 3342 longe
1889 3267 2099 3325 clarius
2122 3287 2183 3326 se
2212 3267 2405 3344 prodit
2430 3277 2697 3346 respectu
2723 3270 2943 3328 Resur-

530 3346 788 3404 rectionis
817 3353 874 3402 et
903 3344 1270 3402 exaltationis
1301 3343 1530 3402 Christi.
1601 3345 1749 3401 Nam
1782 3346 1831 3403 si
1859 3345 1919 3403 in
1947 3355 2131 3405 morte
2160 3347 2374 3406 Christi
2386 3348 2681 3417 ‚habemus
2714 3357 2945 3409 tantum

529 3425 990 3503 obsignationem
1039 3423 1393 3482 remissionis
1449 3433 1831 3500 peccatorum,
1892 3434 1949 3485 et
2012 3427 2124 3485 viae
2180 3429 2383 3487 salutis
2428 3430 2775 3507 exemplum,
2822 3429 2947 3488 Cur

527 3509 682 3566 idem
710 3505 1052 3565 beneficium
1101 3504 1526 3562 Resurrectioni
1567 3504 1783 3562 Christi
1830 3506 2045 3583 pariter
2088 3527 2203 3565 non
2250 3508 2611 3582 adscribitur,
2641 3529 2771 3586 quae
2818 3529 2943 3568 non

527 3589 718 3646 minus
747 3586 822 3645 ad
849 3587 960 3644 hoe
988 3584 1253 3644 effectum
1283 3583 1594 3643 contulisse
1626 3585 2088 3663 deprehenditur,
2112 3587 2229 3646 imo
2256 3589 2438 3647 multo
2466 3589 2703 3666 propius
2730 3597 2789 3648 et
2816 3589 2939 3647 effi·

527 3669 720 3730 cacius
749 3667 810 3725 id
837 3665 1072 3743 attingit
1091 3669 1119 3724 Ρ
1149 3665 1314 3739 Nam,
1347 3664 1394 3722 si
1425 3665 1712 3723 credimus
1742 3665 2128 3739 Adversariis,
2153 3668 2261 3726 hac
2282 3668 2512 3727 demum
2533 3669 2753 3728 ratione
2778 3689 2944 3729 mors

526 3750 602 3809 ad
644 3747 1038 3807 remissionem
1093 3746 1242 3803 hanc
1289 3745 1610 3819 intercedit,
1663 3745 1800 3823 quia
1847 3747 2155 3806 antecessit
2208 3748 2394 3826 ipsam
2441 3749 2941 3826 resurrectionem,

525 3849 730 3905 nempe
759 3827 1020 3886 remissio
1049 3833 1413 3902 peccatorum
1443 3845 1517 3883 ex
1547 3825 1687 3903 ipsis
1718 3845 1831 3885 non
1862 3827 2146 3904 contingit
2179 3827 2291 3886 nisi
2321 3837 2517 3887 sancte
2562 3829 2899 3888 viventibus
2924 3853 2941 3905 ;

527 3911 622 3968 Ita
647 3908 904 3985 loquitur
949 3907 1210 3980 Socinus,
1243 3904 1342 3963 lib.
1373 3905 1453 3963 iii.
1501 3926 1624 3982 cap.
1658 3911 1712 3981 2,
1749 3906 2197 3965 sanctimoniam
2224 3909 2363 3967 vitae
2392 3909 2529 3968 facit
2556 3909 2702 3967 fides
2724 3919 2781 3967 et
2803 3929 2943 3986 spes

525 3999 680 4050 certa
707 3987 943 4065 praemii,
975 3987 1124 4044 lianc
1165 3985 1336 4043 fidem
1377 3986 1679 4062 ingenerat
1722 3987 2050 4063 exemplum
2098 3987 2313 4046 Christi
2357 3989 2431 4047 ob
2460 3989 2596 4048 vitae
2626 3989 2941 4048 sanctimo-

523 4072 679 4129 niam
707 4089 742 4126 a
769 4069 1010 4126 mortuis
1039 4066 1275 4125 excitati
1304 4077 1362 4124 et
1390 4065 1712 4142 glorificati,
1738 4067 1907 4125 istam
1930 4067 2337 4126 excitationem
2358 4088 2513 4127 mors
2530 4070 2856 4144 antecessit,
2879 4081 2947 4130 et

523 4149 726 4210 mortis
753 4149 1017 4208 toleratio
1047 4145 1392 4205 antecedens
1442 4146 1696 4204 conditio
1724 4145 1836 4204 fuit
1878 4147 2078 4223 gloriae
2107 4147 2446 4223 subsecutae,
2481 4150 2565 4207 sic
2592 4168 2705 4206 non
2734 4150 2940 4226 proxi·

520 4251 614 4290 me
643 4238 702 4288 et
729 4227 1073 4301 immediate,
1101 4226 1200 4284 sed
1251 4224 1498 4284 mediate
1527 4233 1752 4286 tantum
1794 4234 1852 4284 et
1881 4227 2261 4286 remotissime
2288 4247 2443 4288 mors
2492 4230 2601 4288 erit
2636 4249 2812 4288 causa
2846 4250 2935 4289 re·

521 4309 810 4367 missionis
833 4309 928 4366 vel
956 4305 1149 4385 potius
1177 4307 1303 4383 ejus
1331 4305 1705 4364 confirmatiO.
1798 4307 1941 4380 Quis
1971 4327 2107 4366 vero
2136 4315 2327 4367 tantas
2355 4309 2631 4387 ambages
2657 4307 2803 4367 ferat
2832 4310 2943 4369 ubi

525 4387 772 4464 Spiritus
806 4388 1055 4445 Sanctus
1080 4393 1198 4444 tam
1227 4393 1422 4462 aperte
1456 4386 1753 4462 loquitur?
1796 4384 1943 4445 Nam
1976 4388 2023 4445 si
2071 4407 2225 4445 mors
2254 4389 2593 4447 beneficium
2624 4387 2735 4446 hoc
2762 4390 2941 4450 nobis

519 4472 788 4546 procurat
814 4474 1038 4523 tantum
1083 4465 1412 4525 interventu
1453 4465 1903 4540 resurrectionis,
1934 4487 2037 4525 cur
2082 4476 2412 4528 constanter
2455 4467 2627 4528 morti
2654 4477 2939 4545 tanquam

517 4541 762 4622 propriae
791 4551 850 4599 et
879 4543 1156 4617 singulari
1183 4563 1371 4602 causae
1419 4545 1707 4616 tribuitur,
1739 4566 2022 4622 nusquam
2071 4557 2261 4606 autem
2310 4550 2403 4607 vel
2453 4569 2580 4608 raro
2618 4547 2937 4610 admodum

517 4619 938 4692 resurrectioni,
970 4621 1140 4694 idque
1169 4623 1398 4680 nonnisi
1427 4633 1691 4700 respectu
1720 4625 2159 4704 applicationis3
2202 4627 2287 4686 At
2314 4627 2713 4690 resurrectioni
2744 4629 2937 4690 multo
