3234 5192
330 358 560 404 Disru'r.
592 342 705 425 vn]
1034 358 1263 401 nosraA
1294 359 1370 401 AB
1399 359 1683 401 sconsam
1712 360 1980 401 nouam.
2623 346 2736 405 12⁷

326 506 548 565 ficari.’'
594 504 815 581 Viegas
843 503 903 561 in
923 502 1109 581 Apoc.
1133 503 1295 578 xvii„
1324 506 1359 537 ‘⁶
1382 503 1802 563 Existimamus
1817 502 2049 563 nomine
2074 504 2395 582 Babylonis
2425 506 2746 565 Romanam

330 586 531 645 urbem
564 585 876 663 significari
904 584 965 642 in
992 583 1102 643 hoc
1131 583 1521 661 Apocalypsis
1544 604 1733 661 opere,
1747 583 1850 642 ubi
1871 583 2044 643 toties
2067 584 2336 661 Babylon
2355 587 2742 647 nominatur.’'

334 667 413 725 Et
440 666 613 744 paulo
642 674 808 743 post:
843 667 878 697 “
902 664 982 723 Et
1008 684 1147 722 vero
1175 665 1217 723 J
1222 683 1437 723 oannes
1466 664 1802 722 clarissimis
1830 664 2186 741 argumentis
2227 666 2472 723 Romam
2515 666 2747 727 videtur

330 746 635 821 indicasse,
667 765 846 822 quum
875 744 1041 820 dixit,
1072 744 1371 803 mulierem
1401 744 1601 803 sedere
1645 764 1816 821 super
1865 752 2085 822 septem
2113 755 2354 821 monteS,
2385 747 2502 804 imo
2533 748 2742 821 omnia,

331 847 463 904 quse
493 827 553 883 in
579 826 671 884 his
695 825 981 903 capitibus
1008 832 1414 901 memorantur,
1436 824 1497 883 in
1516 825 1838 883 Romanam
1857 825 2059 883 urbem
2081 826 2376 902 aptissime
2399 825 2743 903 quadrant.''

336 906 495 982 Quos
544 915 863 983 sequuntur
913 904 1143 981 Ribera,
1193 906 1507 983 Gagnaeus,
1544 905 1747 964 Sixtus
1799 905 2088 981 Senensis„
2149 913 2206 963 et
2248 906 2348 964 alii
2389 926 2506 965 non
2545 906 2744 985 pauci;

333 987 493 1063 quod
520 986 650 1045 ideo
679 986 1070 1060 observamus,
1114 992 1182 1044 ut
1208 1004 1274 1044 os
1303 985 1675 1044 occludamus
1703 984 1793 1061 iis,
1824 985 1924 1062 qui
1952 984 2092 1043 dum
2122 986 2357 1045 Petrum
2399 988 2605 1047 volunt
2645 1006 2752 1065 per

336 1067 701 1144 Babylonem
731 1067 976 1125 Romam
998 1064 1243 1143 figurate
1270 1065 1648 1141 intellexisse,
1679 1064 1780 1124 ubi
1799 1065 2028 1142 proprie
2050 1073 2109 1124 et
2136 1066 2260 1125 sine
2286 1066 2476 1145 figura
2493 1068 2752 1145 loquitur

340 1150 407 1206 1¹⁸
436 1168 559 1224 cap.
591 1167 648 1206 v.
684 1150 774 1221 13,
806 1146 1012 1205 nolunt
1054 1155 1249 1204 tamen
1297 1146 1341 1205 J
1344 1165 1607 1221 oannem,
1660 1165 1830 1223 quem
1880 1146 1974 1203 hic
2021 1145 2267 1223 figurate
2315 1148 2574 1207 locutum
2622 1168 2748 1207 esse

335 1236 577 1302 constat,
600 1247 705 1305 per
734 1226 1096 1303 Babylonem
1126 1226 1369 1284 Romam
1392 1234 1641 1301 notasse,
1673 1246 1746 1285 ne
1775 1245 1948 1285 causa
1978 1226 2275 1285 Pontificis
2297 1229 2388 1286 sui
2403 1229 2586 1287 ullum
2615 1228 2750 1287 inde

339 1308 745 1367 detrimentum
800 1306 1067 1384 patiatur,
1111 1306 1270 1384 quod
1324 1305 1424 1364 alii
1472 1306 1533 1363 vi
1577 1306 1842 1365 veritatis
1885 1306 2027 1365 victi
2083 1327 2398 1383 agnoscere
2441 1318 2746 1385 coguntur,

339 1395 543 1465 sponte
563 1386 826 1463 fatentes,
858 1406 973 1445 non
1004 1385 1077 1445 de
1098 1386 1213 1444 alia
1239 1406 1411 1462 quam
1442 1386 1515 1444 de
1546 1386 1734 1444 Roma
1761 1387 1804 1445 J
1807 1406 2050 1445 oannem
2080 1387 2190 1445 hoc
2219 1388 2280 1445 in
2310 1389 2440 1446 loco
2467 1389 2647 1465 loqui.

687 1526 715 1537 „
937 1467 1013 1526 V.
1060 1466 1183 1526 Nee
1212 1466 1417 1525 mirum
1441 1466 1551 1524 hoc
1579 1466 1874 1525 videbitur
1901 1486 2023 1525 rem
2051 1466 2237 1544 ipsam
2266 1470 2590 1527 accuratius
2619 1490 2748 1545 per-

337 1523 415 1569 E¹
436 1524 733 1627 Apssssgflfm’
764 1527 816 1569 ⁰²
855 1547 1147 1625 pendenti,
1194 1547 1327 1606 talis
1355 1546 1568 1624 quippe
1609 1546 1678 1607 fit
1727 1546 2048 1624 Babylonis
2078 1546 2387 1625 descriptio
2415 1568 2450 1606 a
2499 1548 2542 1608 J
2545 1568 2747 1625 oanne,

859 1646 983 1704 cap.
997 1627 1140 1685 xvii.
1154 1635 1215 1685 et
1235 1626 1420 1702 xviii„
1434 1636 1627 1686 utnon
1645 1627 1812 1685 alteri
1821 1646 1994 1705 quam
2009 1628 2212 1686 Romae
2223 1636 2548 1705 competere
2559 1640 2750 1706 queat.

340 1707 681 1786 Quanquam
709 1715 902 1767 autem
928 1708 1091 1765 nulla
1118 1715 1209 1766 est
1233 1714 1388 1782 nota,
1420 1726 1549 1784 quae
1577 1707 1872 1784 aptissime
1920 1727 2036 1766 non
2084 1708 2328 1786 quadret
2373 1709 2435 1766 in
2485 1709 2749 1788 Romam,

340 1788 471 1847 duae
496 1796 691 1847 tamen
720 1795 868 1862 sunt,
901 1807 1031 1865 quae
1058 1788 1141 1847 ita
1167 1788 1397 1865 proprie
1434 1796 1493 1845 et
1529 1788 1830 1865 perspicue
1861 1788 2106 1846 Romam
2136 1788 2486 1866 describunt,
2516 1797 2582 1848 ut
2623 1792 2750 1849 nul-

337 1868 460 1927 lum
489 1867 834 1928 dubitationi
860 1868 1054 1927 locum
1080 1868 1405 1945 relinquere
1426 1866 1752 1927 videantur.
1798 1868 1994 1926 Prima
2013 1868 2274 1945 habetur,
2291 1890 2410 1929 ver.
2437 1873 2491 1946 9,
2512 1870 2613 1928 ubi
2627 1892 2750 1931 mu-

335 1948 444 2007 lier
471 1949 684 2008 dicitur
710 1951 901 2006 sedere
928 1968 1099 2024 super
1125 1958 1331 2024 septem
1358 1956 1585 2022 monte-3,
1616 1947 1776 2025 quod
1803 1968 1972 2007 nemo
2006 1969 2082 2007 ex
2110 1948 2474 2027 adversariis,
2504 1951 2602 2009 vel
2630 1958 2748 2011 tam

337 2028 577 2105 ignarus
604 2036 695 2087 est
720 2037 787 2087 ut
814 2028 1050 2103 nesciat,
1083 2028 1177 2087 vel
1204 2036 1324 2087 tam
1351 2027 1702 2106 imprudenS,
1733 2034 1800 2087 ut
1819 2037 1995 2105 neget
2025 2028 2226 2087 Romae
2255 2030 2511 2108 apprime
2541 2050 2751 2092 conve·

338 2109 497 2183 nire;
542 2109 713 2167 sitam
755 2107 911 2164 enim
961 2126 1133 2184 super
1172 2115 1392 2185 septem
1440 2107 1734 2167 montibus
1776 2108 1973 2183 fuisse,
2019 2117 2079 2167 et
2113 2129 2206 2168 res
2252 2110 2378 2188 ipsa
2415 2110 2641 2187 clamat,
2695 2121 2754 2172 et

342 2188 665 2265 Scriptores
692 2188 1023 2263 loquuntur.
1108 2187 1254 2246 Nam
1285 2188 1359 2246 ad
1386 2188 1541 2247 hunc
1568 2208 1752 2265 usque
1781 2188 1936 2247 diem
1965 2189 2151 2248 Roma
2171 2190 2232 2247 in
2254 2190 2474 2249 ambitu
2496 2210 2601 2249 suo
2623 2212 2750 2271 sep-

340 2276 459 2326 tem
480 2275 707 2326 montes
740 2266 1000 2341 includit,
1044 2268 1371 2327 Palatinum
1392 2268 1628 2343 scilicet,
1659 2268 2054 2346 Capitolinum,
2091 2270 2462 2346 Quirinalem,
2498 2270 2748 2349 Coelium,

336 2348 713 2425 Esquilinum,
756 2346 1101 2423 Viminalem,
1124 2346 1486 2409 Aventinum.
1551 2348 1710 2408 Hinc
1731 2351 1921 2409 Roma
1940 2354 2226 2423 ὃπιλοφος
2251 2351 2547 2427 septicollis
2576 2350 2748 2429 dicta,

340 2436 401 2487 et
440 2426 595 2506 apud
634 2428 1006 2486 Plutarchum
1044 2429 1263 2488 mentio
1303 2429 1372 2487 fit
1410 2431 1762 2507 septimontii,
1797 2431 1930 2491 festi
1969 2432 2177 2506 nimir.‚
2204 2430 2362 2508 quod
2385 2431 2756 2492 celebrabant

339 2508 606 2585 Romani,
640 2508 777 2586 quia
804 2506 1003 2566 addito
1032 2508 1161 2567 urbi
1189 2510 1434 2587 septimo
1463 2510 1628 2586 colle,
1663 2510 1850 2569 Roma
1877 2512 2194 2587 septicollis
2211 2512 2368 2571 dicta
2394 2521 2500 2571 est.
2562 2514 2753 2573 Varro

338 2588 411 2648 de
432 2589 663 2666 Lingua
684 2589 909 2662 Latina,
939 2588 1041 2647 lib.
1072 2610 1149 2656 v.,
1184 2589 1325 2649 Dies
1352 2590 1775 2666 Septimontium
1795 2591 2123 2651 nominatus
2139 2591 2214 2650 ab
2234 2592 2326 2651 his
2349 2600 2568 2671 septem
2589 2612 2754 2653 mon-

338 2669 511 2745 tibus,
542 2669 603 2727 in
631 2689 747 2748 qua
768 2669 881 2729 sita
907 2668 1047 2727 urbs
1074 2678 1180 2728 est.
1214 2668 1385 2729 Unde
1425 2670 1626 2747 Vir-qil.
1657 2668 1872 2747 Georg.
1901 2670 1962 2730 ii.
1993 2672 2101 2731 sub
2127 2673 2320 2750 finem,

822 2828 1043 2887 Scilicet
1070 2838 1123 2888 et
1148 2850 1340 2887 rerum
1354 2832 1523 2905 sacta
1544 2839 1627 2888 est
1640 2832 2030 2906 pulcherrima
2058 2833 2264 2906 Roma,

819 2910 1043 2985 Septem
1070 2928 1196 2985 quoe
1222 2930 1339 2967 una
1364 2911 1471 2969 sibi
1493 2930 1658 2968 muro
1686 2910 2051 2969 circumdedit
2069 2930 2247 2968 arces.

346 3066 425 3125 Et
458 3068 686 3127 Ovidius
713 3068 888 3128 Trist.
917 3068 1019 3126 lib.
1050 3067 1131 3125 iii.
1164 3068 1334 3145 Eleg‚
1365 3072 1421 3127 4.

823 3230 941 3288 Sed
966 3248 1091 3305 quae
1118 3230 1189 3286 de
1213 3237 1419 3303 septem
1448 3237 1620 3287 totum
1648 3228 2020 3305 circumspicit
2043 3228 2232 3288 orbem

900 3309 1202 3383 Montibus,
1234 3308 1472 3385 imperii,
1504 3309 1712 3385 Roma,
1743 3310 2040 3388 Deumque
2068 3312 2235 3369 locus.

347 3466 596 3528 Horatio
628 3468 728 3526 Dii
754 3467 1030 3526 tutelares
1060 3468 1263 3528 Romae
1292 3468 1563 3527 dicuntur

826 3628 947 3703 Dii,
978 3628 1173 3705 quibus
1200 3636 1405 3704 septem
1422 3632 1697 3705 placuere
1723 3632 1907 3691 eolles.

340 3786 484 3846 Cum
512 3807 653 3864 ergo
682 3794 909 3846 constet
936 3786 1183 3846 Romam
1212 3808 1384 3865 super
1412 3795 1632 3865 septem
1653 3788 1948 3849 montibus
1977 3789 2147 3850 sitam
2167 3808 2312 3865 esse,
2336 3789 2744 3869 liquidopatet,

342 3886 461 3925 non
488 3867 629 3925 alibi
656 3864 1025 3943 quaerendam
1054 3887 1182 3927 esse
1211 3868 1573 3945 Babylonem
1602 3868 1930 3946 mysticam,
1962 3870 2056 3929 cui
2082 3870 2192 3928 hoc
2219 3869 2508 3929 tribuitur.

420 3947 533 4005 VI.
582 3944 701 4005 Sed
731 3946 943 4005 clarius
970 3946 1160 4006 adhuc
1181 3948 1292 4007 hoc
1314 3948 1626 4024 colligitur,
1659 3968 1736 4007 ex
1783 3948 1964 4009 altero
1992 3949 2154 4009 urbis
2180 3948 2349 4008 istius
2399 3948 2746 4024 charactere,

342 4026 442 4103 qui
486 4046 523 4083 a
549 4026 733 4102 primo
760 4046 877 4085 non
906 4036 997 4087 est
1042 4028 1411 4105 separandus,
1464 4029 1565 4105 qui
1614 4048 1736 4088 ver.
1787 4031 1860 4089 18
1903 4030 2206 4104 indicatur,
2254 4048 2432 4105 quum
2473 4028 2616 4087 urbs
2650 4028 2755 4087 illa

338 4124 555 4182 magna
581 4104 792 4165 dicitur
818 4127 1055 4184 reynum
1102 4110 1305 4167 habere
1346 4128 1519 4184 super
1564 4128 1725 4186 reyes
1775 4119 1957 4169 terrae.
2043 4109 2186 4183 Quis
2215 4109 2368 4167 enim
2416 4109 2602 4167 nescit
2631 4108 2752 4167 Ro-

339 4204 511 4259 mam,
558 4185 601 4245 J
604 4186 807 4244 oannis
852 4194 1125 4265 tempore,
1166 4188 1344 4247 fuisse
1385 4200 1757 4257 βααιλιυουο-αι
1792 4204 1955 4264 πολιν,
2009 4189 2167 4247 orbis
2216 4188 2528 4266 dominam,
2579 4196 2756 4265 caput

342 4266 561 4343 mundi,
594 4265 853 4344 reginam
883 4268 1160 4345 gentium,
1192 4267 1264 4327 de
1294 4288 1409 4346 qua
1436 4270 1670 4329 Martia.
1698 4269 1800 4327 lib.
1829 4268 1953 4327 xiii.
1978 4268 2152 4345 Epig.
2183 4269 2238 4343 8,

827 4429 1143 4487 Terrarum
1169 4430 1321 4503 Dea,
1337 4429 1694 4505 yentiumque
1713 4429 1919 4501 Roma,

826 4508 940 4567 G'ui
952 4528 1076 4585 par
1103 4518 1184 4567 est
1208 4509 1362 4585 nihil,
1394 4518 1449 4567 et
1470 4510 1611 4567 m'lu'l
1629 4508 1946 4567 secundum.

341 4664 687 4726 Ammianus
700 4667 1094 4744 Marcellinus,
1106 4667 1207 4727 lib.
1220 4669 1343 4727 xiv.
1372 4689 1497 4746 cap.
1528 4671 1583 4745 5,
1633 4668 1988 4745 “Romam,”
2019 4665 2178 4746 dicit,
2195 4670 2230 4701 “
2247 4688 2350 4748 per
2369 4688 2566 4730 omnes
2588 4674 2758 4746 quot·
