3234 5192
563 356 681 421 722
1368 372 1447 414 na
1488 373 1744 416 omento
1785 372 2142 415 ron-nmero.
2489 353 2753 425 [mspur.
2781 368 2963 410 xx1v.

558 514 717 592 quia,
771 514 824 573 1.
856 515 989 574 Non
1010 522 1235 575 tantum
1263 516 1561 593 arguimus
1582 514 1946 575 adversarios
1968 511 2126 593 quod
2147 511 2502 572 circulariter
2525 511 2974 589 progrediantur

558 604 760 655 contra
786 614 889 655 eos
916 596 1017 673 qui
1043 596 1141 655 vel
1172 595 1501 675 Scripturas,
1532 596 1630 655 vel
1675 596 1952 655 Ecclesiae
1997 592 2403 653 authoritatem
2445 600 2664 668 negant
2709 594 2968 667 seorsim,

562 674 665 735 sed
692 676 867 735 etiam
894 676 956 734 in
984 675 1331 737 stabilienda
1358 696 1463 735 sua
1488 675 1604 736 fide
1633 684 1692 735 et
1719 677 1780 735 in
1807 673 2104 735 reddenda
2130 673 2256 750 ejus
2282 672 2523 747 ratione,
2570 670 2706 730 dum
2737 673 2974 733 credere

562 776 624 816 se
668 756 1009 835 profitentur
1057 756 1367 835 Scripturas
1411 757 1818 815 authoritatem
1861 762 2095 833 propter
2137 752 2415 811 Ecclesiae
2451 751 2862 828 testimonium,
2915 763 2976 814 et

561 856 761 896 rursus
780 835 1059 895 Ecclesiae
1080 837 1383 896 infallibile
1400 836 1792 896 testimonium
1814 844 2048 913 propter
2077 833 2451 910 Scripturam,
2470 834 2737 909 quamvis
2757 842 2976 892 utram·

563 936 675 995 que
724 912 1033 975 admittant
1074 925 1134 975 et
1176 925 1441 976 neutram
1483 924 1716 995 negent.
1801 920 1857 975 2.
1903 914 2050 973 Haec
2089 912 2385 991 responsio
2414 913 2686 991 supponit
2712 932 2842 971 eum
2873 914 2975 992 qui

564 997 793 1057 dubitat
818 996 915 1055 vel
958 1005 1137 1073 negat
1180 997 1459 1055 Ecclesiae
1496 994 1966 1055 infallibilitatem
2011 1012 2180 1071 posse
2225 1012 2301 1051 ex
2343 992 2640 1070 Scriptura
2687 994 2976 1071 convinci,

565 1077 670 1137 sed
694 1078 807 1135 hoc
834 1094 1107 1155 expresse
1134 1084 1421 1154 repugnat
1444 1076 1756 1153 hypothesi
1784 1074 2244 1134 adversariorum
2267 1072 2367 1149 qui
2395 1082 2589 1151 aperte
2616 1072 2976 1151 profitentur,

564 1157 785 1216 nullam
836 1157 1287 1216 controversiam
1338 1156 1684 1216 sufficienter
1730 1174 1806 1214 ex
1855 1154 2154 1233 scripturis
2201 1152 2589 1227 determinari,
2647 1163 2706 1213 et
2752 1155 2978 1214 nullum

568 1238 782 1313 dogma
810 1237 885 1296 ob
918 1237 1215 1316 scripturae
1244 1238 1651 1296 authoritatem
1678 1235 1918 1294 firmiter
1945 1234 2103 1295 credi
2129 1252 2315 1311 posse,
2359 1233 2476 1292 nisi
2503 1234 2739 1293 accedat
2765 1236 2980 1294 infalli-

567 1317 703 1375 bilis
734 1316 1011 1377 Ecclesiae
1055 1317 1383 1377 testificatio
1428 1325 1487 1376 et
1528 1316 1965 1395 interpretatio:
2009 1316 2088 1374 Et
2133 1334 2268 1372 sane
2312 1314 2360 1371 si
2401 1313 2711 1373 audiantur
2753 1316 2980 1375 nullum

568 1396 706 1456 fidei
750 1396 1187 1457 fundamentum
1229 1398 1524 1474 assignare
1564 1405 1808 1476 possunt
1835 1396 1896 1454 in
1923 1415 2040 1473 quo
2069 1414 2266 1453 eorum
2293 1393 2439 1453 fides
2467 1394 2568 1470 qui
2597 1393 2668 1453 de
2698 1395 2980 1456 Ecclesiae

571 1476 983 1537 infallibilitate
1030 1478 1299 1538 dubitant
1346 1478 1548 1538 sistere
1597 1484 1656 1535 et
1705 1477 2068 1553 acquiescere
2110 1475 2332 1553 possit3
2377 1474 2494 1533 Vel
2533 1474 2688 1532 enim
2715 1474 2826 1534 erit
2853 1476 2982 1554 ipsa

575 1557 856 1632 Ecclesia,
888 1558 986 1617 vel
1010 1558 1324 1637 Scriptura,
1353 1558 1451 1616 vel
1478 1556 1738 1615 Traditio
1765 1576 1883 1615 non
1913 1556 2162 1633 scripta;
2206 1553 2294 1613 At
2319 1562 2586 1613 neutrum
2615 1554 2730 1613 dici
2757 1564 2980 1633 potest:

575 1637 710 1695 Non
738 1637 1019 1712 Ecclesia,
1052 1638 1189 1714 quia
1216 1639 1341 1715 ejus
1369 1637 1752 1695 infallibilitas
1793 1644 1882 1695 est
1908 1635 1970 1694 id
1999 1635 2071 1694 de
2099 1654 2214 1711 quo
2243 1634 2576 1710 dubitatur;
2623 1633 2754 1694 Non
2787 1636 2980 1716 Scrip-

572 1724 703 1775 tura
730 1723 830 1775 aut
858 1716 1118 1775 Traditio
1145 1737 1263 1774 non
1292 1719 1520 1795 scripta,
1565 1718 1706 1793 quia
1743 1716 1946 1774 harum
1982 1715 2302 1773 authoritas
2343 1721 2403 1772 et
2441 1714 2737 1791 legitimus
2779 1735 2984 1776 sensus

574 1794 649 1853 ab
678 1795 967 1853 infallibili
997 1795 1275 1855 Ecclesiae
1316 1796 1647 1856 testimonio
1695 1816 1770 1855 ex
1819 1794 2280 1853 adversariorum
2328 1796 2614 1853 sententia
2660 1798 2986 1856 necessario

572 1874 846 1953 pendent,
876 1895 947 1934 ac
971 1874 1211 1953 proinde
1240 1874 1387 1933 nihil
1414 1876 1488 1935 ob
1516 1895 1714 1935 earum
1741 1874 2146 1934 authoritatem
2169 1874 2381 1952 simpli.
2404 1874 2636 1934 credere
2657 1895 2982 1954 possumuS,

576 1954 690 2015 nisi
717 1954 877 2032 prius
906 1954 1206 2015 credamus
1235 1956 1556 2015 Ecclesiam
1586 1976 1717 2033 quae
1745 1956 1862 2014 illis
1890 1954 2282 2014 testimonium
2319 1954 2584 2032 perhibet
2619 1976 2746 2015 esse
2774 1956 2985 2015 infalli-

578 2036 756 2095 bilem
778 2058 793 2110 3
836 2036 990 2095 unde
1018 2045 1178 2114 patet
1202 2055 1391 2114 neque
1418 2036 1514 2097 hic
1540 2037 1756 2095 habere
1784 2036 1942 2115 ipsos
1968 2036 2070 2094 ubi
2096 2035 2302 2114 pedem
2330 2034 2508 2113 figere
2535 2036 2776 2113 possint.

664 2116 853 2177 XIX.
902 2117 1020 2176 Sed
1060 2138 1179 2176 non
1220 2118 1405 2178 tutius
1446 2118 1665 2177 habent
1707 2116 2039 2196 praesidium
2081 2136 2271 2175 causae
2299 2135 2418 2174 suae
2447 2116 2507 2174 in
2533 2116 2696 2174 vario
2723 2124 2992 2195 respectu

582 2198 909 2277 regularum
941 2197 1211 2257 credendi
1239 2218 1370 2275 quae
1398 2206 1457 2257 et
1484 2198 1598 2259 sibi
1624 2206 1825 2257 mutuo
1855 2197 1972 2256 sint
2012 2216 2200 2256 causae
2244 2204 2304 2255 et
2345 2216 2449 2274 per
2489 2214 2550 2254 se
2593 2196 2843 2255 invicem
2887 2196 2988 2255 de-

580 2286 989 2337 monstrentur.
1052 2278 1219 2353 Nam,
1256 2282 1309 2335 1.
1341 2279 1539 2337 Gratis
1568 2278 1910 2354 supponitur
1935 2276 2094 2354 quod
2114 2276 2484 2335 falsissimum
2513 2284 2619 2351 est,
2650 2276 2774 2334 dari
2796 2277 2993 2354 plures

582 2356 855 2415 credendi
888 2356 1137 2431 regulas,
1168 2356 1339 2413 unica
1367 2355 1519 2415 enim
1548 2365 1740 2433 potest
1767 2375 1894 2415 esse
1921 2355 2120 2414 totalis
2147 2364 2206 2414 et
2232 2356 2500 2433 perfecta,
2545 2356 2690 2414 alias
2719 2356 2768 2415 si
2795 2356 2992 2433 plures

584 2434 795 2491 dantur
837 2441 1040 2491 neutra
1082 2434 1192 2491 erit
1230 2435 1450 2509 regula.
1528 2439 1585 2492 2.
1635 2434 1956 2510 Reciproca
1995 2434 2408 2492 demonstratio
2456 2454 2756 2494 causarum
2800 2444 2996 2514 potest

581 2511 807 2571 institui
854 2512 917 2569 in
962 2530 1096 2569 eum
1140 2510 1333 2586 finem,
1380 2519 1448 2569 ut
1494 2530 1571 2570 ex
1618 2512 2044 2588 comparatione
2091 2520 2310 2586 mutua,
2359 2532 2477 2569 non
2521 2513 2756 2588 quidem
2805 2516 2998 2593 primo

582 2600 643 2651 et
667 2591 953 2669 praecipue
982 2598 1225 2667 utraque
1252 2588 1527 2667 probetur
1567 2610 1603 2649 a
1641 2590 1836 2668 priori,
1881 2589 1984 2648 sed
2023 2597 2090 2649 ut
2127 2590 2318 2667 magis
2357 2590 2720 2650 illustrentur
2743 2602 2996 2673 tantum,

584 2689 895 2749 earumque
936 2690 1251 2730 consensus
1292 2680 1603 2749 appareat:
1651 2670 1769 2729 Sed
1796 2668 2087 2729 Pontificii
2125 2668 2299 2746 longe
2329 2668 2496 2728 aliter
2520 2672 2998 2752 progrediuntur,

582 2752 832 2831 probant
862 2750 1215 2829 Scripturam
1244 2770 1371 2811 esse
1402 2752 1515 2811 Dei
1541 2751 1785 2811 verbum
1813 2771 1888 2810 ex
1917 2750 2196 2809 Ecclesiae
2223 2749 2552 2809 testimonio
2587 2770 2704 2809 non
2737 2760 2806 2811 ut
2845 2753 3002 2815 fides

576 2832 699 2911 jam
729 2832 998 2891 inchoata
1024 2830 1213 2910 magis
1240 2831 1626 2908 confirmetur,
1671 2831 1774 2891 sed
1812 2838 1879 2890 ut
1919 2832 2214 2910 scripturae
2260 2850 2366 2889 sua
2402 2837 2625 2890 constet
2653 2832 2998 2911 authoritas,

586 2933 719 2990 quae
755 2912 1012 2989 alioquin
1054 2913 1110 2971 ci
1154 2920 1417 2972 constare
1444 2933 1561 2972 non
1588 2919 1801 2991 posset,
1848 2920 1909 2971 et
1949 2932 2149 2971 rursus
2177 2932 2252 2970 ex
2285 2911 2580 2990 Scriptura
2606 2912 2853 2989 probant
2881 2913 2999 2973 Ec-

586 2992 779 3052 clesiae
820 2992 1305 3069 infallibilitatem,
1354 3001 1419 3052 ut
1456 2992 1736 3053 Ecclesiae
1779 3012 1887 3051 sua
1929 3000 2154 3051 constet
2196 2992 2532 3066 authoritas,
2583 3010 2713 3069 quae
2761 2992 2998 3053 aliunde

586 3070 936 3133 sufficienter
982 3073 1213 3150 probari
1258 3092 1377 3132 non
1424 3080 1654 3151 potest3
1699 3072 1794 3131 Ita
1830 3072 2037 3131 volunt
2085 3071 2394 3148 Scripturas
2437 3071 2846 3130 authoritatem
2890 3093 2998 3132 ne-

588 3151 839 3210 cessario
866 3151 1115 3228 pendere
1150 3152 1223 3210 ab
1254 3152 1535 3229 Ecclesia,
1586 3161 1646 3211 et
1673 3152 1801 3211 vice
1829 3170 1998 3210 versa
2027 3151 2306 3211 Ecclesiae
2347 3150 2752 3210 authoritatem
2793 3170 2998 3212 neces-

586 3229 740 3288 sario
766 3229 1017 3306 pendere
1045 3250 1081 3288 a
1112 3230 1407 3308 Scriptura
1430 3252 1443 3306 3
1487 3232 1644 3310 quod
1673 3252 1745 3291 ne
1773 3230 2144 3307 imaginando
2171 3230 2406 3308 quidem
2445 3230 2590 3308 fingi
2625 3240 2833 3309 potest,
2858 3252 2998 3291 nam

584 3308 669 3367 sic
699 3317 1035 3382 sequeretur
1065 3310 1376 3386 Scripturas
1408 3310 1838 3370 Authoritatem
1874 3329 1992 3368 non
2019 3330 2188 3388 posse
2217 3310 2376 3369 credi
2399 3310 2514 3369 nisi
2541 3310 2701 3388 prius
2729 3310 3002 3370 credatur

474 3404 497 3427 ·
589 3386 869 3445 Ecclesiae
910 3387 1308 3462 infallibilitas,
1352 3390 1611 3448 vicissim
1641 3390 1918 3448 Ecclesiae
1956 3389 2424 3449 infallibilitatem
2466 3409 2584 3449 non
2623 3410 2793 3467 posse
2835 3392 3000 3450 credi

582 3466 700 3525 nisi
746 3466 906 3544 prius
954 3466 1221 3526 credatur
1272 3468 1582 3545 Scripturas
1633 3468 1969 3542 authoritas,
2000 3468 2159 3545 quod
2205 3468 2498 3528 ὧσὺστιτου.
2584 3472 2640 3528 3.
2683 3472 3000 3546 Reqressus

588 3545 997 3605 Aristotelicus
1036 3548 1213 3625 longe
1248 3546 1442 3607 differt
1481 3568 1517 3606 a
1544 3548 1774 3607 Circulo
1806 3548 2108 3607 Pontificio
2133 3570 2148 3609 τ
2193 3548 2342 3607 Nam
2375 3554 2428 3609 1.
2457 3550 2518 3607 in
2545 3567 2812 3626 regressu
2841 3570 3002 3609 nova

586 3626 903 3705 acquiritur
930 3626 1203 3705 cognitiO,
1246 3626 1383 3686 dum
1433 3627 1764 3705 proceditur
1811 3647 1846 3685 a
1897 3628 2226 3705 cognitione
2254 3628 2494 3687 confusa
2519 3627 2595 3687 ad
2623 3628 2956 3689 distinctam
2983 3654 2998 3707 ς

590 3706 710 3767 Sed
755 3706 851 3765 hic
893 3707 1056 3766 nulla
1100 3726 1255 3766 nova
1302 3707 1541 3784 accedit,
1586 3706 1918 3786 proceditur
1963 3708 2118 3765 enim
2165 3708 2242 3767 ab
2289 3708 2636 3767 authoritate
2672 3708 2838 3768 verbi
2877 3710 3000 3769 fide

586 3787 787 3847 divina
814 3786 1049 3860 credita,
1080 3786 1154 3844 ad
1182 3786 1424 3846 eandem
1452 3789 1616 3847 verbi
1645 3787 2053 3847 authoritatem
2079 3786 2194 3845 fide
2223 3786 2422 3846 divina
2449 3788 2744 3847 creditam.
2817 3792 2875 3848 2.
2924 3789 3000 3848 In

582 3885 851 3945 regressu
881 3874 972 3925 est
997 3866 1263 3925 diversus
1290 3886 1595 3944 processus
1623 3867 1698 3926 ab
1725 3866 1934 3925 effectu
1961 3866 2036 3925 ad
2065 3886 2314 3943 causam,
2345 3887 2382 3926 a
2402 3886 2576 3926 causa
2603 3868 2678 3925 ad
2705 3866 2999 3945 effectum,

584 3966 623 4005 a
642 3946 1129 4006 demonstratione
1176 3945 1249 4005 ’ὅτι
1287 3945 1364 4005 ad
1403 3946 1948 4005 demonstrationem
1977 3972 2064 4005 του
2091 3943 2229 4019 διότι,
2271 3955 2333 4006 et
2359 3947 2487 4006 vice
2515 3966 2700 4023 versa,
2732 3948 3000 4025 adeoque

584 4046 702 4085 non
729 4034 923 4104 potest
948 4024 1103 4084 idem
1144 4044 1270 4085 esse
1313 4046 1502 4085 causae
1530 4045 1715 4103 genus
1738 4048 1753 4101 ;
1802 4026 1919 4086 Sed
1945 4026 2006 4085 in
2036 4026 2266 4086 Circulo
2295 4026 2600 4086 Pontificio
2641 4046 2757 4086 non
2787 4037 2877 4086 est
2903 4028 3002 4087 di-

584 4124 791 4165 versus
816 4124 1137 4183 processus,
1188 4105 1290 4165 sed
1318 4105 1577 4184 ejusdem
1606 4104 1827 4165 ordinis
1853 4113 1912 4165 et
1940 4106 2187 4183 generis,
2235 4105 2377 4165 nim.
2416 4125 2452 4165 a
2491 4126 2666 4166 causa
2701 4107 3003 4185 objectiva

584 4186 721 4245 fidei
768 4194 1002 4263 propter
1040 4204 1215 4263 quam
1264 4185 1569 4259 eredimus,
1614 4184 1692 4242 ad
1727 4184 1970 4244 eandem
2000 4205 2233 4245 causam
2275 4185 2641 4264 objectivam,
2685 4187 3001 4264 utrobique

583 4265 735 4325 enim
806 4266 1045 4405 uaezitur
1078 4276 1315 4345 propter
1353 4265 1497 4344 quid
1534 4265 1634 4325 vel
1675 4264 1942 4325 credatur
1971 4265 2284 4344 Scripturas
2312 4266 2635 4327 authoritas
2662 4266 2760 4325 vel
2788 4267 3002 4327 Eccle-

584 4346 686 4404 siae
716 4345 776 4402 in
799 4346 899 4404 alli
944 4346 1117 4405 ilitas.

662 4423 818 4481 XX.
862 4428 918 4483 6.
964 4424 1230 4503 Denique
1262 4425 1503 4504 Staplet.
1548 4425 1608 4483 in
1637 4424 1969 4485 defensione
1997 4423 2362 4486 authoritatis
2393 4424 2687 4502 Ecclesiae,
2717 4425 2819 4483 lib.
2854 4428 2910 4501 3,
2947 4446 3002 4486 c.

582 4503 638 4575 3,
682 4498 927 4561 affirmat
968 4504 1111 4562 nihil
1160 4524 1287 4565 esse
1342 4504 1579 4565 absurdi
1606 4505 1657 4565 si
1685 4505 1962 4564 Ecclesiae
1991 4506 2308 4565 authoritas
2342 4505 2535 4583 quoad
2561 4524 2667 4564 nos
2695 4526 2770 4564 ex
2803 4505 3002 4584 Scrip-

579 4588 725 4639 vurae
752 4580 1101 4641 authoritate
1148 4584 1415 4661 pendeat,
1466 4594 1527 4645 et
1572 4604 1772 4644 rursus
1825 4586 2136 4662 Scriptura
2179 4586 2496 4645 authoritas
2545 4584 2736 4661 quoad
2783 4604 2891 4643 nos
2921 4587 3004 4645 ab

574 4656 859 4719 Ecclesiae
886 4661 1233 4721 authoritate
1252 4663 1518 4739 pendeat,
1538 4674 1849 4741 utrumque
1878 4664 2049 4723 simul
2073 4684 2272 4723 verum
2296 4684 2422 4723 esse
2450 4684 2638 4743 posse,
2671 4664 3002 4723 Ecclesiam
