3234 5192
501 335 620 393 264
1108 350 1185 391 ns
1215 350 1560 391 scius-runs:
1591 348 1793 391 sacrus
1824 347 2266 391 Aornoaxrxrs.
2512 328 2775 409 [msrur.
2806 347 2900 391 111.

501 508 686 565 quam
730 493 1059 551 absurdum
1099 497 1206 563 est,
1247 496 1308 548 et
1349 489 1637 561 Bonitati‚
1668 488 1989 565 Sapientiae
2018 495 2079 546 et
2106 485 2397 545 Potentiae
2440 484 2557 545 Dei
2598 503 2676 543 ex
2722 506 2899 563 aequo

499 576 810 645 repugnat·
1074 648 1217 707 XX.
1261 646 1480 719 Tertio,
1501 646 1563 705 id
1587 646 1785 722 ipsum
1804 645 2143 721 colligimus
2164 664 2239 703 ex
2263 642 2579 719 Scriptum
2594 644 2773 720 ipsius
2791 666 2901 704 aa·

495 704 543 753 ³·
592 707 641 809 *ὲ
673 708 971 810 tSoriptnrae
1013 740 1166 787 tura.
1248 724 1416 783 Nam
1441 743 1575 800 quse
1604 725 1760 783 ratio
1780 732 1870 783 est
1897 723 2075 797 Legis
2097 724 2176 781 ad
2200 722 2505 793 Subditos,
2529 722 2899 782 Testamenti

643 780 672 810 a
697 780 800 813 ιη’
1009 810 1090 865 ad
1121 804 1462 874 Custodem,
1485 803 1582 859 cui
1609 802 1993 861 commissum
2018 806 2139 871 est;
2170 800 2422 875 Regulae
2450 808 2512 859 et
2537 801 2603 858 N
2604 819 2785 860 ormae
2814 803 2893 860 ad

497 881 806 939 Artificem
828 884 934 958 qui
961 902 1034 943 ea
1059 884 1284 949 utitur;
1329 880 1423 938 Ea
1447 882 1627 937 debet
1671 898 1795 937 esse
1826 879 2150 954 Scripturae
2176 880 2257 937 ad
2301 878 2645 939 Ecclesiam.
2726 879 2792 937 N
2793 899 2895 939 am

494 958 604 1015 illa
627 967 690 1017 et
719 959 849 1017 Lex
874 969 964 1019 est
989 959 1208 1020 summi
1236 958 1549 1032 Principis,
1577 964 1641 1016 et
1666 957 2113 1017 Testamentum
2152 955 2349 1015 Patris
2374 956 2643 1031 coelestis,
2672 963 2734 1015 et
2772 958 2891 1017 Re-

491 1037 643 1109 gula
665 1038 848 1112 atque
879 1038 1085 1097 Canon
1110 1037 1249 1096 fidei
1277 1042 1338 1093 et
1377 1054 1616 1093 morum
1642 1036 2017 1095 certissimus.
2102 1034 2193 1093 At
2232 1052 2427 1109 neque
2467 1034 2600 1093 Lex
2642 1054 2815 1095 suam
2853 1055 2892 1095 a

496 1113 781 1187 Subditis,
831 1118 1050 1191 quibus
1089 1117 1296 1187 fertur,
1332 1114 1431 1171 vel
1482 1112 1885 1183 Praeconibus,
1928 1114 2149 1188 quibus
2207 1113 2650 1189 promulganda
2689 1115 2889 1187 datur,

491 1198 806 1251 mutuatur
831 1195 1275 1265 authoritatem,
1305 1194 1408 1253 sed
1435 1192 1604 1250 illam
1633 1192 1806 1251 unice
1834 1192 2015 1249 habet
2042 1210 2081 1250 a
2107 1189 2381 1265 Principe
2396 1193 2503 1265 qui
2519 1210 2651 1250 eam
2672 1192 2885 1264 sancit;

491 1268 711 1345 Neque
753 1271 1199 1333 Testamentum
1224 1272 1462 1348 pondus
1489 1287 1671 1328 suum
1692 1270 1923 1329 obtinet
1948 1270 2147 1344 quoad
2188 1287 2300 1327 nos
2326 1269 2403 1326 ab
2430 1287 2503 1327 eo
2531 1270 2631 1329 cui
2655 1288 2889 1327 concre-

489 1347 686 1407 ditum
713 1356 818 1421 est,
862 1353 965 1409 sed
993 1370 1032 1411 a
1055 1353 1368 1410 voluntate
1411 1348 1766 1419 Testatoris;
1808 1348 1943 1405 Nec
1970 1346 2305 1408 Gnomonis
2331 1354 2393 1404 et
2420 1348 2671 1423 Regulae
2698 1348 2889 1406 virtus

488 1426 566 1483 ab
593 1428 832 1487 artificis
852 1430 1249 1489 instrumenta
1274 1428 1384 1485 illa
1408 1427 1722 1485 tractantis
1748 1425 1991 1499 ingenio
2019 1431 2080 1483 et
2104 1425 2345 1483 solertia
2368 1427 2621 1500 pendet3
2664 1428 2769 1485 sed
2808 1427 2887 1485 ab

484 1500 723 1562 interna
741 1513 802 1562 et
829 1508 1128 1565 essentiali
1153 1508 1286 1582 ejus
1306 1505 1687 1579 proprietate,
1717 1521 1904 1579 quam
1929 1502 2023 1559 illi
2050 1502 2274 1559 ordinis
2298 1508 2361 1560 et
2385 1503 2651 1564 veritatis
2672 1506 2892 1563 author

489 1578 656 1671 pens
685 1584 888 1642 dedit:
935 1584 1038 1643 Ita
1065 1586 1203 1642 licet
1232 1582 1498 1641 Ecclesia
1525 1582 1753 1657 Legem
1778 1581 1956 1671 istam
1989 1586 2277 1639 aeternam
2304 1579 2488 1655 Regis
2528 1582 2770 1675 Regum
2796 1602 2892 1641 ac-

483 1665 666 1793 5353*
675 1662 1074 1797 353333‘3‘.
1085 1660 1488 1808 iiffifffiss
1491 1656 1871 1811 *1ιῖἓῇΐᾶ
1878 1658 2739 1814 ᾅΐῖῃῖἓίιἭὲἓωέζρξὲἔῗ
2752 1680 2893 1797 „⁰31

493 1830 715 1887 maque
743 1822 954 1874 utatur
978 1816 1168 1875 instar
1193 1816 1369 1890 periti
1397 1814 1642 1871 artificis
1669 1816 1745 1871 ad
1774 1813 2092 1871 aedificium
2116 1814 2258 1871 fidei
2280 1836 2295 1887 ς
2325 1830 2503 1873 nemo
2532 1824 2731 1875 tamen
2758 1818 2891 1875 dix-

482 1889 596 1948 erit
621 1894 1049 1953 authoritatem
1080 1890 1400 1967 Scrip'turae
1429 1893 1765 1963 conciliare,
1805 1892 2050 1969 quando
2078 1898 2211 1951 tota
2236 1894 2313 1950 ab
2345 1892 2531 1969 ipsius
2571 1902 2791 1952 natura
2828 1903 2892 1953 et

482 1969 782 2029 essentiali
807 1972 1184 2047 proprietate,
1227 1990 1362 2045 quae
1406 1970 1520 2044 ipsi
1547 1989 1586 2029 a
1613 1971 1793 2029 Patre
1835 1968 2167 2029 Luminum
2192 1970 2325 2045 ejus
2375 1970 2655 2029 Authore
2694 1972 2889 2029 indita

482 2052 588 2119 est,
617 2050 856 2123 pendet.
941 2049 1122 2108 Unde
1166 2050 1340 2109 fidele
1368 2049 1612 2124 quidem
1650 2047 2004 2125 relinquitur
2033 2048 2313 2107 Ecclesiae
2340 2045 2751 2118 ministerium,
2778 2050 2886 2105 sed

479 2126 649 2183 nulla
676 2129 1004 2189 authoritas
1027 2149 1043 2199 ;
1086 2136 1147 2187 et
1173 2129 1224 2187 si
1244 2128 1388 2204 quid
1413 2128 1600 2186 addat
1619 2132 1729 2185 aut
1754 2128 2033 2185 detrahat
2057 2125 2372 2196 mandatis,
2402 2144 2533 2199 quse
2554 2142 2593 2183 a
2619 2124 2885 2184 Domino

479 2206 722 2279 accepit,
752 2208 816 2265 in
843 2207 1004 2265 idem
1033 2207 1255 2264 crimen
1301 2206 1587 2297 incurrit,-
1608 2206 1673 2297 in
1713 2206 1875 2280 quod
1891 2204 1967 2297 ’N
1971 2204 2192 2265 otarius
2234 2204 2469 2261 tabulas
2524 2202 2886 2297 Testamenti

480 2283 1746 2436 ffiffissffaffiffifflffifflffl
1760 2282 2886 2434 affliffifflfflffiffiffiffi

479 2436 770 2510 humanis,
799 2445 861 2497 et
887 2448 1115 2499 aeterna
1139 2441 1374 2499 caducis
1400 2446 1704 2515 praestant.
2163 2487 2166 2490 .

557 2514 741 2575 XXI.
781 2516 1004 2593 Neque
1027 2518 1128 2576 hic
1154 2517 1570 2587 omittendum,
1591 2518 1758 2591 quod
1786 2514 2085 2574 Pontificii
2108 2515 2223 2591 ipsi
2252 2514 2587 2590 Scripturas
2614 2524 2887 2592 respectu

477 2590 758 2653 Ecclesiae
774 2596 994 2654 volunt
1008 2614 1132 2655 esse
1149 2595 1335 2653 instar
1344 2594 1689 2655 Lito-rarum
1710 2595 2033 2655 credentia
2050 2593 2160 2674 (sic
2174 2612 2273 2653 eas
2293 2594 2547 2655 vocabat
2564 2592 2889 2655 Peri-onius

478 2667 840 2753 cardinalis)
869 2692 1004 2750 quae
1043 2675 1225 2731 fidem
1263 2674 1356 2731 illi
1393 2674 1711 2733 adstruant
1746 2674 1812 2730 in
1850 2673 2179 2732 ministerio
2221 2689 2369 2742 suo;
2410 2672 2686 2747 quamvis
2724 2674 2889 2732 enim

470 2749 628 2809 male
675 2751 815 2809 inde
843 2752 1052 2811 elicere
1097 2752 1246 2810 velit
1294 2751 1633 2811 cardinalis
1682 2752 2129 2827 Scripturarum
2168 2750 2665 2823 insufficientiam,
2694 2769 2769 2808 ex
2814 2770 2887 2811 eo

470 2830 632 2903 quod
659 2829 724 2886 in
753 2829 968 2889 Literis
994 2830 1456 2889 credentialibus
1479 2848 1604 2889 non
1634 2830 1837 2889 omnia
1861 2831 2297 2899 contineantur,
2328 2846 2464 2904 quse
2492 2828 2556 2886 in
2583 2830 2884 2889 mandatis

470 2906 614 2966 data
639 2913 782 2966 sunt
811 2908 1078 2985 Legat03
1125 2908 1287 2976 Quia
1313 2926 1436 2967 non
1474 2915 1618 2969 sunt
1655 2915 1895 2969 tantum
1942 2908 2163 2967 Literse
2204 2906 2539 2978 credentiae,
2568 2909 2673 2965 sed
2700 2908 2885 2967 etiam

471 2983 752 3045 Edictum
761 2994 823 3045 et
832 2988 962 3046 Lex
974 2987 1280 3062 Principis,
1293 3006 1427 3064 quoe
1439 2987 1640 3047 omnia
1649 2987 1945 3046 credenda
1964 2994 2025 3045 et
2042 2987 2317 3047 facienda
2328 2985 2533 3057 sancit,
2551 2991 2624 3043 ut
2632 2986 2885 3045 vetitum

468 3062 546 3119 sit
593 3065 918 3139 quicquam
957 3066 1050 3124 illi
1089 3067 1309 3123 addere
1351 3066 1448 3123 vel
1487 3067 1835 3142 detrahere;
1878 3065 2295 3125 Nihilominus
2340 3064 2421 3123 ad
2458 3063 2765 3122 hominem
2810 3082 2883 3122 eo

465 3156 785 3211 possumus
826 3144 918 3199 uti
966 3151 1340 3218 argumento,
1369 3143 1447 3201 ad
1489 3144 1797 3203 sententiae
1838 3162 2025 3218 quam
2064 3150 2308 3202 tuemur
2352 3142 2881 3201 confirmationem.

471 3214 1002 3282 Quemadmodum
1047 3219 1210 3278 enim
1264 3220 1484 3277 Literae
1538 3222 1854 3279 credentiae
1908 3240 2081 3282 suam
2126 3240 2251 3279 non
2296 3222 2523 3279 habent
2562 3237 2603 3277 a
2648 3220 2881 3294 Legato

467 3290 778 3366 Principis,
821 3298 984 3369 apud
1031 3314 1133 3353 eos
1179 3296 1627 3368 authoritatem,
1668 3300 1745 3355 ad
1788 3316 1943 3373 quos
1988 3298 2247 3357 mittitur
2270 3321 2284 3375 3
2344 3300 2449 3357 sed
2495 3298 2795 3355 duntaxat
2840 3314 2880 3355 a

463 3368 2879 3526 ffizztsifffflffiffiffiizgfflzff§.3330333312ffat¹i55fi155tss02333

463 3522 722 3598 recipere
747 3531 960 3600 potest,
988 3492 1092 3584 s’ed
1119 3527 1365 3584 demum
1385 3544 1422 3583 a
1441 3544 1502 3583 se
1523 3526 1655 3601 ipsa
1672 3534 1735 3586 et
1758 3529 2199 3588 characteribus
2225 3532 2340 3606 ipsi
2364 3531 2578 3602 insitis,
2600 3530 2708 3605 qui
2732 3538 2877 3589 sunt

464 3602 652 3660 veluti
679 3602 932 3694 totidem
959 3604 1177 3663 summi
1206 3603 1499 3680 Principis
1525 3606 1744 3681 sigillo,
1762 3606 1981 3681 quibus
2010 3624 2081 3665 ea
2096 3608 2305 3667 divina
2330 3617 2392 3667 et
2416 3608 2753 3667 infallibilis
2771 3627 2879 3684 per

463 3697 526 3737 se
553 3688 874 3739 certissime
902 3683 1266 3757 agnoscitur.

1054 3759 1277 3820 XXII.
1321 3760 1596 3835 Denique
1622 3778 1699 3819 ne
1725 3762 1901 3836 plura
1926 3778 2317 3836 congeramus
2354 3770 2727 3838 argumenta.
2810 3763 2876 3824 Si

457 3822 500 3868 ⁴·
518 3824 630 3926 3¹4}ss
661 3824 936 3928 &23⁰⁰ssst
977 3836 1280 3914 Scriptura
1321 3846 1412 3897 est
1457 3857 1564 3914 per
1611 3857 1693 3911 se,
1721 3846 1783 3897 et
1828 3840 2032 3914 quoad
2076 3857 2137 3899 se
2166 3840 2555 3914 Authentica,
2586 3849 2657 3900 ut
2682 3841 2873 3901 videri

517 3896 658 3996 pria}³
826 3897 857 3942 Ρ
885 3898 934 3929 ⁰‘
973 3918 1190 3974 volunt
1215 3920 1329 3975 hoc
1354 3917 1529 3975 fateri
1556 3916 1923 3989 Adversarii,
1950 3934 2076 3977 non
2099 3924 2297 3993 potest
2334 3938 2458 3977 non
2484 3938 2611 3978 esse
2648 3920 2875 3995 pariter

971 3994 1314 4056 authentica
1339 3996 1536 4070 quoad
1565 4014 1693 4053 nos.
1780 3995 2084 4071 Quicquid
2108 3994 2271 4055 enim
2308 3996 2629 4073 Scripturas
2656 3999 2871 4056 autho-

455 4070 694 4129 ritatem
719 4070 782 4129 in
810 4090 874 4131 se
893 4071 1122 4144 tribuit,
1151 4077 1212 4130 et
1231 4072 1375 4131 facit
1421 4080 1492 4131 ut
1531 4072 1755 4132 Divina
1793 4074 1871 4131 sit
1898 4081 1959 4132 et
1982 4074 2303 4151 αὖτὸπιπος,
2344 4076 2410 4134 id
2450 4076 2652 4151 ipsum
2689 4077 2869 4133 etiam

455 4150 780 4207 necessario
808 4169 941 4209 eam
969 4150 1284 4209 conciliare
1310 4153 1490 4211 debet
1505 4152 1600 4209 illi
1620 4158 1889 4227 respectu
1916 4154 2125 4213 nostri.
2188 4154 2345 4213 Cum
2364 4154 2527 4213 enim
2544 4154 2867 4227 Scripturas

453 4228 787 4287 authoritas
811 4228 964 4286 nihil
1004 4228 1172 4288 aliud
1214 4230 1308 4301 sit,
1339 4248 1522 4305 quam
1561 4229 1825 4304 dignitas
1852 4230 1984 4305 ejus
2026 4239 2087 4290 et
2125 4233 2471 4310 praestantia
2508 4232 2731 4299 divina,
2759 4246 2869 4303 per

453 4322 636 4377 quam
661 4305 730 4364 fit
755 4314 826 4365 ut
869 4308 1051 4364 fidem
1091 4314 1154 4365 et
1193 4308 1548 4383 obsequium
1587 4310 1754 4383 apud
1791 4310 2063 4369 homines
2103 4319 2418 4382 mereatur,
2464 4307 2629 4377 Quid
2670 4306 2869 4365 obstat

452 4382 776 4455 quominus
802 4385 966 4459 quod
1015 4404 1148 4444 eam
1175 4388 1358 4445 talem
1403 4388 1604 4445 reddit
1650 4386 1715 4444 in
1758 4405 1837 4459 se,
1865 4395 2106 4463 praestet
2132 4389 2315 4449 etiam
2340 4386 2543 4463 quoad
2582 4401 2693 4439 nos
2717 4384 2738 4441 ἓ
2782 4382 2865 4443 Et

453 4474 596 4515 sane
644 4460 695 4516 si
739 4460 1046 4535 Scriptura
1071 4470 1161 4521 est
1198 4464 1262 4521 in
1290 4483 1352 4522 se
1397 4464 1623 4524 Divina
1667 4471 1913 4541 propter
1960 4467 2375 4525 admirandam
2420 4460 2861 4535 mysteriorum,

451 4552 588 4609 quae
615 4534 680 4592 in
707 4554 780 4593 ea
805 4540 1149 4611 traduntur,
1177 4542 1630 4613 sublimitatem,
1657 4550 1901 4617 propter
1938 4544 2263 4617 perfectam
2302 4540 2563 4615 partium
2590 4538 2859 4597 omnium

449 4612 605 4669 inter
631 4630 693 4669 se
720 4614 1188 4688 consensionem,
1217 4627 1460 4693 propter
1487 4621 1784 4679 coelestem
1812 4620 2034 4694 ubique
2061 4628 2123 4679 et
2146 4618 2301 4677 nihil
2340 4624 2646 4675 terrenum
2684 4618 2859 4675 redo-
