3234 5192
519 325 598 382 40
1256 341 1334 381 Dr.
1363 342 1727 382 messenum
1758 341 2104 383 ssesssmxs
2582 319 2841 404 [msru‘r.
2874 343 2936 383 11.

527 483 703 542 tem.-’'
789 483 909 542 Nec
937 503 1062 541 eam
1085 492 1148 542 ut
1179 503 1336 561 spem
1367 483 1554 543 solum
1597 503 1777 560 suam,
1804 483 1906 543 sed
1928 483 2101 542 etiam
2121 489 2187 541 ut
2212 502 2367 558 spem
2392 483 2615 541 unicam
2644 483 2933 558 invocant,

527 562 588 620 in
618 563 916 621 Breviario
947 563 1115 622 Rom.
1143 567 1190 631 §-
1221 573 1384 642 sept.,
1432 566 1468 596 ‘⁴
1490 564 1580 622 Tu
1607 583 1673 622 es
1712 584 1843 642 spes
1887 564 2057 622 unica
2098 573 2481 640 peccatorum,
2528 582 2631 639 per
2658 572 2715 621 te
2746 582 2938 640 spera-

527 641 1024 702 mus‘delictorum
1053 643 1299 718 veniam,
1331 652 1389 701 et
1417 643 1476 700 in
1504 653 1562 702 te
1591 643 1925 702 beatissima
1950 650 2276 700 nostrorum
2306 650 2395 701 est
2438 643 2763 720 expectatio
2792 663 2938 719 prae-

525 723 831 780 miorum.''
919 723 1008 781 Eo
1035 724 1284 799 pertinet
1305 723 1462 799 quod
1489 723 1550 780 in
1581 723 1866 781 Psalterio
1891 723 2109 796 Mariae,
2136 741 2493 798 quaecunque
2522 722 2597 779 ad
2627 723 2815 780 Deum
2845 741 2940 780 so-

525 803 646 860 lum
678 802 1090 878 dirigebantur,
1123 803 1198 859 ad
1225 823 1352 860 eam
1381 801 1719 879 blaspheme
1749 802 2185 876 transferuntur,
2229 801 2571 878 profitentur
2598 821 2659 859 se
2688 801 2774 858 illi
2802 821 2939 859 con-

525 881 720 954 fidere,
747 882 806 938 in
816 901 944 940 eam
962 901 1206 958 sperare,
1224 881 1510 954 Psal.vii.,
1535 884 1566 912 “
1587 881 1853 954 Domina,
1877 881 1939 938 in
1960 889 2016 939 te
2039 882 2326 958 speravi‚'’
2350 880 2503 939 Psal.
2528 901 2691 955 xxx„
2716 883 2752 914 ‘⁴
2767 881 2839 938 In
2861 889 2936 956 te,

529 961 795 1034 Domina,
829 961 1072 1036 speravi,
1103 980 1220 1017 non
1248 958 1565 1018 confundar
1594 960 1655 1016 in
1676 962 2011 1032 aeternum,'’
2044 961 2199 1018 Psal.
2230 960 2392 1035 xlvi„
2441 962 2477 992 “
2500 961 2777 1018 Miserere
2805 961 2938 1034 mei,

529 1041 796 1111 Domina,
825 1040 1098 1096 miserere
1133 1039 1264 1111 mei,
1317 1039 1588 1114 quoniam
1622 1049 1685 1098 tu
1732 1061 1794 1098 es
1824 1059 1955 1117 spes
2004 1048 2063 1098 et
2090 1041 2193 1097 lux
2241 1041 2496 1097 omnium
2526 1039 2939 1098 confidentium

523 1119 585 1175 in
607 1119 722 1190 te,’'
749 1118 904 1176 Psal.
923 1119 1097 1191 xciw,
1126 1121 1161 1150 ‘⁶
1181 1119 1409 1194 Venite,
1431 1119 1736 1178 adoremus
1758 1128 1816 1179 et
1832 1119 2196 1196 procidamus
2225 1127 2357 1177 ante
2374 1121 2560 1193 cam‚''
2585 1119 2737 1177 Psal.
2762 1119 2937 1194 xcvi„

529 1200 564 1230 “
583 1197 842 1256 Adorate
871 1217 1015 1273 eam,
1068 1198 1226 1257 cives
1255 1199 1429 1256 curiae
1462 1199 1782 1273 Paradisi,’'
1838 1199 1991 1256 Psal.
2032 1199 2091 1273 l.,
2140 1200 2176 1231 ‘⁶
2198 1199 2474 1257 Miserere
2502 1199 2633 1271 mei,
2667 1198 2935 1274 Domina,

525 1296 654 1353 quae
681 1285 865 1335 mater
891 1277 1297 1336 misericordias
1325 1280 1692 1355 nuncuparis,
1726 1287 1783 1338 et
1813 1279 2128 1337 secundum
2160 1278 2384 1336 viscera
2418 1277 2938 1336 misericordiarum

525 1366 751 1414 tuarum
781 1357 997 1415 munda
1023 1377 1114 1416 me
1143 1357 1218 1415 ab
1262 1359 1531 1417 omnibus
1579 1359 1983 1436 iniquitatibus
2028 1359 2230 1434 meis,”
2263 1366 2321 1416 et
2348 1358 2463 1416 alia
2505 1358 2565 1415 id
2594 1377 2780 1434 genus
2809 1377 2937 1434 quae

524 1437 648 1495 sine
677 1437 1073 1514 indignatione
1101 1438 1220 1514 legi
1247 1458 1364 1497 non
1391 1446 1653 1515 possunt.
2581 1459 2585 1463 ·

606 1517 786 1574 XVI.
834 1517 896 1574 Si
924 1516 998 1574 ad
1025 1518 1442 1575 Invocationem
1469 1517 1796 1592 transimus,
1821 1517 1963 1593 quid
1990 1517 2199 1575 clarius
2229 1536 2399 1593 quam
2429 1535 2556 1574 eam
2584 1517 2645 1573 in
2672 1516 2940 1593 precibus

523 1597 734 1673 saepius
762 1595 1132 1672 interpellari,
1165 1616 1337 1672 quam
1367 1597 1556 1672 ipsum
1587 1596 1794 1682 Dema,
1842 1615 1959 1654 non
2002 1598 2187 1654 solum
2225 1605 2290 1654 ut
2338 1595 2727 1654 mediatricem
2760 1596 2938 1654 inter-

525 1675 817 1748 cessionis,
849 1674 948 1732 sed
993 1675 1167 1732 etiam
1195 1683 1260 1732 ut
1299 1675 1651 1752 largitricem
1681 1676 1882 1751 gratiae
1911 1685 1969 1734 et
1996 1676 2213 1752 gloriae,
2244 1675 2642 1752 protectricem
2682 1695 2719 1732 a
2754 1676 2939 1732 malis.

523 1753 650 1827 Quo
680 1761 942 1830 spectant
969 1755 1256 1812 orationes
1283 1754 1416 1828 illae,
1448 1755 1659 1831 quibus
1689 1774 1749 1812 se
1780 1756 2056 1814 custodiae
2084 1765 2141 1814 et
2168 1756 2363 1814 tutelae
2394 1756 2464 1812 B.
2494 1754 2758 1830 Virginis
2787 1774 2939 1812 com-

519 1832 812 1906 mendant,
877 1840 994 1890 tam
1049 1833 1111 1890 in
1153 1834 1276 1891 vita
1318 1854 1492 1910 quam
1536 1835 1596 1892 in
1652 1842 1872 1910 morte;
1957 1835 2018 1892 in
2065 1835 2225 1894 Offic.
2272 1835 2342 1893 B.
2394 1834 2615 1909 Mariae,
2676 1837 2712 1866 “
2734 1835 2936 1909 Maria,

520 1921 704 1970 mater
731 1912 948 1989 gratiae,
979 1921 1163 1970 mater
1188 1913 1609 1990 misericordiae,
1655 1922 1717 1972 tu
1760 1933 1867 1972 nos
1894 1915 1967 1972 ab
1995 1915 2162 1973 hoste
2188 1923 2443 1991 protege,
2476 1922 2535 1972 et
2574 1913 2717 1972 hora
2742 1914 2945 1971 mortis

523 1992 806 2070 suscipe.''
936 1993 1014 2050 Et
1068 2012 1243 2068 quare
1301 1994 1377 2050 ad
1432 2013 1558 2051 eam
1614 2013 1812 2071 preces
1880 2013 1997 2052 non
2066 1994 2399 2070 dirigerent,
2470 1993 2701 2069 quando
2776 1995 2941 2050 deum

511 2081 916 2148 proepotentem
985 2092 1109 2130 eam
1179 2073 1381 2130 dz‘vt'nae
1437 2074 1743 2148 majestatis
1800 2075 2201 2150 potestatisque
2265 2075 2474 2131 sociam
2512 2073 2619 2130 sibi
2663 2073 2935 2146 ascivisse,

517 2151 913 2228 pertendunt?
953 2160 1017 2210 ut
1044 2151 1302 2228 loquitur
1339 2153 1514 2230 Vieqa
1537 2156 1594 2213 in
1613 2155 1791 2229 Apoc.
1823 2174 1947 2230 cap.
1984 2158 2094 2228 12„
2144 2156 2179 2186 “
2198 2153 2580 2212 Constituisse
2610 2171 2737 2210 eam
2765 2171 2938 2228 super

521 2251 746 2289 omnem
778 2239 1113 2306 creaturam,
1159 2241 1218 2291 et
1244 2232 1572 2310 quicunque
1601 2233 1643 2291 J
1648 2253 1749 2291 esu
1778 2242 1982 2292 curvat
2010 2253 2182 2309 genu,
2214 2233 2392 2291 Matri
2435 2251 2665 2309 quoque
2694 2249 2935 2307 pronum

521 2312 862 2388 supplicare,
896 2312 1084 2369 Deum
1141 2311 1196 2370 ei
1243 2311 1474 2371 dedisse
1523 2312 1825 2370 dimidium
1870 2315 2036 2388 regni
2084 2313 2232 2386 sui,’'
2296 2311 2453 2388 quod
2506 2311 2733 2370 duobus
2775 2311 2938 2368 aiunt

521 2392 818 2464 contineri,
868 2391 1126 2467 potentia
1173 2399 1230 2448 et
1273 2392 1683 2465 misericordia,
1730 2401 2011 2468 potestate
2060 2412 2200 2468 ergo
2252 2392 2377 2449 Deo
2419 2399 2765 2464 remanente,
2816 2409 2939 2448 ces-

521 2470 664 2528 sisse
693 2469 1116 2546 quodammodo
1137 2471 1586 2528 miscricordiam
1619 2471 1729 2528 Dei
1761 2472 1954 2543 Matri,
1988 2472 2180 2548 itaque
2210 2471 2513 2546 Virginem
2542 2470 2791 2528 divisum
2836 2470 2936 2526 ha-

523 2549 654 2608 bere
691 2570 821 2607 cum
853 2551 978 2607 Deo
1007 2549 1326 2626 imperium.
1415 2551 1542 2608 Biel
1575 2553 1649 2608 In
1677 2551 1941 2626 Exposit.
1990 2551 2168 2610 Cano.
2234 2551 2393 2607 Mm.
2439 2553 2591 2607 Lect.
2622 2552 2737 2622 80„
2782 2548 2939 2624 quod

525 2630 800 2688 Cas-saud.
826 2629 1070 2687 consult.
1101 2637 1206 2687 art.
1237 2632 1332 2703 21,
1365 2649 1495 2687 cum
1522 2629 1922 2706 indignatione
1943 2629 2259 2706 annotavit,
2284 2649 2390 2688 nec
2418 2649 2525 2686 nos
2554 2628 2677 2686 sine
2704 2628 2937 2687 horrore

519 2708 717 2768 audire
756 2728 1081 2786 possumus.
1167 2709 1262 2767 Ita
1309 2709 1620 2785 aliquando
1668 2718 1735 2768 ut
1760 2711 1969 2768 sociam
1998 2710 2227 2769 Christo
2264 2709 2605 2785 adjungunt,
2650 2707 2935 2767 interdum

519 2797 586 2848 ut
604 2791 946 2866 superiorem
969 2788 1306 2866 praeficiunt,
1328 2809 1739 2867 nonnunquam
1764 2789 1953 2864 etiam,
1976 2790 2228 2863 exclus0,
2254 2798 2320 2847 ut
2345 2788 2592 2860 videtur,
2620 2787 2863 2860 Christo,
2886 2787 2940 2844 ei

517 2871 625 2928 soli
648 2870 958 2929 adhaerent.
995 2869 1075 2928 Ut
1104 2869 1395 2928 Christum
1427 2871 1740 2928 Dominum
1766 2881 1995 2940 vocant,
2026 2871 2109 2928 sic
2140 2869 2386 2926 Mariam
2405 2869 2710 2926 Dominam
2738 2889 2751 2942 ;
2776 2866 2937 2924 illum

523 2950 761 3026 Regem,
792 2951 941 3009 hanc
971 2949 1256 3026 Reginam
1288 2951 1471 3026 Coeli3
1515 2951 1679 3010 illum
1710 2951 1956 3027 denique
1983 2950 2187 3022 Deum,
2220 2949 2366 3005 hanc
2398 2947 2601 3020 Deam,
2632 2946 2750 3004 vid.
2780 2947 2935 3017 Offic.

522 3033 594 3088 Β.
621 3031 865 3105 ,Μανίως
912 3032 1105 3088 Bemb.
1137 3031 1304 3107 epist.
1335 3030 1411 3088 ad
1441 3031 1629 3089 Carol.
1661 3030 1735 3088 V.
1763 3052 1776 3106 ;
1810 3031 2039 3088 Hor-tul.
2070 3029 2240 3087 anim.
2326 3028 2448 3084 Nec
2476 3027 2783 3102 adaequant
2810 3035 2936 3083 tan-

518 3118 659 3181 tum,
692 3109 796 3166 sed
823 3118 881 3167 et
907 3109 1331 3184 quodammodo
1357 3110 1696 3186 praeficiunt.
1782 3109 1869 3168 Eo
1898 3111 2051 3167 enim
2079 3116 2317 3166 ventum
2352 3115 2454 3180 est,
2486 3114 2552 3164 ut
2580 3107 2701 3180 ipse
2728 3103 2943 3163 fatetur

521 3187 842 3244 Cassander
869 3188 1029 3244 artic.
1061 3191 1156 3242 21.
1187 3189 1452 3260 consult.,
1502 3198 1568 3246 ut
1597 3188 1860 3245 Christus
1907 3189 2077 3246 etiam
2114 3189 2238 3262 jam
2280 3187 2339 3241 in
2369 3185 2515 3242 coelo
2542 3203 2792 3257 regnans
2819 3203 2941 3240 ma·

515 3265 594 3322 tri
625 3263 982 3338 subjiciatur.
1060 3264 1358 3339 Siquidem
1388 3274 1571 3336 orant,
1634 3266 1670 3296 ‘⁶
1692 3275 1757 3321 ut
1799 3285 1861 3321 se
1898 3275 2139 3322 matrem
2158 3283 2283 3320 esse
2306 3269 2600 3330 monstret,
2622 3259 2953 3336 matrisque

511 3345 644 3420 jure
673 3341 915 3416 imperet
937 3341 993 3415 3⁹¹
1038 3341 1303 3398 Breviar.
1335 3343 1501 3398 Rom.
1549 3350 1601 3397 et
1648 3342 1801 3411 Offic.
1848 3344 2077 3414 Μανία,
2129 3360 2243 3416 quo
2271 3340 2561 3416 pertinent
2588 3337 2687 3395 illa
2714 3340 2938 3401 Missal.

510 3419 717 3497 pari-3„
769 3421 805 3452 “
828 3419 942 3477 Ora
985 3428 1224 3496 patrem,
1268 3418 1413 3495 jube
1461 3419 1641 3492 filio,”
1690 3419 1807 3476 imo
1848 3429 1908 3477 et
1950 3439 2101 3496 saepe
2150 3418 2330 3476 solam
2379 3437 2501 3474 eam
2553 3418 2826 3477 videntur
2880 3422 2940 3478 in

521 3501 729 3558 throno
776 3498 984 3574 locare,
1035 3499 1262 3556 unicam
1309 3517 1436 3556 eam
1482 3498 1819 3556 miserorum
1884 3519 2045 3576 spem
2086 3498 2458 3576 appellanteS,
2524 3518 2631 3557 nec
2700 3500 2940 3558 alteram

521 3577 908 3636 desolatorum
961 3597 1121 3654 spem
1159 3586 1556 3654 agnoscentes,
1587 3577 1754 3654 eique
1802 3579 1911 3637 soli
1960 3599 2020 3638 se
2066 3578 2550 3637 commendantes,
2652 3579 2807 3653 Quid
2850 3589 2941 3638 est

522 3666 840 3718 creaturam
875 3658 1005 3716 loco
1055 3657 1328 3716 creatoris
1376 3677 1606 3734 ponere,
1653 3658 1701 3715 si
1742 3658 1853 3716 hoc
1894 3679 2011 3717 non
2040 3661 2176 3718 est?
2248 3659 2364 3716 Sed
2404 3679 2477 3717 ne
2504 3658 2564 3715 in
2606 3659 2699 3717 his
2720 3658 2939 3718 diutius

519 3741 903 3813 immoremur,
950 3737 1050 3814 qui
1090 3738 1257 3815 plura
1297 3737 1546 3798 voluerit
1587 3737 1757 3797 adeat
1798 3739 1976 3797 celeb.
2024 3739 2401 3798 Drelincurtii
2436 3748 2765 3797 accuratum
2794 3757 2940 3814 opus

520 3821 592 3878 de
635 3821 842 3878 honore
884 3819 1062 3877 debito
1105 3819 1178 3876 B.
1233 3818 1469 3894 Virqr'ni,
1515 3818 1616 3896 qui
1658 3827 1841 3877 totum
1890 3820 1999 3878 hoc
2041 3827 2443 3896 argumentum
2486 3818 2832 3877 solidissime
2882 3827 2941 3877 et

517 3899 848 3976 plenissime
878 3906 966 3957 est
993 3906 1289 3957 executus,
1375 3898 1681 3957 Videndus
1729 3899 1902 3957 etiam
1928 3899 2078 3956 liber
2108 3899 2361 3958 Crasseti
2382 3899 2426 3956 J
2429 3898 2645 3972 esuitae‚
2678 3905 2810 3956 ante
2838 3898 2941 3955 ali-

518 3987 660 4057 quot
681 3998 860 4037 annos
889 3979 1095 4051 editus,
1128 3980 1228 4054 qui
1257 3978 1520 4054 Virginis
1541 3978 1760 4036 cultum
1789 3979 1863 4036 ad
1891 3978 2233 4036 immensum
2262 3978 2509 4036 extollit.
2727 3982 2736 3991 “

602 4059 816 4117 XVII.
863 4057 1032 4132 Quod
1060 4058 1132 4116 de
1165 4059 1346 4116 Beata
1376 4058 1638 4135 Virgine,
1670 4057 1823 4115 idem
1851 4066 1910 4116 et
1937 4059 1998 4115 in
2026 4057 2263 4134 reliquis
2296 4057 2540 4131 Sanctis,
2586 4065 2645 4114 et
2688 4055 2939 4132 Angelis

519 4139 825 4197 observare
855 4146 959 4211 est,
991 4157 1136 4212 quos
1179 4146 1452 4214 tanquam
1512 4139 1669 4194 Deos
1698 4138 1971 4195 tutelares
2000 4146 2058 4195 et
2086 4155 2433 4194 averruncos
2462 4136 2660 4194 colunt
2680 4143 2739 4193 et
2765 4155 2938 4194 vene-

517 4226 732 4292 rantur,
766 4218 822 4274 in
853 4219 925 4274 iis
964 4216 1236 4274 fiduciam
1270 4224 1329 4275 et
1369 4236 1530 4293 spem
1574 4235 1736 4274 suam
1781 4215 2081 4290 collocant,
2113 4236 2216 4292 per
2256 4235 2355 4274 eos
2376 4217 2591 4292 jurant,
2622 4223 2681 4272 et
2709 4223 2845 4272 vota
2873 4235 2941 4273 ac

518 4314 718 4371 preces
759 4296 832 4351 ad
873 4315 974 4353 eos
1001 4296 1274 4372 dirigunt.
1360 4296 1439 4354 Et
1479 4293 1555 4353 ad
1582 4294 1822 4370 angelos
1870 4296 2103 4371 quidem
2151 4295 2308 4372 quod
2350 4295 2571 4369 attinet,
2602 4302 2802 4352 notum
2852 4303 2943 4353 est

519 4392 619 4431 eos
647 4371 862 4448 passim
890 4373 1166 4450 invocari,
1198 4395 1314 4434 non
1357 4374 1532 4433 modo
1579 4384 1646 4432 ut
1676 4374 2021 4432 mediatores
2050 4375 2493 4448 intercessioniS,
2526 4372 2629 4432 sed
2670 4381 2736 4431 ut
2762 4373 2939 4449 largi-

519 4460 672 4510 tores
699 4451 997 4525 bonorum,
1049 4462 1108 4510 et
1152 4464 1506 4531 protectores
1549 4453 1791 4512 amalis.
1880 4453 1975 4512 Sic
2022 4454 2083 4511 in
2114 4455 2364 4512 Hortulo
2393 4453 2615 4526 animae,
2664 4456 2700 4485 ‘⁶
2724 4452 2939 4512 Omnes

517 4549 729 4588 novem
757 4529 1092 4605 angelorum
1123 4534 1354 4590 ordines
1381 4543 1563 4606 orant,
1603 4542 1672 4591 ut
1700 4533 1955 4610 dirigant
1982 4534 2286 4610 cogitatuS,
2318 4533 2499 4592 verba
2525 4540 2583 4591 et
2611 4539 2774 4590 actus
2802 4551 2934 4590 nos-

515 4617 637 4668 tros
665 4607 724 4665 in
753 4607 906 4666 viam
939 4607 1140 4666 salutis
1169 4619 1226 4669 et
1272 4611 1728 4689 prosperitatis.’'
1814 4613 2168 4690 Praecipuam
2228 4631 2366 4670 vero
2415 4612 2623 4688 angelo
2652 4612 2935 4688 cujusque
