3234 5192
295 364 525 407 msr’u'r.
555 342 719 425 xxia]
900 363 979 403 ns
1008 362 1487 405 amissae-noxis
1514 364 1750 405 cnms‘rr
1782 364 2099 405 vam-rus.
2584 351 2696 407 451

284 506 373 566 illi
399 506 634 583 patebat
660 504 738 564 ad
764 503 999 563 domum
1028 524 1190 563 suam
1234 514 1293 563 ct
1333 505 1576 581 pristina
1625 505 1812 565 officia
1859 507 1909 565 si
1951 526 2082 585 quae
2126 514 2298 565 antea
2346 506 2700 567 sustinuerat

290 584 417 665 (ubi
444 586 727 646 illustrem
755 584 1036 643 habemus
1062 592 1265 662 typum
1310 584 1563 661 ingentis
1610 585 1880 644 beneficii
1924 586 2080 663 quod
2123 606 2381 645 summus
2413 586 2698 646 Sacerdos

200 706 221 729 .
286 674 483 725 noster
510 665 867 739 commeruit,
897 665 1027 739 ejus
1054 666 1206 723 enim
1241 674 1425 723 morte
1452 674 1692 741 peccata
1719 674 1916 725 nostra
1943 666 2252 744 expiantur
2279 674 2338 725 et
2367 667 2696 725 condonan-

286 756 383 805 tur
408 746 497 805 uti
522 746 795 822 deinceps
822 742 897 803 ad
926 744 1167 821 patriam
1197 744 1489 803 coelestem
1518 765 1554 803 a
1580 764 1698 822 qua
1723 754 1958 823 propter
1983 746 2224 804 crimina
2269 756 2468 805 nostra
2495 746 2696 805 exula-

291 825 497 885 bamus
524 824 743 884 reditus
791 823 1008 904 detur).
1059 823 1258 901 Atque
1306 824 1441 882 hinc
1469 824 1646 883 fiebat
1688 825 2072 885 referentibus
2121 826 2391 886 Hebraeis
2433 835 2500 885 ut
2541 845 2696 885 sum-

288 924 511 965 morum
541 904 887 965 Pontificum
916 913 1129 984 matres
1156 903 1461 963 homicidis
1488 904 1862 964 exulantibus
1890 906 2100 983 saepius
2129 926 2368 964 munera
2403 906 2698 965 mitterent

288 1006 361 1045 ne
390 993 655 1062 optarent
676 985 887 1045 summi
915 984 1215 1043 Pontificis
1242 992 1503 1059 mortem,
1554 982 1747 1043 ferunt
1791 985 1944 1044 enim
1987 1005 2274 1045 summum
2327 986 2695 1045 Sacerdotem

291 1086 361 1125 eo
390 1065 561 1125 citius
588 1073 879 1125 mortuum
906 1064 1083 1123 fuisse
1113 1065 1163 1123 si
1189 1062 1495 1123 homicidae
1539 1064 1736 1140 plures
1783 1065 2013 1125 enixius
2061 1074 2303 1125 mortem
2349 1066 2477 1141 ejus
2505 1086 2540 1123 a
2571 1066 2698 1124 Deo

290 1146 558 1223 precibus
586 1144 1017 1222 efflagitassent.
1116 1147 1174 1202 4.
1227 1144 1491 1221 Denique
1546 1144 1702 1203 idem
1756 1164 1999 1203 uxorem
2054 1145 2308 1205 defuncti
2359 1146 2552 1205 fratris
2599 1145 2698 1205 vel

291 1225 599 1303 propinqui
622 1225 831 1284 ducere
860 1225 1061 1283 debuit
1087 1224 1163 1281 ad
1189 1223 1523 1301 progeniem
1554 1223 1642 1282 illi
1667 1224 2052 1300 excitandam,
2087 1226 2214 1285 Deo
2237 1225 2319 1287 ita
2347 1246 2450 1303 pro
2473 1244 2699 1284 summa

290 1325 397 1365 sua
424 1304 707 1383 sapientia
734 1304 795 1361 in
823 1304 968 1381 Rep.
1001 1304 1323 1381 Israelitica
1347 1302 1714 1379 peculiariter
1739 1304 1850 1364 hoc
1878 1305 2219 1381 disponente
2247 1305 2324 1363 ad
2349 1304 2696 1364 familiarum

294 1394 355 1443 et
381 1385 635 1444 tribuum
664 1384 1179 1457 conservationem,
1220 1382 1391 1442 Deut.
1422 1403 1565 1441 xxv.
1597 1386 1654 1457 5,
1702 1385 1738 1417 “
1764 1384 1828 1443 Si
1873 1385 2265 1444 habitaverint
2291 1384 2496 1443 fratres
2525 1385 2696 1444 simul

294 1476 354 1523 et
393 1474 653 1523 mortuus
682 1462 854 1523 fuerit
897 1482 1047 1523 unus
1092 1482 1287 1522 eorum
1316 1463 1535 1540 absque
1562 1463 1701 1539 filio,
1733 1484 1848 1523 non
1878 1465 2059 1524 nubat
2085 1464 2340 1524 defuncti
2368 1484 2518 1525 uxor
2544 1464 2700 1524 foras

294 1545 421 1603 viro
450 1544 698 1619 alien0,”
727 1564 801 1602 ne
830 1544 1051 1602 scilicet
1076 1550 1331 1602 transeat
1359 1543 1421 1601 in
1446 1542 1694 1603 alienam
1724 1543 2016 1619 familiam,
2051 1546 2087 1578 ‘⁴
2105 1543 2209 1603 sed
2236 1545 2412 1604 frater
2449 1542 2577 1618 ejus
2606 1544 2696 1603 in-

294 1624 589 1701 grediatur
614 1622 691 1682 ad
718 1644 843 1682 eam
872 1623 1159 1701 ducetque
1186 1643 1313 1682 eam
1342 1623 1403 1681 in
1429 1624 1731 1698 uxorem,”
1781 1632 1954 1701 atque
1991 1625 2054 1683 in
2102 1623 2234 1697 ejus
2273 1625 2358 1683 rei
2403 1624 2578 1682 fidem
2606 1625 2699 1682 vir

295 1724 457 1763 oram
486 1704 817 1763 vestimenti
840 1704 931 1763 sui
952 1703 1304 1764 extendebat
1332 1722 1503 1780 super
1530 1724 1676 1774 eam,
1699 1712 1766 1763 ut
1787 1712 2012 1765 constat
2029 1724 2104 1763 ex
2129 1704 2306 1764 Ruth.
2331 1704 2412 1763 iii.
2443 1706 2499 1779 9,
2533 1704 2698 1764 Ruth

294 1784 451 1842 Boos
471 1784 855 1862 propinquum
875 1804 1041 1843 suum
1054 1784 1371 1860 alloquens,
1384 1786 1666 1860 Extende,
1681 1784 1884 1861 inquit,
1897 1786 2071 1843 Alam
2088 1794 2421 1861 mame-uper
2429 1784 2698 1843 ancillam

293 1873 449 1923 mam
475 1887 587 1925 rma
618 1868 707 1925 ‘aaz
738 1886 787 1924 ἢ»
816 1865 953 1941 quia
980 1873 1041 1923 tu
1055 1864 1415 1941 propinquus
1442 1884 1499 1921 es
1524 1865 1812 1940 sanquine,
1833 1865 2006 1923 tacite
2033 1864 2280 1923 innuens
2307 1883 2516 1942 cupere
2545 1882 2608 1923 se
2635 1870 2702 1921 ut

292 1944 716 2003 matrimonium
769 1964 965 2003 secum
1013 1944 1379 2018 contraherit,
1410 1943 1569 2021 quod
1611 1943 1816 2003 Chald.
1864 1944 2188 2004 luculenter
2233 1943 2474 2022 exponit
2553 1965 2699 2018 *pn-

286 2027 451 2085 aemmb
484 2027 641 2085 πιθών
672 2046 819 2101 Ἱππια
845 2028 907 2083 'w
941 2035 1053 2101 φιτ·
1111 2024 1149 2080 i.
1181 2044 1231 2082 e.
1260 2031 1485 2081 vocetur
1525 2044 1726 2081 nomen
1771 2033 1924 2081 tuum
1947 2044 2121 2101 super
2145 2025 2412 2083 ancillam
2439 2033 2594 2083 tuam
2619 2026 2706 2083 ad

288 2104 673 2181 accipiendum
718 2104 777 2161 in
822 2122 1077 2175 uxorem,
1108 2101 1223 2161 hoc'
1268 2102 1421 2159 enim
1470 2101 1595 2161 fieri
1643 2101 1796 2179 apud
1824 2102 2068 2161 Judaeos
2109 2103 2334 2161 solebat
2359 2110 2426 2161 ut
2453 2122 2700 2181 sponsus

290 2183 351 2241 in
386 2184 617 2259 signum
657 2182 813 2257 juris
861 2190 920 2241 et
968 2181 1333 2240 authoritatis
1382 2200 1557 2258 quam
1604 2180 1666 2239 in
1715 2200 1984 2258 sponsam
2027 2181 2378 2259 acquirebat,
2425 2191 2485 2240 et
2527 2181 2703 2241 simul

292 2262 353 2320 in
380 2263 593 2339 pignus
621 2260 794 2321 officii
827 2261 1153 2339 conjugalis
1196 2260 1401 2335 mutui,
1432 2260 1644 2319 amoris
1673 2269 1732 2320 et
1758 2261 2148 2339 protectionis,
2179 2281 2340 2320 oram
2369 2261 2700 2320 vestimenti

292 2360 466 2419 super
492 2362 619 2401 eam
646 2339 1001 2415 extenderet,
1034 2341 1191 2419 quod
1217 2340 1513 2418 colligitur
1538 2361 1613 2401 ex
1647 2341 1820 2401 Deut.
1851 2342 1997 2400 xxii.
2029 2344 2124 2417 30,
2155 2348 2214 2400 et
2243 2342 2456 2401 Ezech.
2485 2340 2608 2399 xvi.
2640 2343 2697 2400 8.

374 2421 635 2480 XXXI.
668 2422 813 2481 Haec
842 2430 1033 2481 autem
1062 2422 1257 2481 omnia
1280 2421 1451 2500 plene
1478 2442 1547 2481 ac
1574 2420 1826 2500 perfecte
1853 2422 1914 2479 in
1934 2422 2226 2482 Christum
2254 2420 2555 2500 quadrant.
2588 2421 2700 2481 Ille

290 2502 503 2580 quippe
533 2522 765 2561 carnem
792 2509 1047 2561 nostram
1074 2502 1403 2581 assumpsit,
1434 2510 1493 2561 et
1520 2502 1698 2562 frater
1717 2511 1913 2563 noster
1933 2502 2122 2561 factus
2147 2511 2238 2563 est
2259 2510 2324 2561 ut
2349 2509 2546 2579 posset
2573 2521 2700 2560 esse

290 2590 487 2643 noster
515 2581 603 2641 bs:-
625 2584 840 2660 jusque
868 2582 1281 2661 redemptionis
1309 2602 1481 2661 super
1528 2602 1636 2643 nos
1683 2582 1940 2658 haberet,
1971 2582 2221 2642 habebat
2248 2580 2483 2660 quidem
2531 2590 2702 2641 antea

289 2665 402 2721 Jus
412 2664 789 2741 proprietatis
808 2683 925 2740 qua
946 2664 1125 2739 DeuS,
1150 2664 1254 2723 sed
1270 2665 1385 2723 Jus
1402 2664 1848 2741 propinquitatis
1875 2683 1992 2722 non
2029 2664 2232 2722 habuit
2252 2662 2366 2721 nisi
2394 2682 2509 2739 qua
2526 2682 2700 2721 verus

290 2743 481 2802 homo,
530 2744 809 2802 Praestitit
825 2763 963 2801 vero
980 2763 1339 2820 quaecunque
1361 2744 1435 2801 ab
1466 2762 1535 2801 eo
1556 2744 1682 2802 fieri
1711 2742 2008 2815 solebant;
2041 2742 2190 2799 Nam
2217 2748 2278 2800 et
2304 2741 2566 2819 captivos
2593 2760 2700 2799 nos

292 2843 364 2882 ac
384 2832 624 2901 peccato
652 2831 711 2881 et
738 2822 972 2881 diabolo
1000 2822 1355 2899 mancipatos
1395 2821 1686 2892 liberavit,
1717 2822 1862 2879 Luc.
1887 2821 1925 2879 i.
1957 2824 2052 2894 71,
2084 2820 2156 2879 de
2179 2820 2444 2879 hostibus
2465 2820 2564 2895 qui
2594 2839 2697 2877 no-

294 2903 385 2961 bis
412 2912 656 2962 mortem
682 2902 996 2960 intulerant
1024 2901 1339 2959 vindictam
1368 2902 1631 2977 sumpsit,
1679 2900 1803 2957 Col.
1831 2900 1890 2958 ii.
1928 2902 2019 2974 15,
2053 2900 2222 2956 Rom.
2253 2898 2332 2956 vi.
2364 2901 2419 2972 6,
2453 2898 2605 2957 Heb.
2638 2898 2697 2956 ii.

294 2982 386 3056 14,
417 2982 571 3039 bona
598 2980 897 3056 deperdita
922 2988 983 3038 et
1001 2980 1393 3039 haereditatem
1422 2979 1714 3038 coelestem
1737 2998 1773 3036 a
1792 2998 1908 3055 qua
1927 2978 2081 3036 malo
2101 2977 2306 3036 merito
2322 2984 2520 3036 nostro
2542 2978 2699 3035 exci-

293 3059 577 3133 deramus,
592 3062 758 3135 justo
779 3060 983 3117 merito
1001 3079 1107 3118 suo
1128 3058 1509 3136 recuperavit,
1534 3061 1565 3116 1
1594 3058 1720 3117 Pet.
1743 3057 1782 3115 i.
1807 3062 1862 3131 4,
1887 3057 2002 3116 Tit.
2025 3056 2106 3115 iii.
2128 3060 2182 3131 7,
2209 3056 2364 3115 Heb.
2385 3056 2467 3115 ix.
2497 3059 2589 3115 12.
2621 3057 2702 3117 Et

291 3159 399 3198 nos
426 3159 463 3197 a
488 3139 666 3216 priori
694 3138 900 3197 marito
930 3138 1089 3216 Lege
1118 3146 1259 3216 puta
1298 3148 1357 3198 et
1384 3136 1599 3196 foedere
1629 3156 1866 3215 operum
1897 3136 2134 3211 solutos,
2166 3144 2381 3195 aeterno
2409 3144 2582 3213 atque
2609 3138 2697 3195 in-

295 3219 621 3279 dissolubili
651 3218 939 3278 connubio
968 3238 1044 3277 ex
1088 3218 1303 3277 foedere
1345 3216 1546 3295 gratiae
1575 3217 1688 3276 sibi
1716 3217 2027 3295 copulavit,
2049 3218 2218 3277 Rom.
2249 3217 2350 3275 vii.
2369 3219 2426 3291 4,
2459 3216 2609 3294 Eph.
2639 3237 2697 3277 v.

292 3302 391 3376 25,
416 3302 511 3375 26,
532 3308 705 3377 atque
726 3300 787 3358 in
808 3299 982 3376 hujus
1004 3298 1087 3358 rei
1107 3298 1277 3357 fidem
1296 3296 1728 3375 perfectissimae
1747 3298 1992 3377 justitiae
2011 3318 2130 3357 suae
2158 3304 2379 3357 vestem
2402 3317 2574 3375 super
2593 3318 2700 3357 nos

296 3381 577 3457 extendit,
610 3380 741 3441 Gal.
773 3379 854 3438 iii.
884 3383 980 3453 27,
1000 3378 1161 3456 quod
1186 3377 1588 3438 adumbratum
1609 3378 1722 3438 fuit
1747 3379 1808 3436 in
1835 3378 2062 3455 virgine
2081 3378 2184 3437 illa
2199 3378 2432 3437 sordida
2457 3386 2517 3437 et
2545 3378 2701 3437 nuda

292 3460 449 3539 apud
472 3462 683 3521 Ezech.
723 3460 845 3518 xvi.
877 3461 931 3534 8,
957 3479 1129 3536 super
1145 3478 1314 3535 quam
1338 3460 1499 3519 Deus
1518 3479 1679 3519 oram
1709 3479 1870 3518 suam
1899 3458 2162 3519 extendit
2189 3467 2249 3517 et
2275 3458 2700 3518 matrimonium

292 3560 425 3599 cum
452 3562 522 3600 ea
549 3540 875 3615 contraxit3
928 3540 1191 3599 Ecclesia
1232 3540 1385 3599 enim
1412 3539 1569 3598 nuda
1597 3548 1656 3598 et
1683 3538 1916 3598 sordida
1942 3558 2074 3598 cum
2103 3539 2180 3597 sit
2204 3547 2427 3614 natura,
2457 3538 2700 3597 limbum

290 3622 475 3679 vestis
502 3641 621 3679 suae
651 3639 897 3697 sponsus
925 3639 1098 3697 super
1117 3640 1243 3679 eam
1265 3618 1527 3679 extendit
1554 3639 1670 3697 qua
1686 3628 1746 3679 et
1771 3619 2004 3679 nuditas
2025 3628 2083 3678 et
2103 3618 2302 3678 sordes
2330 3619 2698 3694 obteguntur,

290 3707 466 3775 atque
509 3700 561 3758 is
589 3720 658 3758 eo
703 3699 829 3776 ipso
860 3700 963 3774 jus
991 3700 1183 3759 mariti
1228 3720 1399 3779 super
1434 3718 1541 3759 nos
1564 3699 1816 3776 ‘acquirit
1848 3707 1905 3758 et
1933 3698 2319 3757 arctissimam
2346 3696 2699 3756 communio-

296 3798 427 3837 nem
457 3779 757 3839 nobiscum
780 3780 935 3839 colit.

376 3858 673 3918 XXXII.
720 3859 869 3933 Quia
895 3880 1035 3919 vcro
1062 3858 1383 3919 rationibus
1403 3860 1563 3919 hisce
1590 3859 1775 3937 premi
1803 3876 1864 3917 se
1883 3858 2140 3917 sentiunt
2162 3855 2522 3929 Adversarii,
2551 3881 2697 3935 xene-

294 3935 493 4008 φῦγιτω
535 3939 699 3997 varia
746 3940 1093 4017 conquirunt
1140 3938 1393 4015 undique
1439 3939 1650 4017 quibus
1693 3939 2033 4013 elabantur3
2077 3936 2433 4016 pertundunt
2459 3954 2598 4011 ergo
2627 3955 2702 3993 ex

293 4019 687 4095 redemptione
733 4020 1073 4097 neutiquam
1100 4038 1270 4097 posse
1298 4018 1499 4096 colligi
1526 4018 1828 4078 veritatem
1851 4017 2296 4077 satisfactionis:
2331 4018 2406 4072 1⁰.
2438 4014 2588 4088 Quia
2615 4034 2700 4074 rc·

292 4096 548 4176 demptio
576 4118 695 4157 non
722 4118 948 4177 semper
974 4100 1218 4159 sumitur
1245 4100 1489 4176 proprie,
1540 4118 1658 4176 quo
1699 4117 1872 4157 sensu
1900 4096 2147 4156 includit
2171 4094 2408 4172 aliquod
2433 4094 2699 4170 pretium,

294 4177 397 4236 sed
425 4178 639 4255 saepius
664 4180 1051 4255 metaphorice
1097 4188 1155 4237 et
1202 4178 1527 4256 improprie,
1558 4186 1730 4255 prout
1768 4177 2088 4253 simplicem
2115 4174 2512 4234 liberationem
2542 4182 2706 4231 notat

294 4257 455 4317 nullo
484 4258 875 4318 intercedente
898 4261 1083 4337 pretio
1112 4258 1341 4333 factam,
1370 4266 1453 4331 ut,
1487 4258 1680 4315 Exod.
1710 4276 1810 4314 xv.
1846 4260 1938 4329 13,
1985 4258 2142 4313 Deus
2171 4254 2384 4313 dicitur
2409 4254 2708 4312 redemisse

282 4342 563 4415 populum
603 4359 766 4397 suum
794 4358 867 4397 ex
911 4342 1183 4416 AEyypto,
1215 4339 1299 4397 sic
1329 4339 1503 4397 Dent.
1534 4337 1634 4395 vii.
1665 4339 1720 4409 8,
1754 4334 1908 4394 Psal.
1939 4335 2150 4393 lxxvii.
2186 4336 2276 4407 15,
2303 4332 2412 4391 ἄπο.
2497 4332 2706 4410 Itaque

292 4438 465 4495 posse
492 4418 669 4479 etiam
710 4418 807 4477 hic
852 4420 1029 4479 talem
1076 4418 1555 4496 significationem
1606 4416 1883 4490 obtinere,
1914 4423 2087 4492 atque
2116 4434 2185 4473 eo
2212 4413 2401 4491 magis
2429 4412 2587 4490 quod
2615 4434 2704 4473 re-

292 4496 549 4577 demptio
586 4500 713 4559 haec
761 4508 959 4559 nostra
986 4499 1198 4578 saepius
1226 4518 1357 4557 cum
1388 4496 1706 4557 Israelitica
1733 4494 2058 4555 conferatur
2107 4502 2166 4555 et
2193 4495 2318 4553 haec
2345 4493 2502 4553 illius
2530 4502 2707 4571 typus

292 4578 465 4639 fuerit
486 4588 545 4639 et
572 4580 776 4657 figura,
810 4581 951 4640 Luc.
982 4581 1019 4639 i.
1050 4582 1148 4639 68.
1232 4582 1312 4637 2⁰.
1344 4578 1543 4636 Moses
1570 4576 1744 4637 etiam
1772 4578 2020 4659 angos-in
2049 4574 2277 4650 dicitur,
2309 4572 2444 4634 Act.
2474 4573 2575 4631 vii.
2607 4576 2703 4649 35,

276 4678 463 4735 „quem
494 4670 688 4719 tamen
715 4661 935 4720 nullam
978 4658 1428 4721 satisfactionem
1456 4656 1686 4717 dedisse
1729 4666 1946 4716 certum
1977 4664 2083 4716 est.
2129 4660 2206 4715 3⁰.
2297 4654 2360 4715 Si
2388 4654 2708 4732 redemptio
