3234 5192
513 340 628 396 2:⁹6
1175 352 1254 393 m:
1285 352 1566 394 somnum
1596 350 1837 391 ornauit
1867 348 2285 391 uecesslrars.
2550 329 2813 414 [nrsru'r.
2842 350 2929 393 lv.

505 497 600 555 'iii.
637 500 727 573 16,
761 496 906 571 Quis
951 516 1066 555 non
1108 496 1270 554 videt
1313 494 1602 553 neminem
1648 512 1817 571 posse
1868 492 2017 551 serio
2059 492 2207 552 illud
2252 492 2538 571 amplecti,
2570 493 2815 570 quinon
2844 503 2929 554 te·-

519 586 724 636 neatur
751 578 926 655 digne
963 576 1092 655 ipso
1119 575 1462 634 ambulare?
1501 583 1568 633 ut
1611 594 1745 633 cum
1796 572 1943 631 Fide
1986 573 2355 649 Charitatem,
2404 592 2534 631 cum
2585 574 2931 651 Cognitione

521 658 771 733 Cultum,
821 666 878 717 ct
923 678 1054 716 cum
1103 656 1397 735 Sapientia
1424 676 1551 733 quae
1581 655 1785 713 doctos
1814 672 1919 711 nos
1946 653 2153 729 reddit,
2197 653 2561 731 Religionem
2590 674 2719 731 quse
2747 654 2933 714 bonos

519 746 578 797 et
607 740 748 814 piOS,
781 738 1074 797 indivulso
1101 757 1260 796 nexu
1289 736 1729 813 conjungamus,
1770 741 1836 792 ut
1871 743 2135 811 potentes
2164 734 2345 793 simus
2372 734 2509 813 λόγῳ
2536 740 2626 793 καὶ
2652 732 2792 815 ἴςγᾳ,
2822 756 2930 795 nee

511 828 744 879 ‘tantum
795 819 1044 877 sciamus
1093 816 1394 883 credenda,
1441 814 1544 873 sed
1584 821 1646 872 et
1684 814 2025 891 impleamus
2066 814 2345 873 facienda.
2434 820 2469 847 ‘⁴
2492 815 2557 874 Si
2582 816 2707 874 haec
2750 815 2927 891 scitis,

523 898 693 957 Beati
721 899 876 969 estiS,
909 898 959 956 si
987 898 1110 955 haec
1139 896 1388 969 facitis,'’
1419 895 1464 955 J
1466 894 1559 952 oh.
1589 894 1715 952 xiii.
1750 898 1842 952 1⁷.
1928 894 2056 969 Quo
2096 896 2385 971 pertinent
2424 916 2597 954 aurea
2640 895 2929 954 Lactantii

521 978 718 1051 verba,
741 978 842 1036 lib.
863 978 901 1035 i.
921 997 1045 1054 cap.
1074 979 1124 1049 1,
1147 975 1246 1053 qui
1269 974 1524 1033 scientiae
1553 974 1839 1049 salutaris,
1870 994 2045 1051 quam
2074 975 2461 1051 Evangelium
2484 976 2653 1035 nobis
2674 976 2927 1051 exhibet,

521 1077 804 1117 summam
835 1058 917 1115 sic
961 1056 1254 1130 describit,
1290 1058 1326 1088 ‘⁶
1351 1055 1434 1115 Ut
1461 1074 1649 1132 neque
1682 1055 1915 1132 Religio
1942 1056 2063 1113 ulla
2102 1055 2227 1114 sine
2256 1056 2537 1133 sapientia
2565 1056 2931 1135 suscipienda

523 1139 616 1212 sit,
647 1158 754 1197 nec
791 1137 912 1195 ulla
953 1137 1076 1195 sine
1125 1136 1405 1213 religione
1445 1135 1745 1214 probanda
1792 1135 2131 1214 sapientia.'’
2216 1136 2295 1194 Et
2322 1136 2424 1195 lib.
2454 1137 2555 1195 vii.
2586 1158 2635 1197 c.
2664 1140 2721 1211 4,
2757 1141 2793 1171 ‘⁴
2814 1132 2931 1196 non

519 1226 714 1297 potest
729 1238 836 1278 nec
854 1217 1058 1295 religio
1087 1236 1123 1275 a
1150 1216 1431 1296 sapientia
1453 1216 1722 1293 separari,
1747 1236 1855 1275 nec
1873 1216 2155 1294 sapientia
2176 1236 2212 1275 a
2230 1217 2509 1295 religione
2530 1216 2768 1293 secerni,
2794 1218 2932 1295 quia

521 1298 677 1358 idem
709 1299 870 1358 Deus
897 1309 1004 1373 est,
1035 1298 1136 1376 qui
1163 1306 1221 1357 et
1247 1297 1498 1374 intelligi
1526 1296 1699 1356 debet
1728 1296 1883 1373 quod
1922 1305 2009 1355 est
2044 1297 2360 1375 sapientiae‚
2392 1307 2450 1357 et
2476 1299 2748 1357 honorari
2774 1297 2932 1375 quod

522 1389 612 1439 est
637 1380 994 1458 religionis.'’
1082 1379 1306 1456 Quippe
1333 1387 1400 1438 ut
1427 1380 1586 1436 Deus
1613 1378 1675 1435 in
1705 1377 1951 1451 Christo,
1977 1378 2134 1455 quod
2162 1385 2251 1436 est
2278 1378 2568 1453 objectum
2602 1378 2929 1455 Evangelii,

523 1469 612 1520 est
634 1462 884 1537 primum
923 1461 1129 1518 Verum
1156 1469 1216 1517 et
1239 1478 1514 1517 summum
1539 1460 1785 1529 Bonum,
1832 1457 1926 1514 Ita
1962 1456 2135 1515 debet
2162 1477 2265 1533 per
2290 1456 2464 1515 fidem
2492 1458 2845 1535 apprehendi
2874 1466 2935 1517 et

523 1542 798 1617 cognosci
824 1548 890 1599 ut
917 1540 1164 1616 primum
1193 1540 1432 1610 Verum,
1483 1543 1543 1595 et
1589 1556 1693 1612 per
1736 1536 2087 1593 Charitatem
2116 1536 2229 1593 coli
2254 1543 2313 1593 et
2342 1536 2510 1612 diligi
2536 1544 2602 1593 ut
2643 1555 2931 1595 summum

509 1620 754 1679 —Bonum
781 1642 794 1677 ε
840 1618 1037 1695 Atque
1067 1638 1135 1676 ea
1163 1616 1234 1676 de
1265 1636 1438 1676 causa
1477 1613 1855 1691 Evanqelium
1894 1614 2066 1672 toties
2107 1614 2338 1671 nomine
2366 1616 2535 1689 Leqis
2569 1614 2928 1689 indigitatur,

524 1701 754 1775 quoties
785 1700 820 1730 “
845 1698 972 1755 Lex
1001 1697 1196 1769 fidei,''
1231 1696 1398 1754 Rom.
1418 1693 1500 1752 iii.
1534 1694 1612 1757 27
1637 1716 1651 1769 ;
1701 1696 1736 1726 “
1756 1692 1884 1751 Lex
1910 1692 2159 1770 Spiritus
2187 1701 2247 1751 et
2273 1694 2468 1769 vitae,''
2502 1693 2671 1753 Rom.
2702 1692 2824 1751 viii.
2856 1697 2929 1769 23

527 1781 564 1812 ‘⁴
585 1778 712 1837 Lex
733 1778 896 1854 regia
922 1776 1266 1850 libertatis,''
1311 1775 1443 1834 Jae.
1475 1774 1512 1832 i.
1536 1777 1649 1849 253
1698 1772 1881 1831 “Lex
1911 1772 2181 1849 Christi,'’
2215 1776 2244 1831 1
2280 1772 2409 1832 Cor.
2439 1773 2521 1831 ix.
2552 1777 2649 1849 21,
2680 1773 2929 1851 dicitur;

517 1859 658 1917 Non
684 1866 908 1917 tantum
937 1877 1039 1934 per
1065 1858 1267 1932 μίμησιν
1294 1852 1604 1913 alludendo
1628 1852 1703 1911 ad
1730 1862 1981 1913 mentem
2001 1853 2044 1912 J
2048 1853 2361 1928 udaeorum,
2386 1856 2523 1932 quia
2546 1854 2933 1932 Evangelium

523 1958 660 1998 vere
689 1947 748 1997 et
774 1938 1024 2017 perfecte
1053 1945 1288 2015 praestat
1314 1934 1501 2011 nobis,
1531 1933 1691 2010 quod
1731 1953 2027 2012 perperam
2059 1942 2117 1992 et
2146 1934 2291 1993 falso
2320 1935 2657 2011 quaerebant
2683 1934 2745 1992 in
2775 1934 2935 2012 Lege

519 2019 738 2095 sudaei,
769 2027 909 2097 puta
929 2018 1402 2097 justificationem
1425 2022 1483 2075 et
1505 2016 1767 2089 salutem,
1788 2023 1853 2074 ut
1868 2034 1985 2073 non
2006 2014 2300 2074 insolitum
2324 2024 2415 2074 est
2438 2015 2678 2094 Spiritui
2702 2014 2934 2089 Sancte,

521 2102 757 2160 nomina
783 2120 974 2161 rerum
1003 2100 1213 2177 quibus
1251 2095 1560 2157 efficaciam
1601 2095 1965 2174 pretiumque
2000 2114 2275 2173 magnum
2304 2096 2567 2155 homines
2616 2095 2937 2154 attribuunt

523 2182 688 2258 fals0‚
721 2182 838 2240 illis
865 2182 1118 2242 tribuere
1146 2200 1276 2257 quae
1304 2197 1441 2237 vere
1469 2176 1731 2236 efficaces
1759 2184 1969 2236 suntet
1989 2176 2255 2254 pretiosae
2281 2199 2294 2236 ε
2342 2176 2459 2236 Sed
2487 2176 2660 2236 etiam
2687 2176 2932 2254 proprie,

523 2264 662 2339 quia
690 2261 1080 2338 Evangelium
1105 2280 1268 2319 suam
1296 2259 1470 2317 etiam
1497 2258 1675 2316 habet
1706 2256 1941 2333 Legem,
1974 2256 2301 2315 suaviorem
2328 2257 2563 2333 quidem
2586 2256 2745 2315 illam
2776 2256 2935 2333 Lege

525 2339 715 2415 rigida
737 2348 795 2398 et
813 2340 1158 2398 inexorabili
1177 2338 1395 2413 Mosis3
1431 2337 1550 2396 Sed
1572 2338 1792 2413 Legem
1809 2344 2020 2410 tamen,
2041 2354 2171 2411 quse
2194 2337 2268 2394 ad
2286 2336 2627 2413 obsequium
2644 2336 2937 2395 hominem

525 2418 774 2494 obligat3
799 2418 844 2477 J
847 2437 1026 2493 ugum
1047 2418 1260 2475 Christi
1287 2416 1418 2474 leve
1441 2423 1547 2488 est,
1575 2415 1679 2473 sed
1698 2415 1908 2490 jugum
1926 2422 2137 2489 tamen,
2163 2415 2321 2491 quod
2342 2416 2632 2491 suscipere
2655 2423 2935 2491 tenemur,

529 2497 740 2555 Matth.
764 2497 846 2554 xi.
869 2500 964 2554 29.
1024 2496 1182 2553 Hinc
1207 2494 1440 2567 Paulus,
1475 2494 1610 2553 Gal.
1638 2493 1699 2551 ii.
1734 2495 1827 2565 19,
1857 2495 1893 2525 “
1918 2493 2032 2551 Per
2053 2493 2272 2570 Legem
2298 2494 2446 2571 Legi
2465 2502 2727 2554 mortuus
2746 2496 2937 2570 sum,''

524 2597 628 2655 per
657 2576 877 2653 Legem
900 2574 1132 2649 Christi,
1165 2573 1312 2649 Legi
1343 2572 1544 2648 Mosis,
1590 2579 1650 2631 et
1676 2591 1780 2649 per
1808 2570 2214 2649 Evangelium,
2246 2573 2411 2651 Legi,
2444 2582 2503 2633 et
2531 2574 2701 2633 Rom.
2726 2576 2849 2633 viii.
2878 2578 2935 2650 2,

530 2660 566 2691 ‘⁴
587 2658 714 2716 Lex
747 2655 996 2735 Spiritus
1023 2654 1198 2713 vitae”
1222 2652 1435 2711 dicitur
1465 2654 1631 2709 “nos
1658 2651 1903 2711 liberare
1931 2672 1966 2710 a
1989 2652 2147 2729 Lege
2174 2654 2399 2729 peccati
2426 2662 2485 2713 et
2510 2654 2771 2730 mortis,’'
2802 2656 2941 2733 quia

527 2736 931 2817 Evangelium,
963 2734 1122 2813 quod
1142 2742 1232 2793 est
1257 2732 1640 2792 ministerium
1674 2730 1940 2810 Spiritus,
1971 2740 2030 2791 et
2058 2732 2319 2793 Verbum
2346 2734 2503 2810 vitae,
2532 2754 2642 2794 nos
2668 2735 2879 2795 liberat
2904 2755 2941 2794 a

527 2820 687 2899 Lege
718 2818 920 2893 MosiS,
951 2836 1083 2895 quas
1109 2822 1410 2894 peccatum
1431 2811 1711 2871 irritando
1738 2820 1799 2871 et
1824 2811 2110 2890 augendo,
2140 2820 2384 2873 mortem
2424 2815 2825 2892 peccatoribus
2851 2816 2939 2874 in-

525 2908 728 2961 tentat.
813 2896 1094 2974 Quamvis
1122 2914 1262 2975 ergo
1291 2915 1326 2954 a
1355 2894 1514 2971 Lege
1541 2892 1773 2952 liberati
1817 2892 1998 2952 simus
2032 2914 2137 2970 per
2181 2894 2491 2971 Christum,
2540 2915 2649 2955 nec
2693 2895 2943 2974 amplius

525 2982 708 3043 simus
737 2980 846 3039 sub
892 2980 1070 3057 Lege,
1118 2976 1224 3037 sed
1271 2975 1379 3035 sub
1425 2972 1648 3052 gratia3
1693 2971 1828 3033 Non
1854 2972 1985 3033 ideo
2014 2973 2255 3051 exleges
2283 2974 2483 3035 vivere
2511 2975 2806 3052 debemus,
2836 2974 2942 3035 sed

527 3064 764 3121 subesse
794 3060 943 3138 Legi
972 3056 1225 3134 christi3
1261 3058 1296 3090 “
1320 3055 1406 3116 Ut
1432 3054 1663 3131 liberi,''
1693 3052 1882 3131 inquit
1912 3055 2135 3131 Petrus,
2165 3058 2249 3131 1⁸,
2274 3054 2334 3114 ii.
2369 3057 2465 3130 16,
2502 3058 2538 3088 “
2561 3055 2666 3115 sed
2692 3063 2758 3115 ut
2784 3056 2940 3115 servi

529 3142 701 3215 Dei‚’'
732 3141 869 3216 quia
909 3138 1138 3197 liberati
1167 3158 1202 3196 a
1228 3144 1467 3215 peccato
1517 3133 1674 3194 servi
1713 3133 1850 3194 facti
1886 3154 2085 3193 sumus
2120 3134 2401 3213 justitiae,‘
2437 3136 2609 3195 Rom.
2636 3135 2717 3195 vi.
2751 3138 2843 3212 18,
2872 3143 2943 3195 ιιι

528 3220 778 3278 servitus
825 3236 944 3275 non
987 3218 1215 3277 sublata
1279 3216 1528 3293 penitus,
1575 3213 1678 3273 sed
1726 3222 1950 3274 mutata
1988 3222 2213 3275 tantum
2263 3215 2452 3291 fuerit,
2510 3216 2761 3275 servitus
2805 3234 2941 3294 pee-

527 3296 644 3355 cati
699 3296 762 3353 in
804 3295 1140 3355 servitutem
1195 3294 1414 3371 gratias,
1471 3301 1531 3352 et
1570 3294 1780 3370 jugum
1820 3294 2066 3353 ferreum
2113 3294 2348 3354 Diaboli
2394 3296 2457 3353 in
2501 3296 2713 3374 jugum
2740 3314 2943 3375 ¹suave

531 3374 763 3435 Christi.

586 3494 725 3540 Fidei
754 3498 951 3539 natura.
1121 3454 1276 3512 XII.
1322 3453 1558 3530 Quart0‚
1572 3453 1748 3513 Fidei
1760 3461 1965 3514 natura
1993 3455 2232 3515 eandem
2258 3458 2509 3535 Operum
2536 3458 2941 3518 necessitatem

1051 3543 1184 3613 post
1213 3553 1275 3593 se
1303 3533 1514 3609 trahit;
1560 3533 1707 3593 Cum
1749 3536 1903 3593 enim
1948 3534 2197 3614 Spiritus
2242 3538 2491 3599 Sanctus
2531 3547 2774 3600 testetur
2814 3558 2943 3597 eam

529 3612 923 3676 indissolubili
965 3634 1098 3675 cum
1145 3614 1436 3674 Charitate
1479 3614 1847 3691 conjunctam
1876 3634 2002 3675 esse
2030 3616 2284 3692 vinculo,
2314 3626 2374 3679 et
2399 3639 2517 3678 non
2542 3639 2715 3698 posse
2743 3638 2944 3679 veram

530 3716 656 3758 esse
685 3696 800 3755 nisi
819 3714 923 3775 per
949 3696 1287 3754 charitatem
1317 3694 1390 3753 sit
1418 3691 1729 3776 ἔηςγουμίιη,
1756 3694 1889 3756 Gal.
1920 3716 1977 3755 v.
2008 3698 2063 3772 6,
2094 3696 2211 3757 imo
2232 3698 2277 3758 J
2277 3699 2493 3758 acobus
2513 3720 2641 3758 eam
2659 3708 2945 3759 mortuam

529 3798 658 3839 esse
707 3776 831 3836 sine
882 3775 1166 3854 Operibus
1211 3795 1483 3853 expresse
1531 3783 1751 3835 asserat
1774 3798 1790 3852 3
1834 3775 1962 3851 Quo
2005 3776 2239 3836 tandem
2266 3787 2437 3855 pacto
2465 3779 2537 3838 de
2564 3779 2679 3839 fide
2708 3778 2947 3858 gloriari

530 3859 662 3938 quis
689 3857 917 3936 poterit,
949 3858 1000 3917 si
1027 3856 1130 3915 illa
1155 3855 1325 3915 bonis
1354 3854 1639 3934 Operibus
1666 3876 1783 3914 non
1812 3856 1890 3916 sit
1917 3856 2128 3934 stipata
2147 3859 2176 3916 Ρ
2218 3856 2415 3918 Arbor
2442 3868 2531 3919 est
2572 3880 2703 3938 quae
2744 3860 2942 3919 fructi-

530 3940 641 3999 bus
670 3956 863 3997 carere
892 3958 1009 3997 non
1037 3936 1226 4012 debet,
1258 3944 1316 3995 et
1345 3936 1473 3995 fons
1499 3936 1746 3995 manalis
1784 3936 1887 4013 qui
1926 3936 2085 3997 rivos
2112 3957 2189 3996 ex
2218 3958 2279 3997 se
2307 3958 2424 3998 non
2451 3948 2644 4018 potest
2670 3960 2789 4000 non
2814 3940 2943 3999 fun-

531 4020 686 4080 dere.
773 4018 987 4077 Fateor
1030 4016 1266 4094 quidem
1301 4016 1476 4076 fidem
1505 4024 1565 4075 et
1592 4036 1767 4095 opera
1814 4016 1875 4075 in
1923 4018 2141 4094 neqotio
2166 4020 2592 4099 Justzficationis
2618 4022 2700 4080 ita
2728 4020 2841 4081 sibi
2868 4040 2943 4079 ex

530 4099 812 4160 diametro
841 4098 1071 4177 opponi,
1114 4107 1181 4157 ut
1208 4098 1324 4156 sint
1349 4097 1521 4176 plane
1547 4096 1858 4174 «ἰάπτῃ
1902 4098 2057 4157 unde
2084 4098 2257 4158 toties
2282 4107 2525 4179 urgetur
2551 4102 2625 4161 ab
2654 4100 2947 4179 Apostolo

529 4180 668 4241 fidei
715 4186 776 4239 et
825 4179 1077 4259 Operum
1120 4178 1458 4255 antithesis;
1507 4178 1623 4238 Sed
1649 4179 1761 4237 hoc
1788 4197 1907 4237 non
1932 4178 2190 4257 impedit,
2235 4182 2541 4258 quominus
2586 4182 2647 4239 in
2689 4184 2950 4240 Persona

517 4262 817 4341 justificati
837 4260 990 4321 inter
1017 4280 1078 4319 se
1108 4259 1472 4335 conveniant,
1503 4266 1562 4319 et
1589 4258 1667 4318 ad
1692 4258 2145 4337 promovendam
2174 4268 2232 4320 et
2258 4261 2665 4340 perficiendam
2694 4260 2949 4319 sanctifi·-

533 4342 817 4401 cationem
845 4341 1188 4401 suavissime
1229 4340 1608 4418 conspirent?
1693 4340 1779 4401 Ut
1804 4348 2019 4400 temere
2048 4347 2107 4400 et
2132 4340 2279 4401 falso
2300 4342 2531 4402 fidelem
2549 4362 2621 4419 ¹se
2648 4339 2951 4419 praedicet,

533 4420 634 4496 qui
663 4420 788 4477 sola
811 4420 949 4481 fidei
975 4422 1330 4498 professione
1373 4428 1681 4481 contentus
1724 4420 1797 4482 de
1839 4421 2109 4500 operibus
2136 4422 2581 4501 haudquaquam
2610 4429 2701 4481 est
2728 4419 2944 4481 sollici-

535 4508 646 4575 tus,
678 4499 832 4574 quod
861 4500 1148 4561 faciebant
1177 4501 1461 4561 Libertini
1488 4502 1533 4562 J
1533 4501 1702 4562 acobi
1730 4510 2005 4579 tempore,
2030 4502 2132 4579 qui
2147 4523 2445 4582 perperam
2472 4501 2785 4563 intellectis
2810 4520 2943 4560 ver-

533 4578 624 4637 bis
655 4576 839 4652 Pauli,
871 4579 972 4656 qui
993 4581 1174 4639 solam
1215 4581 1388 4641 fidem
1429 4582 1679 4659 urgebat
1703 4582 1780 4641 ad
1798 4582 2290 4658 justificationem,
2322 4582 2733 4644 sanctimoniae
2760 4589 2819 4641 et
2838 4582 2943 4641 bo-

532 4677 736 4720 norum
767 4656 1018 4736 Operum
1061 4660 1314 4720 studium
1355 4661 1767 4738 negligebant;
1812 4660 1968 4739 quod
1995 4680 2113 4721 non
2140 4662 2428 4739 fecissent,
2460 4664 2511 4723 si
2536 4664 2947 4725 observassent
