3234 5192
318 362 550 404 msrur.
582 338 723 423 vm]
1068 360 1301 401 Noenu
1333 360 1411 399 AB
1440 362 1722 403 aceresia
1751 364 2018 405 nouam.
2632 355 2741 412 151

316 502 469 583 apud
490 503 605 563 Isa.
625 521 751 579 cap.
774 500 813 559 i.
843 502 943 578 21,
968 500 1245 563 “Civitas
1265 502 1455 563 fidelis
1475 502 1688 562 dicitur
1707 506 2037 581 merewae‘xss’
2067 505 2206 583 quia
2231 524 2360 583 quaa
2381 506 2520 565 olim
2549 506 2736 571 fuerat

313 584 517 659 fidelis,
548 584 703 643 faeta
729 590 819 641 est
844 582 1119 641 meretrix
1146 602 1249 661 per
1275 602 1441 643 suam
1467 583 1834 662 apostasiam.
1944 585 2035 644 Ita
2061 586 2196 645 cccci
2225 588 2416 646 videre
2443 588 2730 665 dicuntur,

316 665 479 724 surdi
501 666 723 737 αιιᾱὶνο,
754 663 948 721 claudi
970 663 1279 738 muhdar-e,
1325 684 1445 722 non
1470 684 1587 741 qua
1635 664 1782 727 tales
1810 665 1870 723 in
1919 685 2093 728 sensu
2135 668 2470 744 composito,
2503 669 2608 727 sed
2635 673 2738 747 qui

316 746 461 805 tales
487 753 659 805 antea
684 744 913 803 fixerant
938 742 1001 801 in
1026 762 1203 803 sensu
1228 744 1437 803 diviso.
1494 744 1593 804 Sic
1625 744 1888 807 Romana
1917 746 2197 822 Ecclesia,
2220 766 2352 824 quas
2379 747 2582 809 debuit
2602 770 2731 811 esse

320 825 485 885 sedes
514 822 882 900 Antichristi,
913 823 1103 901 potuit
1130 842 1259 886 esse
1280 844 1421 883 vem
1444 834 1632 901 antea,
1663 844 1843 903 quum
1871 827 2002 903 ejus
2021 826 2168 885 fides
2194 828 2645 889 annuntiabatur
2671 831 2732 889 in

316 914 437 965 toto
464 905 699 981 mundo,
730 912 789 964 et
806 904 1027 982 aliquot
1053 905 1265 964 seculis
1290 904 1579 983 deinceps,
1610 904 1888 983 quamdiu
1926 926 2124 965 sanam
2173 907 2493 967 doctrinam
2521 911 2730 970 retine-

316 986 431 1062 bat,
462 995 521 1047 et
546 987 797 1045 haereses
824 984 1237 1063 oppugnabat3
1278 993 1339 1045 et
1364 993 1489 1045 tum
1515 986 1792 1063 temporis
1817 1006 2098 1063 negamus
2125 986 2303 1047 fuisse
2332 988 2528 1047 sedem
2559 990 2730 1051 Anti·

317 1066 534 1130 christi.
640 1066 863 1125 Verum
888 1084 1069 1142 quum
1096 1084 1407 1143 progressu
1450 1065 1726 1143 temporis
1745 1086 1782 1125 a
1806 1066 2050 1127 veritate
2098 1066 2326 1143 defecit,
2377 1076 2436 1128 et
2482 1068 2730 1130 alienam

316 1147 635 1206 doctrinam
662 1146 910 1222 induxit,
940 1154 1065 1206 tum
1086 1144 1327 1205 desiisse
1356 1166 1483 1209 esse
1512 1145 1729 1206 Christi
1758 1146 2097 1224 Ecclesiam,
2128 1155 2188 1207 et
2213 1147 2425 1208 saetam
2448 1168 2575 1209 esse
2603 1150 2730 1210 An·

318 1228 567 1287 tiehristi
594 1226 791 1286 sedem
817 1226 1081 1285 dicimus.

562 1369 572 1379 ,
757 1368 768 1380 ‚
924 1306 1041 1365 IX.
1082 1306 1270 1365 Locus
1292 1306 1599 1383 sinqulan‘s
1625 1314 1716 1365 est
1737 1308 2009 1383 Babylon,
2039 1306 2178 1365 urbs
2203 1328 2416 1386 magna
2427 1312 2730 1387 ἔπαλοφος,

318 1370 609 1482 mli-‘3513
680 1367 798 1470 ιζ’
838 1406 969 1461 quse
994 1394 1251 1463 tempore
1280 1386 1324 1446 J
1326 1386 1529 1445 oannis
1556 1386 1858 1465 imperium
1885 1386 2186 1447 obtinebat
2230 1389 2290 1445 in
2333 1408 2503 1466 reges
2545 1398 2730 1468 tome,

840 1474 900 1525 et
926 1486 1055 1543 quae
1080 1467 1290 1545 poculo
1318 1466 1731 1527 scortationum
1777 1486 1978 1525 omnes
2020 1467 2268 1545 populos
2293 1467 2495 1531 debuit
2520 1470 2733 1529 inebri-

318 1564 434 1621 are,
464 1552 525 1605 et
552 1545 712 1605 ebria
736 1564 865 1606 esse
892 1547 1175 1625 sanguine
1216 1556 1565 1609 sanctorum.
1612 1546 1728 1607 Sed
1759 1547 1867 1606 soli
1893 1550 2096 1611 Roma
2122 1549 2234 1607 hoe
2261 1549 2570 1611 convenire
2612 1550 2730 1611 dis·

316 1625 613 1705 putatione
640 1626 1001 1703 praecedente
1029 1628 1483 1689 demonstratum
1523 1626 1650 1703 fuit,
1703 1634 1764 1687 at
1805 1627 2040 1705 quidem
2083 1646 2200 1686 non
2251 1628 2503 1708 Paganae
2533 1630 2628 1689 vel
2655 1632 2732 1691 ad

318 1706 743 1769 Ethnicismum
770 1708 1029 1785 relapso,
1061 1707 1165 1767 sed
1192 1708 1551 1783 Christianae,
1584 1715 1644 1767 et
1671 1707 1745 1767 ad
1791 1706 2166 1785 Apostasiam
2191 1707 2461 1788 delapsae,
2491 1718 2559 1770 ut
2583 1712 2732 1771 nihil

316 1806 461 1864 opus
488 1786 565 1845 sit
590 1786 835 1847 ulterius
860 1788 922 1845 in
949 1808 1020 1847 eo
1047 1787 1346 1866 probando
1372 1788 1681 1847 immorari.
1729 1788 1926 1848 Unum
1955 1796 2180 1848 tantum
2207 1799 2469 1868 superest
2489 1790 2730 1851 dubium

316 1866 945 2008 {imaiffss‘fiffl
954 1868 1077 2008 &¹¹22
1092 1877 1371 2024 3233,
1384 1868 2732 2029 fflfflssssiyfflufiiffl'ussiiffifflss

314 2028 523 2105 plateis
549 2048 791 2106 corpora
810 2028 1055 2089 duorum
1081 2029 1317 2091 testium
1344 2028 1615 2087 dicuntur
1635 2028 1849 2106 jacere,
1881 2047 2012 2106 quoe
2043 2030 2341 2089 “vocatur
2361 2030 2735 2107 spiritualiter

320 2107 573 2167 Sodoma
598 2116 656 2168 et
684 2108 1001 2187 AEgyptus,
1030 2109 1133 2168 ubi
1160 2117 1219 2169 et
1268 2109 1553 2168 Dominus
1600 2128 1800 2169 eorum
1821 2108 2134 2168 crucifixus
2173 2110 2319 2169 est.''
2352 2110 2538 2189 Apoc.
2561 2112 2642 2171 xi.
2673 2115 2730 2171 8.

318 2188 405 2249 At
423 2208 539 2247 non
563 2189 783 2266 Romae,
815 2188 921 2248 sed
968 2188 1396 2267 Hierosolymis
1443 2189 1708 2249 Christus
1751 2197 1842 2249 est
1887 2188 2216 2251 crucifixus.
2301 2190 2520 2249 Verum
2550 2192 2734 2268 gratis

317 2270 673 2347 supponitur,
699 2289 803 2347 per
827 2288 1099 2347 magnam
1124 2268 1285 2329 illam
1313 2268 1609 2329 civitatem
1635 2269 2076 2347 intelligendam
2093 2288 2220 2329 ease
2241 2270 2728 2349 Hierosolymam,

314 2369 446 2427 quae
470 2370 757 2427 nusquam
786 2350 849 2407 in
876 2348 1239 2428 Apocalypsi
1265 2350 1475 2409 civitas
1499 2368 1715 2427 magna
1755 2350 1816 2408 in
1853 2350 2176 2427 sequiorem
2225 2370 2458 2409 sensum
2499 2350 2728 2412 dieitur.

318 2429 437 2489 Sed
461 2431 573 2489 hoe
593 2430 891 2508 aptissime
918 2429 1143 2489 civitati
1164 2430 1443 2489 Romanas
1471 2430 1760 2505 convenit,
1789 2450 1938 2508 quae,
1967 2438 2035 2490 ut
2054 2430 2210 2507 alibi,
2229 2430 2478 2509 mystice
2491 2440 2736 2491 vocatur

316 2510 603 2589 Babylon,
633 2512 775 2571 urbs
801 2510 903 2569 illa
928 2529 1157 2587 magna,
1199 2511 1284 2570 -ita
1308 2510 1405 2569 hie
1432 2510 1809 2589 spiritualiter
1835 2510 2048 2570 dicitur
2071 2510 2338 2587 Sodoma,
2369 2521 2606 2589 propter
2630 2532 2730 2571 ne-

314 2590 519 2651 fandas
544 2591 837 2651 foeditates
864 2590 946 2649 ibi
974 2600 1321 2667 grassantes,
1352 2599 1413 2650 et
1438 2593 1739 2668 Egyptian,
1789 2599 2026 2669 propter
2071 2591 2406 2667 caecitatem,
2449 2592 2728 2652 idoloma-

314 2672 487 2747 niam,
518 2680 579 2732 et
598 2671 1021 2731 crudelitatem.
1126 2670 1251 2731 Nec
1276 2672 1486 2747 obstat,
1516 2670 1676 2749 quod
1706 2670 1992 2729 Dominus
2017 2670 2100 2729 ibi
2129 2671 2442 2731 crucifixus
2483 2672 2726 2749 dicatur,

314 2753 427 2811 hoe
466 2753 619 2811 enim
666 2751 947 2811 trifariam
976 2758 1167 2829 potest
1213 2751 1481 2828 intelligi,
1530 2754 1582 2809 1.
1626 2752 1874 2827 Proprie
1921 2749 1996 2809 de
2041 2751 2169 2829 ipso
2219 2751 2466 2827 Christo,
2504 2752 2640 2829 quia
2666 2753 2730 2811 in

314 2832 533 2893 ditione
576 2833 841 2891 Romana
882 2840 943 2891 et
984 2831 1324 2891 auctoritate
1371 2832 1758 2910 auspiciisque
1804 2831 2082 2889 Romanae
2125 2830 2378 2889 civitatis
2419 2831 2731 2892 crucifixus

314 2922 437 2987 est;
482 2913 565 2972 sic
586 2912 740 2971 enim
768 2911 975 2971 civitas
1004 2912 1271 2971 Romana
1294 2912 1455 2970 urbis
1486 2912 1690 2969 Romae
1709 2910 1998 3003 moenibus
2025 2930 2143 2969 non
2169 2909 2500 3003 includitur,
2533 2912 2638 2971 sed
2653 2912 2731 2971 ad

310 2990 1319 3151 {zssffiffiffsssssssssfflsssssffiss
1348 2990 1489 3130 :3¹23
1496 2990 2051 3149 it‘gsoe‘ffifflffiss
2081 2991 2728 3145 {253352053333321

316 3152 355 3210 i.
386 3155 483 3211 24.
552 3156 609 3212 3.
651 3152 1037 3229 spritualiter
1062 3152 1283 3212 ratione
1332 3159 1716 3229 peccatorum,
1768 3150 1980 3227 quibus
2021 3150 2182 3229 impii
2221 3156 2499 3227 apostatae
2527 3150 2727 3210 dicun-

314 3241 413 3293 tur
438 3234 513 3292 ab
540 3232 844 3313 Apostolo,
878 3232 1031 3293 Heb.
1062 3233 1141 3291 vi.
1174 3236 1227 3309 6,
1258 3233 1363 3291 siha·
1386 3231 1710 3312 eructfiqerc
1727 3232 1942 3291 Elium
1969 3232 2100 3306 Dei,
2131 3229 2193 3289 id
2221 3239 2326 3307 est,
2360 3240 2640 3309 quantum
2667 3232 2730 3291 in

314 3332 377 3373 se
404 3322 509 3373 est.
592 3314 638 3375 J
639 3334 733 3374 am
764 3314 953 3373 Roma
978 3312 1389 3391 magnae-illius
1426 3312 1730 3391 apostasiae
1772 3320 1946 3389 eaput
1971 3319 2078 3389 est,
2107 3318 2174 3371 ut
2199 3318 2402 3389 postea
2427 3311 2686 3372 dicemus
2709 3336 2726 3391 3

312 3394 393 3453 ibi
440 3394 623 3472 igitur
658 3394 921 3473 inprimis
970 3394 1233 3454 Christus
1280 3392 1658 3471 spiritualiter
1699 3390 2072 3469 enteifigitur.
2155 3390 2246 3451 Ne
2279 3393 2405 3470 jam
2445 3392 2724 3471 dieamus,

310 3475 567 3551 quotidie
588 3474 747 3535 cruoi
774 3473 1199 3551 quodammodo
1216 3473 1375 3551 affigi
1400 3474 1477 3532 ab
1500 3473 1646 3551 ipsis
1675 3472 1734 3531 in
1763 3472 1962 3547 Missa,
1993 3471 2134 3532 dum
2159 3472 2420 3549 quotidie
2447 3472 2640 3533 offerri
2665 3474 2728 3533 in

308 3555 652 3615 sacrificium
700 3555 1163 3633 propitiatorium
1206 3574 1311 3633 pro
1354 3553 1607 3631 peecatis
1653 3552 1975 3612 viventium
2003 3561 2064 3612 et
2097 3560 2454 3612 mortuorum
2491 3562 2726 3614 conten-

310 3634 474 3697 dunt.

776 3777 787 3789 ‚
914 3713 1001 3773 X.
1033 3713 1131 3775 Sic
1156 3713 1393 3774 inventa
1414 3712 1549 3775 sede
1574 3710 1938 3789 Antichristi,
1960 3730 2114 3769 nunc
2131 3720 2343 3787 tempus
2363 3710 2492 3788 ejus
2506 3712 2730 3771 revela-

312 3772 791 3881 Τθᾞξῗξὼζίξζξιω
832 3794 1025 3871 tionis,
1076 3814 1192 3873 quo
1240 3795 1302 3853 in
1344 3814 1415 3854 ea
1448 3813 1714 3853 sessurus
1759 3801 1899 3868 erat,
1949 3790 2364 3851 attendendum
2408 3798 2512 3865 est,
2574 3792 2728 3851 circa

832 3874 989 3952 quod
1036 3894 1155 3933 non
1200 3875 1391 3945 minus
1434 3873 1646 3933 aeriter
1691 3871 2154 3933 controvertitur.
2240 3870 2530 3929 Pontificii
2571 3872 2726 3930 enim

310 3957 539 4027 tempus
567 3952 695 4028 ejus
720 3954 1009 4015 adventus
1034 3954 1305 4033 rejiciunt
1330 3954 1407 4013 ad
1432 3954 1607 4013 finem
1633 3972 1818 4031 usque
1845 3951 2064 4011 mundi.
2135 3950 2215 4010 Et
2242 3948 2726 4028 quemadmodum

310 4029 355 4089 J
360 4030 509 4088 udaei
556 4032 813 4093 nondum
861 4035 1185 4095 exhibitum
1236 4035 1529 4094 Christum
1574 4052 1704 4093 esse
1752 4030 2124 4106 contendunt,
2167 4030 2252 4090 ita
2293 4030 2390 4089 isti
2415 4040 2724 4091 venturum

307 4108 499 4168 adhue
544 4109 971 4175 Antichristum
1015 4115 1318 4190 somniant,
1351 4124 1410 4175 et
1452 4114 1685 4173 demum
1725 4113 1834 4172 sub
1859 4109 2062 4171 mundi
2087 4110 2260 4170 finem
2308 4118 2722 4187 grassaturam.

312 4190 437 4249 Nos
464 4210 605 4249 vero
638 4190 1059 4255 Antichristum
1078 4196 1203 4273 jam
1221 4204 1411 4255 ortum
1434 4214 1561 4253 esse
1582 4202 1642 4253 et
1669 4192 2115 4266 manifestatum,
2137 4208 2258 4249 non
2279 4209 2418 4249 vero
2431 4189 2540 4248 sub
2551 4190 2724 4250 finem

310 4278 537 4330 tantum
554 4272 755 4333 mundi
774 4276 1167 4349 revelandum,
1188 4274 1599 4353 pertendimus.
1645 4272 1796 4347 Quia
1818 4270 2037 4330 Paulus
2049 4271 2173 4347 jam
2191 4288 2296 4328 suo
2317 4276 2574 4347 tempore
2584 4270 2724 4348 glis-

308 4370 439 4411 oere
466 4352 710 4450 coepisse
750 4364 1011 4431 testatur,
1032 4360 1093 4450 ’2
1124 4356 1327 4415 Thess.
1358 4354 1418 4414 ii.
1462 4358 1517 4429 7,
1568 4372 1748 4446 quum
1791 4351 1890 4426 ait,
1935 4349 2252 4441 mysten‘tfm
2295 4350 2601 4443 iniquitatis
2639 4348 2726 4447 n?-

306 4440 767 4590 irnunddzc’qilzrdz
807 4456 947 4575 (01ξέ
946 4458 1093 4575 αῐῖἒιι
1102 4436 1369 4593 egeae?
1371 4435 1518 4574 hniiili·
1547 4435 1672 4591 jiusxi
1701 4450 1846 4571 133²
1873 4428 2728 4591 Ἐτῖθῐῒίῗιῖξτῗιῗζοὲρίῗιὲεἰιὲ

308 4590 683 4653 fundamenta
714 4596 877 4674 jacta
928 4595 1191 4655 fuissent.
1276 4596 1491 4655 Fateor
1537 4592 1773 4672 quidem
1821 4592 1934 4651 hoc
1990 4590 2139 4650 clam
2185 4591 2398 4652 factum
2449 4594 2627 4653 fuisse
2668 4602 2728 4654 et

305 4684 519 4751 operte,
550 4682 616 4733 ut
644 4694 761 4734 non
789 4675 959 4737 facile
984 4676 1061 4737 sit
1086 4676 1337 4756 primum
1364 4684 1527 4736 ortus
1546 4680 1904 4734 momentum
1930 4671 2254 4751 observare,
2290 4673 2520 4751 Satana,
2550 4674 2728 4752 hujus
