3234 5192
485 329 601 389 396
1036 343 1115 384 m:
1142 343 1625 386 sursrsc‘rzoms
1653 345 1888 386 cums-rr
1917 346 2335 388 xncsssrrsrn.
2517 327 2778 410 [mspur.
2810 347 2897 389 ιιι.

490 487 679 547 Plane
706 487 861 547 sicut
890 484 1121 544 Paulus
1147 491 1401 544 testatur
1426 486 1555 544 dari
1572 486 1634 544 in
1665 487 1928 558 homine,
1973 491 2010 520 “
2029 487 2422 562 cogitationes
2463 495 2807 546 accusantes
2833 495 2897 547 et

488 565 896 635 excusantes,’'
927 563 1103 622 Rom.
1142 565 1203 622 ii.
1237 565 1329 637 15,
1351 564 1728 640 nimiumque
1747 565 1812 622 id
1840 565 2230 640 experiuntur
2254 573 2590 641 peccatores
2615 567 2729 642 ipsi
2745 569 2894 626 dum

487 647 603 704 hoc
629 651 855 703 tortore
882 643 1118 700 interno
1146 643 1315 700 velut
1341 642 1513 700 furiis
1540 643 1865 702 identidem
1893 643 2292 718 exagitantur,
2323 652 2358 679 “
2377 662 2640 720 quorum
2663 653 2893 704 mentes

489 725 540 782 si
566 723 1007 792 recludantur,”
1034 720 1234 796 inquit
1260 721 1519 794 Tacitus,
1565 728 1601 756 “
1623 729 1866 797 possent
1891 722 2076 796 aspici
2101 722 2383 796 laniatus,
2405 729 2468 782 et
2492 723 2665 795 ictus,
2701 742 2892 800 quan-

486 807 565 864 do
592 810 663 861 ut
706 818 953 876 corpora
997 799 1358 870 verberibus,
1405 800 1492 857 ita
1533 800 1781 872 saevitia,
1809 799 2074 871 libidine,
2123 800 2297 860 malis
2342 800 2630 860 consultis
2655 803 2892 860 animus

489 881 901 950 dilaceretur,”
944 884 1148 935 manet
1188 878 1412 936 scilicet
1457 878 1782 954 impressus
1813 879 2180 938 imminentis
2225 878 2502 955 supplicii
2546 886 2753 950 terror,
2781 897 2892 938 nec

485 961 652 1019 tollit
676 977 738 1017 se
765 974 1034 1034 unquam
1060 957 1140 1013 ab
1166 956 1353 1014 oculis
1378 957 1579 1031 imago
1607 957 1824 1014 luridae
1851 956 2080 1014 mortis.

571 1037 780 1096 XXX.
822 1035 886 1094 N
888 1053 955 1092 ec
978 1034 1043 1090 in
1071 1034 1314 1109 perditis
1340 1041 1577 1092 tantum
1605 1041 1712 1092 aut
1737 1035 2112 1113 nequissimis
2157 1054 2363 1095 sensus
2388 1036 2488 1095 hic
2526 1037 2706 1112 viget,
2735 1038 2902 1096 obti-.

488 1124 593 1177 net
618 1117 800 1175 etiam
842 1113 1005 1190 apud
1049 1112 1201 1170 alios
1246 1131 1504 1188 quorum
1530 1115 1658 1172 vita
1701 1114 2007 1173 honestior
2033 1115 2286 1190 videtur,
2317 1134 2428 1174 nec
2451 1123 2544 1174 tot
2568 1116 2886 1175 sceleribus

490 1195 963 1263 commaculata3
996 1192 1200 1268 Neque
1226 1191 1388 1249 enim
1413 1192 1660 1249 aliunde
1687 1210 1870 1267 quam
1885 1194 1962 1251 ab
1983 1194 2098 1252 hoc
2122 1193 2412 1269 principio
2434 1201 2682 1269 possunt
2707 1195 2889 1268 origi-

490 1294 630 1333 nem
654 1273 897 1330 duxisse
917 1271 1079 1346 apud
1104 1268 1392 1328 Ethuicos
1413 1270 1731 1328 innumera
1750 1271 1860 1329 illa
1875 1275 2142 1355 iano-sigan
2162 1289 2297 1346 quae
2321 1273 2614 1347 placando
2631 1271 2693 1330 N
2699 1273 2890 1330 umini

490 1360 633 1412 sunt
654 1351 1009 1426 excogitata,
1031 1347 1285 1407 victimae
1314 1349 1435 1406 illae
1462 1349 1796 1423 piaculares
1821 1370 1956 1427 quae
1985 1351 2291 1410 interdum
2318 1350 2498 1408 etiam
2523 1368 2600 1407 ex
2627 1351 2755 1426 ipso
2781 1352 2891 1410 ho-

488 1432 723 1490 minum
750 1429 1157 1504 seligebantur
1182 1445 1449 1498 numero,
1478 1445 1617 1488 cum
1643 1445 1717 1485 ea
1741 1429 2124 1504 persuasione
2164 1432 2284 1488 solo
2333 1431 2606 1504 sanquine
2643 1432 2890 1490 humano

489 1512 641 1570 iram
684 1513 942 1567 Deorum
970 1507 1370 1564 immortalium
1388 1508 1627 1583 placari
1641 1526 1824 1582 posse,
1851 1514 1922 1565 ut
1947 1508 2130 1566 habet
2159 1507 2358 1567 Caesar
2382 1508 2486 1568 lib.
2515 1509 2594 1566 vi.
2623 1510 2700 1566 de
2725 1510 2886 1569 bello

494 1589 655 1650 Gall.
668 1587 785 1645 Tot
800 1586 1181 1663 lustrationes
1192 1591 1253 1641 et
1260 1583 1664 1644 februationes
1684 1585 1840 1644 inter
1851 1586 2012 1661 ipsos
2027 1587 2280 1659 usitatae,
2297 1587 2749 1662 provocationes
2765 1607 2887 1646 cre-

492 1669 616 1726 brae
644 1668 709 1724 in
736 1681 1093 1739 quacunque
1120 1662 1346 1737 injuria
1371 1669 1432 1720 et
1477 1664 1856 1740 oppressione
1881 1665 1958 1721 ad
1991 1664 2294 1738 justitiam
2331 1664 2463 1737 Dei,
2485 1673 2545 1724 et
2571 1683 2752 1724 aurea
2777 1667 2887 1725 illa

490 1747 651 1804 dicta
688 1763 824 1819 quae
868 1743 931 1797 in
976 1742 1243 1815 ipsorum
1284 1740 1452 1798 libris
1478 1743 1806 1800 etiamnum
1843 1743 2022 1799 hodie
2062 1744 2348 1818 leguntur
2395 1742 2507 1821 ἔχει
2545 1747 2656 1810 ,θτὶς
2691 1742 2887 1805 ι”ιδικοι

492 1825 657 1902 types,
691 1820 816 1902 Εὖςι
842 1825 951 1886 θεὶς
972 1846 1051 1879 τοι
1078 1823 1278 1899 clangit
1297 1824 1359 1876 et
1384 1819 1540 1877 illud
1568 1819 1817 1878 alferius
1841 1827 2051 1896 poetae,

887 1982 1182 2058 Aspiciunt
1205 1979 1376 2040 oculis
1391 1977 1603 2054 Superi
1624 1981 1890 2039 mortalia
1901 1981 2091 2058 justis,
2123 1983 2233 2058 ἅμ,

888 2065 974 2121 Et
996 2081 1139 2138 raro
1166 2061 1571 2120 antecedentem
1598 2061 1898 2120 Scelestum

891 2144 1167 2250 Deseruit
1174 2145 1324 2218 pede
1340 2157 1517 2216 paena
1538 2143 1759 2200 claudo.

813 2300 1051 2359 Notum
1076 2301 1257 2358 etiam
1284 2298 1439 2356 illud
1469 2297 1696 2355 oraculi
1727 2299 2006 2376 Delphici
2034 2301 2197 2375 apud
2226 2300 2540 2360 AElianum

891 2458 1065 2516 Ἀλλὰ
1091 2460 1256 2521 aa&
1287 2457 1445 2536 ῥίξαισι
1472 2453 1614 2522 δίκαις
1641 2455 1777 2521 τίλας
1799 2459 1915 2533 οὐχ)
1941 2463 2190 2537 morantis

885 2537 1001 2598 ’ms
1028 2540 1365 2618 ἀπαραίτητον
1392 2542 1429 2595 si
1454 2541 1547 2596 καὶ
1582 2541 1696 2602 Διὸς
1725 2553 1910 2609 ἔκγονοι
1939 2535 2039 2609 εἶεν,

886 2626 990 2679 Καὶ
1016 2621 1175 2677 αὖτῧν
1212 2623 1477 2688 κεφαλῒπ,
1507 2622 1600 2676 καὶ
1628 2619 1670 2676 ἓν
1705 2619 1970 2698 σφιτιςοίσι
2003 2619 2216 2677 miro-av

890 2697 1130 2773 Elath-ou,
1148 2703 1241 2757 καὶ
1260 2703 1408 2774 πῆμα
1435 2695 1599 2775 δυ’μοις
1620 2699 1702 2756 ἔπι-ὲ
1723 2702 1922 2762 πήμασι
1960 2703 2132 2766 βαίνει.

1176 2856 1355 2925 Quod
1378 2856 1463 2915 sic
1489 2857 1798 2915 transtulit
1825 2857 1906 2915 H.
1941 2857 2190 2917 Grotius
2213 2879 2228 2934 3

884 3019 965 3076 At
987 3019 1256 3075 scelerum
1280 3023 1462 3074 sontes
1488 3015 1734 3074 divinum
1753 3017 2116 3093 persequitur
2153 3017 2282 3074 Jus.

887 3100 1010 3156 Nec
1026 3106 1163 3174 pote
1189 3096 1377 3170 vitari,
1409 3116 1520 3154 non
1541 3095 1591 3154 si
1612 3115 1788 3170 glenus
1804 3097 1876 3154 ab
1901 3098 2048 3155 Jove
2074 3097 2299 3167 ducant,

882 3177 1001 3236 Sed
1024 3177 1199 3252 capiti
1220 3177 1489 3250 ipsorum,
1522 3176 1724 3250 quique
1751 3185 2089 3234 enascuntur
2113 3176 2185 3234 ab
2207 3176 2340 3252 ipsi-r

888 3254 1171 3331 Imminet,
1202 3257 1367 3331 inque
1394 3257 1559 3314 domo
1580 3256 1795 3312 cladem
1822 3257 1968 3314 subit
1991 3258 2178 3314 altera
2197 3257 2402 3314 clades.

486 3413 703 3488 Neque
729 3412 845 3468 hoc
868 3411 1095 3469 latebat
1136 3409 1433 3469 Barbaros
1473 3411 1839 3485 Melitenses,
1865 3411 2000 3471 Act.
2039 3413 2244 3472 xxviii.
2275 3415 2330 3484 4,
2360 3412 2464 3488 qui
2508 3413 2638 3472 visa
2677 3415 2887 3490 vipera

486 3510 622 3569 quae
652 3508 726 3547 ex
753 3489 1060 3547 sarmentis
1086 3489 1291 3547 manui
1324 3489 1499 3547 Pauli
1525 3490 1861 3549 adhaeserat
1900 3492 2178 3551 dicebant
2205 3511 2344 3550 eum
2369 3510 2492 3550 esse
2519 3492 2884 3550 homicidam

484 3587 663 3650 quem
691 3586 724 3625 e
744 3567 893 3625 mari
915 3566 1185 3643 elapsum
1212 3569 1337 3632 Δίκη
1385 3569 1508 3627 sive
1550 3567 1704 3624 ultio
1732 3570 1938 3628 divina
1979 3571 2179 3628 vivere
2215 3589 2337 3629 non
2365 3576 2700 3647 pateretur3
2747 3571 2885 3629 Imo

483 3653 613 3708 haec
632 3647 937 3724 persuasio
958 3653 1083 3704 tam
1105 3647 1224 3704 alte
1252 3647 1548 3704 insederat
1568 3647 1838 3704 omnium
1861 3649 2074 3707 animis
2091 3655 2160 3706 ut
2182 3647 2367 3708 Poena
2385 3669 2493 3726 pro
2516 3649 2645 3709 Dea
2663 3650 2887 3707 colere-

483 3737 585 3787 tur
612 3729 690 3786 ab
720 3725 995 3800 AssyriiS,
1026 3730 1086 3782 et
1125 3723 1433 3783 Nemesim
1462 3743 1530 3783 ac
1556 3727 1706 3789 Δίκην
1725 3729 1914 3800 poenis
1941 3727 2258 3785 sceleribus
2285 3729 2624 3804 infligendis
2653 3728 2886 3788 Graecia

483 3807 810 3866 destinaret
832 3827 845 3864 :
876 3803 1013 3861 Hoc
1040 3821 1181 3861 vero
1202 3804 1279 3862 ab
1298 3803 1643 3862 hominibus
1663 3805 1918 3879 exprimi
1935 3806 2035 3861 vix
2057 3804 2344 3880 potuisset
2361 3807 2474 3864 nisi
2496 3807 2739 3864 Natura
2757 3807 2888 3881 ipsa

482 3885 889 3945 necessitatem
936 3881 1202 3959 aliquam
1240 3882 1655 3941 satisfactionis
1698 3884 2158 3941 demonstrasset
2184 3904 2200 3953 3
2243 3883 2410 3942 Nam
2451 3903 2588 3960 quae
2631 3885 2718 3942 ita
2742 3903 2886 3960 pen-

482 3967 630 4023 dent
670 3983 710 4022 a
756 3963 887 4020 Deo
914 3976 985 4018 ut
1030 3979 1136 4036 per
1176 3967 1455 4019 naturam
1496 3963 1576 4018 ad
1623 3961 1733 4019 illa
1758 3961 2032 4020 facienda
2057 3979 2178 4018 non
2211 3963 2658 4034 determinetur,
2687 3964 2887 4020 nullo-

483 4046 664 4102 modo
692 4041 864 4100 nobis
892 4039 1017 4098 sine
1044 4039 1287 4114 speciali
1312 4039 1679 4097 revelatione
1705 4045 1923 4097 natura
1968 4046 2114 4097 nota
2155 4057 2280 4098 esse
2315 4048 2583 4116 possunt,
2622 4059 2679 4098 V.
2709 4059 2766 4115 g.
2795 4049 2888 4099 est

482 4123 729 4198 quidem
756 4120 923 4178 Deus
948 4124 1171 4176 natura
1210 4119 1403 4175 bonus
1439 4125 1501 4176 et
1546 4117 1896 4190 misericors,
1925 4135 2034 4176 nec
2079 4123 2280 4176 tamen
2308 4125 2528 4177 natura
2556 4119 2729 4177 nobis
2757 4121 2886 4178 haec

480 4201 634 4259 inest
662 4197 992 4257 communis
1017 4196 1319 4272 persuasio
1349 4195 1548 4254 Deum
1573 4196 1730 4253 velle
1757 4197 1982 4271 absque
2003 4196 2404 4256 satisfactione
2445 4205 2688 4273 peccata
2715 4198 2887 4256 nobis

481 4281 834 4348 condonare,
864 4276 1373 4352 quemadmodum
1418 4273 1618 4331 voluit
1665 4276 1945 4332 humanae
1973 4275 2162 4332 menti
2187 4275 2428 4333 insitam
2455 4294 2579 4334 esse
2607 4274 2886 4334 notitiam

478 4356 786 4431 quandam
806 4353 1075 4430 justitiae,
1094 4353 1190 4428 cuj
1198 4372 1269 4412 us
1287 4355 1416 4413 haec
1436 4360 1523 4411 est
1546 4353 1692 4424 Lex,
1713 4369 1836 4409 non
1853 4359 1925 4410 ut
1944 4353 2050 4428 qui
2065 4359 2268 4428 peccat
2290 4361 2490 4428 peccet
2507 4355 2768 4431 impune,
2781 4357 2885 4412 sed

479 4441 549 4490 ut
564 4439 870 4508 peccatum
886 4450 1065 4506 poena
1084 4439 1371 4507 sequatur
1390 4433 1487 4490 vel
1511 4432 1752 4508 propria
1777 4431 1876 4489 vel
1896 4431 2132 4503 vicaria,
2163 4432 2214 4489 si
2241 4432 2402 4489 enim
2419 4435 2628 4490 eadem
2654 4433 2887 4490 ratione

476 4516 691 4568 notum
742 4508 951 4566 fuisset
991 4509 1134 4584 ipsis
1162 4509 1361 4567 Deum
1404 4527 1576 4586 aeque
1623 4509 1950 4567 necessario
2003 4509 2271 4568 misereri
2324 4510 2638 4568 hominum
2669 4530 2739 4568 ac
2775 4529 2888 4586 pu-

475 4589 604 4646 nire
631 4593 984 4662 peccatores,
1006 4605 1115 4643 cur
1140 4593 1447 4663 tantopere
1489 4589 1567 4645 ad
1594 4587 1781 4662 ipsius
1798 4587 2104 4660 justitiam
2131 4589 2598 4659 exhorruissent,
2629 4607 2738 4647 cur
2762 4607 2886 4646 non

470 4664 671 4743 potius
686 4663 1095 4722 recordatione
1114 4663 1531 4722 misericordiae
1550 4664 1807 4723 fuissent
1826 4665 2038 4724 erecti?
2062 4664 2234 4724 Certe
2256 4665 2407 4724 nihil
2435 4667 2534 4724 hic
2560 4667 2759 4726 afferri
2775 4685 2884 4744 po-
