<?xml version="1.0" encoding="UTF-8"?>
<!DOCTYPE html PUBLIC "-//W3C//DTD XHTML 1.0 Transitional//EN"
    "http://www.w3.org/TR/xhtml1/DTD/xhtml1-transitional.dtd">
<html xmlns="http://www.w3.org/1999/xhtml" xml:lang="en" lang="en">
 <head>
  <title>
</title>
<meta http-equiv="Content-Type" content="text/html;charset=utf-8" />
  <meta name='ocr-system' content='tesseract 3.04.00' />
  <meta name='ocr-capabilities' content='ocr_page ocr_carea ocr_par ocr_line ocrx_word'/>
</head>
<body>
  <div class='ocr_page' id='page_1' title='image "./denecessariasec00turrgoog_0043.png"; bbox 0 0 3234 5192; ppageno 0'>
   <div class='ocr_carea' id='block_1_1' title="bbox 281 309 2695 390">
    <p class='ocr_par' dir='ltr' id='par_1_1' title="bbox 281 309 2695 390">
     <span class='ocr_line' id='line_1_1' title="bbox 281 309 2695 390; baseline 0 -16"><span class='ocrx_word' id='word_1_1' title='bbox 281 331 514 375; x_wconf 72' lang='lat' dir='ltr'><strong>msrur.</strong></span> <span class='ocrx_word' id='word_1_2' title='bbox 543 309 618 390; x_wconf 78' lang='grc'><strong>1.]</strong></span> <span class='ocrx_word' id='word_1_3' title='bbox 1023 327 1256 370; x_wconf 66' lang='grc' dir='ltr'><strong>κοετιυ,</strong></span> <span class='ocrx_word' id='word_1_4' title='bbox 1282 331 1362 370; x_wconf 72' lang='lat' dir='ltr'><strong>as</strong></span> <span class='ocrx_word' id='word_1_5' title='bbox 1391 331 1675 372; x_wconf 69' lang='lat' dir='ltr'><strong>eceman</strong></span> <span class='ocrx_word' id='word_1_6' title='bbox 1704 331 1971 372; x_wconf 58' lang='lat' dir='ltr'><strong>nomana.</strong></span> <span class='ocrx_word' id='word_1_7' title='bbox 2623 319 2695 374; x_wconf 81' lang='lat'><strong>15</strong></span> 
     </span>
    </p>
   </div>
   <div class='ocr_carea' id='block_1_2' title="bbox 284 466 2740 4682">
    <p class='ocr_par' dir='ltr' id='par_1_2' title="bbox 284 466 2717 2598">
     <span class='ocr_line' id='line_1_2' title="bbox 284 466 2699 551; baseline -0.001 -19"><span class='ocrx_word' id='word_1_8' title='bbox 284 473 410 532; x_wconf 86' lang='lat' dir='ltr'><strong>Nec</strong></span> <span class='ocrx_word' id='word_1_9' title='bbox 437 471 626 532; x_wconf 86' lang='lat' dir='ltr'><strong>solum</strong></span> <span class='ocrx_word' id='word_1_10' title='bbox 667 466 1080 527; x_wconf 77' lang='lat' dir='ltr'>moderatiores</span> <span class='ocrx_word' id='word_1_11' title='bbox 1105 469 1194 528; x_wconf 93' lang='lat' dir='ltr'><strong>illi</strong></span> <span class='ocrx_word' id='word_1_12' title='bbox 1221 478 1281 530; x_wconf 86' lang='lat' dir='ltr'><strong>et</strong></span> <span class='ocrx_word' id='word_1_13' title='bbox 1306 470 1564 530; x_wconf 79' lang='lat' dir='ltr'><strong>mitiores</strong></span> <span class='ocrx_word' id='word_1_14' title='bbox 1596 471 1905 546; x_wconf 86' lang='lat' dir='ltr'><strong>Pontificii,</strong></span> <span class='ocrx_word' id='word_1_15' title='bbox 1936 471 2039 529; x_wconf 89' lang='lat' dir='ltr'><strong>sed</strong></span> <span class='ocrx_word' id='word_1_16' title='bbox 2068 478 2126 530; x_wconf 85' lang='lat' dir='ltr'><strong>et</strong></span> <span class='ocrx_word' id='word_1_17' title='bbox 2152 471 2413 530; x_wconf 85' lang='lat' dir='ltr'><strong>acerrimi</strong></span> <span class='ocrx_word' id='word_1_18' title='bbox 2445 473 2699 551; x_wconf 82' lang='lat' dir='ltr'><strong>Papatus</strong></span> 
     </span>
     <span class='ocr_line' id='line_1_3' title="bbox 285 548 2695 626; baseline 0 -14"><span class='ocrx_word' id='word_1_19' title='bbox 285 550 618 612; x_wconf 85' lang='lat' dir='ltr'><strong>defensores</strong></span> <span class='ocrx_word' id='word_1_20' title='bbox 647 555 1026 625; x_wconf 85' lang='lat' dir='ltr'><strong>agnoverunt,</strong></span> <span class='ocrx_word' id='word_1_21' title='bbox 1047 548 1183 608; x_wconf 82' lang='lat' dir='ltr'><strong>vide</strong></span> <span class='ocrx_word' id='word_1_22' title='bbox 1211 549 1534 626; x_wconf 66' lang='lat' dir='ltr'><strong>Comen-eni,</strong></span> <span class='ocrx_word' id='word_1_23' title='bbox 1558 551 1827 626; x_wconf 74' lang='lat' dir='ltr'><strong>Sadoleti,</strong></span> <span class='ocrx_word' id='word_1_24' title='bbox 1846 551 1991 626; x_wconf 76' lang='lat' dir='ltr'><strong>Poli,</strong></span> <span class='ocrx_word' id='word_1_25' title='bbox 2016 550 2260 610; x_wconf 86' lang='lat' dir='ltr'><strong>aliorum</strong></span> <span class='ocrx_word' id='word_1_26' title='bbox 2288 551 2363 610; x_wconf 89' lang='lat' dir='ltr'><strong>ad</strong></span> <span class='ocrx_word' id='word_1_27' title='bbox 2389 551 2695 612; x_wconf 84' lang='lat' dir='ltr'><strong>emendan-</strong></span> 
     </span>
     <span class='ocr_line' id='line_1_4' title="bbox 287 626 2699 708; baseline -0 -17"><span class='ocrx_word' id='word_1_28' title='bbox 287 631 422 692; x_wconf 88' lang='lat' dir='ltr'><strong>dam</strong></span> <span class='ocrx_word' id='word_1_29' title='bbox 465 626 790 690; x_wconf 79' lang='lat' dir='ltr'><strong>Ecclesiam</strong></span> <span class='ocrx_word' id='word_1_30' title='bbox 831 646 866 686; x_wconf 89' lang='lat' dir='ltr'><strong>a</strong></span> <span class='ocrx_word' id='word_1_31' title='bbox 909 627 1070 704; x_wconf 86' lang='lat' dir='ltr'><strong>Papa</strong></span> <span class='ocrx_word' id='word_1_32' title='bbox 1109 628 1440 704; x_wconf 89' lang='lat' dir='ltr'><strong>electorum,</strong></span> <span class='ocrx_word' id='word_1_33' title='bbox 1472 630 1775 690; x_wconf 86' lang='lat' dir='ltr'><strong>consilium</strong></span> <span class='ocrx_word' id='word_1_34' title='bbox 1804 631 1991 689; x_wconf 86' lang='lat' dir='ltr'><strong>Paulo</strong></span> <span class='ocrx_word' id='word_1_35' title='bbox 2028 631 2153 688; x_wconf 92' lang='grc' dir='ltr'><strong><em>ΙΙΙ.</em></strong></span> <span class='ocrx_word' id='word_1_36' title='bbox 2182 629 2505 690; x_wconf 83' lang='lat' dir='ltr'><strong>exhibitum</strong></span> <span class='ocrx_word' id='word_1_37' title='bbox 2546 632 2699 708; x_wconf 86' lang='lat' dir='ltr'><strong>apud</strong></span> 
     </span>
     <span class='ocr_line' id='line_1_5' title="bbox 295 706 2697 787; baseline -0.001 -16"><span class='ocrx_word' id='word_1_38' title='bbox 295 710 668 786; x_wconf 70' lang='lat' dir='ltr'><strong>onuphrium,</strong></span> <span class='ocrx_word' id='word_1_39' title='bbox 710 707 771 764; x_wconf 92' lang='lat' dir='ltr'><strong>in</strong></span> <span class='ocrx_word' id='word_1_40' title='bbox 813 725 929 784; x_wconf 90' lang='lat' dir='ltr'><strong>quo</strong></span> <span class='ocrx_word' id='word_1_41' title='bbox 951 706 1227 782; x_wconf 86' lang='lat' dir='ltr'><strong>scribunt,</strong></span> <span class='ocrx_word' id='word_1_42' title='bbox 1257 707 1376 768; x_wconf 88' lang='lat' dir='ltr'><strong>fere</strong></span> <span class='ocrx_word' id='word_1_43' title='bbox 1420 712 1455 743; x_wconf 77' lang='lat'><strong>‘⁴</strong></span> <span class='ocrx_word' id='word_1_44' title='bbox 1477 709 1540 768; x_wconf 88' lang='lat' dir='ltr'><strong>in</strong></span> <span class='ocrx_word' id='word_1_45' title='bbox 1579 729 1837 787; x_wconf 79' lang='lat' dir='ltr'><strong>praeceps</strong></span> <span class='ocrx_word' id='word_1_46' title='bbox 1864 709 2178 786; x_wconf 76' lang='lat' dir='ltr'><strong>collapsam</strong></span> <span class='ocrx_word' id='word_1_47' title='bbox 2220 729 2348 768; x_wconf 88' lang='lat' dir='ltr'><strong>esse</strong></span> <span class='ocrx_word' id='word_1_48' title='bbox 2378 710 2697 770; x_wconf 76' lang='lat' dir='ltr'><strong>Ecclesiam</strong></span> 
     </span>
     <span class='ocr_line' id='line_1_6' title="bbox 293 787 2697 882; baseline -0.001 -33"><span class='ocrx_word' id='word_1_49' title='bbox 293 789 524 864; x_wconf 77' lang='lat' dir='ltr'><strong>Christi,</strong></span> <span class='ocrx_word' id='word_1_50' title='bbox 568 787 788 848; x_wconf 87' lang='lat' dir='ltr'><strong>abusus</strong></span> <span class='ocrx_word' id='word_1_51' title='bbox 827 793 886 845; x_wconf 89' lang='lat' dir='ltr'><strong>et</strong></span> <span class='ocrx_word' id='word_1_52' title='bbox 933 788 1310 864; x_wconf 84' lang='lat' dir='ltr'><strong>gravissimos</strong></span> <span class='ocrx_word' id='word_1_53' title='bbox 1349 787 1599 864; x_wconf 88' lang='lat' dir='ltr'><strong>morbos,</strong></span> <span class='ocrx_word' id='word_1_54' title='bbox 1645 789 1858 882; x_wconf 74' lang='lat' dir='ltr'><strong>quibus</strong></span> <span class='ocrx_word' id='word_1_55' title='bbox 1896 787 2243 866; x_wconf 81' lang='lat' dir='ltr'><strong>jampridem</strong></span> <span class='ocrx_word' id='word_1_56' title='bbox 2287 788 2551 848; x_wconf 87' lang='lat' dir='ltr'><strong>Ecclesia</strong></span> <span class='ocrx_word' id='word_1_57' title='bbox 2585 790 2697 848; x_wconf 88' lang='lat' dir='ltr'><strong>Dei</strong></span> 
     </span>
     <span class='ocr_line' id='line_1_7' title="bbox 289 867 2701 946; baseline -0.001 -16"><span class='ocrx_word' id='word_1_58' title='bbox 289 869 533 944; x_wconf 82' lang='lat' dir='ltr'><strong>laborat,</strong></span> <span class='ocrx_word' id='word_1_59' title='bbox 564 875 624 925; x_wconf 91' lang='lat' dir='ltr'><strong>et</strong></span> <span class='ocrx_word' id='word_1_60' title='bbox 665 867 984 944; x_wconf 74' lang='lat' dir='ltr'><strong>praesertim</strong></span> <span class='ocrx_word' id='word_1_61' title='bbox 1015 867 1278 926; x_wconf 88' lang='lat' dir='ltr'><strong>Romana</strong></span> <span class='ocrx_word' id='word_1_62' title='bbox 1307 867 1496 943; x_wconf 86' lang='lat' dir='ltr'><strong>Curia,</strong></span> <span class='ocrx_word' id='word_1_63' title='bbox 1526 867 1805 944; x_wconf 73' lang='lat' dir='ltr'><strong>effecisse,</strong></span> <span class='ocrx_word' id='word_1_64' title='bbox 1851 876 1919 928; x_wconf 90' lang='lat' dir='ltr'><strong>ut</strong></span> <span class='ocrx_word' id='word_1_65' title='bbox 1962 867 2501 945; x_wconf 76' lang='lat' dir='ltr'><strong>ingravescentibus</strong></span> <span class='ocrx_word' id='word_1_66' title='bbox 2527 869 2701 946; x_wconf 85' lang='lat' dir='ltr'><strong>pesti-</strong></span> 
     </span>
     <span class='ocr_line' id='line_1_8' title="bbox 289 945 2697 1026; baseline 0 -20"><span class='ocrx_word' id='word_1_67' title='bbox 289 947 428 1009; x_wconf 83' lang='lat' dir='ltr'><strong>feris</strong></span> <span class='ocrx_word' id='word_1_68' title='bbox 455 945 674 1006; x_wconf 86' lang='lat' dir='ltr'><strong>morbis</strong></span> <span class='ocrx_word' id='word_1_69' title='bbox 700 965 972 1023; x_wconf 81' lang='lat' dir='ltr'><strong>magnam</strong></span> <span class='ocrx_word' id='word_1_70' title='bbox 999 947 1150 1004; x_wconf 87' lang='lat' dir='ltr'><strong>hanc</strong></span> <span class='ocrx_word' id='word_1_71' title='bbox 1177 947 1400 1006; x_wconf 87' lang='lat' dir='ltr'><strong>ruinam</strong></span> <span class='ocrx_word' id='word_1_72' title='bbox 1428 948 1673 1008; x_wconf 74' lang='lat' dir='ltr'><strong>traxerit</strong></span> <span class='ocrx_word' id='word_1_73' title='bbox 1688 948 1742 1008; x_wconf 86' lang='lat'><strong>:’&#39;</strong></span> <span class='ocrx_word' id='word_1_74' title='bbox 1784 948 1942 1023; x_wconf 88' lang='lat' dir='ltr'><strong>item,</strong></span> <span class='ocrx_word' id='word_1_75' title='bbox 1969 947 2341 1006; x_wconf 88' lang='lat' dir='ltr'><strong>“Ecclesiam</strong></span> <span class='ocrx_word' id='word_1_76' title='bbox 2362 947 2439 1006; x_wconf 90' lang='lat' dir='ltr'><strong>ad</strong></span> <span class='ocrx_word' id='word_1_77' title='bbox 2465 947 2697 1026; x_wconf 88' lang='lat' dir='ltr'><strong>desper-</strong></span> 
     </span>
     <span class='ocr_line' id='line_1_9' title="bbox 293 1025 2701 1106; baseline 0 -18"><span class='ocrx_word' id='word_1_78' title='bbox 293 1029 546 1091; x_wconf 79' lang='lat' dir='ltr'><strong>ationem</strong></span> <span class='ocrx_word' id='word_1_79' title='bbox 573 1025 694 1086; x_wconf 88' lang='lat' dir='ltr'><strong>fere</strong></span> <span class='ocrx_word' id='word_1_80' title='bbox 721 1025 928 1084; x_wconf 88' lang='lat' dir='ltr'><strong>salutis</strong></span> <span class='ocrx_word' id='word_1_81' title='bbox 952 1025 1271 1086; x_wconf 85' lang='lat' dir='ltr'><strong>laborare.&#39;&#39;</strong></span> <span class='ocrx_word' id='word_1_82' title='bbox 1374 1027 1508 1086; x_wconf 90' lang='lat' dir='ltr'><strong>Hoc</strong></span> <span class='ocrx_word' id='word_1_83' title='bbox 1533 1027 1763 1087; x_wconf 84' lang='lat' dir='ltr'><strong>viderat</strong></span> <span class='ocrx_word' id='word_1_84' title='bbox 1788 1029 2101 1088; x_wconf 76' lang='lat' dir='ltr'><strong>Marcellus</strong></span> <span class='ocrx_word' id='word_1_85' title='bbox 2129 1026 2214 1085; x_wconf 91' lang='lat'><strong>11.</strong></span> <span class='ocrx_word' id='word_1_86' title='bbox 2242 1028 2345 1106; x_wconf 85' lang='lat' dir='ltr'><strong>qui</strong></span> <span class='ocrx_word' id='word_1_87' title='bbox 2372 1027 2445 1086; x_wconf 90' lang='lat' dir='ltr'><strong>de</strong></span> <span class='ocrx_word' id='word_1_88' title='bbox 2474 1037 2701 1088; x_wconf 88' lang='lat' dir='ltr'><strong>contro-</strong></span> 
     </span>
     <span class='ocr_line' id='line_1_10' title="bbox 290 1105 2707 1185; baseline 0 -19"><span class='ocrx_word' id='word_1_89' title='bbox 290 1107 499 1170; x_wconf 86' lang='lat' dir='ltr'><strong>versiis</strong></span> <span class='ocrx_word' id='word_1_90' title='bbox 544 1105 844 1182; x_wconf 84' lang='lat' dir='ltr'><strong>religionis</strong></span> <span class='ocrx_word' id='word_1_91' title='bbox 887 1105 1300 1182; x_wconf 83' lang='lat' dir='ltr'><strong>componendis</strong></span> <span class='ocrx_word' id='word_1_92' title='bbox 1339 1126 1407 1166; x_wconf 89' lang='lat' dir='ltr'><strong>ac</strong></span> <span class='ocrx_word' id='word_1_93' title='bbox 1448 1106 1522 1166; x_wconf 92' lang='lat' dir='ltr'><strong>de</strong></span> <span class='ocrx_word' id='word_1_94' title='bbox 1561 1107 1963 1167; x_wconf 74' lang='lat' dir='ltr'><strong>reformatione</strong></span> <span class='ocrx_word' id='word_1_95' title='bbox 2012 1107 2291 1184; x_wconf 86' lang='lat' dir='ltr'><strong>cogitans,</strong></span> <span class='ocrx_word' id='word_1_96' title='bbox 2314 1107 2487 1166; x_wconf 85' lang='lat' dir='ltr'><strong>aliam</strong></span> <span class='ocrx_word' id='word_1_97' title='bbox 2532 1127 2707 1185; x_wconf 87' lang='lat' dir='ltr'><strong>quam</strong></span> 
     </span>
     <span class='ocr_line' id='line_1_11' title="bbox 289 1183 2705 1263; baseline 0 -17"><span class='ocrx_word' id='word_1_98' title='bbox 289 1185 709 1261; x_wconf 82' lang='lat' dir='ltr'><strong>decessoribus,</strong></span> <span class='ocrx_word' id='word_1_99' title='bbox 759 1183 834 1242; x_wconf 88' lang='lat' dir='ltr'><strong>ab</strong></span> <span class='ocrx_word' id='word_1_100' title='bbox 861 1184 1280 1244; x_wconf 66' lang='lat' dir='ltr'><strong>emendationis</strong></span> <span class='ocrx_word' id='word_1_101' title='bbox 1325 1184 1573 1261; x_wconf 88' lang='lat' dir='ltr'><strong>nomine,</strong></span> <span class='ocrx_word' id='word_1_102' title='bbox 1619 1195 1685 1246; x_wconf 89' lang='lat' dir='ltr'><strong>ut</strong></span> <span class='ocrx_word' id='word_1_103' title='bbox 1724 1185 2017 1248; x_wconf 71' lang='lat' dir='ltr'><strong>autoritati</strong></span> <span class='ocrx_word' id='word_1_104' title='bbox 2066 1186 2385 1246; x_wconf 85' lang='lat' dir='ltr'><strong>Pontificiae</strong></span> <span class='ocrx_word' id='word_1_105' title='bbox 2425 1185 2705 1263; x_wconf 89' lang='lat' dir='ltr'><strong>ominoso,</strong></span> 
     </span>
     <span class='ocr_line' id='line_1_12' title="bbox 292 1263 2707 1344; baseline 0 -18"><span class='ocrx_word' id='word_1_106' title='bbox 292 1265 754 1339; x_wconf 75' lang='lat' dir='ltr'><strong>abhorrentibus,</strong></span> <span class='ocrx_word' id='word_1_107' title='bbox 785 1263 898 1322; x_wconf 88' lang='lat' dir='ltr'><strong>sibi</strong></span> <span class='ocrx_word' id='word_1_108' title='bbox 917 1281 1046 1324; x_wconf 88' lang='lat' dir='ltr'><strong>esse</strong></span> <span class='ocrx_word' id='word_1_109' title='bbox 1086 1273 1338 1324; x_wconf 87' lang='lat' dir='ltr'><strong>mentem</strong></span> <span class='ocrx_word' id='word_1_110' title='bbox 1365 1265 1556 1343; x_wconf 88' lang='lat' dir='ltr'><strong>palam</strong></span> <span class='ocrx_word' id='word_1_111' title='bbox 1583 1266 1977 1343; x_wconf 88' lang='lat' dir='ltr'><strong>profitebatur.</strong></span> <span class='ocrx_word' id='word_1_112' title='bbox 2060 1265 2141 1324; x_wconf 85' lang='lat' dir='ltr'><strong>Et</strong></span> <span class='ocrx_word' id='word_1_113' title='bbox 2180 1266 2276 1325; x_wconf 86' lang='lat' dir='ltr'><strong>hic</strong></span> <span class='ocrx_word' id='word_1_114' title='bbox 2315 1276 2405 1326; x_wconf 90' lang='lat' dir='ltr'><strong>est</strong></span> <span class='ocrx_word' id='word_1_115' title='bbox 2432 1267 2535 1344; x_wconf 88' lang='lat' dir='ltr'><strong>qui</strong></span> <span class='ocrx_word' id='word_1_116' title='bbox 2573 1276 2707 1344; x_wconf 87' lang='lat' dir='ltr'><strong>post</strong></span> 
     </span>
     <span class='ocr_line' id='line_1_13' title="bbox 292 1341 2709 1423; baseline 0.001 -19"><span class='ocrx_word' id='word_1_117' title='bbox 292 1344 606 1404; x_wconf 90' lang='lat' dir='ltr'><strong>lectionem</strong></span> <span class='ocrx_word' id='word_1_118' title='bbox 665 1341 974 1420; x_wconf 74' lang='lat' dir='ltr'><strong>Scripturas</strong></span> <span class='ocrx_word' id='word_1_119' title='bbox 1015 1352 1076 1403; x_wconf 89' lang='lat' dir='ltr'><strong>et</strong></span> <span class='ocrx_word' id='word_1_120' title='bbox 1131 1343 1370 1404; x_wconf 86' lang='lat' dir='ltr'><strong>Patrum</strong></span> <span class='ocrx_word' id='word_1_121' title='bbox 1431 1345 1506 1404; x_wconf 91' lang='lat' dir='ltr'><strong>ab</strong></span> <span class='ocrx_word' id='word_1_122' title='bbox 1547 1353 1867 1422; x_wconf 78' lang='lat' dir='ltr'><strong>anagnoste</strong></span> <span class='ocrx_word' id='word_1_123' title='bbox 1908 1343 1968 1402; x_wconf 88' lang='lat' dir='ltr'><strong>in</strong></span> <span class='ocrx_word' id='word_1_124' title='bbox 2010 1343 2251 1421; x_wconf 89' lang='lat' dir='ltr'><strong>prandio</strong></span> <span class='ocrx_word' id='word_1_125' title='bbox 2306 1344 2533 1422; x_wconf 85' lang='lat' dir='ltr'><strong>factam,</strong></span> <span class='ocrx_word' id='word_1_126' title='bbox 2576 1356 2709 1423; x_wconf 87' lang='lat' dir='ltr'><strong>post</strong></span> 
     </span>
     <span class='ocr_line' id='line_1_14' title="bbox 292 1421 2707 1502; baseline 0 -20"><span class='ocrx_word' id='word_1_127' title='bbox 292 1425 540 1501; x_wconf 89' lang='lat' dir='ltr'><strong>longum</strong></span> <span class='ocrx_word' id='word_1_128' title='bbox 557 1421 846 1482; x_wconf 87' lang='lat' dir='ltr'><strong>silentium</strong></span> <span class='ocrx_word' id='word_1_129' title='bbox 865 1422 1200 1484; x_wconf 87' lang='lat' dir='ltr'><strong>recordatus</strong></span> <span class='ocrx_word' id='word_1_130' title='bbox 1219 1423 1467 1484; x_wconf 87' lang='lat' dir='ltr'><strong>Adriani</strong></span> <span class='ocrx_word' id='word_1_131' title='bbox 1485 1424 1659 1502; x_wconf 76' lang='lat' dir='ltr'><strong>Papae</strong></span> <span class='ocrx_word' id='word_1_132' title='bbox 1677 1424 1873 1500; x_wconf 87' lang='lat' dir='ltr'><strong>verba,</strong></span> <span class='ocrx_word' id='word_1_133' title='bbox 1901 1425 1937 1456; x_wconf 90' lang='lat'>“</span> <span class='ocrx_word' id='word_1_134' title='bbox 1951 1425 2215 1482; x_wconf 88' lang='lat' dir='ltr'><strong>Romano</strong></span> <span class='ocrx_word' id='word_1_135' title='bbox 2240 1423 2519 1484; x_wconf 84' lang='lat' dir='ltr'><strong>Pontifice</strong></span> <span class='ocrx_word' id='word_1_136' title='bbox 2536 1444 2707 1484; x_wconf 87' lang='lat' dir='ltr'><strong>nemo</strong></span> 
     </span>
     <span class='ocr_line' id='line_1_15' title="bbox 293 1499 2707 1581; baseline 0 -19"><span class='ocrx_word' id='word_1_137' title='bbox 293 1511 390 1562; x_wconf 88' lang='lat' dir='ltr'><strong>est</strong></span> <span class='ocrx_word' id='word_1_138' title='bbox 403 1501 718 1577; x_wconf 85' lang='lat' dir='ltr'><strong>miserior,&#39;&#39;</strong></span> <span class='ocrx_word' id='word_1_139' title='bbox 737 1502 942 1578; x_wconf 88' lang='lat' dir='ltr'><strong>inquit,</strong></span> <span class='ocrx_word' id='word_1_140' title='bbox 959 1499 1086 1578; x_wconf 80' lang='lat' dir='ltr'><strong>&amp;c.,</strong></span> <span class='ocrx_word' id='word_1_141' title='bbox 1101 1511 1160 1562; x_wconf 91' lang='lat' dir='ltr'><strong>et</strong></span> <span class='ocrx_word' id='word_1_142' title='bbox 1175 1521 1350 1563; x_wconf 86' lang='lat' dir='ltr'><strong>manu</strong></span> <span class='ocrx_word' id='word_1_143' title='bbox 1367 1523 1625 1562; x_wconf 88' lang='lat' dir='ltr'><strong>mensam</strong></span> <span class='ocrx_word' id='word_1_144' title='bbox 1636 1503 1991 1581; x_wconf 86' lang='lat' dir='ltr'><strong>percutiens:</strong></span> <span class='ocrx_word' id='word_1_145' title='bbox 2018 1504 2054 1537; x_wconf 90' lang='lat'><strong>“</strong></span> <span class='ocrx_word' id='word_1_146' title='bbox 2067 1503 2200 1560; x_wconf 89' lang='lat' dir='ltr'><strong>Non</strong></span> <span class='ocrx_word' id='word_1_147' title='bbox 2212 1502 2382 1562; x_wconf 85' lang='lat' dir='ltr'><strong>video</strong></span> <span class='ocrx_word' id='word_1_148' title='bbox 2400 1504 2707 1581; x_wconf 89' lang='lat' dir='ltr'><strong>quomodo,</strong></span> 
     </span>
     <span class='ocr_line' id='line_1_16' title="bbox 294 1581 2707 1662; baseline 0 -20"><span class='ocrx_word' id='word_1_149' title='bbox 294 1582 398 1662; x_wconf 87' lang='lat' dir='ltr'><strong>qui</strong></span> <span class='ocrx_word' id='word_1_150' title='bbox 439 1582 629 1642; x_wconf 88' lang='lat' dir='ltr'><strong>locum</strong></span> <span class='ocrx_word' id='word_1_151' title='bbox 669 1582 824 1641; x_wconf 87' lang='lat' dir='ltr'><strong>hunc</strong></span> <span class='ocrx_word' id='word_1_152' title='bbox 851 1581 1196 1642; x_wconf 87' lang='lat' dir='ltr'><strong>altissimum</strong></span> <span class='ocrx_word' id='word_1_153' title='bbox 1223 1590 1438 1659; x_wconf 86' lang='lat' dir='ltr'><strong>tenent,</strong></span> <span class='ocrx_word' id='word_1_154' title='bbox 1471 1583 1685 1642; x_wconf 82' lang='lat' dir='ltr'><strong>salvari</strong></span> <span class='ocrx_word' id='word_1_155' title='bbox 1712 1583 1993 1661; x_wconf 88' lang='lat' dir='ltr'><strong>possint.’&#39;</strong></span> <span class='ocrx_word' id='word_1_156' title='bbox 2084 1584 2305 1659; x_wconf 76' lang='lat' dir='ltr'><strong>Onuph.</strong></span> <span class='ocrx_word' id='word_1_157' title='bbox 2335 1583 2397 1642; x_wconf 90' lang='lat' dir='ltr'><strong>in</strong></span> <span class='ocrx_word' id='word_1_158' title='bbox 2426 1583 2707 1642; x_wconf 89' lang='lat' dir='ltr'><strong>Marcello</strong></span> 
     </span>
     <span class='ocr_line' id='line_1_17' title="bbox 295 1661 2707 1741; baseline 0 -19"><span class='ocrx_word' id='word_1_159' title='bbox 295 1661 382 1722; x_wconf 89' lang='grc' dir='ltr'><strong>ΙΙ.</strong></span> <span class='ocrx_word' id='word_1_160' title='bbox 433 1663 618 1720; x_wconf 69' lang='lat' dir='ltr'><strong>Ferus</strong></span> <span class='ocrx_word' id='word_1_161' title='bbox 643 1679 762 1720; x_wconf 90' lang='lat' dir='ltr'><strong>non</strong></span> <span class='ocrx_word' id='word_1_162' title='bbox 787 1680 904 1720; x_wconf 91' lang='lat' dir='ltr'><strong>uno</strong></span> <span class='ocrx_word' id='word_1_163' title='bbox 932 1661 994 1720; x_wconf 87' lang='lat' dir='ltr'><strong>in</strong></span> <span class='ocrx_word' id='word_1_164' title='bbox 1019 1661 1150 1721; x_wconf 92' lang='lat' dir='ltr'><strong>loco</strong></span> <span class='ocrx_word' id='word_1_165' title='bbox 1176 1661 1250 1722; x_wconf 89' lang='lat' dir='ltr'><strong>de</strong></span> <span class='ocrx_word' id='word_1_166' title='bbox 1277 1662 1436 1722; x_wconf 89' lang='lat' dir='ltr'><strong>hisce</strong></span> <span class='ocrx_word' id='word_1_167' title='bbox 1465 1663 1745 1722; x_wconf 60' lang='lat' dir='ltr'><strong>Ecclesiae</strong></span> <span class='ocrx_word' id='word_1_168' title='bbox 1764 1663 2042 1722; x_wconf 76' lang='lat' dir='ltr'><strong>Romanae</strong></span> <span class='ocrx_word' id='word_1_169' title='bbox 2070 1663 2409 1739; x_wconf 83' lang='lat' dir='ltr'><strong>corruptelis</strong></span> <span class='ocrx_word' id='word_1_170' title='bbox 2436 1663 2707 1741; x_wconf 90' lang='lat' dir='ltr'><strong>loquitur,</strong></span> 
     </span>
     <span class='ocr_line' id='line_1_18' title="bbox 293 1739 2711 1818; baseline 0.001 -19"><span class='ocrx_word' id='word_1_171' title='bbox 293 1741 636 1802; x_wconf 85' lang='lat' dir='ltr'><strong>nominatim</strong></span> <span class='ocrx_word' id='word_1_172' title='bbox 661 1759 802 1800; x_wconf 83' lang='lat' dir='ltr'><strong>vero</strong></span> <span class='ocrx_word' id='word_1_173' title='bbox 837 1739 898 1798; x_wconf 89' lang='lat' dir='ltr'><strong>in</strong></span> <span class='ocrx_word' id='word_1_174' title='bbox 925 1761 1052 1818; x_wconf 83' lang='lat' dir='ltr'><strong>cap.</strong></span> <span class='ocrx_word' id='word_1_175' title='bbox 1081 1743 1137 1800; x_wconf 89' lang='lat'><strong>8.</strong></span> <span class='ocrx_word' id='word_1_176' title='bbox 1186 1741 1278 1801; x_wconf 85' lang='lat' dir='ltr'><strong>“J</strong></span> <span class='ocrx_word' id='word_1_177' title='bbox 1281 1742 1432 1801; x_wconf 87' lang='lat' dir='ltr'><strong>udic.</strong></span> <span class='ocrx_word' id='word_1_178' title='bbox 1483 1743 1671 1818; x_wconf 86' lang='lat' dir='ltr'><strong>Quam</strong></span> <span class='ocrx_word' id='word_1_179' title='bbox 1712 1743 1895 1802; x_wconf 88' lang='lat' dir='ltr'><strong>multa</strong></span> <span class='ocrx_word' id='word_1_180' title='bbox 1934 1741 2307 1800; x_wconf 88' lang='lat' dir='ltr'><strong>instituerunt</strong></span> <span class='ocrx_word' id='word_1_181' title='bbox 2346 1743 2533 1802; x_wconf 87' lang='lat' dir='ltr'><strong>sancti</strong></span> <span class='ocrx_word' id='word_1_182' title='bbox 2558 1743 2711 1802; x_wconf 88' lang='lat' dir='ltr'><strong>bona</strong></span> 
     </span>
     <span class='ocr_line' id='line_1_19' title="bbox 294 1821 2709 1899; baseline 0.001 -19"><span class='ocrx_word' id='word_1_183' title='bbox 294 1821 631 1896; x_wconf 86' lang='lat' dir='ltr'><strong>intentione,</strong></span> <span class='ocrx_word' id='word_1_184' title='bbox 655 1839 788 1898; x_wconf 81' lang='lat' dir='ltr'><strong>quse</strong></span> <span class='ocrx_word' id='word_1_185' title='bbox 806 1829 1000 1880; x_wconf 87' lang='lat' dir='ltr'><strong>tamen</strong></span> <span class='ocrx_word' id='word_1_186' title='bbox 1021 1839 1176 1880; x_wconf 86' lang='lat' dir='ltr'><strong>nunc</strong></span> <span class='ocrx_word' id='word_1_187' title='bbox 1202 1821 1471 1882; x_wconf 80' lang='lat' dir='ltr'><strong>videmus</strong></span> <span class='ocrx_word' id='word_1_188' title='bbox 1498 1823 1707 1899; x_wconf 89' lang='lat' dir='ltr'><strong>partim</strong></span> <span class='ocrx_word' id='word_1_189' title='bbox 1734 1822 1795 1880; x_wconf 91' lang='lat' dir='ltr'><strong>in</strong></span> <span class='ocrx_word' id='word_1_190' title='bbox 1823 1822 2085 1897; x_wconf 84' lang='lat' dir='ltr'><strong>abusum,</strong></span> <span class='ocrx_word' id='word_1_191' title='bbox 2108 1822 2317 1899; x_wconf 85' lang='lat' dir='ltr'><strong>partim</strong></span> <span class='ocrx_word' id='word_1_192' title='bbox 2347 1822 2405 1880; x_wconf 89' lang='lat' dir='ltr'><strong>in</strong></span> <span class='ocrx_word' id='word_1_193' title='bbox 2436 1823 2709 1899; x_wconf 88' lang='lat' dir='ltr'><strong>supersti-</strong></span> 
     </span>
     <span class='ocr_line' id='line_1_20' title="bbox 295 1899 2709 1978; baseline 0 -18"><span class='ocrx_word' id='word_1_194' title='bbox 295 1900 514 1960; x_wconf 86' lang='lat' dir='ltr'><strong>tionem</strong></span> <span class='ocrx_word' id='word_1_195' title='bbox 540 1901 748 1960; x_wconf 77' lang='lat' dir='ltr'><strong>versa!</strong></span> <span class='ocrx_word' id='word_1_196' title='bbox 792 1899 1080 1977; x_wconf 85' lang='lat' dir='ltr'><strong>Exemplo</strong></span> <span class='ocrx_word' id='word_1_197' title='bbox 1119 1909 1256 1960; x_wconf 87' lang='lat' dir='ltr'><strong>sunt</strong></span> <span class='ocrx_word' id='word_1_198' title='bbox 1285 1901 1478 1976; x_wconf 85' lang='lat' dir='ltr'><strong>Festa,</strong></span> <span class='ocrx_word' id='word_1_199' title='bbox 1500 1901 1887 1976; x_wconf 80' lang='lat' dir='ltr'><strong>Caeremonise,</strong></span> <span class='ocrx_word' id='word_1_200' title='bbox 1910 1901 2221 1978; x_wconf 85' lang='lat' dir='ltr'><strong>Imagines,</strong></span> <span class='ocrx_word' id='word_1_201' title='bbox 2249 1902 2450 1977; x_wconf 84' lang='lat' dir='ltr'><strong>Missa,</strong></span> <span class='ocrx_word' id='word_1_202' title='bbox 2474 1902 2709 1961; x_wconf 79' lang='lat' dir='ltr'><strong>Monae-</strong></span> 
     </span>
     <span class='ocr_line' id='line_1_21' title="bbox 291 1978 2715 2057; baseline 0 -18"><span class='ocrx_word' id='word_1_203' title='bbox 291 1979 470 2040; x_wconf 84' lang='lat' dir='ltr'><strong>teria:</strong></span> <span class='ocrx_word' id='word_1_204' title='bbox 501 1978 650 2043; x_wconf 86' lang='lat' dir='ltr'><strong>nihil</strong></span> <span class='ocrx_word' id='word_1_205' title='bbox 674 1979 882 2038; x_wconf 90' lang='lat' dir='ltr'><strong>horum</strong></span> <span class='ocrx_word' id='word_1_206' title='bbox 903 1999 973 2038; x_wconf 92' lang='lat' dir='ltr'><strong>ea</strong></span> <span class='ocrx_word' id='word_1_207' title='bbox 991 1979 1308 2039; x_wconf 85' lang='lat' dir='ltr'><strong>intentione</strong></span> <span class='ocrx_word' id='word_1_208' title='bbox 1337 1980 1667 2042; x_wconf 86' lang='lat' dir='ltr'><strong>institutum</strong></span> <span class='ocrx_word' id='word_1_209' title='bbox 1688 1980 1797 2040; x_wconf 88' lang='lat' dir='ltr'><strong>fuit</strong></span> <span class='ocrx_word' id='word_1_210' title='bbox 1817 2001 1933 2057; x_wconf 88' lang='lat' dir='ltr'><strong>qua</strong></span> <span class='ocrx_word' id='word_1_211' title='bbox 1948 1999 2102 2040; x_wconf 88' lang='lat' dir='ltr'><strong>nunc</strong></span> <span class='ocrx_word' id='word_1_212' title='bbox 2118 1981 2418 2057; x_wconf 88' lang='lat' dir='ltr'><strong>habentur,</strong></span> <span class='ocrx_word' id='word_1_213' title='bbox 2440 1989 2499 2040; x_wconf 86' lang='lat' dir='ltr'><strong>et</strong></span> <span class='ocrx_word' id='word_1_214' title='bbox 2518 1989 2715 2040; x_wconf 86' lang='lat' dir='ltr'><strong>tamen</strong></span> 
     </span>
     <span class='ocr_line' id='line_1_22' title="bbox 299 2057 2707 2138; baseline 0 -19"><span class='ocrx_word' id='word_1_215' title='bbox 299 2058 608 2119; x_wconf 84' lang='lat' dir='ltr'><strong>Gedeones</strong></span> <span class='ocrx_word' id='word_1_216' title='bbox 635 2057 818 2118; x_wconf 87' lang='lat' dir='ltr'><strong>nostri</strong></span> <span class='ocrx_word' id='word_1_217' title='bbox 859 2067 1069 2135; x_wconf 87' lang='lat' dir='ltr'><strong>tacent,</strong></span> <span class='ocrx_word' id='word_1_218' title='bbox 1099 2078 1216 2118; x_wconf 88' lang='lat' dir='ltr'><strong>non</strong></span> <span class='ocrx_word' id='word_1_219' title='bbox 1245 2059 1478 2120; x_wconf 88' lang='lat' dir='ltr'><strong>abolent</strong></span> <span class='ocrx_word' id='word_1_220' title='bbox 1505 2061 1739 2134; x_wconf 86' lang='lat' dir='ltr'><strong>abusus,</strong></span> <span class='ocrx_word' id='word_1_221' title='bbox 1770 2079 1888 2119; x_wconf 87' lang='lat' dir='ltr'><strong>non</strong></span> <span class='ocrx_word' id='word_1_222' title='bbox 1914 2059 2183 2120; x_wconf 85' lang='lat' dir='ltr'><strong>auferunt</strong></span> <span class='ocrx_word' id='word_1_223' title='bbox 2212 2061 2707 2138; x_wconf 86' lang='lat' dir='ltr'><strong>superstitiones‚”</strong></span> 
     </span>
     <span class='ocr_line' id='line_1_23' title="bbox 299 2137 2713 2218; baseline 0 -21"><span class='ocrx_word' id='word_1_224' title='bbox 299 2137 410 2197; x_wconf 80' lang='lat' dir='ltr'><strong>&amp;c.</strong></span> <span class='ocrx_word' id='word_1_225' title='bbox 491 2137 636 2198; x_wconf 84' lang='lat' dir='ltr'><strong>Cum</strong></span> <span class='ocrx_word' id='word_1_226' title='bbox 659 2157 800 2196; x_wconf 85' lang='lat' dir='ltr'><strong>vero</strong></span> <span class='ocrx_word' id='word_1_227' title='bbox 829 2157 906 2196; x_wconf 82' lang='lat' dir='ltr'><strong>ex</strong></span> <span class='ocrx_word' id='word_1_228' title='bbox 945 2137 1122 2214; x_wconf 89' lang='lat' dir='ltr'><strong>hisce,</strong></span> <span class='ocrx_word' id='word_1_229' title='bbox 1153 2146 1221 2198; x_wconf 90' lang='lat' dir='ltr'><strong>ut</strong></span> <span class='ocrx_word' id='word_1_230' title='bbox 1257 2138 1560 2198; x_wconf 87' lang='lat' dir='ltr'><strong>innumera</strong></span> <span class='ocrx_word' id='word_1_231' title='bbox 1597 2140 1714 2198; x_wconf 85' lang='lat' dir='ltr'><strong>alia</strong></span> <span class='ocrx_word' id='word_1_232' title='bbox 1741 2140 2073 2200; x_wconf 83' lang='lat' dir='ltr'><strong>omittamus</strong></span> <span class='ocrx_word' id='word_1_233' title='bbox 2100 2139 2269 2200; x_wconf 90' lang='lat' dir='ltr'><strong>istius</strong></span> <span class='ocrx_word' id='word_1_234' title='bbox 2295 2141 2541 2216; x_wconf 86' lang='lat' dir='ltr'><strong>generis,</strong></span> <span class='ocrx_word' id='word_1_235' title='bbox 2572 2141 2713 2218; x_wconf 88' lang='lat' dir='ltr'><strong>ipsis</strong></span> 
     </span>
     <span class='ocr_line' id='line_1_24' title="bbox 295 2215 2715 2296; baseline 0 -19"><span class='ocrx_word' id='word_1_236' title='bbox 295 2215 642 2278; x_wconf 82' lang='lat' dir='ltr'><strong>adversariis</strong></span> <span class='ocrx_word' id='word_1_237' title='bbox 669 2216 932 2292; x_wconf 87' lang='lat' dir='ltr'><strong>testibus,</strong></span> <span class='ocrx_word' id='word_1_238' title='bbox 965 2218 1106 2277; x_wconf 87' lang='lat' dir='ltr'><strong>satis</strong></span> <span class='ocrx_word' id='word_1_239' title='bbox 1133 2226 1360 2278; x_wconf 87' lang='lat' dir='ltr'><strong>constet</strong></span> <span class='ocrx_word' id='word_1_240' title='bbox 1385 2219 1580 2278; x_wconf 84' lang='lat' dir='ltr'><strong>varios</strong></span> <span class='ocrx_word' id='word_1_241' title='bbox 1615 2219 1832 2278; x_wconf 87' lang='lat' dir='ltr'><strong>abusus</strong></span> <span class='ocrx_word' id='word_1_242' title='bbox 1872 2227 1932 2278; x_wconf 90' lang='lat' dir='ltr'><strong>et</strong></span> <span class='ocrx_word' id='word_1_243' title='bbox 1958 2218 2311 2296; x_wconf 85' lang='lat' dir='ltr'><strong>corruptelas</strong></span> <span class='ocrx_word' id='word_1_244' title='bbox 2340 2229 2399 2278; x_wconf 90' lang='lat' dir='ltr'><strong>et</strong></span> <span class='ocrx_word' id='word_1_245' title='bbox 2426 2219 2487 2276; x_wconf 88' lang='lat' dir='ltr'><strong>in</strong></span> <span class='ocrx_word' id='word_1_246' title='bbox 2511 2219 2627 2278; x_wconf 90' lang='lat' dir='ltr'><strong>fide</strong></span> <span class='ocrx_word' id='word_1_247' title='bbox 2654 2227 2715 2278; x_wconf 91' lang='lat' dir='ltr'><strong>et</strong></span> 
     </span>
     <span class='ocr_line' id='line_1_25' title="bbox 295 2296 2715 2376; baseline 0 -21"><span class='ocrx_word' id='word_1_248' title='bbox 295 2297 551 2358; x_wconf 86' lang='lat' dir='ltr'><strong>moribus</strong></span> <span class='ocrx_word' id='word_1_249' title='bbox 597 2298 660 2354; x_wconf 88' lang='lat' dir='ltr'><strong>in</strong></span> <span class='ocrx_word' id='word_1_250' title='bbox 688 2296 1011 2356; x_wconf 87' lang='lat' dir='ltr'><strong>Ecclesiam</strong></span> <span class='ocrx_word' id='word_1_251' title='bbox 1039 2297 1358 2356; x_wconf 87' lang='lat' dir='ltr'><strong>Romanam</strong></span> <span class='ocrx_word' id='word_1_252' title='bbox 1406 2297 1722 2376; x_wconf 87' lang='lat' dir='ltr'><strong>irrepsisse,</strong></span> <span class='ocrx_word' id='word_1_253' title='bbox 1752 2318 1883 2376; x_wconf 82' lang='lat' dir='ltr'><strong>quse</strong></span> <span class='ocrx_word' id='word_1_254' title='bbox 1912 2305 2127 2358; x_wconf 86' lang='lat' dir='ltr'><strong>statum</strong></span> <span class='ocrx_word' id='word_1_255' title='bbox 2155 2299 2283 2375; x_wconf 86' lang='lat' dir='ltr'><strong>ejus</strong></span> <span class='ocrx_word' id='word_1_256' title='bbox 2310 2305 2369 2356; x_wconf 90' lang='lat' dir='ltr'><strong>et</strong></span> <span class='ocrx_word' id='word_1_257' title='bbox 2407 2298 2715 2374; x_wconf 88' lang='lat' dir='ltr'><strong>puritatem</strong></span> 
     </span>
     <span class='ocr_line' id='line_1_26' title="bbox 297 2375 2717 2454; baseline 0 -18"><span class='ocrx_word' id='word_1_258' title='bbox 297 2376 699 2451; x_wconf 81' lang='lat' dir='ltr'><strong>deformarent,</strong></span> <span class='ocrx_word' id='word_1_259' title='bbox 741 2375 912 2436; x_wconf 85' lang='lat' dir='ltr'><strong>facile</strong></span> <span class='ocrx_word' id='word_1_260' title='bbox 951 2384 1042 2436; x_wconf 88' lang='lat' dir='ltr'><strong>est</strong></span> <span class='ocrx_word' id='word_1_261' title='bbox 1083 2377 1372 2454; x_wconf 86' lang='lat' dir='ltr'><strong>colligere,</strong></span> <span class='ocrx_word' id='word_1_262' title='bbox 1415 2397 1590 2454; x_wconf 87' lang='lat' dir='ltr'><strong>quam</strong></span> <span class='ocrx_word' id='word_1_263' title='bbox 1630 2399 1748 2437; x_wconf 88' lang='lat' dir='ltr'><strong>non</strong></span> <span class='ocrx_word' id='word_1_264' title='bbox 1788 2387 2019 2452; x_wconf 87' lang='lat' dir='ltr'><strong>temere,</strong></span> <span class='ocrx_word' id='word_1_265' title='bbox 2050 2385 2109 2436; x_wconf 91' lang='lat' dir='ltr'><strong>et</strong></span> <span class='ocrx_word' id='word_1_266' title='bbox 2138 2377 2260 2435; x_wconf 89' lang='lat' dir='ltr'><strong>sine</strong></span> <span class='ocrx_word' id='word_1_267' title='bbox 2302 2377 2471 2453; x_wconf 86' lang='lat' dir='ltr'><strong>gravi</strong></span> <span class='ocrx_word' id='word_1_268' title='bbox 2496 2377 2717 2437; x_wconf 85' lang='lat' dir='ltr'><strong>ratione</strong></span> 
     </span>
     <span class='ocr_line' id='line_1_27' title="bbox 297 2454 2715 2535; baseline 0 -19"><span class='ocrx_word' id='word_1_269' title='bbox 297 2457 554 2534; x_wconf 82' lang='lat' dir='ltr'><strong>Majores</strong></span> <span class='ocrx_word' id='word_1_270' title='bbox 579 2454 764 2516; x_wconf 88' lang='lat' dir='ltr'><strong>nostri</strong></span> <span class='ocrx_word' id='word_1_271' title='bbox 784 2475 930 2532; x_wconf 88' lang='lat' dir='ltr'><strong>opus</strong></span> <span class='ocrx_word' id='word_1_272' title='bbox 956 2454 1066 2516; x_wconf 89' lang='lat' dir='ltr'><strong>hoc</strong></span> <span class='ocrx_word' id='word_1_273' title='bbox 1090 2455 1536 2516; x_wconf 84' lang='lat' dir='ltr'><strong>Reformationis</strong></span> <span class='ocrx_word' id='word_1_274' title='bbox 1557 2457 1928 2535; x_wconf 87' lang='lat' dir='ltr'><strong>susceperint,</strong></span> <span class='ocrx_word' id='word_1_275' title='bbox 1960 2465 2017 2516; x_wconf 86' lang='lat' dir='ltr'><strong>et</strong></span> <span class='ocrx_word' id='word_1_276' title='bbox 2045 2456 2121 2514; x_wconf 85' lang='lat' dir='ltr'><strong>ad</strong></span> <span class='ocrx_word' id='word_1_277' title='bbox 2140 2457 2297 2516; x_wconf 85' lang='lat' dir='ltr'><strong>istud</strong></span> <span class='ocrx_word' id='word_1_278' title='bbox 2323 2455 2715 2534; x_wconf 86' lang='lat' dir='ltr'><strong>peragendum</strong></span> 
     </span>
     <span class='ocr_line' id='line_1_28' title="bbox 298 2534 1642 2598; baseline 0 -2"><span class='ocrx_word' id='word_1_279' title='bbox 298 2535 680 2598; x_wconf 83' lang='lat' dir='ltr'><strong>secessionem</strong></span> <span class='ocrx_word' id='word_1_280' title='bbox 707 2534 822 2594; x_wconf 88' lang='lat' dir='ltr'><strong>sibi</strong></span> <span class='ocrx_word' id='word_1_281' title='bbox 847 2534 1168 2594; x_wconf 85' lang='lat' dir='ltr'><strong>faciendam</strong></span> <span class='ocrx_word' id='word_1_282' title='bbox 1197 2555 1323 2596; x_wconf 89' lang='lat' dir='ltr'><strong>esse</strong></span> <span class='ocrx_word' id='word_1_283' title='bbox 1351 2536 1642 2596; x_wconf 80' lang='lat' dir='ltr'><strong>duxerint.</strong></span> 
     </span>
    </p>

    <p class='ocr_par' dir='ltr' id='par_1_3' title="bbox 284 2614 2740 4682">
     <span class='ocr_line' id='line_1_29' title="bbox 379 2614 2709 2692; baseline 0 -18"><span class='ocrx_word' id='word_1_284' title='bbox 379 2615 642 2674; x_wconf 86' lang='lat' dir='ltr'>XXIX.</span> <span class='ocrx_word' id='word_1_285' title='bbox 687 2614 994 2692; x_wconf 87' lang='lat' dir='ltr'><strong>Reponent</strong></span> <span class='ocrx_word' id='word_1_286' title='bbox 1039 2615 1136 2674; x_wconf 88' lang='lat' dir='ltr'><strong>hic</strong></span> <span class='ocrx_word' id='word_1_287' title='bbox 1162 2614 1357 2676; x_wconf 85' lang='lat' dir='ltr'><strong>forsan</strong></span> <span class='ocrx_word' id='word_1_288' title='bbox 1399 2615 1734 2692; x_wconf 81' lang='lat' dir='ltr'><strong>adversarii,</strong></span> <span class='ocrx_word' id='word_1_289' title='bbox 1786 2616 2059 2684; x_wconf 58' lang='lat' dir='ltr'><strong>Quamvis</strong></span> <span class='ocrx_word' id='word_1_290' title='bbox 2094 2615 2334 2674; x_wconf 75' lang='lat' dir='ltr'><strong>daretur</strong></span> <span class='ocrx_word' id='word_1_291' title='bbox 2380 2625 2709 2692; x_wconf 75' lang='lat' dir='ltr'><strong>corruptam</strong></span> 
     </span>
     <span class='ocr_line' id='line_1_30' title="bbox 284 2693 2717 2772; baseline 0 -18"><span class='ocrx_word' id='word_1_292' title='bbox 284 2697 468 2770; x_wconf 56' lang='lat' dir='ltr'><strong>finisse</strong></span> <span class='ocrx_word' id='word_1_293' title='bbox 496 2693 812 2756; x_wconf 72' lang='lat' dir='ltr'><strong>Ecclesiam</strong></span> <span class='ocrx_word' id='word_1_294' title='bbox 854 2695 1236 2771; x_wconf 75' lang='lat' dir='ltr'><strong>diversimode,</strong></span> <span class='ocrx_word' id='word_1_295' title='bbox 1279 2715 1394 2754; x_wconf 78' lang='lat' dir='ltr'><strong>non</strong></span> <span class='ocrx_word' id='word_1_296' title='bbox 1431 2705 1616 2756; x_wconf 77' lang='lat' dir='ltr'><strong>tamen</strong></span> <span class='ocrx_word' id='word_1_297' title='bbox 1627 2705 1941 2772; x_wconf 77' lang='lat' dir='ltr'><strong>propterea</strong></span> <span class='ocrx_word' id='word_1_298' title='bbox 1964 2699 2143 2756; x_wconf 79' lang='lat' dir='ltr'><strong>locum</strong></span> <span class='ocrx_word' id='word_1_299' title='bbox 2155 2695 2519 2772; x_wconf 46' lang='lat' dir='ltr'><strong>finisse-iusta</strong></span> <span class='ocrx_word' id='word_1_300' title='bbox 2544 2715 2717 2755; x_wconf 82' lang='lat' dir='ltr'><strong>seces·</strong></span> 
     </span>
     <span class='ocr_line' id='line_1_31' title="bbox 298 2773 2717 2852; baseline -0.001 -16"><span class='ocrx_word' id='word_1_301' title='bbox 298 2775 446 2836; x_wconf 72' lang='lat' dir='ltr'><strong>simu·</strong></span> <span class='ocrx_word' id='word_1_302' title='bbox 461 2797 488 2848; x_wconf 89' lang='lat'><em>;</em></span> <span class='ocrx_word' id='word_1_303' title='bbox 513 2775 836 2834; x_wconf 80' lang='lat' dir='ltr'><strong>sanandam</strong></span> <span class='ocrx_word' id='word_1_304' title='bbox 845 2773 1028 2848; x_wconf 73' lang='lat' dir='ltr'><strong>ficis-se</strong></span> <span class='ocrx_word' id='word_1_305' title='bbox 1065 2783 1119 2834; x_wconf 79' lang='lat' dir='ltr'><strong>et</strong></span> <span class='ocrx_word' id='word_1_306' title='bbox 1137 2775 1548 2852; x_wconf 66' lang='lat' dir='ltr'><strong>cowiqendam,</strong></span> <span class='ocrx_word' id='word_1_307' title='bbox 1578 2797 1692 2834; x_wconf 78' lang='lat' dir='ltr'><strong>non</strong></span> <span class='ocrx_word' id='word_1_308' title='bbox 1712 2796 1845 2836; x_wconf 83' lang='lat' dir='ltr'><strong>vero</strong></span> <span class='ocrx_word' id='word_1_309' title='bbox 1873 2777 2256 2848; x_wconf 77' lang='lat' dir='ltr'><strong>deserendam,</strong></span> <span class='ocrx_word' id='word_1_310' title='bbox 2287 2795 2400 2834; x_wconf 83' lang='lat' dir='ltr'><strong>non</strong></span> <span class='ocrx_word' id='word_1_311' title='bbox 2427 2777 2717 2834; x_wconf 80' lang='lat' dir='ltr'><strong>denudan-</strong></span> 
     </span>
     <span class='ocr_line' id='line_1_32' title="bbox 301 2853 2719 2931; baseline -0.001 -17"><span class='ocrx_word' id='word_1_312' title='bbox 301 2853 622 2929; x_wconf 76' lang='lat' dir='ltr'><strong>damfm&#39;sse</strong></span> <span class='ocrx_word' id='word_1_313' title='bbox 649 2853 1046 2930; x_wconf 72' lang='lat' dir='ltr'><strong>turpitudinem</strong></span> <span class='ocrx_word' id='word_1_314' title='bbox 1071 2854 1286 2928; x_wconf 51' lang='lat' dir='ltr'><strong>matria</strong></span> <span class='ocrx_word' id='word_1_315' title='bbox 1335 2855 1389 2912; x_wconf 76' lang='lat' dir='ltr'><strong>si</strong></span> <span class='ocrx_word' id='word_1_316' title='bbox 1411 2874 1537 2930; x_wconf 77' lang='lat' dir='ltr'><strong>quoe</strong></span> <span class='ocrx_word' id='word_1_317' title='bbox 1549 2856 1683 2930; x_wconf 68' lang='lat' dir='ltr'><strong>fiait,</strong></span> <span class='ocrx_word' id='word_1_318' title='bbox 1712 2857 1815 2914; x_wconf 81' lang='lat' dir='ltr'><strong>sed</strong></span> <span class='ocrx_word' id='word_1_319' title='bbox 1827 2875 1945 2931; x_wconf 82' lang='lat' dir='ltr'><strong>pro</strong></span> <span class='ocrx_word' id='word_1_320' title='bbox 1986 2855 2143 2914; x_wconf 73' lang='lat' dir='ltr'><strong>virili</strong></span> <span class='ocrx_word' id='word_1_321' title='bbox 2184 2855 2560 2929; x_wconf 74' lang='lat' dir='ltr'><strong>obteqendam·</strong></span> <span class='ocrx_word' id='word_1_322' title='bbox 2604 2855 2719 2912; x_wconf 79' lang='lat' dir='ltr'><strong>Re-</strong></span> 
     </span>
     <span class='ocr_line' id='line_1_33' title="bbox 289 2932 2717 3010; baseline -0.002 -16"><span class='ocrx_word' id='word_1_323' title='bbox 289 2933 702 3010; x_wconf 67' lang='lat' dir='ltr'><strong>formaa’onsm</strong></span> <span class='ocrx_word' id='word_1_324' title='bbox 727 2933 950 3010; x_wconf 77' lang='lat' dir='ltr'><strong>quidem</strong></span> <span class='ocrx_word' id='word_1_325' title='bbox 985 2934 1355 2992; x_wconf 73' lang='lat' dir='ltr'><strong>necessariam</strong></span> <span class='ocrx_word' id='word_1_326' title='bbox 1368 2934 1552 3009; x_wconf 65' lang='lat' dir='ltr'><strong>fiaisse</strong></span> <span class='ocrx_word' id='word_1_327' title='bbox 1579 2943 1635 2993; x_wconf 80' lang='lat' dir='ltr'><strong>ct</strong></span> <span class='ocrx_word' id='word_1_328' title='bbox 1674 2935 1923 3009; x_wconf 78' lang='lat' dir='ltr'><strong>potuisse</strong></span> <span class='ocrx_word' id='word_1_329' title='bbox 1958 2933 2261 3009; x_wconf 63' lang='lat' dir='ltr'><strong>postulari,</strong></span> <span class='ocrx_word' id='word_1_330' title='bbox 2304 2934 2407 2990; x_wconf 82' lang='lat' dir='ltr'><strong>sed</strong></span> <span class='ocrx_word' id='word_1_331' title='bbox 2429 2934 2503 2990; x_wconf 83' lang='lat' dir='ltr'><strong>ab</strong></span> <span class='ocrx_word' id='word_1_332' title='bbox 2528 2932 2599 2988; x_wconf 80' lang='lat' dir='ltr'><strong>iis</strong></span> <span class='ocrx_word' id='word_1_333' title='bbox 2618 2951 2717 2990; x_wconf 70' lang='grc' dir='ltr'><strong>εω-</strong></span> 
     </span>
     <span class='ocr_line' id='line_1_34' title="bbox 294 3010 2717 3092; baseline -0.002 -17"><span class='ocrx_word' id='word_1_334' title='bbox 294 3015 640 3092; x_wconf 70' lang='lat' dir='ltr'><strong>poctandam</strong></span> <span class='ocrx_word' id='word_1_335' title='bbox 649 3013 851 3088; x_wconf 69' lang='lat' dir='ltr'><strong>ficisset,</strong></span> <span class='ocrx_word' id='word_1_336' title='bbox 887 3032 1063 3089; x_wconf 79' lang='lat' dir='ltr'><strong>penes</strong></span> <span class='ocrx_word' id='word_1_337' title='bbox 1107 3031 1245 3089; x_wconf 79' lang='lat' dir='ltr'><strong>quos</strong></span> <span class='ocrx_word' id='word_1_338' title='bbox 1257 3015 1358 3088; x_wconf 83' lang='lat' dir='ltr'><strong>jus</strong></span> <span class='ocrx_word' id='word_1_339' title='bbox 1395 3023 1448 3071; x_wconf 82' lang='lat' dir='ltr'><strong>ct</strong></span> <span class='ocrx_word' id='word_1_340' title='bbox 1463 3021 1717 3089; x_wconf 79' lang='lat' dir='ltr'><strong>potestas</strong></span> <span class='ocrx_word' id='word_1_341' title='bbox 1744 3021 1872 3070; x_wconf 80' lang='lat' dir='ltr'><strong>crat</strong></span> <span class='ocrx_word' id='word_1_342' title='bbox 1914 3010 2286 3084; x_wconf 69' lang='lat' dir='ltr'><strong>reformandi,</strong></span> <span class='ocrx_word' id='word_1_343' title='bbox 2309 3030 2423 3068; x_wconf 77' lang='lat' dir='ltr'><strong>non</strong></span> <span class='ocrx_word' id='word_1_344' title='bbox 2450 3019 2653 3068; x_wconf 78' lang='lat' dir='ltr'><strong>temere</strong></span> <span class='ocrx_word' id='word_1_345' title='bbox 2678 3031 2717 3069; x_wconf 91' lang='lat' dir='ltr'><strong>a</strong></span> 
     </span>
     <span class='ocr_line' id='line_1_35' title="bbox 305 3084 2721 3171; baseline -0.002 -19"><span class='ocrx_word' id='word_1_346' title='bbox 305 3093 499 3171; x_wconf 71' lang='lat' dir='ltr'><strong>quovis</strong></span> <span class='ocrx_word' id='word_1_347' title='bbox 525 3091 950 3168; x_wconf 71' lang='lat' dir='ltr'><strong>suscipiendam.</strong></span> <span class='ocrx_word' id='word_1_348' title='bbox 975 3092 1050 3151; x_wconf 86' lang='lat' dir='ltr'><strong>R.</strong></span> <span class='ocrx_word' id='word_1_349' title='bbox 1085 3090 1205 3152; x_wconf 85' lang='lat' dir='ltr'><strong>Sed</strong></span> <span class='ocrx_word' id='word_1_350' title='bbox 1229 3091 1388 3150; x_wconf 86' lang='lat' dir='ltr'><strong>facili</strong></span> <span class='ocrx_word' id='word_1_351' title='bbox 1413 3090 1648 3168; x_wconf 89' lang='lat' dir='ltr'><strong>negotio</strong></span> <span class='ocrx_word' id='word_1_352' title='bbox 1676 3091 1807 3165; x_wconf 90' lang='lat' dir='ltr'><strong>hoc,</strong></span> <span class='ocrx_word' id='word_1_353' title='bbox 1838 3084 2117 3166; x_wconf 88' lang='lat' dir='ltr'><strong>quicquid</strong></span> <span class='ocrx_word' id='word_1_354' title='bbox 2136 3097 2227 3148; x_wconf 88' lang='lat' dir='ltr'><strong>est</strong></span> <span class='ocrx_word' id='word_1_355' title='bbox 2246 3087 2549 3164; x_wconf 80' lang='lat' dir='ltr'><strong>ratiocinii,</strong></span> <span class='ocrx_word' id='word_1_356' title='bbox 2570 3089 2721 3148; x_wconf 82' lang='lat' dir='ltr'><strong>solvi</strong></span> 
     </span>
     <span class='ocr_line' id='line_1_36' title="bbox 304 3169 2721 3250; baseline -0.002 -18"><span class='ocrx_word' id='word_1_357' title='bbox 304 3180 517 3250; x_wconf 86' lang='lat' dir='ltr'><strong>potest.</strong></span> <span class='ocrx_word' id='word_1_358' title='bbox 548 3175 603 3230; x_wconf 91' lang='lat'><strong>1.</strong></span> <span class='ocrx_word' id='word_1_359' title='bbox 633 3172 846 3232; x_wconf 84' lang='lat' dir='ltr'><strong>Fateor</strong></span> <span class='ocrx_word' id='word_1_360' title='bbox 885 3171 1096 3232; x_wconf 89' lang='lat' dir='ltr'><strong>lubens</strong></span> <span class='ocrx_word' id='word_1_361' title='bbox 1123 3178 1184 3230; x_wconf 87' lang='lat' dir='ltr'><strong>et</strong></span> <span class='ocrx_word' id='word_1_362' title='bbox 1209 3169 1481 3247; x_wconf 82' lang='lat' dir='ltr'><strong>concede,</strong></span> <span class='ocrx_word' id='word_1_363' title='bbox 1510 3188 1631 3231; x_wconf 89' lang='lat' dir='ltr'><strong>non</strong></span> <span class='ocrx_word' id='word_1_364' title='bbox 1673 3169 1869 3230; x_wconf 86' lang='lat' dir='ltr'><strong>statim</strong></span> <span class='ocrx_word' id='word_1_365' title='bbox 1910 3174 2142 3247; x_wconf 87' lang='lat' dir='ltr'><strong>propter</strong></span> <span class='ocrx_word' id='word_1_366' title='bbox 2182 3169 2449 3246; x_wconf 84' lang='lat' dir='ltr'><strong>quamvis</strong></span> <span class='ocrx_word' id='word_1_367' title='bbox 2490 3189 2721 3247; x_wconf 83' lang='lat' dir='ltr'><strong>con-up-</strong></span> 
     </span>
     <span class='ocr_line' id='line_1_37' title="bbox 303 3247 2725 3328; baseline -0.002 -13"><span class='ocrx_word' id='word_1_368' title='bbox 303 3251 522 3315; x_wconf 80' lang='lat' dir='ltr'><strong>tionem</strong></span> <span class='ocrx_word' id='word_1_369' title='bbox 538 3259 597 3312; x_wconf 91' lang='lat' dir='ltr'><strong>et</strong></span> <span class='ocrx_word' id='word_1_370' title='bbox 623 3251 1028 3328; x_wconf 80' lang='lat' dir='ltr'><strong>oegritudinem</strong></span> <span class='ocrx_word' id='word_1_371' title='bbox 1055 3248 1432 3311; x_wconf 84' lang='lat' dir='ltr'><strong>deserendam</strong></span> <span class='ocrx_word' id='word_1_372' title='bbox 1459 3269 1586 3310; x_wconf 87' lang='lat' dir='ltr'><strong>esse</strong></span> <span class='ocrx_word' id='word_1_373' title='bbox 1633 3249 1957 3310; x_wconf 88' lang='lat' dir='ltr'><strong>Ecclesiam</strong></span> <span class='ocrx_word' id='word_1_374' title='bbox 1981 3270 1997 3325; x_wconf 87' lang='lat'>;</span> <span class='ocrx_word' id='word_1_375' title='bbox 2040 3247 2439 3327; x_wconf 84' lang='lat' dir='ltr'><strong>corrigendam</strong></span> <span class='ocrx_word' id='word_1_376' title='bbox 2488 3269 2633 3326; x_wconf 89' lang='lat' dir='ltr'><strong>esse,</strong></span> <span class='ocrx_word' id='word_1_377' title='bbox 2665 3260 2725 3310; x_wconf 92' lang='lat' dir='ltr'><strong>et</strong></span> 
     </span>
     <span class='ocr_line' id='line_1_38' title="bbox 306 3327 2724 3409; baseline -0 -19"><span class='ocrx_word' id='word_1_378' title='bbox 306 3331 514 3394; x_wconf 90' lang='lat' dir='ltr'><strong>mediis</strong></span> <span class='ocrx_word' id='word_1_379' title='bbox 534 3330 830 3409; x_wconf 86' lang='lat' dir='ltr'><strong>appositis,</strong></span> <span class='ocrx_word' id='word_1_380' title='bbox 859 3330 912 3390; x_wconf 90' lang='lat' dir='ltr'><strong>si</strong></span> <span class='ocrx_word' id='word_1_381' title='bbox 937 3339 1090 3409; x_wconf 90' lang='lat' dir='ltr'><strong>pote,</strong></span> <span class='ocrx_word' id='word_1_382' title='bbox 1121 3327 1452 3392; x_wconf 85' lang='lat' dir='ltr'><strong>curandam.</strong></span> <span class='ocrx_word' id='word_1_383' title='bbox 1540 3329 1660 3390; x_wconf 88' lang='lat' dir='ltr'><strong>Sed</strong></span> <span class='ocrx_word' id='word_1_384' title='bbox 1674 3329 1777 3390; x_wconf 90' lang='lat' dir='ltr'><strong>ubi</strong></span> <span class='ocrx_word' id='word_1_385' title='bbox 1803 3328 2019 3390; x_wconf 84' lang='lat' dir='ltr'><strong>malum</strong></span> <span class='ocrx_word' id='word_1_386' title='bbox 2046 3349 2117 3389; x_wconf 91' lang='lat' dir='ltr'><strong>eo</strong></span> <span class='ocrx_word' id='word_1_387' title='bbox 2136 3349 2321 3407; x_wconf 89' lang='lat' dir='ltr'><strong>usque</strong></span> <span class='ocrx_word' id='word_1_388' title='bbox 2348 3329 2627 3404; x_wconf 82' lang='lat' dir='ltr'><strong>excrevit,</strong></span> <span class='ocrx_word' id='word_1_389' title='bbox 2656 3338 2724 3390; x_wconf 87' lang='lat' dir='ltr'><strong>ut</strong></span> 
     </span>
     <span class='ocr_line' id='line_1_39' title="bbox 304 3408 2722 3488; baseline -0.001 -18"><span class='ocrx_word' id='word_1_390' title='bbox 304 3409 524 3473; x_wconf 82' lang='lat' dir='ltr'><strong>factum</strong></span> <span class='ocrx_word' id='word_1_391' title='bbox 551 3411 630 3470; x_wconf 88' lang='lat' dir='ltr'><strong>sit</strong></span> <span class='ocrx_word' id='word_1_392' title='bbox 655 3409 890 3488; x_wconf 83' lang='lat' dir='ltr'><strong>penitus</strong></span> <span class='ocrx_word' id='word_1_393' title='bbox 909 3409 1368 3487; x_wconf 89' lang='lat' dir='ltr'><strong>immedicabile;</strong></span> <span class='ocrx_word' id='word_1_394' title='bbox 1415 3410 1520 3470; x_wconf 89' lang='lat' dir='ltr'><strong>ubi</strong></span> <span class='ocrx_word' id='word_1_395' title='bbox 1547 3411 1739 3470; x_wconf 89' lang='lat' dir='ltr'><strong>omnis</strong></span> <span class='ocrx_word' id='word_1_396' title='bbox 1782 3429 1921 3470; x_wconf 88' lang='lat' dir='ltr'><strong>cura</strong></span> <span class='ocrx_word' id='word_1_397' title='bbox 1963 3408 2116 3486; x_wconf 80' lang='lat' dir='ltr'><strong>facta</strong></span> <span class='ocrx_word' id='word_1_398' title='bbox 2142 3417 2233 3469; x_wconf 85' lang='lat' dir='ltr'><strong>est</strong></span> <span class='ocrx_word' id='word_1_399' title='bbox 2274 3408 2483 3484; x_wconf 87' lang='lat' dir='ltr'><strong>inanis,</strong></span> <span class='ocrx_word' id='word_1_400' title='bbox 2511 3415 2571 3468; x_wconf 91' lang='lat' dir='ltr'><strong>et</strong></span> <span class='ocrx_word' id='word_1_401' title='bbox 2598 3428 2722 3468; x_wconf 90' lang='lat' dir='ltr'><strong>om-</strong></span> 
     </span>
     <span class='ocr_line' id='line_1_40' title="bbox 307 3487 2723 3568; baseline -0 -19"><span class='ocrx_word' id='word_1_402' title='bbox 307 3491 407 3550; x_wconf 90' lang='lat' dir='ltr'><strong>nia</strong></span> <span class='ocrx_word' id='word_1_403' title='bbox 433 3489 686 3550; x_wconf 87' lang='lat' dir='ltr'><strong>remedia</strong></span> <span class='ocrx_word' id='word_1_404' title='bbox 704 3489 918 3550; x_wconf 66' lang='lat' dir='ltr'><strong>flustra</strong></span> <span class='ocrx_word' id='word_1_405' title='bbox 944 3497 1166 3550; x_wconf 86' lang='lat' dir='ltr'><strong>tentata</strong></span> <span class='ocrx_word' id='word_1_406' title='bbox 1193 3495 1361 3565; x_wconf 87' lang='lat' dir='ltr'><strong>sunt;</strong></span> <span class='ocrx_word' id='word_1_407' title='bbox 1411 3490 1512 3549; x_wconf 91' lang='lat' dir='ltr'><strong>ubi</strong></span> <span class='ocrx_word' id='word_1_408' title='bbox 1533 3489 1663 3568; x_wconf 86' lang='lat' dir='ltr'><strong>ipsa</strong></span> <span class='ocrx_word' id='word_1_409' title='bbox 1692 3508 1811 3548; x_wconf 89' lang='lat' dir='ltr'><strong>non</strong></span> <span class='ocrx_word' id='word_1_410' title='bbox 1838 3487 2013 3548; x_wconf 90' lang='lat' dir='ltr'><strong>modo</strong></span> <span class='ocrx_word' id='word_1_411' title='bbox 2048 3487 2395 3548; x_wconf 83' lang='lat' dir='ltr'><strong>medicinam</strong></span> <span class='ocrx_word' id='word_1_412' title='bbox 2422 3487 2723 3548; x_wconf 88' lang='lat' dir='ltr'><strong>admittere</strong></span> 
     </span>
     <span class='ocr_line' id='line_1_41' title="bbox 304 3567 2727 3646; baseline -0.002 -16"><span class='ocrx_word' id='word_1_413' title='bbox 304 3577 552 3645; x_wconf 83' lang='lat' dir='ltr'><strong>recusat,</strong></span> <span class='ocrx_word' id='word_1_414' title='bbox 581 3569 688 3630; x_wconf 87' lang='lat' dir='ltr'><strong>sed</strong></span> <span class='ocrx_word' id='word_1_415' title='bbox 711 3577 773 3630; x_wconf 84' lang='lat' dir='ltr'><strong>et</strong></span> <span class='ocrx_word' id='word_1_416' title='bbox 797 3568 1054 3628; x_wconf 88' lang='lat' dir='ltr'><strong>medicos</strong></span> <span class='ocrx_word' id='word_1_417' title='bbox 1081 3588 1218 3630; x_wconf 89' lang='lat' dir='ltr'><strong>suos</strong></span> <span class='ocrx_word' id='word_1_418' title='bbox 1259 3568 1441 3646; x_wconf 82' lang='lat' dir='ltr'><strong>fugat,</strong></span> <span class='ocrx_word' id='word_1_419' title='bbox 1487 3577 1548 3629; x_wconf 90' lang='lat' dir='ltr'><strong>et</strong></span> <span class='ocrx_word' id='word_1_420' title='bbox 1587 3569 1741 3628; x_wconf 87' lang='lat' dir='ltr'><strong>ferro</strong></span> <span class='ocrx_word' id='word_1_421' title='bbox 1768 3587 1835 3628; x_wconf 90' lang='lat' dir='ltr'><strong>ac</strong></span> <span class='ocrx_word' id='word_1_422' title='bbox 1871 3567 2121 3627; x_wconf 83' lang='lat' dir='ltr'><strong>flammis</strong></span> <span class='ocrx_word' id='word_1_423' title='bbox 2144 3567 2541 3646; x_wconf 83' lang='lat' dir='ltr'><strong>persequitur3</strong></span> <span class='ocrx_word' id='word_1_424' title='bbox 2585 3567 2727 3644; x_wconf 85' lang='lat' dir='ltr'><strong>quid</strong></span> 
     </span>
     <span class='ocr_line' id='line_1_42' title="bbox 307 3646 2725 3726; baseline -0.001 -18"><span class='ocrx_word' id='word_1_425' title='bbox 307 3649 554 3710; x_wconf 86' lang='lat' dir='ltr'><strong>ulterius</strong></span> <span class='ocrx_word' id='word_1_426' title='bbox 580 3667 733 3708; x_wconf 83' lang='lat' dir='ltr'><strong>curse</strong></span> <span class='ocrx_word' id='word_1_427' title='bbox 756 3656 816 3708; x_wconf 90' lang='lat' dir='ltr'><strong>et</strong></span> <span class='ocrx_word' id='word_1_428' title='bbox 842 3647 1248 3710; x_wconf 77' lang='lat' dir='ltr'><strong>sollicitudinis</strong></span> <span class='ocrx_word' id='word_1_429' title='bbox 1277 3647 1536 3726; x_wconf 88' lang='lat' dir='ltr'><strong>impendi</strong></span> <span class='ocrx_word' id='word_1_430' title='bbox 1573 3655 1769 3726; x_wconf 87' lang='lat' dir='ltr'><strong>potest</strong></span> <span class='ocrx_word' id='word_1_431' title='bbox 1783 3651 1813 3707; x_wconf 70' lang='grc' dir='ltr'>Ρ</span> <span class='ocrx_word' id='word_1_432' title='bbox 1894 3647 2073 3706; x_wconf 91' lang='lat' dir='ltr'><strong>Hunc</strong></span> <span class='ocrx_word' id='word_1_433' title='bbox 2100 3655 2291 3707; x_wconf 84' lang='lat' dir='ltr'><strong>autem</strong></span> <span class='ocrx_word' id='word_1_434' title='bbox 2320 3646 2498 3706; x_wconf 84' lang='lat' dir='ltr'><strong>fuisse</strong></span> <span class='ocrx_word' id='word_1_435' title='bbox 2522 3647 2725 3706; x_wconf 88' lang='lat' dir='ltr'><strong>Eccle-</strong></span> 
     </span>
     <span class='ocr_line' id='line_1_43' title="bbox 309 3726 2721 3806; baseline -0.001 -18"><span class='ocrx_word' id='word_1_436' title='bbox 309 3729 410 3788; x_wconf 70' lang='lat' dir='ltr'><strong>siae</strong></span> <span class='ocrx_word' id='word_1_437' title='bbox 439 3728 718 3790; x_wconf 77' lang='lat' dir='ltr'><strong>Romame</strong></span> <span class='ocrx_word' id='word_1_438' title='bbox 747 3735 979 3803; x_wconf 82' lang='lat' dir='ltr'><strong>statmn,</strong></span> <span class='ocrx_word' id='word_1_439' title='bbox 1007 3747 1102 3788; x_wconf 87' lang='lat' dir='ltr'><strong>res</strong></span> <span class='ocrx_word' id='word_1_440' title='bbox 1127 3726 1272 3806; x_wconf 88' lang='lat' dir='ltr'><strong>ipsa,</strong></span> <span class='ocrx_word' id='word_1_441' title='bbox 1301 3727 1472 3788; x_wconf 88' lang='lat' dir='ltr'><strong>nobis</strong></span> <span class='ocrx_word' id='word_1_442' title='bbox 1503 3727 1679 3788; x_wconf 85' lang='lat' dir='ltr'><strong>etiam</strong></span> <span class='ocrx_word' id='word_1_443' title='bbox 1722 3727 2063 3801; x_wconf 87' lang='lat' dir='ltr'><strong>tacentibus,</strong></span> <span class='ocrx_word' id='word_1_444' title='bbox 2094 3726 2324 3786; x_wconf 84' lang='lat' dir='ltr'><strong>clamat.</strong></span> <span class='ocrx_word' id='word_1_445' title='bbox 2368 3727 2589 3786; x_wconf 88' lang='lat' dir='ltr'><strong>Notum</strong></span> <span class='ocrx_word' id='word_1_446' title='bbox 2615 3735 2721 3801; x_wconf 83' lang='lat' dir='ltr'><strong>est,</strong></span> 
     </span>
     <span class='ocr_line' id='line_1_44' title="bbox 307 3805 2718 3886; baseline -0.002 -18"><span class='ocrx_word' id='word_1_447' title='bbox 307 3815 556 3886; x_wconf 82' lang='lat' dir='ltr'><strong>quantas</strong></span> <span class='ocrx_word' id='word_1_448' title='bbox 582 3807 846 3885; x_wconf 86' lang='lat' dir='ltr'><strong>querelas</strong></span> <span class='ocrx_word' id='word_1_449' title='bbox 871 3807 1012 3866; x_wconf 88' lang='lat' dir='ltr'><strong>boni</strong></span> <span class='ocrx_word' id='word_1_450' title='bbox 1037 3826 1239 3866; x_wconf 87' lang='lat' dir='ltr'><strong>omnes</strong></span> <span class='ocrx_word' id='word_1_451' title='bbox 1267 3806 1368 3868; x_wconf 86' lang='lat' dir='ltr'><strong>diu</strong></span> <span class='ocrx_word' id='word_1_452' title='bbox 1395 3806 1651 3868; x_wconf 85' lang='lat' dir='ltr'><strong>fuderint</strong></span> <span class='ocrx_word' id='word_1_453' title='bbox 1686 3825 1859 3884; x_wconf 88' lang='lat' dir='ltr'><strong>super</strong></span> <span class='ocrx_word' id='word_1_454' title='bbox 1885 3805 2247 3883; x_wconf 84' lang='lat' dir='ltr'><strong>gravissimis</strong></span> <span class='ocrx_word' id='word_1_455' title='bbox 2274 3806 2401 3884; x_wconf 88' lang='lat' dir='ltr'><strong>ejus</strong></span> <span class='ocrx_word' id='word_1_456' title='bbox 2428 3813 2718 3881; x_wconf 84' lang='lat' dir='ltr'><strong>corrupte—</strong></span> 
     </span>
     <span class='ocr_line' id='line_1_45' title="bbox 308 3884 2725 3964; baseline -0.002 -16"><span class='ocrx_word' id='word_1_457' title='bbox 308 3887 419 3964; x_wconf 79' lang='lat' dir='ltr'><strong>lis;</strong></span> <span class='ocrx_word' id='word_1_458' title='bbox 473 3905 648 3964; x_wconf 83' lang='lat' dir='ltr'><strong>quam</strong></span> <span class='ocrx_word' id='word_1_459' title='bbox 675 3885 1012 3948; x_wconf 87' lang='lat' dir='ltr'><strong>ardentibus</strong></span> <span class='ocrx_word' id='word_1_460' title='bbox 1039 3887 1194 3948; x_wconf 83' lang='lat' dir='ltr'><strong>votis</strong></span> <span class='ocrx_word' id='word_1_461' title='bbox 1230 3895 1290 3946; x_wconf 91' lang='lat' dir='ltr'><strong>et</strong></span> <span class='ocrx_word' id='word_1_462' title='bbox 1316 3886 1548 3964; x_wconf 84' lang='lat' dir='ltr'><strong>publice</strong></span> <span class='ocrx_word' id='word_1_463' title='bbox 1585 3894 1647 3947; x_wconf 90' lang='lat' dir='ltr'><strong>et</strong></span> <span class='ocrx_word' id='word_1_464' title='bbox 1672 3886 1943 3964; x_wconf 80' lang='lat' dir='ltr'><strong>privatim</strong></span> <span class='ocrx_word' id='word_1_465' title='bbox 1982 3885 2443 3945; x_wconf 82' lang='lat' dir='ltr'><strong>reformationem</strong></span> <span class='ocrx_word' id='word_1_466' title='bbox 2472 3884 2725 3959; x_wconf 85' lang='lat' dir='ltr'><strong>aliquam</strong></span> 
     </span>
     <span class='ocr_line' id='line_1_46' title="bbox 313 3963 2731 4045; baseline -0.002 -19"><span class='ocrx_word' id='word_1_467' title='bbox 313 3966 526 4045; x_wconf 72' lang='lat' dir='ltr'><strong>saepius</strong></span> <span class='ocrx_word' id='word_1_468' title='bbox 552 3966 1000 4044; x_wconf 77' lang='lat' dir='ltr'><strong>postulaverint3</strong></span> <span class='ocrx_word' id='word_1_469' title='bbox 1051 3974 1112 4026; x_wconf 90' lang='lat' dir='ltr'><strong>et</strong></span> <span class='ocrx_word' id='word_1_470' title='bbox 1136 3985 1314 4043; x_wconf 85' lang='lat' dir='ltr'><strong>quam</strong></span> <span class='ocrx_word' id='word_1_471' title='bbox 1340 3985 1492 4044; x_wconf 84' lang='lat' dir='ltr'><strong>ssepe</strong></span> <span class='ocrx_word' id='word_1_472' title='bbox 1517 3965 1879 4044; x_wconf 85' lang='lat' dir='ltr'><strong>promissam,</strong></span> <span class='ocrx_word' id='word_1_473' title='bbox 1900 3963 2111 4024; x_wconf 72' lang='lat' dir='ltr'><strong>flustra</strong></span> <span class='ocrx_word' id='word_1_474' title='bbox 2136 3973 2329 4024; x_wconf 80' lang='lat' dir='ltr'><strong>tamen</strong></span> <span class='ocrx_word' id='word_1_475' title='bbox 2359 3971 2417 4022; x_wconf 87' lang='lat' dir='ltr'><strong>et</strong></span> <span class='ocrx_word' id='word_1_476' title='bbox 2442 3963 2731 4021; x_wconf 85' lang='lat' dir='ltr'><strong>incassum</strong></span> 
     </span>
     <span class='ocr_line' id='line_1_47' title="bbox 313 4041 2731 4201; baseline -0.001 -17"><span class='ocrx_word' id='word_1_477' title='bbox 313 4045 786 4201; x_wconf 47' lang='lat' dir='ltr'><strong>iiffimaisfflt</strong></span> <span class='ocrx_word' id='word_1_478' title='bbox 809 4044 2387 4186; x_wconf 51' lang='lat' dir='ltr'><strong>ffiffiassuffissssffifflnissdssinfflssssssiir‘aff’</strong></span> <span class='ocrx_word' id='word_1_479' title='bbox 2401 4041 2731 4182; x_wconf 54' lang='grc' dir='ltr'><strong>ἒὲζιῖιῗιῖῐ</strong></span> 
     </span>
     <span class='ocr_line' id='line_1_48' title="bbox 315 4165 2735 4282; baseline -0.001 -18"><span class='ocrx_word' id='word_1_480' title='bbox 315 4205 538 4264; x_wconf 86' lang='lat' dir='ltr'><strong>nullam</strong></span> <span class='ocrx_word' id='word_1_481' title='bbox 565 4203 684 4263; x_wconf 90' lang='lat' dir='ltr'><strong>fere</strong></span> <span class='ocrx_word' id='word_1_482' title='bbox 703 4199 866 4281; x_wconf 87' lang='lat' dir='ltr'><strong>pacis</strong></span> <span class='ocrx_word' id='word_1_483' title='bbox 891 4169 1282 4266; x_wconf 67' lang='lat' dir='ltr'><strong>conditibnem</strong></span> <span class='ocrx_word' id='word_1_484' title='bbox 1323 4223 1629 4266; x_wconf 85' lang='lat' dir='ltr'><strong>recusaren</strong></span> <span class='ocrx_word' id='word_1_485' title='bbox 1700 4213 1909 4282; x_wconf 72' lang='lat' dir='ltr'><strong>praeter</strong></span> <span class='ocrx_word' id='word_1_486' title='bbox 1955 4222 2073 4280; x_wconf 88' lang='lat' dir='ltr'><strong>eas,</strong></span> <span class='ocrx_word' id='word_1_487' title='bbox 2122 4200 2276 4262; x_wconf 89' lang='lat' dir='ltr'><strong>unde</strong></span> <span class='ocrx_word' id='word_1_488' title='bbox 2327 4165 2559 4260; x_wconf 65' lang='lat' dir='ltr'><strong>s’ecutus</strong></span> <span class='ocrx_word' id='word_1_489' title='bbox 2586 4199 2735 4261; x_wconf 85' lang='lat' dir='ltr'><strong>foret</strong></span> 
     </span>
     <span class='ocr_line' id='line_1_49' title="bbox 317 4281 2733 4362; baseline -0.001 -18"><span class='ocrx_word' id='word_1_490' title='bbox 317 4283 506 4344; x_wconf 85' lang='lat' dir='ltr'><strong>omnis</strong></span> <span class='ocrx_word' id='word_1_491' title='bbox 531 4282 832 4362; x_wconf 86' lang='lat' dir='ltr'><strong>religionis</strong></span> <span class='ocrx_word' id='word_1_492' title='bbox 859 4283 1165 4344; x_wconf 84' lang='lat' dir='ltr'><strong>interitus:</strong></span> <span class='ocrx_word' id='word_1_493' title='bbox 1225 4283 1330 4345; x_wconf 89' lang='lat' dir='ltr'><strong>sed</strong></span> <span class='ocrx_word' id='word_1_494' title='bbox 1356 4291 1583 4344; x_wconf 85' lang='lat' dir='ltr'><strong>tantum</strong></span> <span class='ocrx_word' id='word_1_495' title='bbox 1611 4303 1647 4343; x_wconf 87' lang='lat' dir='ltr'><strong>a</strong></span> <span class='ocrx_word' id='word_1_496' title='bbox 1722 4291 1794 4359; x_wconf 89' lang='lat' dir='ltr'><strong>st,</strong></span> <span class='ocrx_word' id='word_1_497' title='bbox 1843 4291 1910 4342; x_wconf 89' lang='lat' dir='ltr'><strong>ut</strong></span> <span class='ocrx_word' id='word_1_498' title='bbox 1936 4281 2033 4360; x_wconf 91' lang='lat' dir='ltr'><strong>pio</strong></span> <span class='ocrx_word' id='word_1_499' title='bbox 2060 4281 2187 4340; x_wconf 84' lang='lat' dir='ltr'><strong>zelo</strong></span> <span class='ocrx_word' id='word_1_500' title='bbox 2214 4299 2321 4340; x_wconf 88' lang='lat' dir='ltr'><strong>suo</strong></span> <span class='ocrx_word' id='word_1_501' title='bbox 2348 4299 2573 4341; x_wconf 85' lang='lat' dir='ltr'><strong>summa</strong></span> <span class='ocrx_word' id='word_1_502' title='bbox 2598 4282 2733 4341; x_wconf 89' lang='lat' dir='ltr'><strong>cha-</strong></span> 
     </span>
     <span class='ocr_line' id='line_1_50' title="bbox 316 4359 2737 4442; baseline -0.002 -18"><span class='ocrx_word' id='word_1_503' title='bbox 316 4363 484 4426; x_wconf 76' lang='lat' dir='ltr'><strong>ritate</strong></span> <span class='ocrx_word' id='word_1_504' title='bbox 511 4370 832 4442; x_wconf 84' lang='lat' dir='ltr'><strong>temperato</strong></span> <span class='ocrx_word' id='word_1_505' title='bbox 859 4362 1170 4442; x_wconf 90' lang='lat' dir='ltr'><strong>quicquam</strong></span> <span class='ocrx_word' id='word_1_506' title='bbox 1195 4363 1578 4442; x_wconf 88' lang='lat' dir='ltr'><strong>profecerint;</strong></span> <span class='ocrx_word' id='word_1_507' title='bbox 1619 4371 1688 4424; x_wconf 88' lang='lat' dir='ltr'><strong>ut</strong></span> <span class='ocrx_word' id='word_1_508' title='bbox 1724 4370 1941 4437; x_wconf 81' lang='lat' dir='ltr'><strong>contra,</strong></span> <span class='ocrx_word' id='word_1_509' title='bbox 1966 4359 2159 4436; x_wconf 87' lang='lat' dir='ltr'><strong>magis</strong></span> <span class='ocrx_word' id='word_1_510' title='bbox 2186 4379 2254 4420; x_wconf 87' lang='lat' dir='ltr'><strong>ac</strong></span> <span class='ocrx_word' id='word_1_511' title='bbox 2280 4362 2469 4440; x_wconf 79' lang='lat' dir='ltr'><strong>magis</strong></span> <span class='ocrx_word' id='word_1_512' title='bbox 2496 4361 2557 4420; x_wconf 89' lang='lat' dir='ltr'><strong>in</strong></span> <span class='ocrx_word' id='word_1_513' title='bbox 2583 4362 2737 4421; x_wconf 81' lang='lat' dir='ltr'><strong>malo</strong></span> 
     </span>
     <span class='ocr_line' id='line_1_51' title="bbox 319 4440 2739 4519; baseline -0.002 -13"><span class='ocrx_word' id='word_1_514' title='bbox 319 4461 422 4506; x_wconf 76' lang='lat' dir='ltr'><strong>suo</strong></span> <span class='ocrx_word' id='word_1_515' title='bbox 448 4442 772 4519; x_wconf 84' lang='lat' dir='ltr'><strong>obfirmata,</strong></span> <span class='ocrx_word' id='word_1_516' title='bbox 799 4441 864 4502; x_wconf 90' lang='lat' dir='ltr'><strong>in</strong></span> <span class='ocrx_word' id='word_1_517' title='bbox 877 4442 1136 4504; x_wconf 88' lang='lat' dir='ltr'><strong>medicos</strong></span> <span class='ocrx_word' id='word_1_518' title='bbox 1161 4462 1298 4504; x_wconf 88' lang='lat' dir='ltr'><strong>suos</strong></span> <span class='ocrx_word' id='word_1_519' title='bbox 1324 4443 1717 4518; x_wconf 86' lang='lat' dir='ltr'><strong>insurrexerit,</strong></span> <span class='ocrx_word' id='word_1_520' title='bbox 1746 4450 1807 4502; x_wconf 90' lang='lat' dir='ltr'><strong>et</strong></span> <span class='ocrx_word' id='word_1_521' title='bbox 1826 4459 2054 4500; x_wconf 89' lang='lat' dir='ltr'><strong>omnem</strong></span> <span class='ocrx_word' id='word_1_522' title='bbox 2090 4440 2471 4501; x_wconf 87' lang='lat' dir='ltr'><strong>remediorum</strong></span> <span class='ocrx_word' id='word_1_523' title='bbox 2500 4461 2739 4518; x_wconf 89' lang='lat' dir='ltr'><strong>appara-</strong></span> 
     </span>
     <span class='ocr_line' id='line_1_52' title="bbox 319 4517 2740 4602; baseline -0.002 -18"><span class='ocrx_word' id='word_1_524' title='bbox 319 4531 443 4584; x_wconf 83' lang='lat' dir='ltr'><strong>tum</strong></span> <span class='ocrx_word' id='word_1_525' title='bbox 469 4523 675 4602; x_wconf 82' lang='lat' dir='ltr'><strong>procul</strong></span> <span class='ocrx_word' id='word_1_526' title='bbox 701 4543 738 4582; x_wconf 88' lang='lat' dir='ltr'><strong>a</strong></span> <span class='ocrx_word' id='word_1_527' title='bbox 763 4541 827 4583; x_wconf 85' lang='lat' dir='ltr'><strong>se</strong></span> <span class='ocrx_word' id='word_1_528' title='bbox 853 4521 1136 4600; x_wconf 81' lang='lat' dir='ltr'><strong>rejecerit.</strong></span> <span class='ocrx_word' id='word_1_529' title='bbox 1220 4521 1342 4584; x_wconf 88' lang='lat' dir='ltr'><strong>Ubi</strong></span> <span class='ocrx_word' id='word_1_530' title='bbox 1369 4542 1510 4601; x_wconf 82' lang='lat' dir='ltr'><strong>ergo</strong></span> <span class='ocrx_word' id='word_1_531' title='bbox 1535 4523 1757 4582; x_wconf 81' lang='lat' dir='ltr'><strong>monita</strong></span> <span class='ocrx_word' id='word_1_532' title='bbox 1783 4519 1950 4579; x_wconf 83' lang='lat' dir='ltr'><strong>nilnli</strong></span> <span class='ocrx_word' id='word_1_533' title='bbox 1976 4517 2117 4597; x_wconf 82' lang='lat' dir='ltr'><strong>fieri,</strong></span> <span class='ocrx_word' id='word_1_534' title='bbox 2148 4529 2208 4580; x_wconf 86' lang='lat' dir='ltr'><strong>et</strong></span> <span class='ocrx_word' id='word_1_535' title='bbox 2223 4521 2321 4580; x_wconf 84' lang='lat' dir='ltr'><strong>via</strong></span> <span class='ocrx_word' id='word_1_536' title='bbox 2346 4519 2740 4582; x_wconf 84' lang='lat' dir='ltr'><strong>mansuetudi-</strong></span> 
     </span>
     <span class='ocr_line' id='line_1_53' title="bbox 320 4598 2737 4682; baseline -0.003 -18"><span class='ocrx_word' id='word_1_537' title='bbox 320 4602 409 4664; x_wconf 78' lang='lat' dir='ltr'><strong>nis</strong></span> <span class='ocrx_word' id='word_1_538' title='bbox 431 4622 494 4664; x_wconf 82' lang='lat' dir='ltr'><strong>se</strong></span> <span class='ocrx_word' id='word_1_539' title='bbox 514 4601 664 4664; x_wconf 86' lang='lat' dir='ltr'><strong>nibil</strong></span> <span class='ocrx_word' id='word_1_540' title='bbox 688 4601 984 4682; x_wconf 86' lang='lat' dir='ltr'><strong>proficere,</strong></span> <span class='ocrx_word' id='word_1_541' title='bbox 1009 4601 1538 4664; x_wconf 74' lang='lat' dir='ltr'><strong>animadverterunt</strong></span> <span class='ocrx_word' id='word_1_542' title='bbox 1557 4601 1775 4678; x_wconf 88' lang='lat' dir='ltr'><strong>Nostri,</strong></span> <span class='ocrx_word' id='word_1_543' title='bbox 1798 4598 2285 4678; x_wconf 83' lang='lat' dir='ltr'><strong>quid’faciendum</strong></span> <span class='ocrx_word' id='word_1_544' title='bbox 2315 4601 2455 4678; x_wconf 89' lang='lat' dir='ltr'><strong>ipsis</strong></span> <span class='ocrx_word' id='word_1_545' title='bbox 2484 4599 2591 4658; x_wconf 86' lang='lat' dir='ltr'><strong>fuit</strong></span> <span class='ocrx_word' id='word_1_546' title='bbox 2619 4617 2737 4657; x_wconf 84' lang='lat' dir='ltr'><strong>am-</strong></span> 
     </span>
    </p>
   </div>
  </div>
 </body>
</html>
