3234 5192
372 350 606 394 msrur.
637 332 798 415 xlx.]
965 351 1044 392 nn
1075 351 1560 395 sarrsracrroms
1585 353 1827 394 camsi-1
1855 353 2174 396 vannus.
2670 343 2787 403 603

378 495 654 554 rebantur
681 513 818 554 vere
845 495 918 552 iis
943 495 1179 573 expiata
1227 495 1422 572 fuisse,
1455 495 1560 554 sed
1594 495 1728 554 ideo
1755 503 1979 555 tantum
1998 497 2135 574 quia
2162 497 2417 556 actiones
2458 509 2624 560 erant
2651 501 2788 561 obe-

379 575 612 635 dientiae
641 575 769 634 Deo
797 583 995 652 gratae,
1027 594 1171 651 quas
1213 576 1622 653 praestantibus
1664 577 1823 634 Deus
1870 575 2213 654 indulgebat
2240 577 2485 654 veniam,
2518 589 2790 640 caeterum

379 674 744 732 nequaquam
778 655 804 732 j
811 655 1023 714 ustitia}
1051 655 1264 714 divinae
1313 656 1677 730 satisfecisse,
1708 655 1951 732 ideoque
1980 664 2046 716 ut
2072 655 2275 733 figurae
2316 658 2661 736 respondeat
2686 681 2787 720 ve-

378 736 536 810 ritaS,
568 745 626 794 et
653 736 872 794 umbrae
901 733 1111 811 imag0,
1145 735 1436 794 Christum
1481 736 1656 794 etiam
1700 735 1772 794 iis
1821 735 2223 795 adumbratum
2272 737 2389 796 n'on
2418 739 2786 800 satisfecisse.

383 815 572 892 quue
620 815 862 874 ulterius
907 815 1304 874 demonstrant
1346 816 1456 873 hoc
1505 815 1870 892 dilemmate3
1916 817 2082 891 Nam,
2132 816 2320 894 inquit
2351 817 2503 876 Soci.
2532 819 2785 896 praelcct.

381 915 507 974 cap.
539 900 634 971 22,
667 894 1056 972 argumentari
1084 915 1391 972 possumus
1419 917 1456 954 a
1486 896 1735 955 vict-imis
1780 896 1910 955 istis
1938 896 2013 954 ad
2042 896 2335 956 Christum
2363 898 2459 956 vel
2485 918 2589 975 per
2614 903 2787 960 colla-

381 975 599 1045 tionem,
630 976 728 1033 vel
753 994 856 1051 per
903 975 1221 1052 simplicem
1249 977 1735 1034 adumbrationem
1751 999 1777 1048 ,·
1823 975 1883 1034 Si
1914 977 2089 1053 priori
2116 976 2308 1044 modo,
2338 997 2573 1038 necesse
2603 988 2692 1038 est
2719 991 2786 1040 ut

381 1056 432 1113 si
459 1056 552 1114 vis
581 1055 970 1114 satisfaciendi
997 1056 1060 1112 in
1103 1064 1286 1114 morte
1319 1055 1532 1114 Christi
1575 1056 1702 1132 fuit,
1735 1055 1936 1114 eadem
1964 1056 2139 1114 etiam
2160 1065 2393 1116 servata
2420 1060 2787 1136 proportione

379 1135 554 1194 fuerit
580 1135 640 1192 in
678 1135 930 1193 victimis
975 1135 1110 1210 illis,
1144 1135 1229 1194 At
1269 1134 1536 1195 victimas
1563 1137 1707 1194 istas
1742 1135 1961 1194 nullam
1984 1136 2376 1196 satisfaciendi
2402 1157 2508 1216 pro
2534 1141 2788 1217 peccatis

379 1214 499 1272 vim
523 1215 792 1273 habuisse
821 1215 1043 1292 probat,
1074 1216 1211 1291 quia
1238 1215 1398 1274 nulla
1425 1216 1501 1274 sit
1528 1215 1679 1275 inter
1705 1215 1995 1274 hominem
2022 1225 2081 1276 et
2108 1217 2351 1276 bestiam
2382 1219 2595 1296 speciei
2632 1239 2786 1278 com-

380 1295 594 1368 munio,
640 1295 846 1371 Itaque
891 1295 1054 1353 nulla
1096 1295 1270 1354 etiam
1318 1295 1428 1354 fuit
1474 1295 1568 1354 vis
1613 1296 1844 1373 proprie
1891 1295 2048 1354 dicta·
2094 1296 2487 1356 satisfaciendi
2512 1299 2575 1356 in
2602 1308 2787 1359 morte

381 1374 629 1452 Christi3
675 1373 844 1450 Quod
872 1375 923 1433 si
967 1375 1272 1453 posteriori
1313 1375 1488 1434 modo
1535 1387 1939 1453 argumentum
1966 1375 2225 1451 ducatur,
2256 1377 2318 1435 id
2346 1385 2435 1436 est
2461 1397 2565 1456 per
2584 1379 2785 1438 adum-

382 1454 700 1513 brationem
729 1463 972 1528 tantum,
1003 1475 1075 1513 ne
1125 1455 1208 1514 sic
1254 1455 1488 1533 quidem
1533 1456 1741 1515 melius
1785 1475 1905 1514 rem
1936 1455 2125 1514 evinci
2149 1479 2163 1532 3
2210 1457 2359 1515 Nam
2403 1458 2463 1516 in
2492 1477 2553 1516 re
2583 1458 2785 1518 adum-

379 1533 582 1594 brante
610 1534 830 1613 aliquid
858 1535 1116 1612 ejusdem
1147 1535 1376 1613 generis
1403 1543 1492 1594 est
1533 1555 1665 1594 cum
1694 1555 1761 1594 eo
1791 1535 1949 1614 quod
1974 1537 2037 1593 in
2062 1555 2123 1594 re
2152 1537 2492 1597 adumbrata
2520 1539 2787 1616 praefigu-

380 1623 502 1691 rat3
551 1615 692 1676 Ideo
723 1616 770 1674 si
799 1615 858 1672 in
889 1615 1142 1674 victimis
1188 1616 1306 1675 illis
1333 1615 1530 1693 aliqua
1555 1616 1666 1675 fuit
1694 1615 2057 1675 adumbratio
2086 1616 2493 1678 satisfactionis
2520 1639 2625 1696 pro
2651 1639 2785 1698 pec·

379 1696 524 1754 catis
551 1715 656 1773 per
685 1695 896 1755 Christi
941 1705 1202 1771 mortem,
1234 1697 1296 1754 in
1341 1697 1545 1755 iisdem
1617 1715 1806 1775 uoque
1848 1696 2101 1774 aliquam
2131 1696 2579 1758 satisfactionem
2606 1699 2787 1760 fuisse

381 1795 614 1835 necesse
643 1784 748 1852 est,
779 1776 937 1854 quod
964 1796 1094 1835 cum
1124 1776 1332 1834 falsum
1361 1776 1454 1853 sit,
1487 1785 1545 1836 et
1595 1777 1781 1837 alsum
1811 1797 1939 1836 esse
1966 1776 2115 1836 illud
2141 1777 2298 1854 quod
2325 1797 2399 1836 ex
2444 1799 2513 1838 eo
2542 1779 2785 1839 elicitur.

380 1855 474 1914 Ita
501 1856 890 1934 expiationem
935 1856 1168 1934 quidem
1213 1856 1468 1933 aliquam
1512 1864 1572 1915 et
1616 1857 1849 1934 quidem
1880 1877 2077 1916 veram
2106 1866 2391 1919 certorum
2420 1868 2785 1936 peccatorum

379 1936 646 1996 concedit
688 1937 805 1995 illis
853 1956 968 2012 quo
996 1937 1228 1994 nomine
1271 1936 1488 2012 figuras
1515 1937 1646 1995 vult
1691 1937 1869 1996 fuisse
1921 1937 2153 2013 Christi,
2206 1938 2310 1996 sed
2338 1939 2787 1999 satisfactionem

375 2015 548 2092 plane
595 2017 939 2093 penitusque
989 2016 1104 2074 illis
1155 2015 1405 2092 denegat
1431 2024 1498 2074 ut
1525 2024 1584 2075 et
1603 2035 1731 2074 eam
1761 2036 1796 2074 a
1826 2017 2055 2074 Christo
2082 2027 2395 2093 removeat,
2426 2039 2482 2096 p.
2513 2023 2569 2078 2.
2601 2040 2649 2078 c.
2682 2019 2783 2096 xi.,

383 2098 418 2128 “
447 2095 828 2154 Statuendum
859 2095 1093 2152 omnino
1115 2103 1204 2152 est
1229 2114 1334 2170 per
1361 2095 1629 2152 victimas
1658 2103 1716 2153 et
1744 2095 2024 2153 sacrificia
2041 2095 2143 2153 illa
2162 2095 2501 2172 expiatoria,
2524 2117 2641 2156 non
2664 2119 2783 2157 mo-

378 2173 454 2231 do
475 2174 836 2250 expiationes
865 2193 993 2250 quse
1023 2173 1132 2232 sub
1171 2173 1244 2231 N.
1284 2172 1498 2232 foedere
1527 2173 1653 2232 fieri
1681 2172 1969 2232 debebant
1996 2173 2367 2233 adumbratas
2407 2195 2551 2251 esse,
2583 2197 2784 2236 verum

377 2253 551 2312 ctiam
580 2263 816 2331 peccata
862 2273 967 2329 pro
995 2253 1206 2329 quibus
1233 2252 1620 2312 offerebantur
1641 2272 1777 2311 vere
1806 2253 2039 2331 expiata
2075 2252 2307 2331 fuisse,¹’
2342 2252 2451 2313 &c.
2496 2256 2618 2316 Nos
2646 2277 2785 2317 vero

379 2335 754 2410 expiationem
779 2334 1000 2393 nullam
1021 2333 1134 2392 nisi
1162 2333 1405 2410 typicam
1431 2342 1490 2393 et
1537 2334 1893 2410 symbolicam
1922 2353 2115 2392 eorum
2147 2354 2277 2412 quae
2306 2353 2441 2394 vere
2470 2343 2529 2396 et
2555 2338 2785 2415 proprie

375 2422 613 2492 peccata
657 2423 792 2474 sunt
839 2414 912 2475 iis
939 2413 1263 2490 tribuimuS,
1307 2434 1424 2472 non
1472 2415 1664 2473 minus
1710 2422 1905 2474 tamen
1934 2414 2063 2472 ideo
2095 2414 2307 2474 Christi
2335 2416 2785 2476 satisfactionem

377 2494 748 2554 adumbrasse
769 2515 1085 2571 censemus,
1115 2495 1198 2554 ita
1225 2504 1291 2554 ut
1312 2494 1428 2554 duo
1449 2495 1899 2554 demonstranda
1912 2495 2035 2574 jam
2056 2495 2226 2554 nobis
2255 2495 2387 2571 sint,
2423 2499 2474 2554 l.
2499 2497 2784 2557 Victimas

379 2583 439 2634 et
470 2575 766 2636 Sacrificia
791 2576 1006 2653 legalia
1052 2576 1276 2635 nullum
1325 2576 1552 2654 proprie
1581 2576 1801 2635 dictum
1830 2577 2114 2653 expiasse,
2146 2576 2243 2635 vel
2265 2576 2498 2654 expiare
2526 2579 2783 2654 potuisse

374 2665 690 2732 peccatum,
715 2657 980 2734 expiasse
1008 2664 1234 2716 tantum
1262 2657 1649 2733 impuritatem
1678 2655 1968 2733 quandam
1998 2657 2186 2714 carnis
2214 2665 2273 2714 et
2299 2656 2741 2716 caerimonialem
2764 2681 2781 2736 3

383 2740 438 2794 2.
493 2737 654 2795 Bene
705 2745 896 2796 tamen
943 2757 1016 2796 ex
1068 2736 1138 2796 iis
1187 2744 1590 2812 argumentum
1658 2735 1791 2794 duci
1836 2735 1912 2792 ad
1938 2735 2291 2812 probandam
2338 2735 2787 2796 satisfactionem

378 2815 612 2874 Christi.

457 2895 648 2952 XIX.
695 2896 780 2955 Ut
822 2915 962 2954 vero
1009 2895 1170 2973 prius
1217 2894 1363 2954 illud
1406 2893 1633 2953 facilius
1676 2893 2061 2971 percipiatu13
2121 2893 2338 2970 duplex
2381 2894 2783 2971 praemittenda

373 2973 608 3033 videtur
633 2974 963 3034 distinctio:
989 2975 1202 3050 Prim0,
1232 2977 1449 3032 Beatus
1469 2973 1572 3050 qui
1593 2973 1889 3032 sacrificiis
1920 2973 2045 3030 tolli
2074 2972 2273 3031 debuit
2294 2982 2353 3033 et
2380 2973 2601 3050 expiari
2625 2997 2640 3049 3
2672 2975 2783 3033 Al-

374 3062 497 3112 tera
533 3055 680 3112 Usus
708 3055 831 3112 sive
860 3053 1068 3130 σκέπας
1103 3053 1282 3112 variae
1330 3053 1731 3146 samfidomcvn
1776 3053 2013 3111 istorum
2046 3053 2361 3111 secundum
2389 3073 2563 3130 quam
2590 3064 2784 3132 potest

373 3133 470 3192 vel
498 3133 736 3192 concedi
765 3134 861 3192 vel
887 3133 1090 3210 negari
1115 3131 1250 3191 talis
1272 3132 1544 3209 expiatio.
1587 3135 1809 3190 Beatus
1834 3152 1975 3209 ergo
1993 3131 2211 3209 duplex
2236 3133 2331 3192 hic
2360 3133 2780 3196 attendendus:

373 3214 586 3289 typicus
613 3221 673 3272 et
701 3213 1102 3272 caerimonialia
1128 3212 1321 3289 quoad
1340 3211 1731 3290 impuritatem
1752 3213 1957 3288 carnis,
1980 3213 2153 3271 realis
2173 3221 2233 3272 et
2252 3213 2566 3291 spiritualis
2588 3215 2782 3292 quoad

374 3293 802 3353 conscientiam.
889 3293 1010 3352 Iste
1055 3293 1500 3352 contrahebatur
1541 3313 1616 3352 ex
1647 3293 1897 3370 peccatis
1935 3302 2136 3352 contra
2160 3293 2353 3371 legem
2380 3295 2655 3354 moralem
2677 3295 2777 3355 ad·

375 3375 567 3434 missis
616 3395 746 3452 quae
774 3374 888 3434 sita
930 3383 1094 3434 erant
1137 3373 1198 3431 in
1247 3372 1562 3432 offensione
1615 3374 1728 3433 Dei
1756 3381 1814 3433 et
1856 3373 2123 3453 proximi,
2154 3383 2213 3433 et
2240 3375 2413 3434 rebus
2440 3384 2647 3434 natura
2674 3396 2780 3436 sua

375 3456 562 3532 malis,
593 3454 748 3514 unde
776 3463 836 3514 et
860 3473 1092 3531 poenam
1119 3455 1322 3513 mortis
1343 3461 1570 3513 aeternae
1607 3454 1667 3512 in
1696 3455 1959 3514 homines
1985 3453 2333 3514 accersebat.
2419 3455 2529 3514 Ille
2558 3455 2778 3516 orieba-

373 3545 468 3595 tur
495 3555 570 3594 ex
617 3535 931 3594 violatione
978 3525 1252 3612 praecepti
1296 3533 1542 3611 alicujus
1589 3534 2008 3610 castimonialis,
2040 3535 2196 3611 quod
2224 3553 2356 3593 cum
2384 3554 2476 3594 res
2498 3544 2651 3595 esset
2676 3555 2784 3612 per

373 3635 436 3674 se
465 3615 655 3674 media
683 3615 1092 3674 conscientiam
1119 3635 1224 3692 per
1250 3633 1312 3672 se
1340 3634 1456 3674 non
1485 3614 1825 3691 attingebat,
1849 3635 1957 3673 nec
1983 3615 2111 3691 ejus
2140 3614 2379 3673 violatio
2408 3633 2534 3672 eam
2560 3614 2780 3676 inficie-

371 3693 489 3771 bat,
521 3694 626 3754 sed
671 3715 774 3772 per
801 3694 1068 3754 accidens
1095 3703 1320 3754 tantum
1357 3715 1432 3752 ex
1478 3695 1538 3753 vi
1567 3694 1995 3754 constitutionis
2024 3693 2255 3768 divinae,
2284 3693 2530 3770 ideoque
2558 3695 2776 3754 nullam

373 3774 761 3852 impuritatem
787 3775 1016 3853 proprie
1043 3773 1334 3851 loquendo
1361 3774 1475 3834 nisi
1503 3773 1944 3834 caerimonialem
1973 3772 2249 3834 afferebat
2274 3775 2335 3831 in
2382 3773 2507 3832 foro
2536 3783 2777 3834 externo

373 3855 589 3931 politiae
617 3855 1059 3930 Ecclesiasticae‚
1091 3854 1424 3931 nullamque
1451 3874 1681 3932 poenam
1708 3853 1821 3914 nisi
1843 3854 2215 3932 temporalem
2244 3861 2375 3932 post
2402 3873 2463 3912 se
2491 3853 2775 3931 trahebat,

372 3955 445 3994 ne
473 3943 742 4012 peccator
788 3935 967 3994 sacris
1010 3934 1258 3994 coetibus
1301 3944 1497 4012 posset
1543 3934 1821 3993 interesse
1864 3941 1925 3993 et
1950 3933 2301 4011 reliquorum
2330 3932 2600 3993 convictu
2629 3933 2775 4012 frui3

371 4014 536 4074 verbi
580 4014 784 4092 gratia,
815 4015 865 4074 si
910 4015 1040 4092 quis
1085 4014 1333 4073 cadaver
1377 4013 1684 4091 tetigisset,
1717 4014 1814 4073 vel
1848 4013 2284 4073 tabernaculum
2307 4013 2365 4071 in
2387 4033 2509 4091 quo·
2531 4012 2782 4073 cadaver

372 4103 496 4154 erat
522 4095 729 4154 fuisset
754 4095 1070 4172 ingressus,
1102 4095 1198 4152 vel
1225 4093 1448 4171 aliquid
1474 4093 1633 4170 quod
1674 4095 1735 4152 in
1776 4093 1906 4170 lege
1934 4092 2293 4151 immundum
2323 4093 2665 4152 censebatur
2692 4101 2779 4154 at·

370 4183 690 4248 tractasset,
718 4195 854 4234 reus
881 4195 999 4234 non
1025 4183 1250 4252 poterat
1277 4173 1393 4232 dici
1421 4193 1490 4232 eo
1517 4174 1645 4250 ipso
1673 4173 1895 4250 peccati
1922 4173 2167 4250 alicujus
2208 4173 2441 4231 moralis
2469 4180 2527 4232 ct
2551 4173 2783 4251 proprie

371 4255 529 4331 dicti,
561 4255 708 4313 nihil
735 4256 888 4314 enim
913 4263 1036 4314 erat
1063 4254 1158 4312 vel
1187 4254 1246 4312 in
1275 4263 1501 4313 mortuo
1529 4253 1627 4314 vel
1662 4253 1723 4312 in
1745 4252 1907 4330 lepra
1933 4253 2029 4312 vel
2057 4253 2117 4310 in
2144 4253 2431 4312 similibus
2458 4252 2616 4330 quod
2644 4274 2781 4313 con-

374 4335 675 4394 scientiam
703 4335 936 4394 inficere
957 4341 1171 4412 posset,
1202 4353 1335 4392 reus
1353 4333 1556 4392 'tamen
1584 4341 1709 4393 erat
1736 4332 2197 4392 caerimonialiter
2224 4353 2299 4391 ex
2327 4333 2389 4391 vi
2416 4334 2779 4394 constitutio·

371 4415 463 4474 nis
483 4415 709 4492 legaliS,
741 4435 871 4492 quae
899 4414 1260 4474 immundum
1287 4413 1646 4490 pronunciat,
1692 4421 1753 4473 et
1800 4433 1835 4469 a
1863 4413 2041 4476 sacris
2068 4412 2329 4473 excludit
2355 4433 2485 4471 eum
2514 4413 2615 4491 qui
2643 4415 2785 4474 talia

369 4495 723 4573 praestiterit.
793 4495 870 4556 Ut
897 4515 1036 4572 ergo
1066 4493 1282 4572 duplex
1309 4491 1423 4553 fuit
1448 4499 1659 4572 reatus,
1690 4491 1910 4572 duplex
1935 4493 2111 4552 etiam
2138 4491 2385 4553 dabatur
2410 4494 2659 4572 capiatio
2687 4496 2786 4555 vel

370 4577 658 4655 purgatio,
708 4576 824 4634 alia
869 4574 1065 4652 quoad
1112 4593 1358 4649 carnem,
1390 4573 1505 4632 alia
1532 4574 1725 4650 quoad
1752 4574 2157 4649 conscientiam,
2186 4572 2266 4633 id.
2312 4573 2508 4652 typica
2536 4583 2595 4633 et
2622 4575 2784 4634 caeri·

371 4657 638 4716 monialis
669 4677 803 4744 una,
833 4655 1005 4716 realis
1033 4663 1092 4716 et
1117 4654 1368 4734 mystica
1395 4654 1593 4714 altera.
1626 4653 1953 4714 Discrimen
1970 4653 2081 4714 hoc
2104 4653 2425 4732 Apostolus
2447 4654 2657 4715 diserte
2686 4675 2789 4716 no-
