3234 5192
367 279 601 324 msrm'.
631 257 752 341 ιιι]
1137 279 1366 322 uos-riu
1395 279 1474 322 An
1503 281 1783 324 necassu.
1812 283 2081 326 nonam.
2714 265 2791 326 95

365 421 698 484 adorandus
744 421 804 479 in
861 431 1237 496 sacramento,
1296 422 1400 482 sed
1439 441 1516 482 an
1557 433 1977 484 sacramentum
2032 427 2219 504 ipsum
2276 427 2353 486 sit
2416 427 2791 488 adorandum.

371 503 560 564 Aliud
587 502 742 561 enim
769 509 862 560 est
897 500 1138 560 adorare
1165 502 1458 562 Christum
1489 505 1547 563 in
1579 505 1961 580 Eucharistia,
1992 507 2153 566 aliud
2190 507 2429 566 adorare
2458 509 2640 585 ipsam
2671 509 2791 569 Eu-

371 584 722 645 charistiam.
810 582 866 640 N
869 601 944 640 on
965 601 1246 660 negamus
1275 583 1568 645 Christum
1605 585 1835 644 adorari
1874 605 2045 664 posse
2075 597 2135 646 et
2160 587 2408 646 adebere
2456 587 2515 645 in
2562 589 2789 646 Eucha-

370 665 551 742 ristia,
601 683 720 723 non
761 672 827 722 ut
881 663 942 720 in
989 663 1174 740 signis
1220 663 1512 742 latentem,
1543 665 1703 744 quod
1750 675 1841 726 est
1886 671 2075 748 ηὸτι·
2112 665 2292 740 *lawa
2336 666 2789 744 Pontificiorum,

373 746 476 806 sed
517 751 585 804 ut
625 742 1001 821 spiritualiter
1054 744 1262 802 animm
1314 744 1474 804 fideli
1520 747 1629 806 rite
1672 747 2121 808 communicanti
2149 747 2427 808 beneficia
2469 767 2575 807 sua
2614 747 2789 826 largi-

373 835 583 901 entem,
633 823 926 902 quomodo
973 824 1034 882 in
1081 824 1322 900 ratione,
1351 825 1515 886 verbi
1569 828 1883 902 anditione,
1934 838 1995 889 et
2034 829 2322 908 baptismo
2360 828 2523 887 illum
2552 828 2793 888 adorare

373 917 650 981 tenemur,
707 913 770 963 et
821 902 952 981 ipsa
1003 904 1154 964 actio
1197 907 1627 967 sacramentalis
1668 919 1757 968 est
1786 910 1977 970 cultus
2018 910 2113 969 vel
2141 929 2277 989 pars
2302 909 2602 987 ejusdem:
2658 927 2795 968 nam

371 988 475 1046 illa
511 985 921 1045 beneficiorum
977 985 1192 1045 Christi
1236 990 1719 1064 commemoratio,
1774 991 1887 1048 Dei
1940 989 2143 1067 gratiae
2196 989 2527 1063 celebratio,
2578 990 2791 1050 sacrifi-

375 1069 526 1128 cium
556 1064 1036 1140 Eucharisticum,
1081 1065 1240 1144 quod
1279 1066 1360 1126 ibi
1401 1085 1438 1124 a
1465 1068 1737 1128 fidelibus
1777 1069 2015 1130 offertur
2054 1081 2145 1130 est
2184 1072 2311 1150 ipsa
2349 1069 2628 1131 adoratio.
2676 1071 2794 1130 Sed

377 1167 493 1207 non
537 1155 842 1226 propterea
889 1145 1150 1223 sequitur
1195 1147 1379 1224 ipsam
1431 1149 1855 1209 Eucharistiam
1900 1169 2027 1210 esse
2074 1151 2444 1226 adorandam,
2488 1151 2649 1230 quod
2688 1171 2793 1212 vo·

377 1229 505 1289 lunt
535 1225 843 1287 Pontificii.
927 1231 982 1285 2.
1031 1227 1092 1286 Si
1135 1226 1322 1305 major
1359 1229 1713 1302 conceditur,
1742 1230 1885 1289 dicit
1910 1239 2133 1288 tantum
2166 1230 2476 1305 Christum,
2518 1233 2617 1291 ubi
2646 1253 2791 1310 prm·

380 1329 510 1368 sens
546 1316 652 1382 est,
683 1326 811 1366 esse
839 1305 1213 1366 adorandum.
1281 1308 1398 1368 Sed
1426 1327 1544 1368 non
1571 1311 1767 1368 statim
1796 1309 1931 1368 inde
1958 1319 2151 1388 potest
2176 1310 2325 1384 elici,
2360 1311 2507 1369 illud
2534 1331 2705 1370 omne
2732 1312 2795 1371 in

380 1409 494 1468 quo
519 1407 774 1466 praesens
801 1394 908 1460 est,
959 1407 1086 1448 esse
1113 1387 1488 1464 adorandum,
1533 1389 1616 1448 sic
1659 1391 1813 1448 enim
1846 1390 2062 1467 pariter
2086 1389 2415 1448 ratiocinari
2456 1409 2791 1467 possemus3

383 1470 642 1530 Christus
681 1469 742 1526 in
783 1468 1026 1546 praesepi
1061 1469 1264 1546 jacens
1305 1469 1635 1530 adorandus
1685 1469 1809 1546 fuit,
1854 1489 1995 1548 ergo
2024 1479 2083 1529 et
2109 1470 2299 1547 ipsum
2340 1489 2614 1549 praesepe.
2696 1471 2793 1530 Sic

379 1569 575 1609 omnes
599 1548 804 1609 fideles
831 1548 892 1606 in
920 1549 1132 1625 quibus
1157 1549 1380 1609 habitat
1409 1551 1691 1626 Christus,
1723 1558 1783 1610 et
1810 1552 2149 1630 quibuscum
2182 1551 2381 1610 intime
2412 1550 2624 1626 unitur,
2656 1551 2791 1610 ado·

377 1631 542 1689 randi
569 1639 777 1705 essent,
806 1628 926 1688 imo
968 1639 1027 1688 et
1066 1639 1344 1692 creaturas
1382 1649 1581 1691 omnes
1609 1651 1741 1709 quas
1782 1633 1844 1690 in
1884 1633 2009 1710 ipso
2054 1632 2395 1692 subsistunt.
2480 1631 2567 1690 At
2594 1651 2793 1708 quem·

376 1711 685 1770 admodum
743 1710 884 1769 olim
933 1710 1212 1770 Israiilitae
1260 1731 1453 1770 coram
1508 1731 1644 1770 arca
1695 1711 2031 1788 adorabant,
2089 1713 2227 1790 quia
2292 1711 2621 1790 symbolum
2672 1722 2797 1773 erat

377 1792 644 1870 gratiosae
686 1791 800 1850 Dei
843 1791 1184 1867 prasentia,
1217 1789 1322 1852 sed
1361 1811 1552 1850 arcam
1593 1793 1779 1871 ipsam
1824 1813 1943 1852 non
1986 1791 2305 1852 adorabant
2342 1803 2551 1868 tamen,
2592 1813 2795 1854 verum

377 1873 594 1932 cultum
621 1890 790 1931 suum
819 1869 1149 1948 dirigebant
1175 1870 1250 1930 ad
1273 1873 1480 1947 Deum,
1511 1874 1572 1930 in
1591 1874 1853 1933 externis
1872 1873 2033 1933 hisce
2062 1874 2361 1950 symbolis,
2394 1874 2645 1952 gratiose
2668 1894 2797 1934 sese

376 1953 855 2025 manifestantem,
901 1952 984 2010 ita
1011 1951 1276 2012 Christus
1304 1953 1364 2011 in
1395 1951 1777 2012 Eucharistiae
1818 1973 1929 2014 usu
1972 1953 2301 2014 adorandus
2342 1964 2447 2030 est,
2480 1954 2583 2014 sed
2610 1955 2799 2013 honor

375 2043 433 2094 et
457 2033 650 2094 cultus
677 2031 1032 2091 adorationis
1051 2033 1308 2092 externis
1339 2033 1620 2112 symbolis
1649 2053 2013 2112 nequaquam
2043 2033 2253 2094 deferri
2276 2033 2465 2094 debet.
2510 2037 2567 2094 3.
2599 2034 2795 2094 Minor

375 2115 548 2174 etiam
574 2113 720 2173 falsa
748 2121 838 2172 est
867 2131 1040 2172 sensu
1071 2111 1394 2189 Pontificio,
1439 2114 1708 2191 quamvis
1736 2115 1889 2173 enim
1928 2135 2045 2174 non
2086 2135 2365 2192 negemus
2395 2114 2611 2173 Christi
2650 2135 2793 2192 prm·

375 2195 618 2254 sentiam
645 2195 772 2272 ejus
801 2193 1156 2270 corporalem
1185 2194 1295 2253 sub
1338 2193 1641 2272 speciebus
1662 2195 1829 2272 panis
1870 2203 1931 2254 et
1957 2195 2097 2270 vini,
2130 2194 2235 2254 sed
2276 2213 2433 2274 mere
2472 2213 2795 2254 sacramen-

369 2275 540 2334 talem
559 2283 620 2334 et
646 2273 1020 2352 spiritualem,
1051 2294 1182 2351 qum
1208 2293 1326 2334 non
1353 2274 1546 2333 minus
1565 2275 1779 2334 realem
1806 2275 2265 2335 communionem
2294 2273 2467 2334 infert
2492 2294 2623 2334 cum
2650 2275 2799 2354 ipso.

377 2355 546 2416 Unde
573 2373 764 2431 neque
791 2353 903 2414 hoc
929 2363 1197 2432 respectu
1220 2362 1414 2433 potest
1440 2355 1536 2413 vel
1564 2355 1739 2415 debet
1766 2355 2013 2416 adorari.

453 2435 636 2494 XIV.
685 2435 802 2494 Sed
847 2435 960 2494 hoc
999 2435 1190 2512 ipsum
1239 2435 1452 2494 clarius
1495 2444 1585 2496 est
1633 2435 2161 2497 demonstrandum.
2223 2435 2325 2496 Ad
2364 2436 2608 2497 alterum
2637 2437 2789 2497 enim

363 2517 488 2594 jam
535 2515 876 2576 devenimus
924 2525 1098 2593 caput
1144 2514 1486 2575 idololatriae
1537 2517 1751 2576 Pontis.
1795 2513 1857 2576 in
1905 2526 2277 2594 sacramente,
2350 2526 2635 2596 quatenus
2678 2537 2795 2577 non

371 2606 596 2656 tantum
653 2595 874 2674 species
917 2605 1186 2655 externas
1231 2595 1457 2654 adorari
1506 2597 1730 2672 volunt,
1776 2597 1879 2657 sed
1927 2617 2133 2675 panem
2176 2599 2365 2675 ipsum
2422 2598 2551 2656 loco
2581 2597 2795 2656 Christi

371 2677 646 2754 adorant3
691 2697 810 2754 quo
847 2675 1080 2736 nomine
1111 2695 1210 2735 eos
1251 2684 1318 2737 ut
1479 2677 1675 2759 λοίτςις
1716 2678 1923 2736 merito
1959 2675 2316 2736 damnamus.
2402 2677 2535 2735 Hoc
2561 2696 2701 2734 vero
2730 2688 2794 2737 ut

371 2759 724 2828 evincamus,
771 2757 1040 2817 nolumus
1073 2759 1197 2836 jam
1245 2758 1397 2834 pluri
1438 2777 1506 2817 us
1549 2758 1905 2836 argumentis
1946 2765 2341 2834 portentosum
2371 2755 2791 2814 Transubstan-

371 2838 628 2898 tiationis
685 2837 1041 2914 figmentum,
1101 2837 1194 2896 cui
1240 2857 1492 2896 errorem
1551 2837 1707 2896 hunc
1762 2833 2313 2914 periculosissimum
2372 2841 2791 2910 superstruunt,

373 2927 648 2992 evertere,
691 2915 850 2995 quod
889 2918 964 2975 ad
1011 2918 1185 2976 aliam
1227 2917 1603 2994 quaestionem
1646 2916 1910 2993 pertinet,
1956 2925 2015 2974 et
2056 2914 2195 2972 alibi
2236 2913 2383 2972 forte
2411 2933 2487 2972 ex
2514 2913 2790 2990 professe,

374 3000 422 3058 si
453 3000 616 3058 Deus
641 2996 884 3072 dederit,
913 2995 1270 3058 tractabitur.
1358 2997 1493 3055 Una
1519 3015 1673 3054 nunc
1702 2993 1954 3071 quidem,
1984 2991 2061 3052 ad
2086 2993 2171 3052 rei
2198 2992 2271 3053 de
2300 3013 2415 3071 qua
2442 2993 2635 3071 agitur
2660 3014 2789 3072 pro·

373 3079 684 3148 bafionem,
713 3079 862 3137 ratio
904 3079 1072 3138 nobis
1101 3077 1362 3137 sufficiet.
1415 3075 1526 3150 Qui
1555 3095 1763 3152 panem
1791 3075 1919 3134 loco
1964 3075 2179 3134 Christi
2228 3074 2485 3150 adorant,
2532 3073 2630 3149 illi,
2668 3075 2795 3135 veri

375 3168 508 3218 sunt
532 3160 884 3242 ὶςτολιίτςιις
935 3158 1096 3236 atqui
1142 3159 1254 3217 hoc
1281 3165 1558 3236 praestant
1588 3153 1920 3216 Pontificii:
1950 3175 2109 3234 ergo.
2140 3155 2273 3216 Hoc
2300 3165 2493 3217 autem
2518 3177 2617 3216 eos
2646 3177 2790 3236 prae-

377 3249 524 3298 stare
569 3239 810 3298 dubium
852 3259 979 3298 esse
1023 3259 1140 3298 non
1187 3247 1394 3316 potest,
1443 3237 1493 3296 si
1539 3237 1719 3296 semel
1768 3238 2107 3312 constiterit,
2140 3238 2431 3298 Christum
2471 3237 2533 3296 in
2562 3237 2792 3298 Eucha-

374 3321 535 3379 ristia
577 3339 682 3398 per
705 3339 978 3394 moun-mr,
1011 3325 1078 3379 ut
1103 3319 1349 3396 fingunt,
1382 3317 1759 3396 corporaliter
1802 3328 1861 3378 et
1903 3339 2007 3396 per
2050 3315 2445 3379 indistantiam
2492 3319 2604 3378 loci
2647 3339 2791 3396 proe·

287 3415 296 3422 ·
375 3411 598 3460 sentem
640 3419 770 3459 esse
815 3419 934 3459 non
982 3419 1186 3478 posse;
1231 3398 1390 3476 quod
1431 3409 1498 3458 ut
1545 3417 1623 3458 ex
1666 3399 1795 3457 aliis
1839 3399 2055 3475 multis,
2108 3399 2189 3458 ita
2236 3419 2312 3458 ex
2359 3401 2453 3458 his
2492 3401 2793 3478 perspicue

375 3479 756 3540 demonstrari
803 3489 1012 3557 potest.
1067 3484 1142 3538 1⁰·
1195 3479 1344 3554 Quia
1391 3477 1526 3538 talis
1568 3479 1881 3556 praesentia
1934 3489 2221 3557 repugnat
2273 3481 2500 3539 veritati
2538 3481 2794 3554 corporis

379 3561 605 3636 Chresti,
664 3561 820 3638 quod
865 3559 1095 3620 finitum
1123 3579 1252 3619 cum
1285 3559 1376 3634 sit,
1421 3567 1479 3618 et
1508 3556 2019 3637 circumscriptum,
2052 3560 2284 3620 unicum
2334 3569 2557 3618 tmitum
2600 3561 2791 3617 locum

375 3641 636 3700 obtinere
663 3649 872 3718 potest,
903 3661 1012 3700 nec
1053 3641 1176 3699 sine
1219 3639 1771 3700 contradictionibus
1813 3640 2011 3698 multis
2038 3641 2135 3698 vel
2162 3641 2376 3716 ubique
2404 3639 2499 3696 vel
2528 3637 2793 3714 pluribus

375 3721 434 3779 in
478 3721 625 3781 locis
675 3719 848 3780 simul
895 3730 956 3780 et
999 3720 1178 3780 semel
1299 3738 1328 3777 r
1372 3720 1725 3796 corporalem
1755 3720 2118 3798 prmsentiam
2164 3739 2292 3778 esse
2320 3719 2625 3777 statuitur:
2684 3737 2793 3776 nec

375 3801 670 3876 exaltatio,
721 3821 852 3879 quae
880 3801 1126 3879 gloriam
1173 3800 1192 3859 i
1239 3801 1260 3858 i
1302 3799 1480 3875 dedit,
1527 3808 1794 3859 naturam
1849 3809 2043 3860 tamen
2087 3797 2345 3858 abstulit.
2390 3801 2447 3855 2.
2480 3797 2794 3874 Repugnat

373 3882 688 3943 ascensioni
708 3881 884 3960 {paim
911 3883 970 3940 in
999 3881 1226 3955 eoelum,
1257 3879 1358 3938 ubi
1371 3881 1494 3957 jam
1525 3889 1612 3940 est
1630 3881 1991 3957 quarendus,
2014 3880 2233 3938 Coloss.
2265 3877 2347 3935 iii.
2381 3879 2432 3953 1,
2465 3881 2520 3949 2,
2552 3886 2610 3935 et
2638 3877 2793 3936 unde

370 3961 484 4022 nisi
525 3962 602 4022 ad
634 3961 922 4041 judicium
948 3962 1238 4021 rediturus
1286 3968 1393 4035 est,
1427 3960 1561 4020 Act.
1592 3961 1674 4020 iii.
1706 3963 1803 4020 21.
1881 3964 1937 4020 3.
1984 3959 2296 4037 Repugnat
2336 3957 2563 4016 veritati
2584 3977 2785 4016 saera-

373 4044 557 4118 menti,
588 4063 718 4120 quae
747 4044 901 4120 signi
929 4041 1154 4102 externi
1201 4041 1580 4118 praesentiam,
1611 4062 1729 4100 non
1756 4039 2205 4101 destructionem
2234 4047 2293 4098 et
2318 4035 2792 4096 annihilationem

376 4123 634 4200 requirit.
694 4127 752 4182 4.
787 4123 1110 4183 Οοηάἰείοηί
1145 4131 1200 4180 et
1237 4130 1461 4180 nawroe
1487 4122 1873 4196 accidentium,
1918 4139 2047 4196 quae
2084 4119 2179 4177 hic
2208 4125 2541 4177 statuuntur
2566 4125 2791 4177 contra-

376 4202 616 4263 dictorie
663 4204 790 4262 sine
839 4203 1116 4281 subjecte,
1169 4221 1301 4260 cum
1329 4201 1645 4261 accidentis
1692 4209 1886 4260 tamen
1914 4199 2061 4257 ratio
2090 4197 2345 4257 formalis
2386 4197 2561 4275 juxta
2588 4219 2791 4260 omncs

373 4281 750 4362 philosophos
793 4284 870 4344 sit
895 4281 1250 4358 inhaerentia,
1295 4292 1353 4341 et
1394 4301 1522 4342 esse
1567 4281 1801 4340 illorum
1830 4279 1905 4339 sit
1932 4279 2139 4338 inesse.
2223 4280 2277 4338 5.
2301 4279 2630 4357 Scriptura,
2662 4300 2793 4358 qum

373 4381 581 4441 panem
625 4373 686 4424 et
739 4364 939 4423 vinum
967 4364 1142 4422 etiam
1191 4371 1324 4440 post
1365 4361 1854 4422 consecrationem
1904 4359 2017 4418 ista
2066 4360 2333 4436 symbola
2362 4371 2549 4434 vocat,
2576 4361 2793 4421 Mattb.

372 4445 536 4503 xxvi.
569 4447 666 4504 29.
753 4447 790 4478 “
814 4444 947 4503 Non
986 4444 1182 4502 bibam
1223 4442 1299 4502 ab
1339 4443 1451 4502 hoc
1492 4451 1749 4518 tempore
1791 4459 1866 4500 ex
1908 4439 2019 4498 hoc
2046 4440 2337 4516 genimine
2365 4442 2561 4515 vitis,”
2606 4441 2795 4519 inquit

373 4523 655 4586 Christus.
686 4525 832 4584 Erat
859 4533 1050 4584 tamen
1078 4525 1278 4582 vinum
1301 4531 1715 4596 consecratum,
1746 4521 1831 4581 sic
1854 4519 2089 4596 PauluS,
2126 4525 2153 4581 1
2172 4523 2427 4582 Corinth.
2452 4523 2533 4582 xi.
2565 4525 2661 4595 26,
2693 4525 2789 4580 28.

373 4605 410 4638 “
433 4604 900 4683 Quotiescunque
927 4603 1162 4665 ederitis
1182 4623 1389 4681 panem
1407 4603 1580 4679 hunc,
1601 4609 1661 4662 et
1686 4601 1959 4680 poculum
1986 4602 2097 4662 hoc
2116 4602 2397 4678 biberitis,
2429 4601 2536 4661 &a
2586 4603 2793 4678 Itaque
