3234 5192
248 346 485 389 msrur.
516 328 669 409 κη]
876 344 955 385 nn
984 340 1475 385 sanstae-rioms
1504 342 1754 387 cumsrr
1780 344 2098 389 mamre.
2545 336 2662 395 657

246 488 561 549 accendere
582 492 611 549 ’τ’
667 488 883 547 Annon
924 487 1119 565 potius
1158 482 1433 547 continuo
1470 486 1875 548 obversabitur
1900 489 2068 548 nobis
2097 510 2270 568 quam
2299 492 2660 554 tremendum

248 572 327 629 sit
353 569 413 629 in
442 590 647 630 manus
680 568 791 629 Dei
820 567 1071 627 viventis
1099 566 1368 642 incidere,
1404 566 1557 626 Heb.
1586 586 1648 626 x.
1679 568 1776 628 31.
1835 572 1890 629 6.
1931 570 2032 627 Ab
2059 573 2272 630 amoris
2299 575 2478 631 divini
2501 596 2658 652 maq-

244 652 515 725 m‘tudine,
546 670 681 709 nam
710 650 759 709 si
788 649 885 707 ille
912 655 1076 707 tanto
1103 666 1209 707 nos
1236 666 1431 707 amore
1460 656 1549 707 est
1574 657 1932 725 prosecutus,
1971 658 2039 709 ut
2065 670 2172 709 nec
2202 652 2378 711 Pater
2404 653 2525 711 filio
2553 674 2658 731 pro

246 731 417 789 nobis
444 750 695 808 parcere,
740 748 848 789 nec
884 728 1039 787 filius
1080 736 1325 787 mortem
1352 728 1545 787 subire
1572 729 1869 804 recusarit,
1913 738 1972 789 et
2011 730 2248 807 quidem
2291 732 2655 811 dirissimam,

246 828 439 869 annon
478 830 707 889 oequum
748 817 837 869 est
876 816 945 867 ut
980 816 1099 867 tam
1135 808 1453 885 benignum
1484 806 1932 887 Redemptorem
1957 830 2062 888 pro
2091 811 2248 870 virili
2275 812 2654 893 redamemus,

246 899 306 949 et
334 891 384 949 si
412 891 527 949 alia
554 892 615 949 in
641 910 703 950 re
730 910 849 949 non
876 908 1200 967 possumus,
1230 888 1293 946 in
1320 889 1430 948 hac
1458 888 1664 947 saltem
1693 888 2106 965 gratitudinem
2131 900 2390 951 nostram
2417 894 2656 953 exhibe-

246 990 411 1030 amus
430 973 459 1030 ⁸?
548 972 681 1030 Hoc
730 977 899 1047 urget
942 968 1176 1044 Paulus,
1219 972 1256 1027 2
1286 970 1417 1028 Cor.
1447 988 1505 1027 v.
1540 972 1632 1044 14,
1687 973 1724 1003 ‘⁴
1745 968 2012 1029 Charitas
2055 972 2270 1031 Christi
2313 973 2660 1051 constringit

244 1070 370 1127 nos,
400 1059 469 1111 ut
494 1051 597 1129 qui
622 1052 733 1109 hoc
762 1049 1147 1125 statuerimus,
1178 1048 1228 1107 si
1256 1068 1405 1108 unus
1433 1067 1537 1127 pro
1566 1049 1834 1109 omnibus
1861 1059 2124 1111 mortuus
2151 1060 2256 1127 est,
2297 1052 2431 1112 illos
2457 1072 2659 1114 omnes

245 1139 503 1189 mortuos
524 1150 651 1190 esse
678 1138 739 1189 et
764 1130 929 1189 illum
948 1148 1053 1207 pro
1076 1128 1342 1187 omnibus
1362 1137 1654 1188 mortuum
1675 1148 1820 1205 esse,
1843 1139 1910 1190 ut
1929 1132 2031 1209 qui
2053 1132 2260 1191 vivunt
2279 1134 2520 1211 posthac
2541 1154 2658 1193 non

246 1210 361 1268 sibi
388 1212 609 1285 vivant,
652 1210 755 1269 sed
784 1210 838 1268 ei
864 1210 967 1287 qui
994 1228 1097 1286 pro
1126 1208 1269 1287 ipsis
1296 1218 1559 1269 mortuus
1585 1216 1646 1268 et
1673 1210 1986 1269 suscitatus
2014 1212 2163 1271 est.”
2246 1213 2404 1272 Hinc
2431 1214 2656 1292 colligi·

245 1298 343 1349 tur
383 1290 833 1351 satisfactionem
864 1288 1080 1349 Christi
1098 1308 1215 1347 non
1244 1308 1371 1347 esse
1400 1289 1714 1367 impietatis
1743 1298 1801 1350 et
1824 1291 2199 1368 negligentiae
2227 1292 2513 1369 pulvinar,
2555 1293 2658 1353 sed

244 1370 567 1430 sanctitatis
608 1369 1065 1429 efficacissimum
1106 1368 1407 1444 motivum,
1448 1378 1508 1429 et
1544 1370 1930 1447 spiritualium
1971 1372 2302 1430 morborum
2330 1381 2658 1433 nostrorum
2733 1418 2744 1425 -

244 1451 555 1509 salutarem
598 1450 962 1525 medicinam,
1006 1458 1131 1509 tum
1172 1451 1467 1523 εἰλιξάωικη
1505 1468 1610 1526 per
1654 1470 1828 1527 quam
1871 1460 2109 1529 peccata
2150 1460 2350 1511 nostra
2385 1462 2662 1514 curantur

240 1538 305 1589 et
330 1530 686 1609 auferuntur,
726 1539 851 1590 tum
894 1535 1303 1611 ηοφυλατιιὶυ
1339 1549 1445 1609 per
1486 1550 1662 1608 quam
1704 1530 1898 1589 futura
1939 1541 2342 1609 praecaventur
2380 1540 2440 1593 et
2479 1533 2658 1613 impe-

242 1610 501 1671 diuntur.

328 1690 553 1749 XXX.
608 1690 860 1750 Tantum
908 1690 1073 1749 abest
1118 1710 1258 1768 crgo
1304 1696 1373 1749 ut
1419 1708 1495 1750 ex
1546 1689 1844 1750 Positione
1891 1690 2083 1749 meriti
2137 1698 2198 1751 ct
2251 1692 2661 1754 satisfactionis

244 1772 463 1831 Christi
503 1770 817 1831 debeamus
858 1771 1115 1848 argutari
1156 1770 1232 1829 ad
1272 1771 1640 1848 negationem
1683 1770 2028 1830 obedientias
2071 1780 2129 1831 et
2169 1772 2494 1832 sanctitatis
2526 1792 2660 1852 pro·

244 1853 401 1929 prise,
446 1860 513 1911 ut
554 1860 755 1911 contra
796 1851 910 1910 duo
944 1852 1057 1910 ista
1084 1850 1431 1911 amicissime
1458 1852 1792 1930 conspirent
1819 1860 1878 1910 et
1904 1850 2210 1911 individuo
2235 1872 2394 1912 nexu
2421 1854 2573 1913 inter
2599 1874 2662 1914 sc

244 1932 606 2009 copulentur.
693 1932 893 1990 Posita
933 1932 1167 2008 quidem
1211 1931 1601 1991 satisfactione
1633 1930 1847 1990 Christi
1874 1950 1979 2008 pro
2007 1931 2192 2008 nobis,
2223 1942 2424 1991 nostra
2449 1935 2661 1995 sancti·

246 2020 365 2071 tate
394 2011 682 2089 personali
711 2012 953 2069 bonisve
982 2010 1253 2089 operibus
1280 2030 1398 2068 non
1426 2018 1517 2070 est
1542 2029 1689 2088 opus
1715 2017 1782 2069 ut
1809 2010 1988 2069 vitam
2019 2020 2293 2071 aeternam
2320 2032 2658 2091 mereamur,

244 2099 307 2150 et
348 2110 417 2149 eo
460 2110 633 2149 sensu
664 2090 881 2167 passim
908 2097 1279 2149 removentur
1302 2109 1340 2147 a
1364 2090 1601 2166 negotio
1633 2089 1836 2148 salutis
1863 2097 2138 2166 tanquam
2169 2092 2432 2169 opposita
2459 2094 2662 2169 gratiae

244 2178 308 2229 et
334 2169 539 2228 merito
569 2169 801 2243 Christi,
836 2170 1007 2227 Rom.
1036 2169 1117 2227 xi.
1149 2171 1204 2243 6,
1238 2168 1388 2245 Eph.
1418 2168 1477 2227 ii.
1511 2172 1568 2244 7,
1592 2168 1652 2243 8,
1685 2170 1722 2226 9
1747 2190 1761 2245 ;
1807 2168 1910 2227 sed
1937 2170 2010 2229 iis
2037 2178 2232 2228 tamen
2261 2190 2488 2248 semper
2513 2192 2660 2251 opus

244 2258 338 2309 est
380 2258 446 2308 ut
490 2249 694 2309 salutis
740 2248 1036 2326 acquisitae
1076 2248 1499 2326 possessionem
1548 2248 1841 2324 adeamus,
1891 2258 1952 2308 et
1993 2270 2062 2309 eo
2104 2258 2374 2328 respectu
2415 2252 2661 2312 subinde

247 2329 570 2389 sanctitatis
612 2336 671 2389 et
708 2328 991 2387 bonorum
1020 2348 1258 2405 operum
1286 2328 1562 2389 asseritur
1588 2329 1922 2405 necessitas,
1955 2330 2104 2408 Eph.
2135 2330 2196 2389 ii.
2232 2334 2324 2406 10,
2371 2331 2525 2397 Heb.
2557 2334 2660 2393 xii.

252 2414 345 2469 14.
406 2410 577 2471 Unde
612 2410 909 2487 Scriptura
934 2406 1151 2487 passim
1179 2428 1256 2467 ex
1282 2408 1678 2487 redemptione
1703 2428 1836 2487 quae
1865 2418 1955 2470 est
1981 2410 2040 2468 in
2073 2410 2319 2487 Christo,
2365 2420 2426 2471 et
2463 2422 2664 2473 nostra

245 2510 351 2569 per
382 2490 572 2569 ipsum
600 2491 643 2551 J
648 2490 1031 2550 ustificatione
1060 2489 1330 2568 gratuita,
1366 2489 1791 2550 efficacissimas
1833 2490 2266 2551 adhortationes
2305 2494 2547 2553 arcessit
2587 2495 2663 2553 ad

244 2572 573 2632 sanctitatis
617 2580 677 2631 et
720 2572 1003 2630 bonorum
1046 2590 1283 2649 operum
1328 2571 1686 2647 exercitium,
1719 2570 1832 2629 Tit.
1863 2570 1922 2630 ii.
1958 2575 2048 2647 12,
2085 2574 2177 2647 13,
2212 2571 2305 2648 14,
2355 2576 2384 2631 1
2419 2574 2548 2633 Cor.
2579 2575 2659 2633 vi.

247 2656 343 2729 20,
374 2656 412 2711 2
438 2652 566 2711 Cor.
596 2672 656 2711 v.
691 2654 783 2727 14,
815 2650 924 2711 Sto.
1002 2650 1305 2727 Quomodo
1350 2670 1490 2727 ergo
1534 2670 1902 2728 perseverare
1945 2652 2158 2727 poterit
2201 2652 2262 2709 in
2306 2654 2560 2730 peccatis
2603 2664 2663 2713 et

245 2734 544 2810 negligere
573 2732 803 2810 pietatis
832 2730 1088 2791 studium
1116 2732 1217 2809 qui
1246 2730 1696 2789 satisfactionem
1723 2730 1896 2788 istam
1924 2750 1960 2787 a
1987 2730 2217 2789 Christo
2244 2750 2349 2808 pro
2377 2752 2440 2791 se
2467 2742 2526 2791 et
2555 2754 2660 2792 suo

244 2812 375 2871 loco
402 2812 718 2889 prestitam
746 2830 1085 2887 persuasum
1113 2809 1369 2883 habebit,
1414 2828 1545 2868 cum
1584 2809 1748 2866 nulla
1774 2828 1908 2885 pars
1935 2810 2008 2867 iis
2035 2819 2326 2887 competat
2352 2810 2414 2868 in
2441 2812 2662 2872 Christi

246 2892 653 2950 Satisfactione
682 2890 781 2967 qui
810 2890 1083 2949 nuncium
1112 2896 1350 2965 peccato
1376 2906 1495 2946 non
1522 2888 1841 2961 remittunt,
1885 2895 1944 2946 et
1981 2907 2149 2947 nemo
2187 2890 2314 2966 ejus
2359 2889 2484 2948 fieri
2525 2911 2658 2968 pos-

242 2971 322 3029 sit
362 2970 651 3048 particeps
691 2969 806 3027 nisi
844 2988 947 3045 per
988 2968 1431 3045 applicationem
1457 2987 1613 3027 verae
1642 2976 1702 3027 et
1729 2966 1882 3024 vivae
1909 2966 2062 3041 fidei,
2093 2968 2260 3045 cujus
2289 2988 2481 3027 comes
2509 2970 2658 3030 indi-

242 3050 415 3110 vulsa
454 3056 545 3109 est
585 3047 736 3107 seria
774 3048 1189 3125 resipiscentia,
1232 3048 1454 3107 fructus
1490 3055 1684 3107 certus
1711 3046 1962 3105 charitas
2003 3055 2064 3106 et
2105 3048 2358 3107 studium
2405 3050 2654 3130 pietatis,

244 3131 381 3189 Gal.
412 3149 471 3187 v.
502 3130 539 3187 5
590 3131 627 3188 6
644 3132 673 3188 Ρ

326 3174 587 3268 XXXl.
634 3208 877 3267 Frustra
917 3207 1014 3266 hic
1059 3206 1367 3266 cavillatur
1404 3206 1715 3267 Volkelius
1759 3206 1834 3266 ad
1875 3207 2322 3285 applicationem
2370 3210 2508 3271 fidei
2555 3212 2657 3272 de-

244 3289 597 3367 struendam,
626 3286 667 3347 l.
694 3308 753 3347 v.
782 3309 831 3348 c.
863 3290 959 3365 21,
992 3286 1193 3347 Posita
1214 3288 1429 3346 Christi
1459 3286 1868 3347 Satisfactione
1895 3288 2059 3348 nulla
2085 3290 2202 3348 alia
2229 3310 2375 3368 opus
2403 3312 2530 3351 esse
2558 3312 2656 3373 ap-

244 3372 555 3449 plicatione
581 3378 791 3449 praeter
818 3387 945 3428 eam
966 3386 1139 3445 quam
1164 3386 1260 3427 res
1289 3368 1415 3447 ipsa
1440 3388 1638 3428 secum
1667 3368 1794 3429 fert.
1855 3370 1892 3401 “
1910 3368 2412 3445 Quemadmodum
2441 3372 2655 3449 enim,”

244 3452 451 3529 inquit,
498 3453 535 3484 ‘⁴
558 3471 688 3510 cum
723 3468 827 3528 pro
868 3449 1063 3525 aliquo
1099 3447 1291 3525 reipsa
1317 3449 1569 3507 solutum
1599 3458 1690 3507 est
1716 3448 1993 3525 debitum,
2033 3450 2120 3509 nil
2146 3471 2292 3528 opus
2317 3460 2408 3511 est
2433 3461 2502 3512 ut
2528 3472 2656 3512 eam

244 3531 592 3593 solutionem
620 3530 848 3589 debitor
876 3528 988 3587 sibi
1016 3528 1269 3607 applicet
1294 3529 1345 3587 si
1373 3548 1408 3587 a
1436 3528 1633 3588 debito
1661 3529 1894 3588 liberari
1923 3530 2082 3605 velit,
2125 3532 2265 3607 quia
2291 3532 2342 3589 is
2369 3532 2464 3590 cui
2501 3533 2658 3593 solu-

242 3620 368 3670 tum
396 3620 502 3685 est,
547 3620 785 3689 accepta
824 3608 899 3667 ab
940 3608 1123 3667 altero
1166 3609 1468 3686 solutione,
1508 3610 1634 3687 jam
1659 3628 1777 3669 non
1806 3618 1998 3687 potest
2023 3610 2098 3669 ab
2125 3630 2194 3669 eo
2223 3611 2480 3670 debitum
2509 3612 2660 3672 illud

232 3692 369 3768 jure
396 3691 673 3767 exigere:
714 3690 799 3749 sic
826 3708 957 3749 cum
990 3690 1116 3747 Deo
1155 3688 1389 3767 pietatis
1432 3688 1618 3747 officia
1659 3689 1872 3748 fuerint
1897 3690 2040 3749 ·loco
2081 3698 2281 3749 nostro
2314 3692 2572 3768 praestita
2597 3702 2658 3752 et

242 3771 553 3849 persoluta,
598 3790 714 3828 non
751 3777 945 3847 potest
970 3769 1022 3828 is
1050 3768 1251 3828 eadem
1280 3788 1315 3827 a
1340 3769 1509 3828 nobis
1536 3768 1682 3847 ipsis
1708 3770 1960 3847 exigere,
1991 3768 2096 3829 sed
2122 3770 2304 3847 ipsius
2324 3772 2570 3848 justitias
2597 3782 2658 3833 et

240 3851 533 3928 aequitatis
559 3850 622 3909 vi
658 3850 977 3927 impellitur
1002 3849 1079 3908 ad
1106 3848 1323 3908 Christi
1356 3849 1646 3927 justitiam
1687 3849 1857 3908 nobis
1897 3849 2316 3927 applicandam,
2361 3860 2420 3910 et
2445 3870 2554 3910 nos
2579 3853 2654 3911 ab

238 3931 445 3990 eadem
483 3930 813 3990 obedientia
836 3929 1169 4008 praestanda
1192 3929 1407 3989 liberos
1434 3928 1960 4008 pronunciandos.¹’
2045 3930 2240 4008 Resp.‚
2273 3930 2422 3989 Nam
2455 3934 2508 3991 1.
2537 3952 2654 3993 non

238 4019 361 4070 tam
388 4012 485 4071 hic
513 4012 571 4069 in
598 4019 793 4088 partes
814 4028 1092 4069 vocamur
1111 4030 1283 4088 quam
1312 4010 1441 4087 ipsa
1465 4008 1762 4087 Scriptura
1787 4029 1918 4086 quae
1945 4010 2159 4087 passim
2187 4010 2361 4069 fidem
2389 4014 2658 4091 proponit

239 4100 519 4168 tanquam
562 4091 1009 4150 instrumentum
1056 4090 1471 4169 applicativum
1520 4090 1929 4149 beneficiorum
1976 4090 2207 4166 Christi,
2257 4098 2317 4149 et
2365 4092 2490 4150 sine
2539 4113 2653 4170 quo

244 4171 509 4231 Christus
542 4170 691 4229 nihil
716 4171 969 4249 prodest,
1000 4170 1085 4229 sic
1115 4172 1283 4229 Rom.
1314 4170 1395 4229 iii.
1426 4173 1523 4245 24,
1554 4172 1652 4245 25,
1699 4172 1736 4203 “
1759 4169 2021 4229 Christus
2049 4170 2474 4247 placamentum
2501 4172 2653 4232 ordi·

240 4258 414 4311 natur
440 4272 476 4311 a
505 4252 691 4325 De0‚'’
724 4250 830 4311 sed
860 4254 895 4285 “
917 4270 1021 4329 per
1046 4251 1221 4309 fidem
1250 4250 1311 4309 in
1340 4250 1624 4328 sanguine
1651 4250 1794 4327 ejus,
1825 4259 1892 4309 ut
1917 4250 2042 4326 ipse
2087 4251 2270 4310 'ustus
2300 4252 2376 4310 sit
2403 4260 2462 4311 et
2479 4254 2652 4330 justi·

240 4330 423 4391 ficans
463 4349 595 4391 eum
638 4332 739 4409 qui
781 4338 871 4391 est
910 4350 985 4389 ex
1024 4330 1141 4390 fide
1168 4331 1377 4405 Jesu,''
1408 4340 1468 4391 et
1494 4330 1572 4389 iv.
1608 4332 1703 4405 16,
1737 4332 1775 4363 ‘⁴
1798 4329 1907 4388 Est
1942 4349 2018 4387 ex
2098 4329 2168 4388 de
2197 4339 2264 4390 ut
2289 4331 2368 4390 sit
2393 4352 2498 4409 per
2523 4354 2654 4411 gra·

240 4410 441 4487 tiam,'’
472 4410 599 4487 &e.‚
646 4420 705 4470 et
733 4430 854 4470 ver.
884 4414 981 4486 23,
1013 4414 1109 4487 24,
1157 4414 1194 4444 “
1226 4410 1402 4478 Quod
1442 4418 1636 4469 autem
1678 4412 2022 4488 imputatum
2051 4418 2141 4469 est
2169 4411 2326 4471 eiad
2346 4412 2652 4493 justitiam,

242 4511 360 4550 non
387 4500 613 4553 tantum
644 4492 920 4569 scriptum
946 4499 1035 4551 est
1061 4500 1294 4569 propter
1320 4491 1527 4569 ipsum,
1562 4489 1665 4549 sed
1695 4490 1866 4549 etiam
1893 4499 2128 4568 propter
2153 4510 2276 4569 nos,
2308 4492 2520 4570 quibus
2547 4495 2656 4554 im-

242 4573 561 4651 putabitur,
578 4571 749 4631 nobis
770 4571 991 4631 scilicet
1010 4570 1379 4633 credentibus
1406 4572 1465 4630 in
1496 4590 1627 4631 eum
1655 4570 1757 4649 qui
1785 4572 2090 4632 suscitavit
2115 4592 2152 4633 a
2177 4572 2422 4633 mortuis
2447 4574 2658 4635 Jesum

2313 4658 2349 4712 2
2380 4672 2417 4712 'r
