3234 5192
528 355 646 411 154
1290 366 1371 405 m:
1398 363 1764 405 uscsssama
1797 363 2145 403 sscsssrons
2539 346 2802 426 [ms-Pur.
2834 369 2938 409 vu.

514 531 647 571 eum
677 510 979 581 collocant,
1003 515 1062 567 et
1108 508 1209 566 ubi
1250 506 1559 585 imperator
1594 505 1742 563 nihil
1783 504 1960 564 habet
2001 504 2198 581 juris?
2299 509 2354 565 3.
2403 506 2733 583 Imperium,
2777 509 2932 586 quod

513 592 926 649 revelationem
970 587 1319 647 Antichristi
1362 585 1640 663 impedire
1684 585 1902 660 debuit,
1953 584 2062 643 fuit
2105 592 2336 644 sextum
2383 594 2556 663 caput
2585 588 2799 647 Bestiae
2829 610 2930 650 seu

516 680 701 731 status
732 669 981 730 Romani
1008 668 1164 747 apud
1192 668 1235 726 J
1238 687 1501 725 oannem.
1608 666 1694 725 At
1720 665 2096 742 imperatores
2123 666 2264 724 novi
2291 686 2396 725 nee
2425 676 2560 725 sunt
2593 668 2783 745 capita
2812 670 2928 728 Ro-

512 752 671 813 mani
698 760 901 826 statuS,
932 749 1037 807 sed
1080 748 1429 821 Germanici,
1480 766 1587 804 πιθα
1623 754 1868 822 possunt
1911 744 2029 803 dici
2077 754 2309 804 sextum
2353 758 2540 823 caput,
2573 747 2680 805 sed
2705 756 2928 809 tantum

514 833 641 907 ejus
669 831 862 908 imago
891 828 1153 906 quaedam
1193 836 1252 886 et
1287 827 1509 901 umbra,
1555 846 1730 902 quam
1769 824 2022 889 secunda
2051 825 2268 900 Bestia,
2301 826 2362 884 id
2389 835 2478 885 est
2509 827 2922 904 Antichristus,

516 910 841 971 faciendam
882 918 1061 983 curat,
1092 908 1302 967 factam
1346 906 1581 980 animat,
1623 906 1932 963 animatam
1967 905 2130 981 loqui
2175 905 2332 964 facit.
2403 910 2461 964 4.
2491 906 2823 983 Imperium,
2855 910 2928 968 de

516 1012 632 1069 quo
660 991 919 1067 loquitur
947 988 1181 1063 Paulus,
1211 986 1589 1046 dividendum
1627 994 1750 1045 erat
1791 985 1852 1043 in
1893 985 2092 1043 decem
2120 1004 2347 1061 cornua,
2380 1006 2484 1045 seu
2509 986 2710 1045 decem
2738 1008 2926 1065 reges.

516 1074 603 1131 At
629 1090 847 1129 novum
875 1076 1097 1128 tautum
1126 1087 1244 1125 non
1271 1076 1376 1143 est,
1408 1074 1473 1126 ut
1498 1066 1560 1125 in
1586 1066 1788 1125 decem
1817 1073 2130 1142 segmenta,
2161 1085 2290 1142 quae
2317 1085 2498 1143 regna
2525 1065 2806 1145 dicantur,
2835 1069 2926 1127 di-

515 1150 641 1209 vidi
668 1157 875 1227 queat;
916 1169 1025 1208 nec
1053 1167 1307 1225 unquam
1336 1146 1760 1224 expectandum
1801 1152 1906 1220 est,
1939 1153 2002 1203 ut
2029 1165 2104 1203 ex
2133 1146 2257 1223 ejus
2285 1145 2570 1207 divisione
2607 1148 2808 1207 decem
2834 1170 2922 1207 re-

518 1251 623 1309 ges
652 1231 927 1291 oriantur.
988 1231 1043 1289 5.
1065 1228 1467 1307 Imperatores,
1498 1227 1571 1285 de
1599 1226 1811 1303 quibus
1859 1226 2199 1303 Apostolus,
2231 1225 2654 1287 Antichristum
2682 1248 2924 1307 praeces-

516 1320 730 1387 serunt,
761 1312 1002 1389 ejusque
1042 1308 1455 1368 revelationem
1490 1305 1932 1384 impediverunt,
1971 1306 2160 1384 iisque
2209 1306 2466 1365 succedit
2507 1307 2924 1385 Antichristus,

517 1392 770 1453 secunda
798 1391 1013 1466 Bestia,
1048 1389 1291 1467 Apocal.
1310 1388 1455 1464 xiii„
1479 1406 1708 1447 omnem
1725 1406 1922 1445 eorum
1945 1394 2289 1463 potestatem
2317 1406 2610 1447 exercens.·
2694 1389 2928 1448 Novum

515 1493 654 1533 vero
683 1472 987 1550 imperium
1027 1470 1221 1547 imago
1264 1477 1354 1529 est
1394 1468 1602 1546 prioris
1648 1467 1864 1526 Bestiae
1907 1466 2032 1525 sive
2077 1466 2304 1544 imperii
2347 1476 2408 1526 et
2447 1476 2633 1528 status
2661 1470 2927 1545 Romani,

516 1572 689 1631 quam
719 1550 1117 1611 Antichristus
1144 1549 1467 1608 faciendam
1494 1555 1674 1620 curat,
1705 1554 1764 1606 et
1790 1546 2000 1605 factam
2026 1546 2190 1624 loqui
2216 1546 2371 1607 facit.
2475 1548 2619 1608 Ideo
2647 1570 2716 1608 eo
2745 1550 2927 1608 omni·

515 1653 592 1691 no
622 1633 795 1691 debet
822 1650 947 1689 esse
974 1630 1279 1706 antiquior,
1310 1636 1511 1705 utpote
1539 1629 1669 1703 ejus
1695 1635 1913 1687 auctor.
1957 1630 2014 1686 6.
2060 1627 2351 1686 Pontificii
2377 1647 2496 1686 non
2520 1630 2706 1706 pauci,
2737 1630 2798 1688 vi
2827 1649 2926 1688 ve-

516 1712 704 1771 ritatis
724 1710 883 1785 victi,
915 1709 991 1769 ad
1017 1729 1123 1767 nos
1160 1709 1256 1767 hic
1283 1707 1581 1767 accedunt.
1665 1707 1856 1766 Faber
1887 1706 2265 1783 StapulensiS,
2301 1710 2338 1741 ‘⁴
2361 1708 2482 1768 Ubi
2507 1728 2678 1785 nunc,
2710 1729 2928 1787 quaeso,

519 1792 785 1851 Romana
824 1789 1157 1849 monarchia
1176 1792 1204 1846 ?
1286 1788 1407 1847 Ubi
1446 1787 1578 1865 quis
1618 1786 1681 1845 in
1723 1807 1792 1846 ea
1831 1787 2033 1846 mundi
2059 1788 2214 1865 regit
2239 1788 2512 1863 habenas,
2557 1811 2689 1849 eum
2730 1790 2928 1849 videa-

517 1892 647 1931 mus
674 1869 1022 1929 monarchiae
1050 1876 1223 1945 caput
1250 1868 1324 1927 ab
1352 1887 1422 1927 ea
1448 1866 1768 1925 deficere?''
1869 1867 1950 1926 Et
1979 1867 2239 1927 Salmero
2286 1870 2543 1929 omnium
2592 1870 2925 1946 clarissime,

518 1954 555 1985 “
576 1950 889 2027 Imperium
921 1950 1247 2009 Romanum
1264 1948 1389 2026 jam
1418 1947 1519 2006 diu
1546 1966 1814 2006 eversum
1858 1958 1962 2023 est,
2013 1967 2148 2005 nam
2175 1948 2278 2025 qui
2303 1968 2456 2007 nunc
2493 1958 2582 2009 est
2621 1951 2934 2028 imperator

520 2032 834 2105 Romanus,
864 2028 1163 2088 levissima
1190 2036 1279 2087 est
1304 2027 1509 2087 umbra
1544 2027 1772 2105 imperii
1813 2027 2054 2104 antiqui,
2097 2048 2283 2105 usque
2311 2029 2472 2105 aden,
2503 2040 2569 2089 ut
2595 2052 2668 2089 ne
2697 2031 2931 2108 quidem

515 2112 719 2172 urbem
750 2111 951 2170 Romae
970 2108 1281 2186 possideat,
1310 2116 1370 2169 et
1388 2108 1513 2185 jam
1540 2129 1644 2187 per
1669 2107 1884 2167 multos
1901 2127 2082 2167 annos
2101 2108 2350 2167 Romani
2375 2109 2748 2188 imperatores
2775 2110 2930 2169 defe-

518 2192 776 2252 cerunt.'’
833 2191 878 2251 J
880 2190 1221 2265 ustinianus,
1254 2191 1291 2223 “
1316 2188 1549 2248 Pridem
1578 2190 1904 2247 Romanum
1929 2188 2236 2266 imperium
2263 2188 2324 2247 in
2349 2210 2450 2249 eas
2477 2192 2776 2269 angustias
2801 2190 2930 2250 red-

518 2282 729 2344 actum,
776 2280 842 2331 ut
868 2272 973 2329 vix
1002 2278 1232 2329 tenuem
1261 2268 1553 2346 quandam
1591 2270 1856 2329 umbram
1904 2268 2131 2347 imperii
2180 2271 2430 2328 teneat.'’
2533 2272 2820 2331 Batonius
2855 2271 2932 2330 ad

516 2372 607 2410 an.
640 2354 775 2425 476,
806 2370 1003 2427 parag.
1048 2352 1100 2424 1,
1144 2368 1276 2407 cum
1324 2348 1548 2407 videret
1582 2368 1702 2407 non
1747 2358 1974 2408 tantum
2021 2348 2420 2425 imperatorem
2465 2370 2592 2409 esse
2641 2351 2930 2426 Graecum,

518 2432 623 2491 sed
648 2451 723 2490 ne
752 2430 1017 2489 eonsules
1061 2429 1295 2506 quidem
1332 2428 1645 2503 Romanos,
1693 2429 1901 2504 “Sic‚”
1931 2429 2136 2505 inquit,
2171 2430 2208 2461 “
2225 2428 2580 2488 occidentale
2608 2430 2929 2505 imperium,

516 2510 675 2588 quod
696 2518 819 2569 erat
848 2510 1191 2583 Romanum,
1222 2508 1451 2585 penitus
1496 2508 1815 2585 collapsum
1863 2517 1954 2568 est
1997 2516 2057 2567 et
2101 2507 2438 2566 devolutum
2487 2507 2564 2565 ad
2603 2507 2938 2568 barbaros.”

518 2590 834 2653 Barradius
860 2589 921 2647 in
950 2588 1331 2663 concordiam,
1362 2589 1526 2647 Tom.
1555 2588 1595 2646 i.
1625 2587 1727 2647 lib.
1756 2589 1837 2647 iv.
1857 2608 1982 2666 cap.
2002 2591 2057 2662 4,
2102 2588 2146 2647 J
2149 2587 2328 2645 uclaeis
2347 2587 2695 2663 negantibus
2736 2588 2932 2649 Chris·

515 2680 641 2733 tum
668 2671 915 2745 venisse,
947 2670 1083 2746 quia
1110 2668 1413 2747 imperium
1442 2669 1772 2727 Romanum
1797 2668 1988 2727 adhuc
2016 2676 2147 2743 stet,
2171 2668 2207 2701 “
2231 2667 2692 2743 Respondetur,”
2721 2667 2930 2747 inquit,

519 2755 555 2786 “
572 2772 691 2810 non
718 2758 917 2811 extare
948 2750 1341 2809 Romanorum
1368 2748 1761 2807 monarchiam
1787 2756 1854 2808 ut
1881 2755 1971 2806 est
1997 2747 2410 2825 compertum.”

596 2832 777 2891 XIV.
834 2830 977 2890 Cum
1028 2849 1169 2907 ergo
1212 2837 1383 2889 vetus
1430 2828 1736 2907 imperium
1789 2828 2114 2889 necessario
2169 2826 2246 2886 sit
2289 2826 2746 2905 intelligendum,
2793 2828 2930 2888 inde

513 2912 815 2972 manifeste
872 2910 1182 2988 colligitur,
1224 2930 1295 2970 eo
1338 2908 1584 2986 sublate,
1631 2908 2058 2969 Antichristum
2100 2908 2273 2967 etiam
2314 2908 2690 2968 revelandum
2729 2908 2926 2969 fixisse.

515 2994 595 3053 Et
636 3012 774 3052 sane
814 2991 1176 3069 praedictioni
1221 2990 1295 3049 ad
1340 2990 1617 3050 amussim
1657 2990 1956 3066 respondit
1993 2996 2256 3047 eventus.
2359 2988 2454 3045 Ex
2495 3007 2611 3067 quo
2641 2989 2794 3047 enim
2821 2990 2926 3047 im-

514 3074 737 3151 perium
778 3073 839 3131 in
880 3072 1180 3132 occidente
1220 3070 1557 3131 labefactari
1598 3070 1792 3147 coepit,
1835 3069 2195 3129 innotescere
2224 3067 2400 3145 coepit
2429 3069 2597 3127 Rom.
2630 3068 2929 3129 Pontificis

516 3154 798 3229 tyrannis,
867 3161 928 3211 et
992 3152 1183 3229 magis
1242 3171 1311 3211 ac
1378 3152 1567 3229 magis
1627 3150 1852 3227 retegi;
1917 3157 1977 3208 et
2035 3169 2140 3226 per
2202 3168 2350 3226 quos
2418 3148 2634 3225 gradus
2691 3150 2928 3208 descen·

516 3232 725 3291 derunt
778 3233 1167 3307 imperatores,
1234 3250 1337 3307 per
1400 3250 1501 3290 eos
1568 3230 1952 3289 ascenderunt
2015 3229 2326 3288 Pontifices
2391 3228 2656 3287 Romani.
2787 3229 2932 3288 Tres

516 3318 707 3369 autem
751 3328 1057 3386 possumus
1092 3310 1413 3386 praecipuos
1452 3318 1654 3370 notare
1698 3309 1916 3385 gradus
1956 3309 2170 3367 sublati
2197 3328 2229 3367 e
2257 3308 2449 3366 medio
2477 3307 2717 3385 imperii.
2803 3310 2928 3367 Pri·

516 3408 645 3448 mus
688 3398 778 3447 est
816 3407 995 3465 quum
1036 3388 1204 3447 sedes
1241 3389 1469 3465 imperii
1508 3408 1545 3447 a
1584 3388 1771 3447 veteri
1812 3389 2000 3446 Roma
2039 3386 2115 3446 ad
2155 3408 2366 3447 novam
2395 3408 2498 3447 seu
2527 3388 2930 3449 Constantino·-

516 3470 695 3547 polim
734 3467 1017 3528 translata
1056 3474 1145 3526 est
1185 3487 1221 3526 a
1262 3468 1642 3527 Constantino
1683 3486 1742 3525 A.
1786 3485 1838 3527 ο.
1883 3469 2019 3542 331,
2064 3466 2202 3545 quia
2241 3476 2380 3526 tunc
2421 3468 2616 3528 sedem
2661 3469 2932 3529 Pontifici

516 3568 761 3609 vacuam
788 3548 1040 3625 reliquit,
1068 3548 1185 3605 imo
1214 3546 1264 3606 si
1290 3546 1435 3625 ipsis
1478 3545 1800 3607 Pontificiis
1825 3546 1971 3605 fides
1999 3554 2088 3607 est
2114 3547 2397 3620 habenda,
2428 3548 2630 3608 urbem
2660 3548 2932 3609 Pontifici

517 3629 819 3705 concessit,
852 3628 1215 3687 “decernens
1234 3627 1297 3685 in
1315 3628 1443 3705 ipsa
1451 3628 1595 3687 urbe
1610 3627 1910 3706 utriusque
1927 3627 2231 3706 potestatis
2247 3629 2638 3687 monarchiam
2651 3630 2932 3689 Romanis

518 3708 958 3785 Pontificibus‚''
1004 3707 1155 3767 Dist.
1212 3708 1370 3766 xcvi.
1415 3728 1465 3767 c.
1512 3708 1926 3767 Constantinus.
2049 3706 2368 3783 Secundus,
2417 3728 2612 3785 quum,
2661 3718 2794 3787 post
2843 3709 2926 3768 di-

516 3791 801 3850 visionem
846 3787 1075 3866 imperii
1128 3788 1197 3846 in
1251 3788 1545 3848 Orientale
1593 3796 1652 3847 et
1708 3786 2095 3861 occidentale,
2153 3806 2272 3845 non
2324 3788 2498 3846 modo
2553 3788 2928 3866 imperatores

518 3870 849 3944 occidentis,
896 3868 1101 3928 relicta
1149 3868 1353 3943 Roma,
1405 3867 1603 3927 sedem
1648 3868 1962 3941 Ravennae,
2007 3868 2103 3925 vel
2148 3866 2468 3925 Mediolani
2505 3879 2840 3945 posuerunt,
2871 3878 2932 3930 et

518 3953 603 4010 sic
630 3970 663 4010 e
692 3949 880 4009 medio
908 3955 1286 4019 secesserunt,
1330 3948 1429 4006 vel
1456 3947 1861 4022 discesserunt,
1893 3946 1997 4006 sed
2024 3948 2196 4006 etiam
2227 3966 2258 4005 e
2286 3947 2503 4006 mundo
2531 3948 2742 4009 sublati
2775 3958 2925 4023 sunt,

519 4050 670 4090 anno
720 4029 934 4089 Christi
978 4033 1053 4087 47
1060 4030 1115 4105 5,
1162 4027 1412 4105 quando,
1456 4048 1660 4087 everso
1701 4048 1804 4105 per
1845 4024 2073 4087 Gothos
2113 4026 2457 4086 occidentali
2497 4028 2754 4106 imperio,
2785 4030 2928 4087 ordo

518 4112 641 4189 ipse
670 4111 1094 4187 imperatorum,
1126 4109 1227 4186 qui
1266 4107 1679 4168 revelationem
1709 4106 2056 4166 Antichristi
2081 4107 2445 4184 potissimum
2471 4108 2837 4186 impediebat,
2867 4110 2930 4166 in

520 4192 856 4269 Augustulo
902 4190 987 4249 11.
1033 4190 1206 4269 plane
1243 4188 1551 4263 intercidit,
1595 4187 1698 4265 qui
1739 4187 2008 4245 abdicare
2050 4206 2114 4245 se
2155 4195 2389 4247 coactus
2431 4195 2522 4247 est
2561 4188 2634 4247 ab
2665 4188 2928 4248 Odoacro

518 4290 657 4347 rege
714 4272 1102 4347 Herulorum3
1158 4290 1267 4329 nec
1320 4269 1477 4329 ullus
1534 4270 1753 4344 Romae,
1811 4268 1908 4327 vel
1971 4267 2033 4325 in
2095 4275 2218 4326 toto
2273 4266 2572 4327 occidente
2621 4268 2932 4346 imperator

520 4359 720 4428 postea
746 4350 856 4410 fuit
894 4372 997 4429 per
1037 4370 1221 4410 annos
1262 4351 1397 4426 325,
1430 4349 1615 4409 donec
1641 4368 1859 4409 novum
1887 4347 2208 4425 imperium,
2239 4356 2514 4424 tanquam
2543 4348 2758 4407 veteris
2785 4348 2926 4407 ima-

522 4430 735 4507 ginem,
766 4430 1063 4489 Romanus
1092 4430 1366 4490 Pontifex
1406 4430 1471 4488 in
1512 4429 1810 4489 occidente
1837 4428 2040 4488 erexit.
2125 4427 2405 4503 Quamvis
2433 4428 2586 4487 enim
2615 4428 2798 4488 Gothi
2825 4448 2929 4506 per

520 4508 889 4583 septuaginta
914 4530 1095 4569 annos
1136 4518 1196 4569 et
1235 4511 1484 4588 amplius
1524 4510 1585 4568 in
1631 4510 1802 4569 Italia
1841 4509 1903 4568 vi
1944 4517 2004 4567 et
2040 4508 2215 4567 armis
2241 4508 2558 4586 regnarint,
2588 4528 2704 4567 non
2733 4518 2928 4569 tamen

522 4587 770 4646 Romani
816 4608 984 4663 reges
1036 4589 1397 4664 audiverunt,
1454 4610 1563 4649 nec
1604 4589 1757 4650 inter
1810 4588 2061 4650 Romani
2115 4596 2300 4648 status
2354 4588 2561 4666 capita,
2621 4589 2724 4647 sed
2779 4590 2930 4648 inter

520 4666 767 4730 Romani
794 4667 987 4746 potius
1013 4668 1262 4727 nominis
1286 4677 1347 4729 et
1371 4670 1599 4746 imperii
1637 4669 1836 4729 hostes
1869 4668 2210 4728 numerandi
2238 4677 2392 4729 sunt.
2475 4668 2720 4745 Tertius,
2752 4688 2930 4747 quum
