3234 5192
266 346 495 389 msru'r.
528 334 659 409 vin]
1014 349 1238 392 nosras
1268 350 1345 391 AB
1372 350 1655 393 accessu
1683 350 1950 393 nouam.
2575 338 2687 395 149

266 489 407 547 nimi
446 510 749 567 consensu,
781 490 883 569 qui
904 490 1251 552 confessioni
1300 514 1419 553 suae
1462 492 1826 571 adjiceretur,
1883 492 2044 551 hisce
2091 498 2434 569 conceptum
2485 494 2682 553 verbis

267 569 686 632 condiderunt:
734 572 940 631 “Cum
970 573 1292 653 Episcopus
1322 574 1638 649 Romanus,
1685 582 1878 633 erecta
1905 572 2016 632 sibi
2063 573 2124 631 in
2163 572 2302 631 orbe
2353 572 2680 633 Christiano

267 648 543 710 Ecclesiae
586 653 935 729 monarchia,
968 654 1081 713 sibi
1108 662 1338 733 arroget
1363 654 1748 733 principatum
1789 654 1850 711 in
1884 672 2083 711 omnes
2121 652 2398 711 ecclesias
2443 662 2502 713 et
2545 673 2678 731 pas-

265 736 437 805 tores,
466 750 651 810 usque
680 732 827 792 adeo
854 732 1107 811 inflatus,
1146 744 1214 795 ut
1252 734 1441 795 Deum
1485 754 1547 794 se
1574 734 1699 811 ipse
1727 733 1995 811 appellet,
2027 732 2167 792 Can.
2199 731 2358 792 satis.
2391 732 2544 793 Dist.
2577 736 2674 795 96.

268 808 337 867 L.
384 814 437 869 1.
484 812 643 873 Sacr.
688 833 913 873 caerem.
958 834 1083 891 cap.
1128 815 1201 875 de
1230 816 1451 875 Bened.
1494 814 1685 890 ensis;
1749 814 1894 873 velit
1940 813 2186 889 adorari,
2231 812 2452 871 Concil.
2503 813 2674 874 Late-

263 908 385 949 ran.
414 892 518 951 ult.
544 912 685 953 sess.
710 897 761 952 1.
793 892 871 953 iii.
905 897 961 968 9,
998 897 1106 974 1ος
1154 896 1278 973 ipse
1308 896 1419 955 sibi
1466 894 1684 955 tribuat
1712 913 1940 953 omnem
1976 901 2322 971 potestatem
2349 892 2412 951 in
2439 893 2586 952 coelo
2615 903 2674 955 et

262 968 323 1027 in
350 979 518 1049 terra,
550 994 642 1033 res
683 974 1103 1035 ecclesiasticas
1150 975 1227 1034 ad
1278 975 1509 1035 libitum
1554 982 1878 1053 componat,
1928 972 2140 1033 condat
2193 973 2468 1032 articulos
2515 973 2670 1049 fidei,

257 1052 656 1113 auctoritatem
690 1054 999 1133 Scripturas
1027 1055 1173 1115 velit
1198 1056 1447 1133 pendere
1476 1075 1513 1114 a
1538 1075 1661 1130 sua,
1705 1074 1832 1115 eam
1866 1054 1942 1112 ad
1968 1054 2196 1113 libitum
2244 1053 2668 1131 interpretetur,

258 1132 577 1191 animarum
606 1143 985 1195 mercaturam
1014 1144 1301 1212 exerceat,
1330 1135 1546 1196 liberos
1566 1134 1876 1195 adstrictos
1917 1134 2070 1193 votis
2097 1141 2158 1193 et
2193 1133 2538 1212 juramentis
2566 1154 2668 1193 ex-

257 1210 468 1288 solvat,
498 1233 684 1274 novos
724 1215 835 1274 Dei
874 1218 1063 1277 cultus
1106 1217 1389 1291 instituat,
1434 1225 1493 1276 et
1520 1215 1678 1294 quod
1719 1215 1794 1274 ad
1836 1214 2030 1273 civilia
2071 1213 2296 1288 attinet,
2346 1212 2668 1290 legitimam

252 1291 698 1367 magistratuum
724 1296 1123 1357 auctoritatem
1152 1298 1467 1373 conculcet,
1498 1296 1660 1371 dans,
1691 1295 1968 1369 adimens,
1987 1302 2047 1353 et
2062 1293 2414 1353 transferens
2450 1313 2664 1370 regna;

256 1370 549 1431 credimus
591 1382 650 1433 et
690 1376 997 1437 asserimus
1038 1397 1171 1437 eum
1212 1396 1340 1437 esse
1368 1396 1569 1436 verum
1600 1384 1660 1435 et
1700 1394 2036 1454 germanum
2079 1373 2523 1448 Antichristum,
2553 1374 2664 1431 fili-

257 1468 363 1509 um
402 1452 756 1531 perditioniS,
814 1459 851 1515 2
895 1456 1097 1517 Thess.
1161 1457 1221 1517 ii.
1282 1460 1337 1531 3,
1393 1456 1736 1535 praedictum
1775 1454 1838 1513 in
1893 1453 2006 1513 Dei
2074 1454 2272 1527 verb0,
2337 1452 2514 1511 Zach.
2579 1454 2660 1515 xi.

260 1532 357 1605 16,
413 1534 505 1607 17,
555 1536 583 1591 1
629 1534 769 1594 Joh.
811 1535 891 1595 iv.
935 1540 991 1613 3,
1036 1536 1223 1615 Apoc.
1282 1537 1406 1596 xiii.
1467 1541 1559 1613 11,
1616 1536 1975 1595 Meretricem
2011 1542 2412 1611 purpuratam,
2471 1532 2660 1611 Apoc.

257 1611 405 1670 xvii.
460 1615 510 1687 1,
558 1614 877 1675 insidentem
922 1626 1125 1695 septem
1177 1618 1449 1677 montibus
1488 1618 1549 1677 in
1602 1636 1815 1694 magna
1869 1616 2104 1691 civitate,
2163 1612 2350 1692 Apoc.
2407 1613 2556 1673 xvii.
2604 1616 2662 1691 9,

256 1692 583 1753 obtinentem
636 1716 872 1773 reynum
924 1698 985 1756 in
1037 1718 1196 1775 reyes
1265 1708 1449 1775 terroe,
1510 1696 1699 1775 Apoc.
1755 1696 1900 1755 xvii.
1975 1697 2067 1770 18,
2139 1703 2198 1754 et
2267 1702 2660 1771 expectamus,

253 1770 441 1831 donec
464 1774 641 1851 Deus,
685 1786 858 1853 prout
897 1778 1176 1855 promisit,
1208 1788 1268 1838 et
1302 1779 1426 1857 jam
1469 1778 1661 1856 coepit,
1692 1798 1842 1851 eum,
1885 1776 2128 1834 fractum
2157 1783 2216 1834 et
2262 1773 2482 1833 victum
2529 1774 2660 1853 Spi-

252 1851 371 1911 ritu
399 1853 515 1913 oris
543 1856 651 1931 sui,
682 1857 915 1925 tandem
945 1858 1136 1919 deleat
1178 1860 1405 1937 fulgore
1446 1858 1734 1917 adventus
1775 1856 1882 1933 sui,
1931 1860 1967 1914 2
2006 1855 2210 1913 Thess.
2252 1854 2313 1912 ii.
2343 1854 2440 1912 8.”
2526 1854 2660 1913 Non

253 1930 544 1992 diversam
572 1936 709 1995 hine
748 1938 907 1997 abire
937 1940 1344 2016 Augustanasn
1382 1936 1800 1998 confessionem
1850 1944 2044 2015 patere
2085 1942 2292 2014 potest,
2335 1933 2432 1993 vel
2465 1954 2542 1993 ex
2569 1953 2658 2010 eo,

252 2013 414 2088 quod
454 2024 623 2074 notas
664 2024 723 2075 et
750 2018 797 2076 si
802 2038 919 2095 gna
950 2018 1297 2079 Antichristi
1344 2020 1517 2097 Papae
1558 2018 1776 2079 tribuat
1821 2015 2140 2095 praesertim
2182 2014 2368 2073 abusu
2414 2017 2466 2089 1,
2498 2018 2554 2089 2,
2599 2017 2656 2089 3,

253 2094 314 2167 5,
360 2096 435 2168 ’ῖς
478 2096 635 2173 quod
676 2098 947 2175 apologia
988 2099 1147 2158 illius
1201 2098 1596 2175 confessionis,
1643 2099 1704 2156 in
1748 2098 1954 2157 iisdem
1995 2094 2244 2155 comitiis
2293 2094 2659 2173 Augustanis

254 2172 473 2232 Caesari
515 2175 725 2253 oblata,
759 2180 1048 2238 communi
1087 2181 1321 2240 nomine
1370 2178 1780 2255 confessorum,
1822 2176 2036 2237 diserte
2067 2176 2284 2253 Papam
2328 2172 2656 2233 Antichris-

250 2260 379 2311 tum
420 2254 771 2333 profiteatur,
801 2258 931 2319 loco
960 2259 1033 2318 de
1062 2260 1327 2320 Ecclesia
1365 2281 1422 2338 p.
1457 2262 1588 2335 149,
1635 2258 1708 2317 de
1735 2258 2010 2335 conjugio
2039 2254 2400 2315 sacerdotum
2428 2274 2486 2331 p.
2517 2256 2656 2330 240,

253 2336 395 2407 241,
448 2334 521 2393 de
560 2337 969 2399 traditionibus
1010 2340 1278 2400 humanis
1317 2361 1374 2419 p.
1427 2342 1563 2416 208,
1614 2341 1753 2414 209,
1804 2346 1869 2397 ut
1909 2336 2093 2395 solide
2140 2335 2446 2414 probatum
2495 2334 2658 2394 dedit

256 2412 539 2474 Nicolaus
568 2416 843 2478 Hunnius
884 2420 946 2478 in
986 2418 1325 2499 depulsione
1379 2440 1605 2480 accusa.
1663 2420 1707 2480 J
1710 2419 1877 2479 esuit.
1921 2438 2047 2497 cap.
2105 2418 2162 2476 3.
2267 2414 2658 2474 Bellarminus

252 2513 603 2555 consensum
643 2499 901 2558 omnium
945 2500 1393 2561 Protestantium
1424 2500 1485 2559 in
1512 2502 1622 2559 hac
1649 2499 1936 2559 sententia
1977 2496 2257 2575 agnoscit,
2301 2494 2405 2555 lib.
2449 2495 2532 2554 iii.
2583 2494 2656 2555 de

252 2574 324 2632 P.
355 2574 421 2633 R.
446 2596 570 2654 cap.
597 2580 651 2636 1.
726 2580 1006 2639 “Similia
1026 2581 1236 2641 docent
1256 2602 1456 2641 omnes
1482 2580 1740 2641 baerotici
1767 2580 1942 2657 hujus
1969 2577 2260 2655 temporis,
2284 2596 2353 2635 ac
2367 2575 2542 2653 praeci
2585 2596 2656 2635 ue

250 2654 561 2733 Lutherus,
595 2657 1149 2739 Magdeburgenses,
1183 2662 1471 2739 Illyricus,
1503 2660 1824 2735 Musculus,
1857 2660 2030 2733 Beza‚
2061 2656 2495 2733 Bullingerus,'’
2577 2677 2629 2715 c.

334 2734 431 2792 VI
435 2780 449 2793 .
494 2736 583 2795 Ne
625 2758 765 2799 vero
794 2742 977 2818 gratis
1004 2742 1115 2800 hoe
1146 2762 1401 2802 asserere
1441 2741 1760 2815 videamur,
1793 2740 1919 2818 jam
1958 2735 2378 2797 ostendendum
2419 2735 2652 2795 charac-

250 2822 405 2873 teres
433 2836 649 2895 omnoe,
680 2820 893 2897 quibus
931 2821 1328 2882 Antichristus
1368 2822 1431 2881 in
1488 2821 1784 2899 Scriptura
1839 2818 2198 2893 describitur,
2253 2816 2336 2875 ita
2392 2815 2656 2875 Romano

252 2894 525 2955 Pontifici
552 2900 877 2977 convenire,
908 2910 973 2961 ut
999 2922 1169 2961 nemo
1208 2902 1393 2981 possit
1430 2901 1505 2960 ad
1533 2920 1635 2960 eos
1681 2899 1994 2973 attendere,
2045 2896 2184 2974 quin
2225 2894 2393 2953 facile
2435 2894 2494 2953 in
2538 2894 2657 2955 illis

251 2982 529 3051 tanquam
569 2978 633 3037 in
654 2981 887 3058 speculo
934 2982 1151 3060 Papam
1203 2983 1395 3059 ipsum
1436 2982 1744 3040 intueatur.
1829 2979 1996 3037 Licet
2035 2985 2228 3035 autem
2271 2974 2420 3033 varii
2473 2974 2656 3052 vulgo

254 3066 675 3133 recenseantur,
704 3071 948 3139 possunt
973 3070 1165 3121 tamen
1188 3062 1263 3120 ad
1289 3063 1398 3121 hos
1440 3068 1558 3120 tres
1604 3060 1926 3137 praecipuos
1952 3055 2167 3131 referri,
2211 3055 2311 3133 qui
2355 3073 2472 3113 non
2500 3074 2653 3113 seor-

252 3153 403 3209 sum,
436 3134 537 3194 sed
564 3138 735 3200 simul
762 3150 897 3201 sunt
925 3142 1221 3221 spectandi
1246 3165 1260 3201 ε
1304 3144 1534 3217 Locum,
1606 3142 1862 3215 Tempus,
1893 3146 1953 3197 et
2018 3136 2348 3195 Personam.
2433 3134 2505 3193 In
2527 3136 2656 3213 qui-

248 3212 499 3274 busdam
538 3216 683 3279 locis
728 3220 977 3299 Spiritus
1026 3222 1273 3283 Sanctus
1317 3225 1498 3281 locum
1542 3240 1647 3280 seu
1689 3219 1900 3294 sedem,
1946 3217 2008 3275 in
2052 3236 2168 3293 qua
2207 3234 2472 3275 sessurus
2525 3214 2651 3290 fuit,

248 3294 536 3373 designat.
622 3298 695 3358 In
722 3302 854 3361 aliis
882 3312 1109 3379 tempus,
1139 3323 1256 3381 quo
1296 3302 1457 3363 exeri
1498 3301 1717 3378 debuit,
1768 3298 2003 3358 indicat.
2087 3296 2160 3355 In
2202 3296 2427 3357 caeteris
2462 3296 2654 3355 varias

236 3396 505 3452 personoe
557 3380 867 3457 qualitates
904 3390 963 3441 et
1016 3383 1289 3459 actiones,
1344 3382 1555 3460 quibus
1606 3380 1852 3459 insignis
1899 3398 2026 3438 esse
2069 3377 2284 3453 debuit,
2357 3376 2650 3437 describit.

775 3462 855 3521 Et
896 3461 972 3521 ad
1019 3466 1197 3523 locum
1264 3462 1498 3541 quidem
1535 3461 1694 3541 quod
1753 3460 1976 3535 attinet,
2027 3458 2368 3536 designatur
2433 3457 2650 3535 duplex

246 3524 413 3627 ῙᾸἙΜ
432 3526 725 3638 ὢέξξξῐῇζ
765 3544 1065 3602 communis
1119 3553 1177 3603 et
1230 3544 1551 3620 sinqulartk.
1665 3541 1985 3603 Communis
2048 3538 2258 3598 dicitur
2319 3557 2446 3597 esse
2515 3547 2648 3596 tem-

306 3642 549 3700 templum
576 3643 681 3689 Dei.
751 3624 919 3699 plum
944 3625 1063 3681 Dei
1085 3623 1241 3702 apud
1270 3624 1517 3683 Paulum
1544 3628 1580 3682 2
1610 3622 1816 3681 Thess.
1861 3622 1922 3680 ii.
1972 3624 2029 3697 4,
2073 3638 2252 3698 quum
2293 3619 2466 3677 homo
2515 3636 2648 3693 pec-

774 3702 888 3763 cati
927 3702 1138 3763 dicitur
1158 3724 1420 3764 sessurus
1459 3704 1520 3762 in
1546 3702 1765 3781 templo
1811 3702 1925 3761 Dei
1949 3709 2016 3760 ut
2045 3699 2224 3759 Deus.
2327 3696 2498 3772 Quod
2532 3715 2650 3754 non

245 3780 321 3839 de
364 3781 495 3857 alio,
540 3802 715 3859 quam
744 3782 817 3842 de
845 3784 1061 3862 templo
1093 3784 1357 3861 mysti00‚
1406 3783 1466 3842 id
1506 3791 1595 3843 est
1639 3783 1914 3857 Ecclesia,
1964 3800 2094 3859 quae
2131 3778 2346 3857 passim
2390 3777 2501 3835 hoc
2543 3794 2646 3867 no-

244 3861 402 3919 mine
430 3862 681 3921 venitin
726 3862 1037 3942 Scriptura,
1071 3864 1219 3942 Eph.
1250 3864 1308 3923 ii.
1340 3867 1435 3939 21,
1485 3867 1514 3922 1
1542 3864 1672 3923 Cor.
1718 3863 1799 3921 iii.
1834 3865 1926 3937 16,
1959 3864 1994 3919 2
2039 3859 2171 3918 Cor.
2199 3858 2278 3917 vi.
2312 3859 2404 3931 16,
2441 3859 2470 3914 1
2494 3854 2646 3949 [hm.

243 3940 329 4000 iii.
378 3944 470 4016 15,
519 3944 611 4017 16,
641 3942 1083 4022 intelligendum
1125 3964 1251 4003 esse
1298 3944 1521 4022 liquido
1569 3950 1814 4003 constat.
1921 3940 2056 4001 Scio
2099 3939 2362 4015 templum
2387 3938 2502 3995 Det
2529 3954 2648 3993 non

243 4040 379 4081 raro
421 4022 571 4081 sumi
609 4042 715 4100 pro
754 4025 971 4103 templo
1014 4024 1563 4102 Hierosolymitano,
1607 4024 1736 4082 Deo
1762 4023 1913 4081 inter
1939 4020 1982 4081 J
1985 4018 2183 4080 udaeos
2212 4035 2394 4093 sacro,
2433 4016 2646 4074 Matth.

244 4100 418 4159 xxiii.
446 4104 538 4176 16,
583 4109 641 4160 et
670 4102 810 4163 Luc.
842 4105 879 4163 i.
913 4107 969 4164 9.
1057 4104 1171 4165 Sed
1194 4124 1311 4163 non
1351 4112 1542 4183 potest
1568 4104 1679 4163 hoc
1703 4122 1876 4161 sensu
1901 4100 1998 4159 hic
2044 4097 2326 4175 usurpari,
2370 4094 2646 4173 quicquid

248 4180 560 4257 Pontificii,
590 4190 658 4242 ut
693 4182 928 4245 faveant
966 4184 1171 4244 fictitio
1200 4204 1305 4244 suo
1354 4183 1718 4244 Antichristo
1760 4202 1793 4240 e
1821 4182 1864 4241 J
1864 4180 2048 4240 udaeis
2076 4176 2336 4254 oriundo,
2369 4174 2642 4253 garriant,

243 4270 304 4322 et
332 4270 466 4339 post
485 4281 587 4321 eos
609 4262 849 4323 Grotius
875 4264 937 4322 in
963 4265 1119 4323 bunc
1138 4265 1350 4340 locum,
1381 4264 1481 4342 qui
1498 4262 1748 4342 pessima
1773 4260 1890 4320 fide
1921 4260 2102 4319 verba
2124 4256 2291 4316 Pauli
2318 4254 2432 4315 alio
2453 4254 2646 4314 detor-

242 4360 423 4419 quere
452 4350 708 4419 conatur‚
738 4351 805 4403 ut
834 4342 1105 4404 Pontifici
1153 4345 1417 4404 Romano
1458 4344 1696 4422 palpum
1745 4339 2034 4401 obtrudat.
2117 4336 2172 4395 N
2175 4356 2266 4395 am
2315 4335 2532 4428 Paulus
2558 4336 2644 4393 lo-

242 4422 445 4499 quitur
470 4422 543 4482 de
571 4422 729 4483 illius
757 4424 959 4502 templi
1001 4424 1412 4503 profanatione,
1456 4444 1587 4503 quae
1614 4432 1674 4483 et
1697 4419 2008 4481 metuenda
2035 4424 2189 4477 esset
2217 4415 2558 4477 Christiams
2585 4424 2646 4476 et

243 4500 540 4578 fugienda.
664 4503 781 4563 Sed
823 4504 900 4563 ad
953 4504 1087 4564 illos
1133 4506 1459 4583 pertinebat
1510 4502 1712 4581 templi
1769 4497 2288 4575 Hierosolymitani
2343 4496 2643 4557 desolatio.

244 4580 377 4639 Imo
418 4582 671 4660 optanda
697 4592 821 4643 erat
848 4586 1041 4663 potius
1080 4584 1437 4659 Christiania,
1468 4604 1643 4663 quam
1669 4578 2046 4655 formidanda,
2077 4586 2142 4637 ut
2183 4577 2265 4637 ita
2291 4576 2644 4637 caeremoniae

240 4660 461 4737 legales
486 4664 719 4741 penitus
762 4664 1193 4743 abrogarentur,
1226 4673 1284 4724 et
1312 4664 1526 4725 Christi
1552 4662 1849 4743 praedictio
1895 4680 2060 4720 suum
2109 4658 2349 4719 baberet
2395 4658 2648 4734 comple·
