3234 5192
587 276 705 332 550
1181 294 1258 332 ne
1288 291 1765 332 sA‘risrAcrioms
1794 291 2033 332 cameri
2062 291 2378 332 vantra-rs.
2546 268 2810 350 [meror.
2842 289 3024 328 xvn.

586 433 674 491 illi
702 431 1074 510 detrahimuS,
1105 435 1202 494 vel
1231 436 1370 512 quia
1396 455 1473 494 ex
1500 433 1671 493 malis
1698 435 1913 493 nostris
1940 435 2165 493 nullum
2186 432 2452 492 elabendi
2480 430 2713 492 modum
2744 430 3023 490 animad-

587 523 880 574 vertentes
929 535 1090 594 spem
1136 516 1378 574 sinimus
1417 524 1675 573 nostram
1703 515 1887 590 obrui,
1918 523 1977 574 et
2014 534 2241 574 omnem
2272 513 2345 572 de
2374 513 2559 571 salute
2588 512 3027 588 cogitationem

589 594 932 672 abjicimus;
966 595 1051 654 At
1077 604 1345 656 neutrum
1373 595 1434 653 in
1457 595 1687 654 Christo
1714 596 1905 655 locum
1934 596 2147 655 habere
2174 595 2395 672 potuit:
2426 593 2559 651 Non
2586 591 2761 670 prius,
2787 592 2939 668 quia
2960 593 3031 650 in

589 674 798 734 mediis
819 677 1132 754 angoribus
1163 676 1426 736 Christus
1458 676 1645 734 Deum
1674 683 1741 734 ut
1766 684 1988 752 patrem
2025 683 2084 735 et
2116 675 2290 734 deum
2316 693 2485 733 suum
2514 672 2861 749 compellare
2892 692 3027 730 non

593 754 816 814 destitit
843 765 1016 834 atque
1044 757 1106 814 in
1133 757 1260 835 ejus
1307 775 1512 814 manus
1541 757 1793 813 animam
1822 775 1985 815 suam
2014 754 2395 830 commendat,
2446 753 2603 831 quod
2630 751 2767 810 fidei
2794 761 2856 810 et
2884 753 3029 829 spei

597 845 1000 912 argumentum
1048 844 1136 894 est
1179 835 1695 910 evidentissimum,
1731 836 1963 895 Sciebat
2012 837 2202 894 Deum
2246 853 2373 893 esse
2422 843 2643 911 patrem
2666 852 2855 908 suum,
2902 833 3029 892 etsi

596 915 784 992 rigide
830 936 1024 975 secum
1073 925 1272 994 ageret
1315 925 1590 992 tanquam
1622 915 1811 993 judex
1857 925 1919 975 et
1963 915 2183 974 vindex
2210 922 2594 992 peccatorum.
2642 913 2800 971 Hinc
2829 932 2866 971 a
2894 933 3027 990 quo

581 996 783 1072 judice
811 1016 873 1054 se
922 995 1112 1055 deseri
1159 995 1508 1056 vociferatur
1553 1017 1808 1072 sponsor,
1854 1016 1985 1055 eum
2015 996 2074 1053 in
2102 997 2269 1054 horto
2298 996 2535 1052 Patrem
2575 1013 2759 1069 suum,
2792 993 3023 1052 Matth.

601 1076 766 1134 xxvi.
798 1079 894 1152 39,
925 1076 985 1134 in
1034 1096 1202 1136 cruce
1243 1079 1430 1135 Deum
1460 1097 1646 1153 suum,
1678 1096 1727 1136 c.
1758 1077 1945 1136 xxvii.
1989 1079 2087 1151 46,
2116 1075 2367 1153 appellat
2409 1075 2591 1132 Filius
2606 1099 2631 1147 ;
2676 1073 2808 1134 Non
2835 1073 3025 1132 etiam

601 1157 905 1235 posteriue,
937 1157 1075 1234 quia
1101 1156 1152 1216 si
1179 1165 1387 1216 natura
1433 1157 1570 1214 mali
1609 1156 2069 1234 magnitudinem
2110 1155 2425 1230 exhorruit,
2456 1163 2517 1212 at
2545 1154 2764 1213 sciebat
2818 1161 3023 1212 tamen

603 1237 750 1297 fides
779 1237 1289 1315 impossibileesse
1316 1245 1384 1296 ut
1403 1258 1438 1294 a
1465 1247 1647 1296 morte
1676 1237 2044 1313 detineretur,
2076 1235 2212 1295 Act.
2242 1235 2301 1294 ii.
2332 1239 2429 1311 24,
2458 1235 2667 1311 partim
2694 1233 2855 1311 quod
2880 1253 3022 1310 pec—

607 1327 800 1378 catum
827 1318 1032 1379 merito
1059 1318 1262 1377 mortis
1288 1318 1457 1396 plene
1486 1325 1643 1377 esset
1686 1317 2040 1394 expiaturus,
2084 1316 2291 1395 partim
2335 1315 2490 1392 quod
2520 1315 2736 1374 virtute
2764 1313 3025 1372 Deitatis

608 1419 728 1458 suae
755 1407 1000 1457 mortem
1027 1407 1182 1458 esset
1211 1406 1582 1476 superaturus
1603 1406 1662 1457 et
1689 1397 1763 1456 ab
1793 1417 1862 1456 ea
1888 1404 2328 1471 resurrecturae,
2348 1403 2415 1454 ut
2440 1394 2655 1472 passim
2686 1414 2747 1453 se
2775 1394 3019 1468 solatur,

607 1479 748 1539 Joh.
777 1479 838 1537 ii.
873 1481 964 1555 19,
999 1479 1207 1538 Matth.
1238 1499 1342 1536 xx.
1377 1481 1468 1554 18,
1498 1480 1590 1553 19,
1622 1477 1723 1536 ubi
1740 1488 1934 1536 autem
1962 1485 2118 1536 certa
2144 1485 2233 1536 est
2260 1475 2541 1547 liberatio,
2572 1475 2656 1533 ibi
2681 1474 2875 1532 locum
2898 1495 3019 1532 non

607 1559 834 1617 invenit
880 1559 1222 1636 desperatio,
1269 1559 1464 1635 itaque
1511 1577 1631 1616 non
1670 1566 1759 1616 est
1802 1577 1923 1615 vox
1964 1555 2337 1634 desperantia,
2370 1554 2563 1628 Absit,
2614 1555 2717 1614 sed
2742 1555 3024 1612 luctantis

611 1645 812 1696 contra
832 1637 1287 1714 desperationem
1306 1646 1542 1715 propter
1569 1656 1799 1696 sensum
1829 1637 1931 1695 irae
1960 1637 2074 1696 Dei
2100 1645 2159 1696 et
2186 1635 2519 1694 dilationem
2546 1634 2927 1709 liberationis,
2958 1643 3029 1692 ut

611 1725 898 1776 testantur
941 1718 1120 1775 verba
1149 1717 1464 1793 sequentia,
1499 1719 1535 1749 “
1555 1717 1961 1794 longinquu3,”
2011 1716 2109 1792 ait,
2144 1719 2234 1776 “a
2262 1717 2447 1775 salute
2474 1716 2661 1791 mea,”
2694 1735 2813 1773 ver.
2850 1718 2902 1772 l.
2951 1715 3024 1773 E.

611 1798 708 1856 hic
736 1797 1016 1856 habemus
1029 1797 1310 1873 fiduciam
1339 1806 1398 1854 et
1425 1815 1584 1873 spem
1616 1797 1848 1872 Christi,
1880 1805 1939 1854 et
1967 1797 2249 1855 tmieffliam
2276 1797 2403 1874 ejus
2430 1804 2489 1855 et
2516 1805 2807 1868 terrorem,
2837 1802 3029 1853 terror

613 1885 703 1937 est
731 1897 807 1936 ex
835 1895 1010 1936 sensu
1036 1875 1442 1953 derelictionis,
1473 1875 1686 1935 fiducia
1711 1896 1787 1935 ex
1816 1877 2027 1935 amoris
2054 1877 2422 1955 persuasione
2451 1896 2566 1954 quo
2604 1875 2922 1953 impellitur
2950 1874 3029 1932 ad

617 1959 810 2018 Deum
859 1956 1320 2034 compellandum
1365 1965 1431 2016 ut
1481 1957 1671 2016 Deum
1716 1976 1901 2031 suum,
1932 1957 2015 2016 ita
2063 1966 2127 2016 ut
2154 1977 2273 2017 non
2320 1965 2438 2015 tam
2473 1959 2543 2015 de
2586 1958 2713 2014 Deo
2742 1975 2917 2032 quam
2946 1958 3034 2014 ad

617 2043 804 2100 Deum
852 2036 1266 2116 querimoniam
1312 2057 1477 2096 suam
1511 2036 1796 2114 instituat,
1828 2039 1887 2096 in
1932 2037 2121 2097 sinum
2148 2039 2275 2115 ejus
2322 2045 2625 2115 paternum
2670 2035 3025 2094 effundendo

617 2121 876 2179 dolorem
904 2119 1082 2177 animi
1103 2117 1192 2178 sui
1220 2138 1392 2196 quem
1421 2117 1677 2176 omnium
1704 2117 2023 2177 maximum
2045 2117 2211 2176 facile
2240 2117 2617 2194 concipiebat.
2650 2151 2677 2171 0

702 2200 883 2259 XIV.
935 2201 1092 2258 Hinc
1139 2199 1360 2275 liquido
1408 2207 1568 2276 patet
1613 2219 1787 2276 quam
1834 2206 2064 2258 strenue
2092 2197 2513 2257 calumnientur
2540 2196 2858 2255 adversarii
2884 2195 3027 2254 dum

621 2281 852 2340 Christo
896 2279 1312 2357 desperationis
1340 2298 1542 2338 vocem
1571 2279 1827 2357 elapsam
1865 2278 2042 2337 fuisse
2071 2298 2107 2336 a
2134 2278 2346 2337 nostris
2373 2286 2433 2337 et
2461 2277 2703 2336 Calvino
2743 2277 3029 2354 imprimis

619 2361 838 2418 dictum
849 2358 1213 2434 pertendunt,
1225 2359 1308 2416 sic
1320 2357 1471 2416 enim
1485 2358 1725 2433 Maldo„
1742 2357 2014 2434 Genebr„
2029 2359 2301 2416 Bellarm.
2314 2358 2643 2435 loquuntur.
2660 2359 2695 2390 “
2708 2356 3031 2416 Occludcn·

621 2439 712 2497 dae
730 2446 865 2497 sunt
881 2439 992 2496 hoc
1017 2438 1146 2495 loco
1167 2437 1566 2496 haereticorum
1589 2437 2021 2514 blasphemisess'
2044 2438 2234 2514 inquit
2256 2439 2477 2498 Maldo.
2500 2438 2558 2495 in
2584 2438 2794 2495 Matth.
2817 2437 3027 2512 xxvii„

625 2520 662 2551 ‘⁴
680 2537 924 2596 quorum
951 2515 1230 2594 magister
1257 2516 1534 2575 Calvinus
1555 2516 1973 2594 desperationis
1995 2537 2197 2576 vocem
2216 2519 2365 2576 hanc
2392 2517 2570 2578 fuisse
2600 2517 2756 2594 dicit,
2788 2517 3031 2594 impium

621 2619 872 2658 errorem
897 2597 1076 2675 impio
1097 2597 1271 2655 etiam
1293 2616 1482 2656 errore
1511 2597 1911 2656 confirmans.”
1947 2597 2171 2658 Similia
2185 2598 2361 2658 habet
2380 2597 2807 2673 Genebrardus,
2842 2601 2877 2630 “
2901 2599 3034 2656 Cal-

623 2679 868 2738 vinistas
894 2678 1031 2736 hinc
1059 2677 1331 2755 colligere
1361 2677 1653 2736 Christum
1681 2677 1741 2735 in
1771 2697 1939 2737 cruce
1961 2678 2035 2737 de
2064 2679 2191 2737 Deo
2213 2678 2566 2757 desperasse,
2597 2679 2691 2737 vel
2721 2678 3033 2754 desperau-

624 2760 701 2820 tis
723 2779 924 2819 vocem
946 2758 1266 2835 emisisse,’'
1291 2755 1400 2816 &a
1440 2758 1582 2833 Quae
1594 2757 1786 2818 omnia
1798 2757 1981 2818 fusius
1993 2767 2053 2818 et
2064 2759 2407 2819 virulentius
2423 2767 2743 2836 exaggerat
2754 2758 3032 2817 Bellarm.

623 2841 686 2901 li.
736 2841 816 2901 iv.
867 2838 939 2900 de
970 2839 1102 2899 Chr.
1148 2859 1198 2899 c.
1250 2840 1306 2898 8.
1393 2838 1510 2900 Sed
1557 2859 1731 2898 merae
1775 2839 2077 2898 calumniae
2106 2848 2259 2898 sunt.
2304 2839 2448 2899 Cum
2471 2841 2625 2898 enim
2653 2847 2925 2898 constans
2952 2839 3032 2897 sit

627 2922 1019 2982 Ecclesiamm
1047 2928 1374 2980 nostrarum
1401 2919 1687 2979 sententia
1713 2919 1887 2978 fidem
1916 2919 2130 2979 Christi
2157 2919 2381 2978 firmam
2409 2929 2469 2979 et
2494 2920 2895 2979 inconcussam
2916 2927 3031 2977 ste-

627 3003 768 3063 tisse
798 3021 1024 3080 semper
1064 3000 1128 3058 in
1153 3000 1346 3059 medio
1374 3020 1578 3078 agone,
1609 3001 1899 3078 quomodo
1928 3000 2252 3078 desperatio
2280 2999 2367 3057 illi
2394 3000 2787 3060 tribueretur?
2827 2999 3035 3076 Neque

627 3084 744 3141 tale
773 3083 915 3160 quid
941 3103 1018 3140 ex
1051 3080 1239 3140 verbis
1269 3081 1498 3140 Calvini
1538 3081 1600 3138 in
1632 3081 1841 3140 Matth.
1872 3081 2077 3155 xxvii„
2109 3080 2240 3138 elici
2267 3089 2490 3157 potest;
2535 3081 2716 3140 verba
2743 3079 2873 3158 ejus
2898 3090 3039 3138 sunt

627 3161 692 3219 in
721 3160 1057 3236 Harmonia,
1106 3163 1141 3192 “
1167 3159 1285 3219 Sed
1311 3159 1623 3219 absurdum
1654 3169 1743 3218 est
1786 3161 2015 3220 Christo
2044 3160 2297 3236 elapsam
2326 3181 2452 3219 esse
2481 3159 2899 3239 desperationis
2928 3179 3037 3218 vo-

631 3241 816 3315 cem,''
849 3259 978 3316 quae
1006 3239 1186 3297 verba
1233 3259 1348 3298 non
1397 3247 1463 3298 ut
1491 3259 1595 3298 sua
1624 3239 1909 3316 proponit,
1940 3239 2043 3299 sed
2077 3243 2352 3317 μᾲιηταὸς
2380 3250 2650 3318 suscepta
2676 3241 3042 3300 adversario-

629 3338 756 3377 rum
786 3337 1046 3395 persona,
1078 3318 1190 3376 sibi
1218 3318 1499 3394 objiciens
1547 3339 1677 3394 quse
1726 3319 1837 3377 sibi
1866 3339 1901 3377 a
1927 3321 2075 3379 male
2105 3320 2323 3380 feriatis
2348 3321 2679 3381 hominibus
2708 3320 3045 3398 objicienda

631 3397 1005 3476 praevidebat,
1035 3395 1194 3472 nim.,
1224 3396 1287 3456 Si
1327 3397 1474 3456 tales
1508 3397 1719 3457 fuerint
1750 3398 1962 3458 Christi
2000 3421 2246 3477 angores
2287 3401 2488 3478 quales
2516 3401 2917 3480 descripserat,
2948 3402 3043 3459 vi-

631 3477 758 3538 deri
783 3477 1241 3554 desperationem
1270 3475 1500 3536 Christo
1528 3476 1743 3555 affingi,
1774 3479 1931 3556 quod
1960 3489 2152 3540 tamen
2178 3481 2393 3540 ibidem
2412 3481 2758 3541 solidissime
2784 3480 2999 3540 refellit
3026 3507 3043 3559 3

633 3557 977 3634 “'Solutio,”
1001 3556 1204 3634 inquit,
1240 3555 1484 3615 “facilis
1501 3565 1606 3632 est,
1638 3579 1965 3635 quanquam
1998 3579 2201 3621 sensus
2230 3561 2419 3621 carnis
2445 3562 2690 3621 exitium
2718 3561 3047 3640 apprehen-

635 3642 812 3716 deret,
842 3639 1022 3697 fixam
1048 3647 1240 3696 tamen
1270 3637 1498 3697 stetisse
1525 3637 1697 3697 fidem
1730 3639 1789 3696 iu
1818 3639 1943 3717 ejus
1985 3641 2173 3718 corde,
2204 3662 2320 3719 qua
2362 3643 2553 3702 Deum
2580 3650 2921 3720 praesentem
2950 3643 3049 3700 in-

633 3721 816 3781 tuitus
845 3727 950 3794 est,
982 3718 1053 3777 de
1082 3719 1248 3796 cujus
1276 3718 1539 3778 absentia
1555 3719 1981 3796 conqueritur.''
2029 3721 2125 3781 Sic
2154 3731 2211 3781 et
2242 3723 2432 3781 Instit.
2460 3722 2507 3780 li
2562 3723 2621 3782 ii.
2653 3744 2702 3781 c.
2738 3723 2828 3798 16,
2860 3739 2907 3780 s.
2944 3727 3047 3801 12,

638 3805 674 3836 ‘⁴
698 3801 1040 3878 Quanquam
1085 3819 1210 3858 sese
1259 3796 1335 3857 ad
1377 3808 1733 3859 momentum
1771 3801 2085 3860 occultavit
2125 3801 2326 3861 divina
2352 3803 2444 3861 vis
2473 3803 2724 3880 spiritus,
2755 3811 2822 3862 ut
2848 3801 3053 3863 locum

633 3881 954 3943 infirmitati
997 3879 1186 3939 carnis
1235 3877 1500 3956 cederet;
1545 3879 1841 3940 sciendum
1886 3888 2080 3940 tamen
2123 3891 2211 3941 est
2256 3881 2429 3942 talem
2460 3882 2637 3943 fuisse
2666 3883 3053 3944 tentationem

635 3983 712 4022 ex
740 3961 958 4021 doloris
1001 3967 1060 4020 et
1087 3967 1275 4019 metus
1323 3979 1498 4020 sensu
1525 3980 1655 4038 quae
1684 3981 1809 4021 cum
1842 3961 1955 4020 fide
1984 3981 2101 4020 non
2129 3971 2449 4040 pugnaret3
2496 3963 2575 4022 Et
2593 3963 2905 4022 hoc-modo
2934 3964 3053 4022 im-

635 4043 859 4122 pletum
879 4040 1141 4118 estquod
1159 4040 1404 4101 habetur
1431 4041 1492 4098 in
1512 4041 1789 4100 concione
1812 4041 1987 4119 Petri,
2015 4043 2067 4100 N
2072 4063 2145 4100 on
2173 4043 2429 4119 potuisse
2459 4063 2591 4102 eum
2618 4043 2801 4103 teneri
2828 4063 2863 4102 a
2880 4043 3055 4103 dolo-

634 4125 797 4183 ribus
825 4121 1064 4197 mortis;
1108 4121 1246 4198 quia
1293 4141 1354 4180 se
1403 4121 1569 4198 quasi
1597 4121 1935 4181 derelictum
1964 4143 1998 4181 a
2027 4123 2155 4181 Deo
2204 4123 2457 4183 sentiens
2494 4144 2567 4183 ne
2594 4124 2886 4183 tantillum
2912 4127 3051 4201 qui-

637 4205 770 4264 dem
799 4201 1040 4262 deflexit
1065 4222 1101 4260 a
1126 4201 1404 4260 bonitatis
1432 4202 1606 4278 hujus
1624 4201 1853 4260 fiducia.
1939 4202 2108 4277 Quod
2136 4203 2305 4262 docet
2332 4204 2576 4263 celebris
2602 4205 2704 4263 illa
2732 4204 3051 4280 invocatio,

634 4286 697 4344 in
725 4303 842 4361 qua
867 4303 986 4361 prae
1015 4281 1230 4341 doloris
1273 4281 1639 4340 vehementia
1659 4282 1947 4359 clamavit,
1993 4284 2154 4342 Deus
2182 4303 2360 4361 meus,
2396 4285 2555 4344 Deus
2582 4305 2763 4360 meus,
2793 4295 2859 4344 ut
2906 4285 3061 4362 quid

638 4363 1000 4441 dereliquisti
1023 4383 1114 4421 me
1135 4365 1164 4422 9
1190 4382 1326 4420 nam
1347 4361 1455 4420 etsi
1485 4382 1659 4440 supra
1685 4362 1919 4421 modum
1948 4364 2197 4441 angitur,
2226 4385 2346 4423 non
2372 4373 2567 4424 tamen
2594 4365 2807 4424 desinit
2833 4383 3053 4426 vocare

640 4443 832 4501 Deum
861 4463 1029 4501 suum
1051 4463 1086 4500 a
1107 4462 1222 4519 quo
1245 4461 1306 4501 se
1324 4441 1663 4502 derelictum
1685 4443 2030 4519 exclamat,''
2056 4441 2163 4502 Sec.
2211 4445 2383 4504 Unde
2404 4455 2564 4522 patet
2584 4453 2756 4523 quam
2776 4445 2922 4512 falso
2944 4447 3051 4504 tri·

635 4521 890 4580 buantur
907 4521 1291 4582 sincerissimo
1309 4521 1605 4598 interpreti
1616 4542 1745 4599 quae
1764 4523 1887 4601 ipse
1905 4545 1941 4582 a
1950 4543 2012 4582 se
2020 4524 2357 4602 longissime
2368 4526 2595 4604 repellit
2606 4534 2664 4584 et
2674 4532 2799 4584 toto
2814 4535 3052 4604 pectore

637 4608 938 4662 aversatur
960 4621 976 4675 ;
995 4601 1084 4659 Ne
1101 4601 1223 4677 jam
1246 4600 1506 4660 dicamus
1525 4601 1739 4660 Ferum
1757 4611 1817 4662 et
1836 4604 1980 4662 alios
1998 4623 2073 4661 ex
2092 4605 2212 4663 suis
2231 4605 2407 4683 louge
2430 4605 2631 4665 durius
2648 4625 2775 4664 esse
2802 4606 3051 4668 locutos.
