3234 5192
521 300 639 357 652
1084 318 1163 359 ns
1192 318 1670 375 sarisas-rioms
1697 319 1936 362 cnnrsn
1961 316 2281 363 vum-rus.
2507 294 2769 379 [mar-ur.
2797 312 2942 355 xxr.

525 462 562 495 “
588 460 673 520 Ut
689 479 792 538 per
808 458 1255 520 inobedientiam
1273 461 1444 521 unius
1464 460 1622 521 illius
1642 460 1892 520 hominis
1912 469 2243 539 peccatores
2263 456 2562 519 constituti
2583 463 2717 515 sunt
2735 454 2934 531 multi,

522 541 606 600 ita
632 560 735 617 per
762 539 1147 599 obedientiam
1175 542 1347 600 unius
1374 542 1543 601 istius
1570 542 1720 619 justi
1747 542 2172 601 constituuntur
2199 540 2423 600 multi.”
2485 538 2550 597 Si
2577 555 2715 613 ergo
2743 554 2934 595 unum

524 619 741 679 Adami
767 629 1067 697 peccatum
1094 622 1285 699 potuit
1332 622 1661 679 innumeros
1705 621 1959 699 perdere,
1990 621 2191 698 quidni
2233 630 2292 680 et
2317 639 2434 680 una
2461 616 2674 677 Christi
2693 615 2936 693 justitia

522 700 735 777 poterit
781 700 1112 760 innumeros
1156 703 1381 759 salvare
1400 704 1430 759 Ρ
1470 702 1553 760 sic
1604 702 1834 759 “unica
1875 702 2198 759 oblatione”
2250 701 2519 759 dicuntur
2547 700 2584 731 ‘⁶
2601 696 2934 755 consecrari

525 780 627 857 qui
655 780 1141 855 sanctificantur‚”
1196 782 1348 839 Heb.
1395 802 1454 839 x.
1505 784 1597 857 14,
1629 787 1690 839 et
1737 781 2000 840 Christus
2047 784 2082 814 “
2106 780 2334 840 dedisse
2379 780 2632 855 seipsum
2659 775 2930 852 redemp-

524 860 699 918 tionis
725 860 973 937 pretium
1014 880 1118 938 pro
1168 861 1492 936 omnibus,'’
1526 864 1555 921 1
1588 861 1739 919 Tim.
1767 861 1830 921 ii.
1861 864 1915 919 6.
2002 860 2134 920 Hoc
2177 880 2350 920 sensu
2394 857 2605 917 dicitur
2651 860 2687 889 ‘⁴
2706 857 2932 931 ἱλαρὸς

526 959 643 999 non
670 946 893 998 tantum
922 960 1025 1017 pro
1046 942 1299 1018 peccatis
1324 941 1589 1017 nostris,”
1617 941 1696 999 id.
1721 941 1764 1000 J
1767 941 2062 1001 udaeorum
2081 944 2118 975 “
2141 940 2243 999 sed
2265 941 2439 999 etiam
2459 938 2638 997 totius
2657 936 2926 1009 mundi,''

532 1022 561 1077 1
594 1019 734 1080 Joh.
790 1020 849 1078 ii.
880 1026 935 1100 2,
984 1024 1019 1053 “
1043 1022 1253 1097 Agnus
1299 1022 1412 1080 Dei
1459 1022 1559 1099 qui
1598 1022 1754 1080 tollit
1792 1029 2030 1099 peccata
2069 1020 2328 1095 mundi,''
2372 1018 2512 1079 Joh.
2540 1018 2579 1075 i.
2611 1018 2704 1093 29,
2752 1014 2930 1089 “Qui

528 1100 707 1159 semel
735 1100 963 1160 oblatus
990 1109 1081 1160 est
1105 1109 1173 1160 ut
1198 1102 1507 1161 multorum
1536 1110 1774 1179 peccata
1800 1101 2086 1176 tolleret,''
2118 1100 2270 1159 Heb.
2298 1100 2380 1157 ix.
2411 1101 2506 1157 28.
2552 1097 2621 1155 Ε.
2651 1095 2747 1154 vel
2773 1096 2932 1154 falsa

528 1179 773 1239 dicenda
800 1180 909 1239 erit
940 1181 1235 1259 Scriptura
1261 1202 1389 1259 quae
1424 1182 1637 1259 passim
1686 1183 1857 1240 unius
1885 1181 2100 1240 Christi
2120 1181 2408 1259 justitiam
2435 1186 2494 1237 et
2519 1184 2762 1235 mortem
2787 1194 2926 1252 pro—

526 1261 690 1337 ponit
718 1270 989 1338 tanquam
1017 1264 1299 1342 ἇηιΆυτ-ςου
1342 1261 1630 1321 sufficiens
1676 1261 1753 1321 ad
1798 1261 2249 1339 redemptionem
2282 1259 2540 1319 omnium
2569 1257 2926 1333 Electorum,

527 1340 623 1400 vel
650 1339 798 1399 falsa
824 1341 933 1400 erit
954 1342 1146 1401 Socini
1177 1344 1477 1401 sententia.

610 1420 799 1479 XXI.
843 1427 899 1480 2.
932 1422 1186 1499 Disting.
1216 1423 1452 1481 debitum
1472 1422 1885 1499 pecuniarium,
1915 1442 1954 1480 α
1980 1421 2248 1479 solutione
2264 1420 2514 1497 pennalt}
2541 1417 2602 1475 in
2621 1416 2752 1491 Illo,
2783 1416 2928 1492 quia

524 1501 770 1577 pecunia
797 1520 873 1558 ex
901 1520 1005 1560 sua
1030 1503 1271 1561 materia
1298 1510 1357 1561 et
1381 1501 1565 1561 forma
1612 1502 1876 1561 absolute
1905 1502 2222 1560 aestimatur
2268 1521 2302 1558 a
2345 1516 2688 1577 quocunque
2735 1496 2922 1573 possi-

525 1579 732 1639 deatur
746 1590 847 1639 aut
870 1580 1142 1656 solvatur,
1166 1582 1383 1641 valoris
1404 1590 1493 1641 est
1513 1581 1791 1659 ejusdem,
1814 1581 1908 1639 Ita
1929 1581 1978 1639 si
1997 1580 2166 1639 multi
2187 1590 2416 1639 centum
2443 1596 2708 1636 nummos
2733 1594 2840 1653 pro
2863 1594 2930 1634 se

526 1658 773 1735 singulis
802 1660 1066 1735 debeant,
1097 1680 1201 1737 pro
1230 1661 1475 1738 singulis
1502 1660 1744 1721 totidem
1773 1668 2002 1719 centum
2029 1660 2252 1718 nummi
2277 1666 2444 1717 erunt
2472 1656 2776 1735 pendendi,
2805 1674 2928 1714 non

524 1757 665 1797 vero
692 1757 796 1815 pro
825 1740 1091 1799 omnibus
1119 1748 1347 1799 centum
1376 1740 1660 1799 sufficient
1679 1762 1694 1815 ς
1744 1739 1861 1799 Sed
1878 1740 1940 1797 in
1962 1739 2103 1815 Ista,
2123 1740 2260 1817 quia
2279 1758 2538 1817 personae
2558 1738 2626 1797 fit
2647 1736 2928 1795 substitu-

526 1818 625 1893 tio,
644 1818 953 1895 etquidem
975 1819 1295 1878 innocentis
1314 1840 1416 1897 pro
1432 1829 1692 1895 nocente,
1713 1819 1796 1878 ibi
1817 1819 2122 1879 aestimatio
2143 1840 2260 1878 non
2277 1820 2342 1878 fit
2357 1827 2580 1877 tantum
2598 1835 2800 1895 poenae,
2821 1814 2931 1874 sed

524 1898 697 1959 etiam
725 1917 1003 1975 personae.
1063 1899 1267 1977 Itaque
1288 1920 1394 1978 pro
1420 1900 1704 1977 dignitate
1733 1918 1990 1977 personae
2020 1900 2226 1959 crescit
2253 1899 2426 1958 etiam
2453 1898 2710 1975 dignitas
2735 1894 2928 1975 pretii.

526 1978 691 2038 Licet
718 1998 989 2039 nummus
1014 1999 1221 2039 aureus
1248 2000 1363 2039 non
1392 1980 1525 2058 plus
1545 1981 1740 2039 valeat
1761 1979 1820 2038 in
1847 1998 2023 2038 manu
2053 1980 2235 2057 Regis
2263 1998 2436 2058 quam
2465 1978 2699 2055 captivi,
2729 1986 2924 2036 tamen

526 2058 709 2137 Regis
738 2069 911 2138 caput
937 2068 995 2119 et
1024 2060 1146 2120 vita
1170 2060 1302 2138 plus
1329 2060 1507 2120 habet
1524 2061 1696 2139 pretii
1719 2080 1890 2138 quam
1916 2060 2050 2119 vilis
2071 2059 2356 2139 mancipii.
2443 2058 2540 2116 Sic
2570 2078 2722 2135 saepe
2753 2056 2924 2116 unius

523 2160 697 2217 poena
722 2160 826 2219 pro
853 2140 1081 2199 delictis
1109 2141 1420 2201 multorum
1448 2140 1675 2215 sufficit,
1709 2140 1840 2199 Rex
1867 2159 2018 2199 unus
2044 2158 2148 2218 pro
2177 2138 2491 2198 innumeris
2519 2137 2766 2215 captivis
2791 2156 2926 2215 per·

522 2228 794 2296 mutatur,
826 2222 963 2298 quia
1008 2221 1263 2298 dignitas
1308 2240 1569 2298 personae
1612 2221 1788 2298 longe
1834 2220 2234 2298 praeponderat
2279 2237 2518 2276 numero
2569 2226 2924 2277 caeterorum.

528 2298 625 2358 Sic
654 2301 777 2357 vita
819 2300 1067 2358 Davidis
1112 2301 1245 2377 plus
1292 2302 1610 2359 :estimatur
1649 2300 1890 2358 dimidio
1935 2300 2211 2374 exercitu,
2243 2302 2280 2357 2
2314 2298 2469 2358 Sam.
2499 2297 2664 2356 xviii.
2695 2300 2750 2356 3.
2835 2297 2926 2356 At

520 2378 619 2435 hic
646 2397 762 2436 non
790 2387 879 2437 est
907 2379 1149 2455 quaestio
1178 2378 1251 2437 de
1279 2379 1565 2438 solutione
1606 2380 1867 2457 pecuniae
1894 2380 1956 2437 in
1984 2400 2100 2456 qua
2125 2379 2291 2437 valor
2317 2379 2444 2457 ejus
2475 2378 2809 2455 simpliciter
2833 2385 2922 2436 at-

522 2456 793 2531 tenditur,
826 2458 930 2516 sed
957 2477 1141 2535 poenae
1168 2459 1229 2516 in
1256 2478 1373 2535 qua
1392 2478 1652 2535 personae
1673 2458 1928 2518 conditio
1951 2461 2285 2518 aestimatur.
2349 2458 2404 2515 N
2407 2478 2472 2517 ec
2499 2457 2706 2515 mirum
2733 2456 2923 2515 videri

523 2536 698 2595 debet
726 2536 777 2594 si
804 2556 953 2596 unus
982 2558 1085 2615 pro
1112 2538 1311 2597 multis
1358 2536 1615 2597 sufficere
1651 2541 1876 2616 potuit3
1919 2546 1986 2597 ut
2016 2538 2184 2598 Unus
2213 2554 2448 2615 serpens
2476 2557 2668 2596 aeneus
2695 2536 2926 2595 suffecit

524 2614 597 2674 ad
628 2616 942 2676 servandos
970 2636 1169 2677 omnes
1196 2636 1383 2695 aegros
1413 2618 1744 2696 Israelita&
1793 2618 1959 2679 Unus
1985 2618 2181 2677 hircus
2207 2624 2568 2695 ἇποιι-ομπῖος
2595 2616 2816 2675 suffecit
2839 2614 2920 2673 ad

523 2696 884 2775 exportanda
923 2698 983 2756 in
1026 2698 1315 2758 desertum
1349 2699 1604 2758 omnium
1637 2698 2024 2757 Israelitarum
2053 2708 2328 2776 peccata3
2377 2698 2512 2757 Una
2541 2697 2770 2756 victima
2796 2694 2917 2753 suf-

523 2776 755 2837 ficiebat
770 2784 831 2836 et
850 2798 955 2856 pro
980 2778 1288 2839 Sacerdote
1316 2787 1376 2838 et
1401 2798 1505 2856 pro
1532 2779 1746 2857 populo
1769 2802 1784 2854 3
1832 2778 2022 2839 Unico
2044 2778 2322 2838 sacrificio
2342 2776 2736 2856 propitiatorio
2757 2775 2926 2835 anni-

525 2857 781 2917 versario
801 2868 1067 2936 poterant
1094 2860 1351 2918 universi
1377 2860 1575 2937 populi
1603 2859 1816 2919 delicta
1835 2858 2073 2937 expiari,
2099 2859 2210 2917 etsi
2235 2865 2324 2917 tot
2349 2859 2710 2936 expiationes
2733 2856 2924 2934 requi-

525 2946 787 2997 rerentur
808 2949 948 3016 quot
968 2948 1131 2999 erant
1150 2939 1446 3015 Israelitae,
1472 2940 1607 3017 quia
1634 2940 1806 2999 unica
1831 2939 1934 2998 illa
1959 2939 2214 3017 expiatio
2243 2937 2328 2997 sic
2355 2945 2477 2997 erat
2504 2939 2921 3010 universorum,

524 3026 591 3077 ut
618 3038 695 3076 ex
725 3018 838 3077 Dei
865 3020 1246 3080 destinatione
1274 3027 1333 3089 et
1358 3020 1626 3079 instituto
1653 3018 1816 3079 fieret
1842 3040 2072 3097 quoque
2101 3018 2459 3095 singulorum
2481 3040 2496 3094 3
2543 3017 2756 3093 Quidni
2785 3036 2924 3095 ergo

526 3114 643 3154 una
668 3098 841 3155 unius
869 3099 1083 3158 Christi
1110 3100 1217 3157 filii
1244 3100 1355 3157 Dei
1398 3098 1713 3159 satisfactio
1754 3118 1857 3177 pro
1900 3099 2154 3178 peccatis
2194 3098 2394 3157 mundi
2437 3096 2768 3157 sufficeret?
2829 3096 2927 3156 Sic

527 3176 683 3250 quod
711 3186 945 3252 praestat
988 3178 1235 3255 alicujus
1263 3178 1515 3238 civitatis
1556 3186 1891 3257 procurator
1929 3188 2032 3238 aut
2067 3178 2492 3237 commissarius
2531 3178 2711 3237 totius
2757 3176 2926 3255 Reip.

528 3254 775 3328 nominc,
807 3256 889 3313 sic
916 3255 1130 3315 factum
1152 3257 1225 3316 ab
1248 3258 1374 3334 ipso
1396 3268 1677 3329 censetur,
1703 3266 1766 3317 ut
1788 3278 1988 3318 omnes
2009 3267 2067 3317 et
2089 3258 2303 3335 singuli
2331 3258 2392 3315 in
2413 3276 2482 3315 eo
2503 3257 2752 3336 idipsum
2780 3276 2926 3335 prae-

528 3332 745 3391 stitisse
774 3332 1054 3394 dicantur.
1141 3336 1235 3396 Ita
1262 3338 1527 3413 quamvis
1555 3338 1801 3413 quilibet
1828 3348 1998 3416 egeat
2023 3346 2148 3397 toto
2176 3338 2298 3397 sole
2327 3337 2404 3396 ad
2435 3338 2526 3397 sui
2553 3336 2926 3397 illuminatio·

530 3432 679 3485 nem,
708 3413 995 3473 universis
1021 3422 1215 3473 tamen
1242 3416 1638 3475 illuminandis
1665 3436 1782 3475 una
1810 3418 1944 3477 Lux
1977 3418 2129 3477 Solis
2158 3417 2384 3477 sufficit.

612 3492 838 3552 XXII.
898 3497 953 3553 3.
1003 3495 1152 3553 Tota
1197 3494 1537 3554 Adversarii
1579 3498 1942 3557 ratiocinatio
1985 3507 2188 3575 peccat
2232 3496 2379 3556 falsa
2421 3497 2729 3577 hypothesi
2771 3496 2928 3574 quod

532 3573 796 3633 Christus
822 3594 941 3634 non
968 3575 1043 3634 sit
1073 3574 1250 3635 Deus.
1334 3575 1483 3634 Nam
1504 3577 1695 3655 posito
1718 3577 1907 3637 Deum
1929 3598 2072 3653 esse,
2097 3577 2352 3636 infinitas
2371 3596 2632 3654 personae
2659 3576 2930 3636 exhaurit

531 3674 730 3713 omnes
758 3655 889 3715 illas
916 3655 1244 3733 infinitates,
1276 3676 1405 3733 quse
1432 3657 1601 3717 nobis
1630 3657 2024 3733 debebantur3
2071 3658 2240 3717 Unus
2267 3657 2420 3716 enim
2448 3656 2630 3734 pluris
2658 3656 2928 3715 aestimari

532 3734 707 3793 debet
734 3755 905 3813 quam
934 3754 1133 3795 omnes
1162 3737 1351 3810 simul,
1384 3737 1499 3796 imo
1544 3738 1818 3797 infinities
1860 3738 2060 3817 pluris,
2093 3756 2225 3795 nam
2273 3756 2452 3796 unum
2482 3738 2531 3795 si
2559 3736 2928 3814 multiplices,

531 3815 773 3875 habebis
801 3816 1033 3875 tandem
1060 3836 1359 3876 numerum
1388 3818 1644 3876 omnium
1693 3818 2006 3892 hominum,
2037 3818 2290 3876 omnium
2319 3836 2458 3875 vero
2487 3817 2782 3875 hominum
2811 3815 2931 3873 col·

530 3895 704 3954 lectio
732 3904 1239 3974 quantumcunque
1264 3897 1696 3977 multiplicetur,
1727 3916 2018 3975 nunquam
2070 3897 2284 3955 Christi
2311 3896 2625 3974 potentiam
2653 3904 2714 3955 et
2739 3895 2931 3972 digni-

532 3984 711 4034 tatem
739 3977 1025 4054 aequabit3
1072 3976 1167 4035 Ita
1184 3977 1322 4036 licet
1344 3978 1607 4037 Christus
1625 3996 1776 4035 unus
1793 3978 1884 4053 sit,
1911 3978 2033 4036 Nos
2050 3996 2152 4055 pro
2173 3976 2384 4054 quibus
2404 3996 2610 4053 passus
2637 3984 2727 4035 est
2751 3994 2932 4053 prope

532 4056 834 4130 innumeri,
864 4065 1058 4115 tamen
1100 4058 1311 4133 poterit
1352 4076 1502 4116 unus
1550 4075 1655 4134 pro
1703 4058 1970 4116 omnibus
2017 4056 2361 4129 satisfacere,
2393 4066 2452 4115 et
2477 4076 2594 4115 una
2621 4058 2749 4134 ejus
2775 4075 2932 4113 mors

535 4154 639 4213 pro
667 4136 935 4196 omnibus
962 4136 1242 4195 mortibus
1286 4136 1411 4194 dari
1458 4140 1756 4218 ἇηιΆυτ-ςοι.
1781 4164 1788 4171 ·
1843 4138 1993 4195 Nam
2019 4156 2280 4215 personae
2308 4136 2564 4213 dignitas
2590 4145 2646 4195 et
2675 4134 2931 4194 infinitas

533 4216 804 4275 absorbet
846 4236 1045 4276 omnes
1092 4216 1405 4277 infinitates
1447 4225 1694 4289 nostrae,
1724 4217 1861 4294 quia
1905 4236 2022 4276 non
2070 4217 2349 4275 absolutoe
2379 4224 2528 4292 sunt,
2577 4216 2679 4275 sed
2707 4224 2933 4274 tantum

536 4304 878 4372 comparatae
927 4304 985 4356 et
1040 4296 1355 4355 secundum
1403 4296 1562 4373 quid.
1647 4301 1704 4357 4.
1749 4295 1850 4356 Ad
1895 4298 2006 4356 hoc
2053 4297 2228 4355 etiam
2277 4296 2502 4355 accedit
2549 4294 2932 4355 consideratio

518 4376 761 4448 foedera's
786 4395 919 4433 cum
948 4376 1179 4435 Christo
1206 4376 1352 4452 initi,
1386 4377 1501 4436 Isa.
1524 4377 1672 4436 xlix.
1703 4380 1758 4453 6,
1790 4380 1845 4453 8,
1879 4377 2089 4436 Matth.
2120 4376 2286 4434 xxvi.
2315 4376 2411 4451 28,
2443 4395 2559 4453 quo
2587 4376 2669 4434 ita
2696 4394 2730 4433 a
2760 4375 2934 4433 Patre

536 4452 911 4511 constitutum
939 4464 1043 4529 est,
1074 4464 1141 4515 ut
1170 4456 1433 4516 Christus
1476 4458 1744 4535 passione
1793 4476 1899 4516 sua
1923 4476 2040 4515 non
2067 4475 2172 4533 pro
2200 4474 2316 4515 uno
2344 4456 2443 4514 vel
2468 4456 2667 4530 alten-0,
2698 4454 2802 4514 sed
2827 4474 2934 4532 pro

536 4530 803 4589 omnibus
830 4532 1029 4593 electis
1056 4534 1427 4613 satisfaceret,
1457 4538 1752 4615 vitamque
1797 4536 1870 4595 iis
1911 4544 2262 4596 mereretur:
2307 4536 2391 4595 sic
2437 4536 2591 4595 enim
2633 4544 2935 4614 peccatum

536 4610 721 4669 factus
748 4618 855 4679 est,
882 4621 949 4669 ut
976 4632 1235 4674 essemus
1265 4616 1495 4693 justitia
1526 4616 1637 4675 Dei
1681 4617 1738 4673 in
1775 4616 1918 4692 ipso,
1950 4620 1986 4673 2
2019 4614 2149 4675 Cor.
2181 4636 2236 4674 v.
2267 4620 2364 4691 21,
2398 4616 2480 4674 sic
2507 4614 2694 4674 factus
2721 4624 2810 4674 est
2836 4640 2934 4673 aa·
