3234 5192
522 332 634 390 126
1297 346 1377 388 ns
1404 346 1773 390 uscnssanm
1803 346 2151 389 sncssmosn
2548 326 2809 409 [msrur.
2839 347 2922 390 vr.

513 509 653 548 num
681 488 1010 566 divortium,
1042 510 1216 569 quam
1258 490 1412 568 apud
1455 490 1692 550 Babelis
1735 499 1976 549 terrenae
2019 489 2394 549 aedificatores
2429 487 2760 566 linguarum
2789 511 2925 550 con-

514 570 681 645 fusi0,
739 579 805 630 ut
858 571 1165 631 ostendant
1230 572 1475 631 Romam
1533 571 1810 649 Papalem
1863 591 1982 629 non
2035 590 2204 648 posse
2259 588 2361 646 per
2415 568 2598 646 ipsam
2653 572 2920 649 intelligi,

508 651 667 728 quod
696 660 887 711 tamen
928 653 1338 731 pertendimUS,
1384 652 1744 731 gravissimis
1787 650 1946 711 ducti
1985 650 2322 725 rationibus,
2365 650 2520 708 utin
2549 652 2923 729 sequentibus

509 732 747 809 patebit.

509 852 726 909 Babylon
766 866 865 897 non
917 858 995 897 eat
1096 893 1109 906 ,
1985 893 1998 905 ,
2089 892 2100 905 ‚
2248 891 2262 905 ,
2785 893 2799 905 ‚

568 912 839 955 multitudo
906 913 992 955 im·
1036 893 1287 970 aliquam
1316 892 1533 967 urbem,
1568 892 1662 950 vel
1695 900 1910 951 statum
1952 892 2267 971 s1gmfican
2309 898 2530 968 putant,
2563 892 2668 951 sed
2696 913 2917 952 antver-

567 971 775 1027 piorum.
1030 994 1154 1031 sam
1182 973 1479 1049 impiorum
1506 974 1926 1047 multitudinem,
1947 993 2076 1050 quae
2106 972 2183 1032 sit
2203 971 2386 1031 veluti
2430 971 2665 1031 Diaboli
2693 974 2916 1050 civitas,

505 1054 774 1131 opposita
816 1053 1039 1112 civitati
1068 1052 1181 1111 Dei
1207 1076 1220 1112 :
1264 1074 1379 1130 qua
1404 1053 1466 1111 in
1495 1052 1780 1113 sententia
1808 1061 1944 1112 sunt
1969 1054 2343 1130 stapletonus,
2373 1053 2667 1111 Sandents
2715 1053 2788 1112 de
2827 1054 2915 1112 vi-

508 1134 637 1193 sibi.
680 1134 972 1192 monarch.
1002 1134 1103 1192 lib.
1142 1134 1264 1192 viii.
1295 1155 1344 1193 e.
1376 1136 1430 1208 8,
1460 1136 1776 1193 Malvenda
1803 1134 1876 1192 de
1905 1133 2286 1208 AntichristO,
2315 1132 2417 1191 lib.
2447 1133 2526 1191 iv.
2557 1154 2681 1212 cap.
2712 1137 2748 1191 2
2778 1143 2837 1193 et
2859 1138 2914 1211 7,

506 1222 641 1292 post
667 1223 895 1273 veteres
923 1214 1233 1274 nonnullos
1252 1215 1627 1287 Ambrosium,
1651 1214 2004 1289 Avi-selmum,
2030 1217 2366 1291 Rupertum,
2389 1214 2645 1291 Aretam,
2671 1222 2730 1273 et
2750 1214 2913 1274 alios.

509 1294 626 1354 Sed
653 1295 799 1352 nihil
826 1302 915 1354 est
942 1296 1053 1354 hoc
1073 1304 1395 1355 commento
1424 1294 1708 1373 frigidius,
1735 1295 1892 1373 quod
1912 1302 2214 1372 propterea
2233 1315 2268 1353 a
2290 1294 2610 1353 Pontificiis
2627 1294 2916 1373 plerisque

504 1376 775 1453 rejicitur,
824 1377 1193 1451 BellarminO,
1240 1376 1528 1453 SuarcziO,
1560 1378 1793 1450 Ribera,
1835 1377 2028 1453 Vieya,
2061 1384 2120 1434 et
2161 1376 2307 1450 aliis,
2353 1376 2454 1452 qui
2493 1374 2746 1436 fatentur
2773 1376 2914 1435 civi-

502 1464 680 1515 tatem
736 1455 987 1533 aliquam
1044 1456 1321 1531 denotari,
1379 1478 1494 1515 non
1550 1476 1691 1516 vero
1745 1456 2052 1534 impiorum
2106 1454 2554 1515 multitudinem.
2639 1456 2718 1515 Et
2779 1475 2914 1514 sane

504 1538 757 1596 rationes
786 1546 921 1595 sunt
947 1536 1142 1613 plures
1172 1537 1547 1613 gravissimae,
1580 1557 1712 1613 quae
1739 1536 1850 1594 hoc
1880 1535 2142 1594 suadent.
2229 1535 2440 1611 Prim0,
2486 1534 2624 1612 quia
2644 1536 2913 1612 Babylon

503 1616 633 1691 ista,
684 1636 814 1693 quae
862 1616 1064 1675 eadem
1109 1625 1197 1675 est
1246 1636 1377 1675 cum
1414 1616 1715 1675 meretrice
1764 1635 1992 1692 magna,
2043 1613 2230 1692 Apoc.
2275 1614 2420 1672 xvii.
2456 1617 2506 1690 1,
2541 1616 2594 1687 5,
2638 1634 2768 1691 quae
2796 1614 2908 1674 hoe

500 1697 732 1754 nomine
760 1696 1085 1772 insignitur,
1118 1696 1329 1755 diserte
1357 1711 1504 1761 πολις
1532 1704 1788 1771 vocatur,
1821 1704 1880 1753 et
1905 1714 2023 1753 non
2051 1702 2274 1753 tantum
2297 1708 2461 1768 πολις,
2485 1692 2590 1751 sed
2617 1714 2748 1752 cum
2777 1695 2911 1752 arti-

500 1776 633 1835 culo
661 1777 687 1838 ui
728 1791 875 1841 πολις
904 1777 928 1837 ἦ
954 1791 1159 1851 pateram
1188 1776 1318 1833 urbs
1346 1776 1448 1834 illa
1476 1796 1703 1851 mayna,
1753 1774 1940 1851 Apoc.
1991 1773 2157 1831 xviii.
2205 1775 2297 1848 10,
2334 1776 2425 1848 16,
2462 1775 2554 1848 18,
2585 1793 2717 1850 quae
2760 1774 2910 1833 inter

500 1856 645 1915 alias
674 1856 941 1915 civitates
966 1862 1315 1931 numeratur,
1346 1854 1534 1933 Apoe.
1564 1855 1688 1913 xvi.
1716 1856 1807 1929 19,
1839 1854 1997 1931 quod
2037 1853 2161 1912 fieri
2207 1872 2325 1912 non
2371 1862 2584 1930 posset,
2615 1854 2728 1913 nisi
2755 1864 2913 1915 certa

496 1936 768 2014 quaedam
785 1935 925 1995 urbs
943 1934 1361 2011 designaretur.
1398 1934 1682 2010 Secundo,
1709 1934 1781 1993 de
1810 1934 1923 1993 ista
1950 1933 2254 2011 Babylone
2277 1952 2346 1991 ea
2365 1932 2652 2009 dicuntur,
2684 1954 2812 2012 quae
2835 1934 2910 1994 ad

500 2017 830 2076 universam
875 2016 1181 2094 impiorum
1222 2015 1650 2075 multitudinem
1679 2014 1967 2093 pertinere
1994 2033 2110 2073 non
2140 2022 2415 2091 possunt3
2467 2022 2533 2073 ut
2563 2016 2600 2046 “
2635 2014 2793 2091 quod
2821 2015 2906 2073 in·

419 2131 437 2141 --
500 2096 687 2156 sideat
716 2106 937 2175 septem
966 2095 1319 2170 montibus,'’
1354 2096 1541 2173 Apoe.
1571 2095 1715 2154 xvii.
1748 2097 1803 2171 9,
1828 2094 1987 2172 quod
2031 2094 2391 2172 “imperium
2420 2094 2631 2154 habeat
2659 2095 2720 2152 in
2739 2115 2908 2173 reges

500 2178 728 2253 terrae,”
752 2198 875 2255 cap.
898 2176 1043 2235 xvii.
1078 2178 1169 2251 18,
1201 2176 1357 2253 quod
1382 2178 1418 2209 “
1442 2176 1640 2235 sedeat
1663 2196 1835 2253 super
1863 2194 2043 2252 aquas
2069 2174 2340 2249 multas,”
2371 2173 2432 2232 id
2461 2182 2550 2233 est
2575 2176 2822 2253 populos
2849 2184 2909 2235 et

500 2266 723 2334 gentes,
768 2266 836 2317 ut
862 2257 1169 2335 exponitur
1196 2276 1321 2334 cap.
1351 2258 1496 2316 xvii.
1531 2259 1582 2331 1,
1618 2257 1710 2330 15,
1741 2254 1900 2332 quod
1931 2255 2208 2313 “incolas
2248 2262 2414 2313 terrae
2442 2255 2581 2313 vino
2609 2257 2905 2316 scortatio-

496 2338 589 2395 nis
626 2337 929 2413 inebriet,'’
972 2356 1097 2414 cap.
1127 2336 1271 2394 xvii.
1302 2342 1359 2395 2.
1462 2334 1527 2393 N
1531 2335 1752 2414 unquid
1789 2336 1942 2395 enim
1963 2334 2274 2394 multitudo
2311 2334 2619 2413 impiorum
2660 2356 2907 2413 regnum

496 2416 675 2476 habet
702 2416 763 2474 in
809 2436 978 2493 reges
1005 2425 1189 2492 terrae,
1230 2435 1361 2475 cum
1390 2424 1587 2476 contra
1637 2436 1804 2494 reges
1845 2424 2011 2475 terrae
2051 2414 2356 2493 imperium
2396 2415 2647 2474 habeant
2690 2415 2752 2474 in
2797 2417 2905 2474 im-

496 2496 722 2573 piorum
752 2496 1177 2556 multitudinem
1194 2500 1223 2555 ‘?
1265 2496 1543 2573 Nunquid
1562 2505 1754 2574 potest
1771 2496 1886 2555 dici
1909 2496 2107 2556 sedere
2129 2514 2300 2573 super
2325 2495 2540 2554 multos
2561 2496 2821 2573 populos,
2847 2496 2908 2554 id

490 2586 587 2636 est
614 2596 787 2655 super
814 2596 875 2635 se
903 2576 1105 2654 ipsam,
1129 2596 1261 2654 quae
1288 2577 1476 2635 inanis
1496 2583 1648 2635 esset
1675 2589 1907 2656 φλυιςιοι
1925 2580 1954 2635 1>
1981 2575 2260 2653 Nunquid
2287 2575 2535 2634 mundus
2557 2575 2766 2634 dicitur
2785 2576 2898 2633 ine·

498 2656 686 2715 briare
710 2657 931 2715 incolas
962 2666 1145 2732 terrae,
1177 2657 1278 2735 qui
1307 2665 1443 2715 sunt
1460 2656 1583 2734 ipse
1610 2657 1864 2716 mundus
1901 2678 1936 2715 a
1955 2656 2254 2715 meretrice
2281 2656 2636 2714 inebriatus?
2688 2655 2902 2731 Terti0,

498 2736 605 2795 illa
615 2737 887 2814 Babylon
902 2737 1263 2815 intelligitur,
1278 2737 1447 2815 cujus
1466 2737 1774 2812 excidium,
1800 2758 1968 2815 reges
1990 2736 2240 2814 quicum
2261 2736 2362 2794 illa
2383 2734 2633 2809 scortati,
2649 2742 2707 2793 et
2727 2754 2906 2811 nego·

496 2816 735 2877 tiatores
757 2818 1008 2895 quicum
1032 2818 1134 2876 illa
1153 2816 1435 2895 negotiati
1458 2824 1607 2894 sunt,
1634 2826 1694 2877 et
1720 2818 1944 2895 reliqua
1965 2817 2270 2893 impiorum
2293 2816 2478 2889 turba,
2504 2814 2604 2891 qui
2627 2831 2905 2891 supremae

494 2896 583 2955 illi
626 2906 685 2956 et
720 2897 880 2957 finali
903 2898 1223 2975 Babylonis
1243 2897 1557 2957 vastationi
1573 2898 1910 2975 superstites
1937 2896 2118 2956 futuri
2158 2904 2309 2972 sunt,
2329 2894 2616 2973 plancturi
2643 2902 2777 2953 sunt
2803 2920 2908 2952 am

488 2986 729 3059 μαιςοθει
769 2980 1010 3045 {araxem
1059 2988 1293 3057 propter
1340 2986 1555 3038 metum
1604 2979 1894 3038 cruciatus
1943 2978 2089 3056 ejus,
2130 2976 2319 3055 Apoe.
2357 2975 2522 3033 xviii.
2558 2976 2649 3049 10,
2685 2976 2776 3050 15,
2813 2977 2904 3033 17.

496 3059 583 3117 At
611 3060 661 3117 si
686 3059 1037 3119 universitas
1066 3059 1489 3137 significaretur
1529 3058 1854 3137 impiorum,
1879 3058 1982 3116 illa
1999 3056 2312 3116 multitudo
2335 3055 2657 3131 Babylonis
2675 3055 2906 3113 excidio

492 3148 786 3217 superstes
814 3160 940 3198 esse
968 3158 1085 3197 non
1113 3147 1325 3216 posset,
1356 3160 1463 3198 nec
1479 3138 1681 3216 procul
1703 3139 1776 3197 ab
1795 3159 1864 3197 ea
1885 3146 2052 3197 stare.
2138 3136 2531 3213 Praeterquam
2552 3134 2709 3213 quod
2735 3134 2908 3195 finale

491 3220 750 3277 omnium
780 3219 1151 3295 reproborum
1179 3218 1438 3292 exitium,
1470 3238 1587 3275 non
1614 3219 1724 3277 erit
1751 3226 1884 3276 ante
1925 3217 2098 3275 finem
2137 3216 2334 3289 seculi,
2364 3224 2538 3292 atque
2561 3213 2706 3274 adeo
2733 3216 2908 3293 longe

496 3298 783 3375 posterius
830 3296 967 3355 huic
1017 3297 1337 3374 Babylonis
1386 3296 1634 3369 excidio,
1683 3316 1789 3355 uec
1837 3296 2150 3355 verisimile
2178 3304 2268 3354 est
2299 3295 2576 3373 Spiritum
2629 3295 2904 3354 Sanctum

496 3375 669 3435 toties
697 3384 929 3451 tamque
957 3384 1221 3434 accurate
1249 3383 1307 3434 et
1333 3374 1558 3452 prolixe
1588 3376 1632 3434 J
1635 3374 1808 3432 oanni
1835 3374 2092 3433 revelare
2129 3374 2400 3450 voluisse,
2431 3374 2590 3452 quod
2615 3374 2902 3434 neminem

496 3456 735 3529 latebat,
767 3474 875 3513 nec
917 3454 1273 3513 revelatione
1322 3474 1466 3531 opus
1503 3454 1774 3528 habebat,
1815 3452 2023 3531 impios
2073 3453 2292 3513 scilicet
2333 3456 2638 3515 universos
2681 3454 2742 3511 in
2789 3454 2903 3513 fine

493 3534 697 3593 mundi
718 3534 779 3591 in
807 3540 1083 3592 aeternum
1111 3534 1354 3593 exitium
1373 3533 1644 3592 ruituros.

497 3654 704 3701 Romam
744 3666 851 3698 esse
888 3652 980 3697 Ba·
1103 3613 1214 3672 IV.
1260 3614 1571 3672 Rationum
1600 3613 1840 3673 istarum
1877 3614 1998 3671 vim
2043 3622 2346 3675 senserunt
2389 3615 2645 3675 saniores
2686 3636 2762 3675 ex
2803 3616 2902 3674 ad-

554 3714 778 3769 bylonem
808 3712 980 3769 proba·
1021 3693 1308 3767 versariis,
1324 3693 1424 3770 qui
1446 3693 1632 3751 coacti
1649 3701 1785 3753 sunt
1803 3692 1989 3767 fateri,
2008 3714 2125 3752 non
2137 3702 2360 3753 tantum
2383 3704 2596 3754 certam
2613 3696 2903 3771 quandam

556 3776 669 3843 tur„
697 3784 757 3815 ⁰¹
807 3770 974 3814 adver-
1014 3772 1215 3831 urbem
1243 3772 1337 3831 hic
1387 3771 1698 3851 designari,
1763 3774 1870 3831 sed
1922 3774 2122 3832 urbem
2171 3774 2342 3831 istam
2389 3793 2507 3831 non
2555 3774 2730 3831 aliam
2777 3794 2904 3833 esse

557 3841 711 3873 ⁵³⁸⁸·
1018 3871 1191 3929 quam
1219 3854 1482 3912 Romam.
1568 3852 1657 3912 Ne
1683 3872 1825 3911 vero
1851 3853 1928 3911 ad
1973 3872 2081 3912 nos
2107 3852 2380 3911 accedere
2405 3852 2715 3910 videantur
2733 3872 2904 3929 prop·

496 3942 671 4009 terea,
701 3932 909 3992 volunt
936 3932 1182 3991 Romam
1226 3952 1353 3992 esse
1378 3952 1497 3992 non
1525 3932 1927 4007 Christianam,
1959 3932 2064 3991 sed
2091 3932 2398 3991 Ethnicam
2427 3930 2584 3989 idola
2600 3930 2900 4007 colentem,

490 4022 557 4073 et
585 4013 941 4073 Christianos
988 4021 1444 4091 persequentem.
1532 4012 1630 4071 Sic
1657 4016 1953 4088 Bellarm„
1983 4012 2086 4071 lib.
2108 4012 2190 4070 iii.
2220 4030 2345 4088 cap.
2381 4014 2472 4087 13,
2524 4011 2596 4069 de
2639 4011 2904 4071 Romano

500 4094 801 4169 Pontifice,
832 4094 929 4170 ait,
984 4096 1020 4127 “
1036 4094 1245 4152 melius
1272 4113 1378 4153 suo
1398 4093 1620 4171 judicio
1663 4113 1767 4170 per
1811 4093 2172 4152 meretricem
2213 4091 2463 4170 intelligi
2505 4092 2811 4167 Romam‚'’
2843 4099 2903 4149 et

490 4174 595 4234 lib.
624 4176 683 4234 ii.
714 4194 839 4252 cap.
869 4177 925 4249 2,
958 4174 997 4207 “
1014 4173 1273 4233 Joannes
1302 4172 1515 4251 passim
1536 4173 1597 4231 in
1626 4172 1984 4250 Apocalypsi
2015 4172 2262 4231 Romam
2303 4180 2478 4232 vocat
2518 4173 2900 4249 Babylonem,

492 4263 560 4313 ut
586 4255 977 4315 Tertullianus
1005 4253 1355 4329 observavit,
1386 4262 1445 4313 et
1472 4261 1668 4330 aperte
1709 4252 2004 4330 colligitur
2039 4272 2114 4311 ex
2143 4274 2268 4330 cap.
2297 4254 2444 4311 xvii.
2490 4252 2898 4330 Apocalypsis,

492 4333 595 4393 ubi
622 4334 833 4395 dicitur
860 4333 1131 4412 Babylon
1169 4354 1383 4412 magna
1424 4332 1624 4393 sedere
1666 4352 1838 4411 super
1878 4342 2098 4410 septem
2125 4343 2367 4409 montes,
2398 4343 2458 4393 et
2484 4333 2696 4391 habere
2723 4331 2900 4408 impe-

493 4414 643 4471 rium
672 4432 845 4491 super
872 4434 1042 4491 reges
1071 4421 1257 4474 terrae.
1342 4414 1465 4473 Nec
1494 4413 1649 4472 enim
1677 4413 1792 4471 alia
1819 4414 2026 4473 civitas
2069 4422 2175 4488 est,
2217 4434 2347 4490 quae
2369 4413 2412 4473 J
2417 4412 2620 4471 oannis
2641 4420 2900 4488 tempore

492 4492 797 4569 imperium
843 4492 1107 4553 habuerit
1146 4514 1319 4572 super
1360 4513 1530 4571 reges
1576 4502 1745 4553 terrae
1793 4514 1968 4570 quam
2019 4495 2222 4569 Roma,
2279 4500 2340 4552 et
2394 4490 2760 4550 notissimum
2810 4499 2900 4550 est

490 4592 669 4650 supra
696 4580 917 4650 septem
938 4573 1117 4631 colles
1146 4572 1393 4633 Romam
1416 4572 1756 4633 aedificatam
1779 4575 1964 4633 esse.’'
2013 4574 2110 4633 Sic
2139 4574 2285 4633 Caes.
2318 4574 2549 4647 Baron.,
2583 4570 2660 4629 ad
2687 4592 2738 4630 a.
2770 4592 2894 4650 cap.

490 4653 617 4712 xlv.
646 4673 703 4712 n.
738 4654 829 4729 18,
864 4652 1299 4714 “certissimum
1330 4655 1515 4726 esse,''
1546 4654 1646 4731 ait,
1675 4654 1830 4714 “hoc
1855 4654 2088 4714 nomine
2117 4654 2441 4713 Romanam
2469 4652 2669 4711 urbem
2716 4652 2894 4731 signi-

1117 813 1238 871 111.
1287 812 1435 872 Sunt
1463 832 1601 889 ergo
1618 812 1902 888 nonnulli,
1935 812 2035 889 qui
2054 831 2158 889 per
2185 810 2548 887 Babylonem
2568 832 2685 870 non
2703 820 2916 871 certam
