3234 5192
568 299 638 356 16
1300 315 1378 356 ns
1408 314 1769 357 massam
1800 313 2147 356 sscsssxons
2642 295 2900 377 [msru'r.
2932 319 2972 360 r.

560 456 729 534 plius,
761 456 872 516 nisi
900 466 967 517 ut
991 456 1264 516 mandato
1292 457 1491 516 divino
1529 455 1667 515 olim
1697 456 1977 515 adversus
2023 453 2344 514 Ecclesiam
2374 453 2757 515 Israeliticam
2784 457 2969 520 idolo-

556 536 743 596 latriae
769 556 926 596 ream
953 537 1166 597 tradito
1196 537 1343 597 Hos.
1373 538 1432 595 ii.
1463 541 1518 614 2,
1553 539 1590 570 “
1610 537 1882 614 Litigate,
1912 533 2139 612 litigate
2167 553 2299 594 cum
2326 541 2509 592 matre
2547 543 2757 612 vestra,
2782 557 2969 615 neque

557 617 710 674 enim
731 636 879 675 uxor
898 637 1028 676 mea
1045 625 1150 691 est,
1165 616 1340 676 dicite
1359 617 1414 676 ei
1431 625 1498 676 ut
1511 616 1683 675 tollat
1700 615 2075 674 scortationes
2099 613 2171 672 de
2188 613 2333 672 facie
2368 632 2473 673 sua
2488 622 2549 673 et
2580 634 2657 673 ex
2694 615 2970 677 uberibus

556 695 736 772 suis,''
765 697 827 754 in
855 697 1027 756 simili
1056 715 1192 756 casu
1209 697 1609 774 obsequentes,
1632 715 1765 753 cum
1792 713 1861 752 ea
1885 695 2114 771 litigare
2134 692 2467 770 inciperent,
2490 693 2636 752 vitia
2655 693 2710 752 ei
2736 696 2812 755 ob
2832 715 2969 757 ocu—

553 774 643 834 los
673 774 1063 854 subjicientes,
1094 785 1154 836 et
1181 777 1614 854 exprobrantes,
1647 782 1713 833 ut
1739 772 1957 850 pudore
1996 773 2216 832 suffusa
2252 771 2329 832 ad
2360 773 2547 831 Deum
2576 793 2639 832 se
2667 784 2964 836 converte-

551 858 684 914 ret?
770 853 887 915 Sed
914 855 1051 932 quia
1077 854 1290 914 nedum
1317 863 1385 914 ut
1411 855 1509 912 via
1529 854 1641 914 ista
1673 853 1847 911 etiam
1868 852 1945 910 ad
1972 853 2383 912 correctionem
2405 850 2657 912 adducta
2684 853 2775 930 sit,
2806 865 2873 915 ut
2888 875 2964 915 ex

552 932 800 993 adverso
827 933 1017 993 rabies
1045 934 1171 1012 ejus
1199 934 1388 1011 magis
1416 933 1493 992 sit
1536 941 1893 1008 exasperata,
1941 939 2179 991 eatenus
2208 941 2272 990 ut
2311 930 2439 1009 pios
2466 933 2779 992 monitores
2808 937 2967 994 omni

551 1013 1018 1090 persecutionum
1136 1031 1272 1072 nere
1317 1013 1394 1071 sit
1436 1011 1734 1085 insectata,
1777 1011 1919 1088 quid
1968 1011 2261 1089 antiquius
2308 1011 2449 1088 ipsis
2492 1029 2620 1070 esse
2648 1011 2864 1090 debuit,
2914 1015 2969 1074 si

551 1091 757 1150 salutis
785 1111 906 1150 suae
934 1090 1060 1150 desi
1101 1091 1219 1150 erio
1246 1099 1594 1166 tenerentur,
1626 1110 1801 1168 quam
1826 1098 1893 1150 ut
1920 1110 2048 1149 eam
2074 1089 2422 1166 desererent,
2454 1098 2627 1167 atque
2653 1091 2737 1150 ita
2764 1093 2962 1154 certis-

551 1170 700 1230 simo
721 1171 848 1249 ejus
874 1170 1054 1230 exitio
1083 1189 1144 1229 se
1173 1170 1602 1231 subducerent?
1633 1171 1809 1249 juxta
1828 1169 1973 1229 illud
2002 1169 2046 1230 J
2048 1188 2127 1228 er.
2156 1168 2219 1228 li.
2248 1171 2305 1244 9,
2339 1171 2375 1204 ‘⁶
2394 1169 2735 1229 Cur-avimus
2764 1172 2962 1252 Baby-

547 1249 758 1324 lonem,
789 1248 894 1343 sed
918 1249 1106 1344 noluit
1133 1251 1340 1326 sanari,
1371 1270 1498 1310 eam
1525 1249 1791 1326 deserite,
1822 1258 1881 1309 et
1905 1257 2233 1356 revertatur„
2244 1249 2643 1326 unusquisque
2668 1250 2729 1308 in
2750 1261 2961 1312 terram

549 1329 1218 1469 ⁸¹²⁸}531‘3‘31u'1'ffl
1207 1329 1584 1488 „33:3¹3
1567 1329 2211 1488 fflqfflzffiffit.
2230 1415 2290 1467 et
2310 1407 2573 1468 absolute
2593 1426 2813 1486 mum,
2846 1412 2957 1471 Ec-

547 1487 784 1548 clesiam
828 1509 1123 1566 nunquam
1167 1509 1294 1548 esse
1343 1488 1721 1548 deserendam
1747 1511 1762 1549 z
1804 1508 1940 1547 nam
1980 1487 2091 1548 etsi
2136 1497 2340 1566 sponte
2386 1487 2498 1546 hoc
2545 1487 2823 1565 largimur
2870 1510 2957 1549 re·

549 1577 754 1644 spectu
779 1569 1048 1626 Ecclesioe
1094 1568 1398 1628 Catholicae
1433 1577 1493 1626 et
1535 1567 1850 1644 Invisibilis,
1901 1567 2039 1645 quia
2082 1575 2247 1627 extra
2288 1586 2415 1626 eam
2441 1567 2603 1626 nulla
2646 1575 2735 1628 est
2763 1569 2955 1646 salus3

545 1645 703 1723 item,
761 1654 1028 1724 respectu
1070 1649 1340 1706 Eccleeiae
1389 1647 1613 1706 vaebz'bilzh
1647 1667 1797 1706 veroe
1842 1656 1897 1706 et
1944 1667 2130 1724 puroe,
2178 1666 2307 1724 quae
2352 1647 2633 1724 genuinas
2678 1647 2957 1708 Ecclesiae

547 1724 760 1785 Christi
809 1734 977 1785 notas
1024 1727 1250 1802 retinet,
1295 1747 1463 1786 nemo
1504 1735 1699 1786 tamen
1736 1725 1952 1786 dixerit
2002 1727 2115 1785 hoc
2155 1725 2351 1786 locum
2378 1725 2589 1785 habere
2629 1726 2838 1786 debere
2866 1748 2953 1788 re·

545 1814 750 1882 spectu
763 1806 1034 1864 Ecclesiae
1053 1805 1365 1885 cujuslibet
1374 1807 1751 1884 particularis
1768 1806 1993 1865 visibila*
2003 1809 2179 1881 falsoe
2197 1813 2257 1864 et
2277 1813 2576 1883 corruptae,
2600 1825 2730 1882 quse
2750 1815 2811 1866 et
2830 1807 2957 1884 ipsa

543 1884 702 1960 prior
725 1884 938 1944 defecit
963 1905 1000 1944 a
1027 1885 1275 1945 Christe.
1360 1885 1529 1945 Alias
1555 1906 1663 1945 nec
1694 1886 1910 1945 Paulus
1939 1884 2325 1944 secedendum
2350 1903 2479 1944 esse
2505 1905 2542 1943 a
2569 1884 2731 1944 falsis
2758 1885 2947 1947 fiatri—

545 1963 673 2040 bus,
704 1965 805 2042 qui
833 1964 1122 2024 diversam
1164 1964 1374 2024 docent
1427 1965 1764 2040 doctrinam,
1804 1965 1952 2024 bene
1993 1965 2407 2043 praescriberet,
2441 1967 2471 2022 1
2503 1963 2652 2022 Tim.
2695 1963 2776 2024 vi.
2806 1969 2863 2040 3,
2892 1971 2951 2044 4,

541 2044 598 2117 5,
641 2063 750 2102 nee
777 2043 823 2103 J
824 2043 974 2102 udaei
1012 2063 1050 2102 a
1081 2045 1473 2120 samaritanis,
1503 2064 1610 2103 nec
1640 2044 1965 2105 Orthodoxi
1998 2044 2073 2103 ab
2102 2044 2340 2102 Arianis
2361 2043 2521 2120 juste
2550 2045 2945 2122 secessissent,

543 2141 654 2180 nec
701 2123 992 2200 Propheta
1035 2123 1238 2183 fideles
1287 2124 1372 2182 sic
1419 2123 1641 2182 hortari
1686 2125 1989 2202 potuisset,
2042 2125 2079 2158 ‘⁴
2101 2124 2156 2183 N
2158 2144 2191 2182 e
2234 2122 2560 2182 ascendatis
2588 2123 2951 2202 Bethaven,”

545 2201 692 2261 Hos.
722 2202 802 2260 iv.
837 2205 932 2262 15.
976 2203 1122 2262 Haec
1143 2203 1297 2280 enim
1317 2205 1623 2279 Bethaven,
1650 2205 1700 2263 si
1718 2205 1911 2263 locum
1930 2210 2275 2281 spectamus,
2298 2201 2445 2260 nihil
2463 2201 2624 2261 aliud
2650 2201 2760 2262 fuit
2775 2222 2949 2281 quam

540 2282 755 2358 Romal,
788 2281 892 2342 sed
919 2301 1050 2342 cum
1076 2283 1308 2342 nomine
1363 2291 1518 2342 esset
1546 2283 1773 2358 Bethel‚
1824 2282 1981 2342 idola
2026 2282 2269 2342 colendo
2310 2281 2462 2341 facta
2509 2290 2599 2342 est
2625 2282 2948 2343 Bethaven.

545 2360 611 2419 Si
639 2361 843 2436 Roma,
873 2381 1005 2438 quse
1033 2361 1172 2419 olim
1200 2360 1309 2421 fuit
1335 2364 1550 2438 Bethel,
1585 2361 1650 2420 id
1670 2371 1761 2422 est
1780 2365 2001 2421 Domus
2021 2362 2151 2438 Dei,
2181 2360 2249 2421 fit
2267 2362 2572 2437 Bethaven,
2602 2361 2663 2419 id
2691 2371 2796 2438 est,
2822 2366 2947 2422 Do-

539 2460 662 2498 mus
687 2441 967 2515 vanitatis,
1018 2441 1152 2518 quis
1180 2441 1304 2500 sine
1345 2441 1582 2500 crimine
1609 2461 1679 2501 eo
1720 2441 2057 2501 ascenderet
2071 2444 2101 2501 P
2183 2441 2327 2500 Cum
2366 2459 2506 2517 ergo
2536 2441 2800 2501 Ecclesia
2828 2443 2945 2502 Ro-

537 2538 709 2577 mana
735 2537 851 2578 non
878 2519 1047 2579 aliter
1072 2519 1168 2579 hic
1195 2520 1613 2580 consideranda
1658 2521 1872 2597 veniat,
1912 2541 2085 2598 quam
2112 2527 2179 2579 ut
2206 2527 2391 2580 coetus
2416 2521 2778 2598 particularis
2804 2522 2947 2581 visi-

535 2598 674 2657 bilis
701 2608 1020 2677 corruptus,
1050 2607 1210 2676 patet
1237 2619 1468 2660 eausam
1489 2600 1709 2658 nullam
1737 2600 1913 2660 fuisse
1942 2621 2045 2660 cur
2072 2600 2147 2658 ab
2174 2619 2243 2659 ea
2264 2599 2511 2659 secessio
2540 2598 2664 2659 fieri
2692 2620 2807 2659 non
2834 2621 2936 2680 po-

535 2677 730 2737 tuerit.
816 2678 988 2738 Unde
1015 2679 1166 2738 male
1193 2679 1291 2739 hic·
1330 2678 1592 2756 arguitur
1617 2698 1654 2738 a
1680 2699 1798 2738 non
1844 2679 2155 2739 distributo
2202 2679 2279 2738 ad
2304 2679 2695 2755 distributum,
2725 2681 2799 2739 ab
2829 2681 2942 2740 Ec-

537 2756 715 2816 clesia
741 2757 1082 2837 simpliciter
1107 2766 1167 2817 et
1205 2759 1268 2817 in
1289 2777 1524 2836 genere,
1576 2758 1652 2817 ad
1700 2759 2022 2818 Ecclesiam
2069 2759 2391 2832 Romanam
2417 2758 2480 2816 in
2508 2759 2733 2836 specie;
2777 2761 2944 2838 quasi

535 2855 706 2977 ubenlip
727 2838 918 2977 ἕοεςίι
926 2836 1306 2977 &dicei-:alab
1348 2837 1620 2977 &desis
1634 2838 1945 2978 tr{emaum
1988 2838 2131 2932 quin
2174 2836 2407 2976 gesscisit
2452 2838 2853 2976 Pblzlgoelem'
2884 2850 2945 2900 et

534 2935 572 2974 a
691 2937 726 2976 c
781 2937 904 2978 esra
985 2937 1120 2976 mve
1261 2963 1276 2978 .
1437 2936 1494 2975 m
1523 2937 1635 2976 con
1790 2937 1867 2977 uo
1908 2939 2005 2977 ma
2140 2937 2175 2977 a
2296 2937 2363 2976 cc
2386 2936 2506 2976 esia
2628 2937 2799 2978 mana
2868 2939 2945 2979 ua

533 2995 638 3055 tali
667 2997 1006 3073 recedimus,
1035 3017 1106 3057 eo
1131 2999 1368 3076 propius
1395 2996 1471 3056 ad
1497 3017 1697 3056 veram
1726 2999 1771 3058 C
1813 2997 1939 3056 risti
1985 2937 2306 3056 ffilesiam
2345 2995 2703 3057 accedamus.
2734 3001 2791 3057 3.
2824 2939 2946 3058 E„

533 3095 663 3134 mus
692 3076 1049 3153 obtegendos
1077 3097 1204 3136 esse
1231 3097 1431 3138 naevos
1457 3085 1519 3137 et
1545 3077 1807 3138 defectus
1835 3077 2114 3137 Ecclesiae
2134 3077 2399 3154 alicujus,
2428 3095 2561 3136 cum
2588 3077 2779 3136 adhuc
2807 3087 2943 3138 sunt

532 3153 864 3214 tolerabiles
893 3163 951 3212 et
978 3155 1384 3231 emendabiles,
1415 3157 1520 3215 sed
1546 3176 1727 3233 quum
1770 3157 1911 3216 facti
1952 3164 2089 3216 sunt
2134 3155 2401 3216 exitiales
2444 3163 2504 3216 et
2530 3155 2823 3234 capitales,
2854 3167 2939 3217 at-

533 3250 648 3308 que
673 3231 758 3290 ita
783 3231 1168 3307 invaluerunt,
1196 3241 1264 3292 ut
1291 3253 1490 3292 eorum
1515 3234 1987 3312 corrigendorum
2013 3235 2177 3294 nulla
2213 3255 2344 3314 spes
2372 3234 2619 3313 amplius
2646 3233 2939 3312 affulgeat,

535 3317 662 3369 tum
689 3329 922 3368 causam
951 3310 1166 3370 Christi
1193 3311 1477 3389 proderet,
1508 3313 1612 3388 qui
1638 3311 1773 3372 illos
1801 3312 2206 3390 dissimularet,
2236 3323 2296 3374 et
2323 3315 2395 3373 iis
2411 3314 2761 3374 conniveret.

617 3387 876 3446 XXXI.
919 3393 976 3448 4.
1021 3389 1375 3464 Refer-matio
1395 3390 1746 3468 postulanda
1771 3390 1881 3450 fuit
1907 3391 2142 3468 quidem
2179 3394 2367 3471 primo
2396 3403 2453 3454 et
2478 3413 2553 3454 ex
2628 3392 2839 3452 ctanda
2866 3395 2941 3453 ab

531 3466 622 3542 iis,
666 3466 768 3544 qui
807 3467 870 3526 in
897 3467 1201 3529 autoritate
1230 3477 1393 3529 erant
1433 3469 1751 3548 constituti,
1794 3469 1879 3550 (et
1916 3471 2029 3530 hoe
2070 3492 2186 3532 non
2228 3474 2424 3549 semel,
2475 3493 2537 3532 se
2626 3472 2944 3550 saepissime

532 3546 898 3626 praestitum)
929 3546 1034 3606 sed
1061 3568 1191 3607 cum
1219 3567 1351 3626 spes
1379 3569 1514 3610 suas
1541 3549 1775 3610 delusas
1815 3549 2083 3612 viderent
2123 3552 2178 3611 Ν
2182 3553 2339 3628 osta-i,
2370 3561 2429 3612 et
2454 3551 2559 3627 illi,
2587 3571 2767 3630 penes
2792 3573 2942 3630 quos

529 3633 788 3704 potestas
813 3635 938 3686 tum
966 3625 1092 3700 fuit,
1121 3629 1376 3687 omnium
1417 3629 1671 3689 maxime
1711 3629 2113 3691 reformatione
2154 3630 2498 3710 indigerent,
2526 3649 2635 3690 nee
2665 3631 2839 3692 modo
2868 3632 2941 3692 de

531 3725 603 3764 ea
643 3705 901 3784 cogitare
951 3706 1176 3766 nollent
1216 3707 1322 3766 sed
1361 3717 1421 3767 et
1465 3709 1606 3770 totis
1646 3710 1871 3769 viribus
1911 3709 1999 3769 illi
2047 3711 2481 3785 reluctarentur,
2526 3729 2599 3769 an
2641 3711 2781 3788 quia
2824 3731 2940 3771 non

529 3786 720 3863 potuit
744 3786 820 3845 ab
847 3785 920 3846 iis
947 3785 1210 3863 obtineri,
1239 3787 1448 3847 misere
1487 3786 1550 3846 in
1591 3808 1782 3849 errore
1821 3790 2181 3868 pereundum
2208 3789 2320 3850 fuit
2333 3794 2363 3850 P
2444 3789 2651 3850 Nonne
2691 3792 2941 3851 necessi-

525 3865 664 3925 tatis
690 3865 807 3942 lex,
827 3874 888 3926 et
913 3865 1234 3925 vocationis
1260 3866 1547 3944 generalis
1571 3869 1720 3929 ratio
1746 3889 2213 3948 unumquemque
2240 3869 2553 3947 obligabat,
2584 3870 2759 3929 etiam
2778 3871 2942 3930 nullo

528 3945 643 4004 alio
669 3945 1022 4005 accendente
1047 3945 1336 4022 mandato,
1366 3946 1502 4006 huic
1530 3949 1691 4026 operi
1716 3969 1951 4008 manum
1978 3949 2336 4008 admovere?
2406 3949 2525 4008 Ubi
2544 3949 2759 4027 passim
2778 3969 2940 4026 gras·

528 4033 689 4084 satur
713 4023 1062 4100 incendium,
1093 4044 1284 4084 nonne
1305 4025 1550 4104 quisque
1590 4036 1837 4104 tenetur,
1862 4029 2223 4088 cessantibus
2262 4029 2583 4106 presertim
2602 4028 2693 4104 iis,
2724 4029 2825 4106 qui
2866 4029 2941 4087 ad

527 4102 590 4160 id
617 4104 846 4180 publice
873 4112 1011 4164 sunt
1037 4105 1351 4181 constituti,
1384 4125 1592 4183 aquam
1633 4107 1889 4186 undique
1930 4117 2306 4186 comportare,
2351 4115 2411 4167 et
2449 4126 2555 4185 pro
2596 4106 2755 4166 virili
2793 4107 2941 4168 illud

527 4183 886 4260 restinguere
900 4187 930 4243 Ρ
992 4184 1066 4242 In
1094 4183 1432 4262 Republica,
1465 4186 1514 4244 si
1543 4185 1879 4262 ιομοφῦλιιιιις
1908 4195 2173 4263 stertunt,
2206 4187 2256 4246 si
2280 4186 2565 4265 janitores
2604 4185 2718 4264 ipsi
2742 4196 2942 4264 portas

534 4258 872 4322 adventanti
917 4263 1074 4324 hosti
1119 4262 1402 4341 aperiunt,
1443 4285 1637 4324 annon
1676 4266 1877 4324 licebit
1916 4265 2033 4324 civi
2089 4266 2285 4326 claves
2326 4285 2359 4324 e
2408 4285 2584 4324 manu
2629 4264 2942 4343 proditoris

527 4337 2940 4502 3533‘⁰13.33.h23‡⁰332ffi¹;⁶52².535¹‡3223b.52.?ffioeassffsszcffffiztffss

931 4497 946 4511 0
1259 4502 1274 4516 0
1306 4502 1321 4515 ο
1405 4503 1420 4517 ο
1606 4503 1620 4517 ι
1717 4502 1732 4516 D
1809 4503 1823 4517 ο
2051 4469 2067 4502 '
2292 4504 2305 4521 ο
2342 4505 2357 4518 ι
2534 4503 2549 4518 0

523 4496 2373 4661 insumis?23ffi2033223220.15333.22fflffi.32
2399 4504 2935 4662 wem:
