3234 5192
312 360 554 401 msrur.
584 328 739 418 xm]
960 356 1041 399 1111
1072 356 1566 399 sA‘risrAcrloms
1594 358 1844 401 01181811
1871 362 2194 403 viimi-Ars.
2597 346 2716 405 489

312 503 525 559 cedere
552 507 615 558 et
642 498 1012 559 reconciliari
1040 516 1177 555 cum
1204 499 1329 573 ipse
1374 500 1756 559 reconciliare
1785 520 1846 560 se
1873 503 2047 562 nobis
2067 502 2330 561 voluerit
2370 521 2475 578 per
2499 503 2721 563 Christi

316 586 590 650 mortem,
605 580 755 657 fecit
804 577 953 635 enim
990 596 1119 633 eum
1145 576 1247 653 qui
1292 596 1411 633 non
1456 590 1700 637 noverat
1727 593 2028 656 peccatum
2049 592 2348 657 peccatum
2368 601 2486 657 pro
2521 582 2684 639 nobis
2703 604 2725 641 .-

318 658 439 715 Η10
464 658 669 731 itaque
698 662 942 715 notatur
995 654 1293 712 ordinatio
1336 654 1445 712 illa
1471 656 1587 714 Dei
1606 661 1936 717 secundum
1979 677 2162 735 quam
2207 658 2478 717 Christus
2510 658 2636 717 Vas
2663 666 2726 717 et

320 736 584 811 Sponsor
612 743 812 793 noster
838 731 1196 815 constitutus
1221 740 1311 789 est
1337 732 1545 807 illique
1567 744 1883 811 propterea
1909 738 2186 813 imposita
2206 744 2348 795 sunt
2375 738 2576 794 omnia
2591 754 2726 811 pec-

318 820 453 871 cata
478 820 684 871 nostra
708 814 906 888 plane,
935 817 1023 882 ut,
1055 810 1173 869 Isa.
1201 809 1310 867 liii.
1340 812 1397 881 6,
1423 812 1587 871 Deus
1615 814 1834 871 dicitur
1861 822 1896 849 “
1921 816 2233 890 conjecisse
2253 815 2315 871 in
2340 833 2479 871 eum
2506 816 2727 889 iniqui-

318 898 467 949 tates
486 891 758 949 omnium
778 890 1087 947 nostrum”
1104 906 1363 963 eumque
1384 892 1758 964 percussisse,
1775 912 1896 951 ver.
1919 894 2012 963 10,
2033 894 2126 951 1111
2149 896 2326 951 “non
2343 892 2726 969 pepercisse,”

322 969 499 1027 Rom.
528 970 651 1027 viii.
682 969 775 1026 32.
808 974 879 1027 τὶ
897 974 1045 1027 ποιεῖν
1070 984 1216 1039 ergo
1231 966 1331 1023 hic
1356 985 1479 1024 non
1520 971 1758 1045 proprie
1770 974 1973 1045 facere
2000 978 2107 1029 aut
2133 972 2462 1047 producere
2489 978 2591 1040 est,
2623 971 2726 1027 sed

320 1047 620 1119 ordinare,
649 1050 1007 1117 constituere,
1036 1048 1223 1119 τιθέναι,
1254 1046 1567 1116 καθεστάναι,
1595 1057 1666 1106 111
1693 1049 2010 1125 saepissime
2037 1052 2153 1107 hoc
2181 1068 2359 1107 sensu
2381 1054 2728 1123 usurpatur,

321 1125 511 1183 Marc.
540 1125 621 1183 iii.
653 1125 748 1196 14,
800 1132 943 1184 “an
964 1128 1152 1189 isaim
1178 1122 1366 1183 δόλια
1395 1124 1667 1184 Christus
1705 1126 1847 1185 fecit
1893 1128 2266 1198 duodecim,’'
2296 1127 2376 1184 id.
2428 1126 2730 1184 ordinavit

322 1210 383 1261 01
408 1203 753 1274 constituit3
794 1204 879 1262 sic
903 1204 947 1263 J
950 1208 1046 1263 011.
1076 1206 1154 1261 vi.
1178 1204 1269 1273 15,
1302 1211 1337 1237 “
1359 1203 1551 1263 facere
1573 1202 1862 1279 Regem,”
1893 1208 2030 1263 Act.
2055 1206 2112 1263 ii.
2133 1206 2229 1277 36,
2260 1212 2296 1240 ‘⁸
2318 1205 2510 1262 facere
2531 1203 2732 1264 Chris-

320 1281 514 1350 tum,'’
543 1283 707 1355 quod
742 1281 999 1340 refertur
1028 1300 1153 1341 non
1181 1282 1259 1339 ad
1287 1292 1569 1338 naturam
1616 1290 1678 1339 et
1719 1283 2112 1341 substantiam
2155 1286 2257 1341 sed
2301 1284 2380 1339 ad
2423 1292 2644 1339 statum
2670 1288 2732 1340 et

323 1358 744 1417 conditionem.
810 1359 1007 1427 Quem
1050 1361 1130 1418 ad
1174 1358 1424 1415 modum
1468 1376 1610 1433 ergo
1639 1359 1916 1419 absoluto
1965 1360 2414 1437 Redemptionis
2463 1378 2638 1435 opere
2666 1360 2730 1418 in

323 1434 513 1505 terris,
544 1435 709 1493 Deus
736 1437 799 1493 in
838 1436 1257 1513 acceptationis
1302 1436 1712 1495 testimonium
1743 1437 2116 1496 salvatorem
2161 1445 2434 1497 nostrum
2463 1437 2527 1495 in
2555 1439 2733 1495 coelos

324 1520 595 1571 evectum
624 1514 843 1571 dicitur
866 1516 1067 1586 fecisse
1099 1514 1399 1573 Christum
1434 1515 1517 1573 id.
1546 1532 1785 1572 summa
1828 1517 2026 1590 gloria
2060 1517 2312 1575 donasse
2356 1522 2417 1573 et
2443 1515 2732 1573 constitu-

321 1590 437 1648 isse
478 1592 541 1649 in
580 1593 794 1650 mundi
834 1600 896 1651 et
937 1593 1215 1651 Ecclesiae
1256 1610 1453 1667 regem
1484 1600 1545 1651 et
1584 1593 1936 1664 dominum;
1981 1594 2082 1654 Ita
2119 1594 2278 1653 idem
2319 1594 2424 1651 1110
2465 1593 2632 1650 1)0118
2672 1598 2734 1651 01

324 1666 502 1727 Pater
528 1670 776 1729 coelcstis
803 1672 911 1747 qui
935 1672 1290 1730 oeconomice
1333 1687 1632 1728 summam
1673 1670 1962 1730 Numinis
2009 1676 2374 1748 majestatem
2401 1672 2603 1729 laesam
2641 1689 2736 1729 re-

322 1746 459 1819 fert,
488 1749 706 1807 dicitur
734 1750 957 1807 Filium
985 1767 1161 1808 suum
1175 1747 1387 1827 fecisse
1404 1759 1724 1825 peccatum,
1751 1750 1834 1808 id.
1863 1751 2040 1808 illum
2089 1752 2390 1809 ordinasse
2439 1750 2502 1807 in
2531 1750 2735 1825 piacu-

322 1825 841 1885 larem·victimam
884 1834 953 1885 ut
981 1846 1131 1903 opus
1157 1827 1579 1902 redemptionis
1616 1837 2028 1904 exequeretur.
2089 1829 2145 1887 3.
2173 1828 2274 1887 Ne
2301 1828 2436 1905 quis
2462 1846 2605 1886 vero
2632 1846 2736 1885 ex-

322 1903 614 1962 istimaret
638 1906 733 1963 his
759 1906 948 1979 poenis
974 1904 1280 1965 Christum
1296 1912 1540 1980 propter
1557 1922 1617 1961 se
1638 1904 1866 1964 sactum
1885 1907 2068 1965 fuisse
2087 1908 2444 1977 obnoxium,
2462 1907 2732 1981 apposite

324 1982 455 2059 ejus
480 1982 884 2041 innocentiam
910 1990 973 2041 et
1000 1982 1376 2040 sanctitatem
1412 1982 1836 2057 periphrastice
1884 1986 2262 2043 commendat
2297 1986 2445 2041 dum
2473 1985 2574 2054 ait,
2607 2004 2736 2041 eum

324 2080 443 2117 non
462 2061 685 2118 novisse
697 2072 1017 2136 peccatum,
1047 2058 1307 2133 eleganti
1335 2066 1509 2115 utens
1536 2062 1922 2131 antanaclasi,
1968 2063 2141 2118 aliter
2168 2062 2387 2136 quippe
2415 2080 2538 2118 non
2567 2060 2737 2119 novit

323 2144 653 2213 peccatum,
682 2140 859 2195 aliter
883 2142 1193 2212 peccatum
1219 2135 1413 2193 factus
1455 2142 1575 2204 est;
1617 2154 1741 2194 non
1771 2139 1928 2194 novit
1957 2150 2256 2213 peccatum
2279 2139 2548 2213 practice,
2587 2140 2738 2196 noti-

326 2215 415 2271 tia
442 2214 874 2289 cape-rimata&
894 2222 954 2271 et
981 2212 1386 2289 approbativa,
1416 2219 1486 2271 ut
1511 2234 1670 2271 nosse
1698 2214 1855 2272 Heb.
1901 2233 2056 2289 saepe
2084 2223 2174 2273 est
2199 2216 2466 2289 diligere,
2495 2218 2734 2287 habere,

325 2309 633 2365 usurpare,
688 2292 833 2367 quia
882 2293 959 2350 ab
1014 2292 1179 2349 omni
1231 2290 1362 2349 vitii
1398 2292 1535 2350 labe
1575 2291 1860 2351 immunis
1905 2312 2146 2369 prorsus
2189 2294 2326 2363 fuit,
2375 2295 2736 2370 nullumque

326 2368 419 2425 illi
467 2388 737 2445 unquam
788 2388 926 2429 cum
972 2377 1212 2446 peccato
1260 2369 1376 2429 fuit
1428 2371 1866 2443 commercium,
1920 2374 2019 2430 vel
2065 2380 2135 2431 ut
2175 2372 2516 2431 admitteret
2542 2374 2640 2431 vel
2667 2379 2739 2430 ut

326 2448 638 2522 probaret:
669 2455 734 2506 at
752 2460 1053 2526 peccatum
1104 2456 1304 2507 tamen
1358 2456 1514 2508 recte
1542 2452 1753 2529 factus
1801 2450 2020 2509 dicitur
2072 2450 2473 2510 constitutione
2513 2439 2738 2527 juridi-

328 2544 397 2582 ca
424 2536 481 2583 et
516 2528 769 2605 forensi,
798 2528 943 2604 quia
967 2546 1159 2605 poenae
1186 2530 1410 2603 peccati
1437 2529 1530 2586 illi
1558 2535 1631 2587 ut
1674 2529 1816 2587 vadi
1853 2536 1996 2588 sunt
2049 2530 2361 2606 impositae,
2403 2548 2526 2589 non
2567 2530 2740 2588 novit

326 2612 636 2679 peccatum
662 2606 947 2679 111111811υο,
976 2610 1079 2667 sed
1100 2607 1293 2666 factus
1320 2615 1410 2666 est
1434 2608 1792 2684 imputative,
1821 2608 2108 2666 nimirum
2134 2616 2206 2666 ut
2252 2616 2560 2683 peccatum
2585 2608 2740 2666 bifa-

326 2682 479 2757 riam
506 2686 759 2757 spectari
802 2693 1015 2763 potest,
1063 2686 1161 2743 vel
1201 2688 1403 2759 quoad
1444 2686 1629 2743 labem
1665 2692 1725 2743 et
1765 2686 2150 2744 vitiositatem
2175 2686 2586 2756 inhaerentem,
2636 2686 2736 2743 vel

328 2763 529 2834 quoad
553 2762 782 2839 culpam
808 2770 871 2821 et
917 2775 1147 2821 reatum
1192 2778 1267 2819 ex
1288 2764 1520 2836 judicio
1567 2764 1682 2821 Dei
1725 2770 2206 2837 consequentem,
2253 2763 2420 2836 prius
2458 2772 2530 2821 ut
2555 2770 2644 2821 est
2670 2764 2732 2819 in

327 2840 605 2913 praedica.
628 2841 931 2915 qualitatis
958 2842 1103 2916 quia
1129 2840 1317 2897 inficit
1342 2840 1540 2913 ipsum
1578 2841 1934 2913 subjectum,
1962 2839 2258 2911 posterius
2283 2846 2354 2896 ut
2379 2848 2468 2897 est
2495 2841 2555 2897 111
2587 2859 2736 2914 prae-

326 2915 667 2973 dicamento
695 2918 995 2975 relationis
1030 2917 1171 2991 quia
1199 2918 1365 2991 onio-n
1390 2918 1574 2974 habet
1608 2920 1686 2974 ad
1717 2916 1833 2972 Dei
1857 2916 2159 2989 judicium
2195 2916 2416 2973 scelera
2454 2918 2738 2977 ulciscen-

327 2992 423 3062 tis,
464 2994 650 3065 priori
676 3012 855 3051 sensu
901 3012 1025 3051 non
1070 2993 1239 3051 novit
1268 2993 1540 3051 Christus
1583 2999 1894 3068 peccatum
1943 2992 2086 3065 quia
2131 2991 2322 3057 ἄκακος
2347 2993 2466 3051 fuit
2509 3001 2570 3052 et
2611 2995 2735 3069 εἰμί-

328 3095 487 3139 απος,
518 3077 773 3141 sanctus,
796 3072 918 3128 imo
946 3071 1227 3128 sanctitas
1252 3071 1400 3145 ipsa,
1428 3071 1603 3145 cujus
1631 3072 1696 3126 in
1723 3087 1826 3125 ore
1849 3069 2017 3127 fraus
2046 3072 2218 3128 nulla
2256 3070 2392 3141 fuit,
2435 3079 2497 3130 et
2521 3072 2586 3130 in
2614 3090 2736 3147 quo

327 3154 639 3225 peccatum
664 3149 905 3206 nullum
933 3149 1245 3205 inventum
1266 3154 1355 3205 081
1375 3169 1390 3222 3
1434 3150 1539 3205 sed
1566 3146 1878 3222 posteriori
1905 3154 2215 3223 peccatum
2239 3149 2436 3208 factus
2461 3157 2565 3223 est,
2590 3151 2736 3227 quia

328 3227 442 3285 etsi
467 3226 629 3284 istud
662 3244 784 3283 non
810 3227 952 3284 fecit
997 3232 1059 3283 et
1084 3226 1281 3283 labem
1319 3244 1440 3283 non
1488 3226 1718 3295 habuit,
1748 3233 1980 3283 reatum
2021 3232 2224 3284 tamen
2272 3234 2334 3285 et
2357 3248 2559 3303 poenas
2606 3231 2738 3306 ejus

326 3306 488 3365 tulit.
573 3304 755 3363 Unde
800 3322 923 3363 non
969 3304 1216 3363 obscure
1258 3303 1564 3379 colligitur
1588 3304 1810 3362 veritas
1858 3322 2042 3379 quam
2088 3306 2450 3380 quaerimus;
2494 3308 2659 3367 Nam
2687 3309 2738 3368 si

328 3384 533 3443 insons
559 3385 738 3459 plane
785 3392 846 3441 et
891 3383 1045 3441 nihil
1090 3382 1213 3440 tale
1240 3383 1624 3441 commeritus
1651 3401 1726 3440 ex
1773 3400 1852 3453 80,
1897 3401 2104 3457 poenas
2129 3390 2330 3441 tamen
2357 3388 2738 3461 gravissimas

328 3464 517 3522 instar
542 3462 798 3520 victimae
839 3460 1159 3537 piacularis
1194 3480 1303 3535 pro
1328 3460 1501 3520 nobis
1540 3461 1848 3533 sustinuit,
1878 3462 2088 3538 utique
2135 3480 2259 3520 non
2287 3466 2362 3521 ad
2393 3468 2737 3541 exemplum

326 3548 584 3611 tantum,
614 3542 768 3599 nihil
795 3540 955 3597 enim
983 3557 1135 3617 opus
1159 3538 1373 3598 fuisset
1394 3548 1712 3619 propterea
1755 3547 2068 3616 peccatum
2112 3541 2260 3614 fieri,
2309 3544 2412 3599 sed
2440 3545 2519 3601 ad
2553 3544 2738 3602 Satis-

328 3620 649 3677 factionem
676 3625 951 3675 mortuus
980 3625 1069 3675 est
1095 3618 1399 3677 dicendus.

412 3694 727 3754 XXXIV.
768 3695 826 3753 4.
869 3695 1145 3772 Denique
1171 3698 1287 3755 hoc
1313 3697 1511 3772 ipsum
1548 3698 1900 3771 comprobat
1923 3698 2058 3755 finis
2077 3704 2320 3773 propter
2340 3717 2518 3774 quem
2539 3698 2734 3758 factus

329 3774 551 3832 dicitur
576 3780 887 3848 peccatum
928 3786 995 3831 ut
1038 3794 1283 3833 essemus
1316 3775 1556 3849 justit-ia
1596 3774 1720 3832 Dei
1745 3776 1808 3833 in
1835 3777 1980 3852 ipso,
2003 3776 2225 3834 80111001
2267 3783 2338 3832 111
2373 3777 2526 3850 justi
2573 3780 2738 3851 apud

330 3852 529 3911 Deum
556 3870 1019 3926 compareamus,
1048 3860 1109 3911 et
1150 3854 1396 3928 quidem
1434 3853 1675 3927 justitia
1716 3872 1838 3911 non
1879 3855 2053 3912 nobis
2091 3854 2435 3924 inhaerente,
2465 3856 2568 3910 sed
2598 3873 2734 3929 quae

330 3948 470 3988 cum
494 3930 558 3986 in
588 3928 824 3987 Christo
854 3932 935 3989 sit
958 3932 1129 3989 nobis
1148 3938 1349 3989 tamen
1390 3950 1495 4006 per
1518 3932 1702 3989 fidem
1728 3949 1767 3989 a
1793 3932 1924 3990 Deo
1955 3933 2304 4007 imputatur,
2354 3950 2548 4006 neque
2575 3933 2736 3991 enim

328 4014 550 4065 temere
577 4007 747 4064 addit
790 4008 1124 4084 Apostolus
1152 4010 1191 4068 iv
1219 4009 1380 4086 ἐπῇ,
1426 4011 1527 4066 sed
1557 4015 1630 4067 ut
1677 4009 2032 4083 significaret
2057 4027 2180 4066 non
2227 4009 2470 4084 propria
2497 4028 2608 4067 nos
2629 4028 2735 4067 seu

328 4085 659 4142 inhaerente
671 4084 992 4159 justificari
1010 4086 1272 4160 justitia,
1302 4089 1405 4145 sed
1436 4088 1635 4145 aliena
1659 4094 1899 4144 tantum
1947 4093 2010 4144 et
2049 4087 2364 4161 imputata,
2394 4087 2558 4161 quod
2599 4088 2734 4146 fuse

333 4163 547 4237 Apost.
575 4164 793 4237 probat
818 4166 897 4221 ad
925 4164 1102 4221 Rom.
1126 4184 1174 4223 c.
1192 4166 1276 4223 iii.
1298 4172 1360 4223 ct
1384 4165 1483 4235 iv„
1505 4166 1569 4221 in
1589 4164 1777 4239 Epist.
1801 4166 1878 4221 ad
1905 4164 2041 4222 Gal.
2065 4184 2111 4221 c.
2134 4164 2196 4220 ii.
2215 4170 2276 4221 et
2294 4164 2378 4221 iii.
2432 4165 2736 4233 Quemad-

328 4241 583 4297 modum
612 4240 684 4298 E.
704 4241 945 4317 justitia
971 4242 1225 4299 dicimur
1258 4243 1386 4301 fieri
1412 4242 1475 4298 in
1506 4242 1743 4301 Christo
1769 4260 1845 4299 ex
1871 4242 2265 4316 imputatione
2292 4241 2436 4316 quia
2461 4242 2539 4298 ob
2557 4242 2738 4317 justi-

332 4318 482 4377 tiam
526 4318 749 4377 Christi
787 4336 895 4395 per
919 4320 1099 4377 fidem
1127 4338 1166 4377 a
1210 4321 1383 4378 nobis
1422 4321 1856 4394 apprehensam
1883 4326 1944 4377 et
1969 4336 2008 4375 a
2035 4319 2165 4376 Deo
2207 4318 2564 4394 imputatam
2584 4321 2738 4397 justi

330 4414 533 4455 coram
560 4397 691 4471 ipso
718 4396 1219 4474 pronunciamur3
1264 4398 1365 4456 Ita
1389 4397 1664 4472 vicissim,
1690 4402 1760 4454 ut
1779 4398 2142 4454 antitheseos
2157 4397 2309 4454 ratio
2331 4406 2575 4471 constet,
2603 4418 2738 4475 pec-

326 4482 533 4533 catum
558 4475 753 4535 factus
780 4481 869 4534 est
894 4494 1005 4551 pro
1042 4476 1216 4534 nobis
1250 4475 1667 4551 imputatione,
1710 4474 1852 4549 quia
1895 4482 2096 4533 reatus
2140 4482 2340 4533 noster
2379 4495 2500 4551 quo
2527 4478 2590 4535 in
2621 4478 2737 4539 Dei

319 4553 349 4629 j
356 4554 557 4612 udicio
586 4554 1110 4629 obstringebamur
1134 4554 1227 4613 illi
1253 4562 1324 4612 ut
1350 4553 1618 4629 sponsori
1647 4562 1850 4612 nostro
1871 4560 1960 4612 est
1978 4553 2294 4629 impositus
2318 4563 2389 4612 ut
2413 4573 2618 4629 poenas
2644 4559 2740 4616 illi

328 4632 561 4692 debitas
585 4632 801 4692 ferret:
843 4633 1059 4692 eximie
1101 4633 1267 4709 Aug.
1296 4632 1359 4689 111
1391 4632 1577 4691 Ε11011.
1610 4634 1688 4691 8(1
1719 4631 1904 4691 Laur.
1934 4650 2060 4707 cap.
2090 4632 2193 4691 xli.
2221 4632 2422 4692 locum
2449 4636 2612 4695 hunc
2639 4655 2741 4695 ex-
