3234 5192
448 1249 623 1321 paulo
651 1254 978 1324 distinctius
1006 1271 1117 1322 inm
1151 1279 1283 1324 vm„
1332 1285 1389 1324 a.
1457 1311 1474 1323 ,

526 1327 671 1392 XV.
720 1323 1344 1412 Qnuflfcfi-*jwsszdssm
1366 1331 1549 1388 nus-”⁸
2431 1359 2442 1366 ·

436 1405 613 1486 plaga
640 1405 924 1490 sspffad
963 1411 1229 1488 primum,
1262 1410 1405 1486 Quis
1446 1429 1564 1468 non
1590 1407 1754 1468 videt
1789 1407 1910 1484 hic,
1925 1408 1988 1466 in
2027 1427 2318 1468 murmure
2349 1407 2743 1467 Israelitarum
2785 1417 2844 1468 et

678 1497 973 1569 Srpentum
1002 1499 1215 1550 statum
1242 1490 1539 1548 hominum
1566 1489 1630 1547 in
1651 1497 1968 1566 peccatum,
1991 1497 2050 1547 et
2069 1508 2172 1566 per
2189 1496 2491 1566 peccatum
2511 1489 2573 1546 iu
2599 1497 2842 1548 mortem

554 1621 569 1629 -
605 1591 857 1650 psorum,
889 1571 1161 1648 graphice
1189 1571 1479 1649 depictum
1500 1573 1529 1629 P
1612 1569 1754 1644 Quis
1781 1568 1966 1628 nescit
2008 1567 2318 1627 Diabolum
2365 1577 2688 1646 serpentem
2715 1588 2842 1628 esse

443 1653 761 1729 antiquum,
793 1651 892 1728 qui
931 1671 1125 1710 morsu
1154 1670 1259 1710 suo
1305 1650 1571 1709 lethifero
1598 1650 1816 1727 primos
1861 1657 2128 1728 parentes
2175 1648 2258 1708 ita
2285 1647 2630 1724 vulneravit,
2673 1656 2739 1708 ut
2779 1649 2839 1708 in

442 1741 629 1792 totum
678 1751 863 1807 genus
906 1731 1216 1790 humanum
1264 1739 1506 1790 mortem
1554 1729 1936 1803 accersiverit,
1983 1737 2042 1788 et
2081 1728 2244 1786 virus
2289 1749 2456 1788 suum
2497 1729 2730 1788 exitiale
2778 1730 2840 1788 in

441 1819 627 1869 totum
648 1811 957 1885 hominem,
988 1820 1047 1869 et
1074 1811 1135 1868 in
1157 1831 1257 1870 cor
1286 1811 1573 1888 praecipue
1602 1819 1668 1870 ut
1696 1810 1830 1868 vitae
1859 1829 2048 1868 arcem
2077 1817 2137 1868 et
2163 1809 2380 1867 fontem
2421 1808 2686 1868 effuderit
2705 1811 2735 1868 Ρ
2771 1818 2838 1870 ut

440 1891 535 1949 hic
564 1890 878 1949 habeamus
905 1890 1076 1949 simul
1104 1900 1164 1950 et
1202 1891 1425 1968 peccati
1452 1899 1511 1949 et
1552 1908 1740 1967 poenae
1783 1889 2094 1966 imaginem
2119 1911 2134 1948 ε
2153 1890 2380 1966 pecca-ti
2421 1889 2672 1966 quidem,
2703 1890 2842 1967 quia

440 1979 508 2029 ut
539 1970 820 2048 serpentis
862 1970 1237 2030 tenuissimus
1265 1979 1355 2028 est
1392 1990 1636 2044 morsuS,
1663 1968 1770 2028 sed‘
1809 1969 2318 2046 praesentissimum
2346 1988 2650 2044 venenum,
2681 1969 2839 2046 quod

440 2070 540 2109 cor
568 2050 754 2128 ipsum
784 2060 940 2109 recta
967 2051 1127 2128 petit,
1160 2050 1315 2128 quod
1342 2051 1458 2109 urit
1486 2059 1544 2108 et
1587 2049 1906 2110 inflammat
1933 2050 2156 2108 animos
2197 2049 2333 2126 igne
2359 2049 2582 2108 exitiali
2609 2050 2831 2126 cupidi·

440 2138 625 2190 tatum
654 2131 985 2205 carnalium,
1018 2150 1147 2208 quae
1176 2139 1311 2189 sunt
1338 2131 1579 2189 totidem
1608 2131 1786 2206 iynita
1825 2131 2059 2188 Satanoe
2099 2132 2226 2204 tela,
2260 2129 2411 2206 Eph.
2441 2129 2519 2188 vi.
2555 2131 2644 2202 16,
2675 2129 2834 2206 quod

436 2209 897 2270 ardentissimam
926 2221 985 2269 et
1012 2210 1421 2288 inexplebilem
1450 2229 1645 2268 morsu
1675 2229 1780 2268 suo
1807 2211 2024 2269 excitat
2068 2209 2241 2282 sitim,
2272 2219 2332 2268 et
2371 2211 2670 2267 innumera
2696 2229 2832 2268 cau·

435 2299 599 2350 satur
622 2291 777 2349 mala
802 2315 815 2350 :
825 2311 1011 2368 poenoe
1037 2310 1194 2366 vero,
1226 2290 1363 2367 quia
1381 2290 1603 2368 peccati
1627 2309 1913 2348 venenum
1943 2297 2060 2348 tam
2084 2297 2172 2348 est
2193 2288 2384 2348 dirum
2404 2297 2464 2347 et
2483 2288 2828 2364 lethiferum,

430 2378 498 2429 ut
526 2371 901 2429 certissimam
930 2371 1151 2428 homini
1179 2379 1418 2428 mortem
1448 2369 1685 2444 adferat,
1709 2369 1823 2427 nisi
1843 2369 2076 2428 aliunde
2099 2369 2182 2426 illi
2205 2369 2522 2428 remedium
2543 2369 2830 2428 adveniat.

434 2450 571 2510 Uno
601 2449 795 2524 verb0‚
826 2469 943 2508 non
972 2449 1085 2507 alia
1133 2450 1326 2527 imago
1360 2448 1547 2526 aptior
1574 2457 1856 2526 serpente,
1887 2449 1964 2507 ad
1990 2449 2398 2508 describendas
2445 2447 2693 2524 fraudes,
2725 2449 2828 2507 fal-

428 2529 607 2588 lacias
630 2537 689 2588 et
715 2539 869 2588 artes
897 2529 1249 2604 vaferrimas,
1280 2529 1491 2606 quibus
1518 2528 1593 2587 ad
1629 2527 1864 2586 modum
1893 2530 2175 2607 serpentis
2203 2529 2454 2607 repentis
2481 2537 2540 2588 et
2567 2529 2826 2605 tortuosi,

428 2609 683 2686 obliquis
710 2609 1053 2686 ambagibus
1082 2618 1141 2669 et
1168 2609 1520 2668 anfractibus
1550 2609 1800 2666 sinuosis
1829 2608 2000 2668 sibilo
2029 2630 2133 2669 suo
2159 2609 2430 2686 pestifero
2461 2629 2588 2668 sese
2616 2609 2826 2669 immit-

424 2691 601 2749 tentis
656 2699 954 2766 grassatur
1017 2689 1293 2767 Princeps
1348 2689 1712 2748 tenebrarum
1772 2688 2070 2764 Diabolus,
2128 2690 2229 2766 qui
2293 2690 2468 2750 habet
2525 2689 2826 2767 imperitun

422 2771 647 2846 mortis,
672 2769 747 2828 ad
776 2770 1139 2848 tyrannidem
1168 2789 1331 2828 suam
1358 2769 1419 2828 in
1446 2769 1718 2828 cordibus
1763 2769 2058 2827 hominum
2087 2769 2524 2845 stabiliendam3
2553 2778 2620 2828 ut
2647 2769 2828 2830 instar

422 2849 608 2910 leonis
636 2851 919 2928 rugientis
947 2850 1180 2909 aliunde
1224 2849 1391 2908 saevit
1433 2857 1492 2908 et
1524 2849 1664 2908 furit
1689 2849 1927 2907 immani
1955 2850 2294 2909 crudelitate
2321 2850 2602 2908 adversus
2629 2867 2824 2909 semen

424 2931 701 2990 mulieris.

1030 3011 1211 3070 XVI.
1255 3016 1313 3070 2.
1354 3009 1688 3070 Remedium
1705 3031 1740 3068 a
1772 3010 1896 3068 Deo
1915 3010 2084 3069 nobis
2103 3019 2366 3087 paratum
2394 3017 2452 3069 et
2469 3009 2824 3087 propositum

423 3075 901 3183 Requiiusshflpw
942 3092 1019 3150 ad
1040 3092 1283 3151 salutem
1306 3100 1561 3150 nostram
1588 3090 1685 3148 hic
1703 3090 1998 3168 aptissime
2019 3099 2269 3149 notatur.
2345 3090 2428 3149 Ut
2449 3111 2618 3150 nemo
2637 3089 2827 3167 potuit

481 3143 577 3180 can
620 3152 649 3181 ¹¹
794 3143 887 3182 ’ω’
948 3191 1149 3230 sanare
1186 3173 1419 3248 plagam
1469 3169 1862 3229 Israelitarum
1905 3170 2018 3229 nisi
2066 3170 2225 3228 solus
2274 3170 2474 3230 Deus:
2520 3170 2614 3229 Ita
2653 3187 2824 3228 nemo

420 3249 656 3326 plagam
704 3250 1001 3310 exitialem
1049 3251 1271 3327 peccati
1320 3259 1379 3308 et
1418 3250 1622 3309 mortis
1669 3269 1868 3308 curare
1916 3250 2120 3327 potuit,
2169 3250 2282 3308 nisi
2329 3250 2654 3309 misericors
2711 3249 2824 3308 Dei

420 3329 624 3404 gratia,
656 3330 756 3406 qui
784 3331 842 3387 in
871 3329 1143 3388 thesauro
1176 3329 1485 3406 Sapientiae
1516 3349 1636 3387 suae
1663 3333 2032 3389 πολυποικίλον
2059 3330 2132 3388 de
2169 3331 2360 3389 medio
2389 3330 2626 3390 salutari
2653 3329 2822 3389 nobis

418 3409 737 3485 prospexit,
770 3408 985 3468 Filium
1016 3428 1181 3467 suum
1214 3409 1271 3466 in
1302 3407 1588 3468 Mundum
1616 3409 1916 3486 mittendO,
1953 3411 2052 3488 qui
2082 3430 2186 3487 pro
2213 3411 2381 3470 nobis
2409 3411 2470 3468 in
2499 3429 2666 3469 cruce
2697 3429 2821 3468 sese

420 3486 652 3546 offerret
683 3488 824 3563 Deo,
856 3509 1027 3566 quem
1056 3509 1161 3566 per
1201 3495 1524 3567 serpentem
1572 3509 1797 3548 aeneum
1844 3489 1903 3548 in
1932 3491 2110 3548 variis
2158 3490 2430 3568 graphice
2479 3490 2820 3549 adumbrare

418 3567 623 3639 voluit,
654 3569 791 3646 quia
818 3578 882 3628 ut
920 3589 1205 3628 venenum
1234 3589 1269 3627 a
1312 3577 1574 3647 serpente
1618 3569 1872 3628 infusum
1917 3579 2021 3646 est,
2053 3578 2114 3628 et
2147 3570 2465 3630 remedium
2495 3590 2528 3628 a
2557 3578 2820 3647 serpente

419 3647 675 3723 allatum,
709 3669 945 3727 serpens
974 3650 1225 3727 serpenti
1248 3650 1573 3727 opponitur,
1604 3650 1874 3710 salutaris
1900 3651 2095 3725 noxie,
2126 3651 2486 3710 medicinalis
2512 3649 2818 3720 lethifero:

418 3727 513 3787 Ita
540 3729 713 3788 homo
742 3731 951 3807 estqui
980 3749 1087 3788 nos
1116 3730 1383 3808 perdidit,
1415 3730 1588 3788 homo
1618 3731 1825 3807 estqui
1849 3749 1956 3789 nos
1975 3730 2179 3804 salvat,
2203 3751 2306 3808 per
2321 3751 2499 3790 unum
2527 3730 2818 3789 hominem

416 3827 587 3884 mors,
609 3829 712 3887 per
738 3830 917 3870 unum
948 3811 1235 3869 hominem
1264 3811 1624 3886 resurrectiO,
1662 3813 1692 3868 1
1719 3811 1851 3869 Cor.
1880 3831 2000 3886 xv„
2033 3819 2092 3870 et
2135 3819 2201 3870 ut
2225 3831 2330 3889 per
2355 3811 2526 3870 unius
2567 3810 2819 3869 hominis

416 3889 865 3950 inobedientiam
896 3891 1063 3950 multi
1093 3891 1393 3950 constituti
1435 3899 1571 3948 sunt
1597 3899 1944 3967 peccatores,
1977 3891 2060 3950 sic
2087 3911 2192 3968 per
2229 3891 2403 3950 unius
2429 3890 2816 3950 obedientiam

417 3970 585 4028 multi
614 3972 1047 4031 constituuntur
1066 3972 1229 4049 justi,
1264 3971 1432 4030 Rom.
1462 3990 1521 4029 v.
1553 3970 1643 4045 19,
1675 3989 1778 4047 per
1804 3969 1866 4028 id
1893 3971 2079 4030 voluit
2106 3971 2396 4030 hominem
2440 3971 2673 4046 servari,
2715 3989 2822 4048 per

416 4049 572 4126 quod
593 4050 855 4127 perierat,
875 4071 1030 4110 mors
1052 4071 1181 4128 quae
1202 4051 1469 4108 omnibus
1496 4059 1619 4108 erat
1649 4049 1918 4125 exitialis,
1945 4052 2068 4128 jam
2089 4051 2156 4110 fit
2184 4052 2443 4110 salvifica
2471 4059 2528 4110 et
2556 4051 2816 4128 redemp-

416 4129 590 4187 tionis
620 4130 1100 4206 instrumentum3
1144 4151 1247 4208 per
1288 4139 1529 4189 mortem
1572 4129 1890 4189 destruitur
1927 4131 2027 4190 ille
2075 4131 2178 4208 qui
2217 4132 2468 4192 habebat
2515 4131 2818 4209 imperium

416 4210 635 4285 mortis,
668 4220 733 4269 ut
761 4211 1030 4272 liberaret
1056 4231 1173 4287 eos,
1206 4210 1307 4287 qui
1334 4231 1437 4288 per
1463 4217 1646 4269 totam
1678 4209 1854 4268 vitam
1875 4210 2092 4270 addicti
2113 4221 2276 4270 erant
2304 4212 2570 4270 servituti
2587 4219 2820 4289 propter

417 4301 632 4347 metum
664 4291 882 4367 morde,
916 4291 1069 4350 Heb.
1094 4291 1154 4349 ii.
1190 4293 1279 4365 15,
1315 4290 1511 4367 Atque
1540 4290 1624 4348 ita
1650 4290 1922 4367 impletur
1953 4291 2250 4350 Samsonis
2278 4293 2543 4370 aenigma,
2575 4313 2650 4350 ex
2665 4293 2818 4370 forti

416 4370 668 4441 dulc-edu,
701 4391 774 4428 cx
801 4375 1102 4430 devorante
1122 4372 1286 4445 cz'btoe,
1318 4390 1353 4428 a
1380 4379 1563 4429 morte
1591 4370 1720 4448 ipsa
1745 4371 2060 4430 remedium
2085 4373 2284 4430 mortis
2302 4373 2532 4449 petitur,
2557 4373 2818 4449 scorpius

408 4446 669 4506 alliditur
680 4451 902 4509 vulneri
922 4450 1081 4528 quod
1098 4451 1219 4528 ipse
1240 4450 1391 4523 fecit,
1406 4460 1465 4509 et
1486 4460 1666 4525 sanat,
1681 4459 1829 4510 etex
1853 4451 2051 4528 vipera
2071 4452 2446 4511 saluberrima
2461 4453 2528 4510 fit
2547 4452 2817 4526 theriaca,

410 4545 525 4600 qua
543 4545 767 4584 morsus
784 4531 910 4605 ejus
933 4539 1184 4589 sanatur.
1239 4535 1295 4588 2.
1330 4531 1577 4607 Serpens
1596 4530 1837 4606 figuram
1858 4531 2088 4608 quidem
2107 4533 2310 4592 habuit
2331 4532 2612 4610 serpentis
2633 4531 2818 4608 igniti,

418 4604 548 4662 ideo
590 4615 829 4663 vocatur
883 4618 983 4677 η’·ὀ
1040 4609 1141 4666 sed
1190 4628 1306 4666 non
1354 4618 1617 4668 naturam
1660 4629 1768 4668 nec
1817 4630 2104 4669 venenum
2133 4635 2147 4670 :
2191 4611 2286 4670 Ita
2320 4613 2583 4671 Christus
2632 4613 2820 4670 factus

416 4681 651 4757 quidem
681 4695 767 4741 est
795 4686 855 4741 in
886 4685 1259 4743 similitudine
1290 4689 1475 4746 carnis
1518 4689 1755 4762 peccati,
1803 4690 1902 4746 sed
1933 4710 2160 4748 carnem
2205 4702 2398 4750 tamen
2439 4692 2658 4769 peccati
2703 4713 2820 4752 nou
