3234 5192
289 392 523 437 msrur.
554 372 721 453 nun]
880 388 959 430 ns
988 388 1482 431 sumne-noma
1508 389 1754 431 cumen
1781 390 2104 433 vannus.
2581 376 2697 437 441

294 523 446 595 cium
476 530 694 591 nefarie
722 529 913 589 claudi
940 530 1359 607 existimamus,
1390 550 1523 589 cum
1550 529 1650 589 vel
1693 528 1978 609 imprimis
2006 530 2324 609 gloriosum
2360 532 2473 594 hoc
2499 552 2712 595 nomen

298 614 536 675 sortitus
583 612 677 687 sit,
724 609 882 687 quod
928 610 1273 671 obedientias
1302 628 1423 669 suse
1465 610 1912 669 absolutissimae
1939 612 2146 671 merito
2165 630 2274 671 nos
2302 614 2563 690 servarit,
2595 632 2712 692 quo

298 702 467 773 pacto
510 692 719 751 unicus
764 710 903 749 vere
950 690 1227 751 Servatur
1264 689 1626 768 praedicatur,
1659 709 1790 749 cum
1818 690 1964 749 alias
1991 692 2041 749 si
2070 691 2229 768 prior
2254 710 2458 753 sensus
2485 692 2710 754 obtine-

298 784 407 850 ret,
428 773 743 851 propheta,
786 778 847 829 et
890 770 1183 849 Apostoli,
1212 770 1429 847 aliique
1474 789 1593 828 non
1620 770 1794 847 pauci
1819 770 1884 829 in
1911 772 2264 831 consortium
2291 772 2556 850 ejusdem
2584 792 2711 833 mu·

299 854 457 914 neris
500 852 765 911 venirent
806 850 909 927 qui
956 851 1071 909 Dei
1112 850 1473 910 voluntatem
1514 849 1768 909 fideliter
1793 850 2178 928 explicarunt,
2221 854 2493 931 exemplo
2528 853 2713 913 incul-

302 942 452 1012 patae
478 932 618 991 vites
646 931 873 1023 caeteris
898 931 1309 1008 praeluxerunt,
1354 936 1415 989 et
1439 930 1644 1023 mortis
1671 949 1740 989 ac
1765 938 2182 992 tormentorum
2209 932 2712 995 acerbissimorum

301 1009 1750 1167 Pergifiionzyessffiffgucgildamtgsssbssgbffintg
1819 1109 1962 1149 vem
2034 1100 2090 1150 et
2139 1092 2394 1169 propria
2446 1110 2578 1170 quae
2645 1092 2714 1153 fit

302 1174 515 1251 inteyre
568 1192 643 1231 ex
683 1171 911 1246 justitia
948 1171 1163 1246 judicis
1218 1178 1279 1229 et
1330 1170 1722 1246 persolutione
1773 1170 1858 1230 rei
1905 1169 2134 1247 debito,
2187 1178 2246 1230 et
2312 1171 2712 1233 liberationem

302 1260 363 1313 et
400 1252 583 1310 vitam
626 1250 997 1327 consequitur
1054 1250 1344 1309 meritorie
1376 1271 1391 1308 :
1446 1269 1487 1307 a
1538 1251 1916 1325 satisfactione
1961 1252 2282 1327 impropria
2335 1260 2390 1311 et
2425 1254 2713 1330 metapho-

300 1334 427 1391 rica
454 1350 583 1407 quse
605 1328 675 1388 fit
698 1348 803 1406 per
826 1329 1007 1406 partis
1034 1330 1189 1388 loesoe
1216 1327 1714 1406 acceptilationem
1751 1338 1810 1390 et
1834 1330 2250 1407 liberationem,
2280 1350 2349 1389 ac
2375 1334 2558 1391 vitam
2585 1352 2713 1411 pre-

302 1410 460 1471 cario
504 1410 775 1487 impetrat
820 1417 881 1468 et
922 1428 1027 1487 per
1070 1408 1521 1469 misericordiam
1564 1429 1634 1468 ac
1681 1409 2101 1487 indulgentiam
2141 1410 2416 1489 principis
2445 1432 2460 1487 3
2503 1412 2576 1471 de
2605 1412 2716 1473 hac

301 1489 545 1569 quaestio
572 1508 689 1547 non
716 1497 983 1548 movetur
1002 1508 1135 1548 cum
1162 1509 1291 1548 eam
1316 1508 1435 1548 non
1462 1488 1754 1548 illibenter
1793 1489 2080 1549 fateantur
2106 1492 2148 1548 οἱ
2175 1492 2222 1562 i}
2261 1492 2472 1557 banus
2499 1500 2558 1551 et
2585 1510 2714 1569 pes·

302 1570 473 1630 tifero
492 1568 755 1647 dogmati
780 1588 886 1627 suo
914 1578 1207 1649 utcunque
1248 1568 1622 1628 incrustando
1665 1570 1876 1647 asapius
1923 1569 2258 1646 obtendant,
2307 1570 2412 1630 sed
2440 1572 2514 1631 de
2539 1570 2718 1649 priori

301 1670 476 1743 quam
495 1668 603 1742 nos
630 1668 707 1743 ᾳ
733 1648 915 1709 verbo
942 1650 1055 1708 Dei
1082 1658 1415 1709 constanter
1439 1648 1750 1708 asserimus
1775 1657 1836 1709 et
1861 1649 1948 1709 illi
1977 1668 2052 1709 ex
2081 1650 2302 1711 cerebri
2328 1652 2420 1710 sni
2437 1652 2717 1729 figmento

299 1736 1275 1869 pot-Ivicacgssffssggsfflugkrimm
1297 1828 1415 1885 pro
1442 1810 1601 1867 nobis
1628 1809 1840 1867 utiliter
1873 1818 2162 1869 mortuum
2179 1828 2324 1886 esse,
2355 1811 2394 1869 i.
2423 1830 2472 1870 e.
2504 1812 2646 1871 bono
2665 1821 2722 1871 et

303 1892 591 1951 commodo
606 1898 817 1964 nostro,
840 1888 1001 1947 aliud
1012 1908 1153 1948 vero
1170 1908 1289 1965 pro
1304 1889 1459 1948 nobis
1476 1889 1832 1961 nabstitutive,
1852 1889 1892 1948 i.
1911 1909 1962 1947 e.
1973 1890 2090 1949 vice
2109 1900 2169 1949 et
2190 1892 2310 1950 loeo
2326 1900 2534 1966 nostro,
2555 1888 2717 1949 aliud

305 1970 553 2030 eundem
582 1968 857 2028 traditum
898 1988 1025 2027 esse
1052 1978 1291 2044 propter
1330 1977 1569 2044 peccata
1596 1969 2026 2027 occasionaliter·
2051 1976 2112 2028 et
2137 1978 2204 2028 ut
2229 1988 2338 2029 nos
2365 1970 2440 2029 ab
2467 1971 2585 2029 illis
2613 1970 2714 2029 ab·

306 2050 607 2125 sti-aberet,
618 2047 779 2107 aliud
798 2049 1105 2106 causaliter
1124 2056 1185 2107 et
1204 2048 1491 2106 meritorie
1506 2056 1573 2106 ut
1590 2066 1790 2105 eorum
1799 2056 2022 2106 reatum
2039 2048 2101 2105 in
2123 2049 2377 2127 seipsum
2399 2048 2718 2109 derivando

306 2140 367 2190 et
396 2148 599 2206 peenas
641 2146 841 2185 omnes
862 2126 981 2185 illis
1009 2126 1237 2185 debitas
1252 2126 1315 2183 in
1346 2144 1584 2201 corpore
1612 2145 1720 2184 suo
1737 2124 1952 2184 luendo
1967 2127 2246 2203 expiaret,
2271 2128 2432 2205 prius
2447 2138 2536 2188 est
2553 2134 2718 2205 dup-

306 2206 597 2279 φισ-ςέατοι
624 2214 684 2265 et
710 2214 879 2264 extra
904 2206 1311 2264 controversias
1339 2204 1523 2263 aleam
1551 2204 1822 2281 positum,
1855 2204 1928 2262 de
1954 2204 2258 2281 posteriori
2285 2214 2526 2284 tantum,
2557 2209 2715 2285 quod

308 2288 485 2366 impie
512 2294 715 2345 contra
744 2284 1103 2362 Scripturam
1128 2304 1343 2363 negare
1372 2284 1678 2359 sustinent,
1719 2284 2064 2362 disputatur.
2121 2287 2182 2344 4.
2211 2284 2399 2344 Aliud
2441 2295 2532 2347 est
2556 2287 2720 2365 loqui

308 2367 383 2427 de
428 2366 809 2440 satisfactione
856 2366 1245 2443 qualicunque,
1288 2384 1407 2442 qua
1455 2364 1722 2424 Christus
1761 2365 2030 2425 omnibus
2073 2364 2147 2425 iis
2195 2366 2540 2427 satisfecerit
2585 2388 2718 2444 qum

308 2448 397 2507 illi
422 2468 459 2507 a
480 2446 591 2506 Dei
614 2446 915 2506 voluntate
943 2446 1019 2505 ad
1046 2446 1289 2506 salutem
1318 2453 1575 2505 nostram
1602 2445 2022 2523 procurandam
2051 2444 2320 2525 imposita
2347 2455 2526 2521 erant,
2557 2447 2718 2506 aliud

308 2528 381 2587 de
408 2527 787 2603 satisfactione
803 2527 1026 2603 poenalt‘
1066 2536 1127 2586 et
1167 2525 1397 2605 proprie
1428 2527 1513 2587 sic
1540 2526 1714 2601 dicta,
1744 2543 1860 2605 qua
1887 2545 2002 2585 non
2030 2534 2252 2586 tantum
2277 2527 2581 2604 voluntati,
2613 2526 2718 2587 sed

309 2617 368 2669 et
394 2608 609 2667 divinae
628 2605 829 2687 justin
850 2607 1161 2684 assumptis
1188 2608 1251 2666 in
1278 2628 1341 2667 se
1362 2607 1577 2667 nostris
1596 2607 1786 2685 poenis
1807 2606 2152 2666 satisfecerit
2173 2630 2186 2683 ;
2211 2607 2456 2683 quoestio
2481 2626 2600 2665 non
2627 2615 2718 2667 est

310 2688 385 2747 de
411 2689 597 2766 prima
626 2707 801 2765 quam
830 2688 1147 2746 adversarii
1162 2706 1281 2746 non
1296 2696 1533 2766 negant,
1557 2688 1694 2745 vide
1713 2685 1911 2745 Crelli.
1933 2694 2086 2745 cont.
2106 2687 2293 2745 Groti.
2324 2706 2374 2745 c.
2399 2689 2454 2760 6,
2483 2687 2716 2745 Smalzi.

309 2778 511 2828 contra
540 2767 917 2845 Smiglecium
942 2766 1017 2826 de
1038 2767 1315 2827 satisfact.
1336 2768 1399 2824 in
1426 2785 1576 2843 resp.
1598 2766 1676 2823 ad
1701 2764 1942 2841 praefat„
1975 2765 2079 2823 sed
2119 2772 2344 2825 tantum
2372 2765 2446 2823 de
2465 2766 2720 2824 secunda

311 2868 485 2985 (Ριξξι
500 2854 1231 2986 ἧξοὲἰὶἶῖοῗέξᾘῃῖἑαωε
1250 2923 1535 2999 redigitur
1554 2921 1632 2979 ad
1647 2922 1824 2979 hosce
1845 2921 2154 2980 terminos:
2175 2920 2278 2978 An
2301 2921 2558 2981 Christus
2571 2923 2718 2981 θαίν-

310 3015 491 3087 θςιηι-ος
518 3008 791 3065 Ser-vator
827 3014 1013 3062 noster
1022 3003 1211 3077 fiacr-it
1232 3002 1373 3081 (non
1410 3000 1700 3078 praeconio
1739 3008 1800 3059 et
1827 3000 2094 3077 exemplo
2141 3000 2394 3079 tantum)
2425 3000 2530 3059 sed
2553 3002 2720 3061 satis-

294 3088 551 3161 factione
576 3094 631 3143 et
653 3082 871 3155 merito,
903 3081 1003 3140 An
1030 3090 1267 3141 mortem
1294 3079 1439 3160 (non
1464 3081 1617 3138 bono
1647 3077 1958 3159 duntaxat)
2003 3078 2108 3138 sed
2144 3082 2264 3139 loeo
2283 3089 2476 3139 nostro
2507 3084 2719 3159 oppeti-

312 3166 421 3225 erit
438 3186 465 3230 ‚·
508 3163 607 3223 An
632 3161 1067 3237 satisfactionem
1094 3159 1239 3240 (non
1276 3158 1648 3237 impropriam
1690 3167 1752 3219 et
1775 3160 2226 3237 metaphoricam
2273 3180 2392 3238 qua
2431 3161 2720 3222 voluntati

312 3253 539 3307 tantum
560 3243 773 3303 divinae
801 3241 1143 3303 satisfecerit
1164 3260 1233 3299 ea
1248 3239 1543 3318 implendo
1562 3259 1696 3317 quse
1721 3239 1810 3298 illi
1837 3257 1872 3298 a
1901 3240 2074 3299 Patre
2095 3240 2170 3299 ad
2199 3240 2444 3300 salutem
2463 3250 2720 3302 nostram

314 3326 585 3405 imposita
630 3331 813 3398 erant,
860 3332 921 3382 et
966 3342 1097 3399 quse
1146 3322 1329 3399 gratis
1356 3328 1415 3380 et
1441 3319 1700 3399 precario
1737 3328 2186 3398 consequeretur
2213 3321 2442 3381 veniam
2471 3329 2531 3382 et
2567 3322 2720 3383 salu-

314 3405 479 3487 tem‚)
501 3405 606 3466 sed
634 3406 671 3438 “
690 3422 889 3462 veram
916 3410 977 3461 et
1000 3402 1229 3481 proprie
1256 3400 1471 3461 dietam
1498 3420 1617 3479 qua
1634 3400 1880 3478 justitiae
1907 3400 2120 3459 divime
2148 3420 2254 3479 per
2279 3402 2568 3463 sufficiens
2584 3408 2720 3463 «ini-

314 3496 492 3569 λυτςου
517 3484 873 3557 satisfecerit,
904 3491 963 3543 et
990 3501 1121 3560 quie
1140 3482 1331 3561 reipsa
1356 3481 1650 3543 meritorie
1677 3489 1737 3541 et
1761 3480 1986 3559 integre
2013 3482 2410 3541 remissionem
2451 3493 2718 3561 peccato-

314 3588 441 3627 rum
470 3576 531 3627 et
556 3566 737 3624 vitam
766 3562 1195 3641 acquisiverit-'³
1280 3562 1415 3621 Hoc
1457 3562 1611 3621 enim
1655 3580 1870 3640 magno
1911 3561 2207 3621 molimine
2251 3570 2310 3622 et
2335 3569 2459 3621 toto
2499 3562 2721 3641 impetu

312 3652 652 3725 oppugnant
678 3642 951 3718 haretici,
966 3642 1088 3702 vid.
1116 3642 1353 3703 Soci.de
1380 3642 1578 3702 Serva.
1596 3643 1812 3720 passim
1825 3642 2021 3702 Crelli.
2049 3650 2252 3702 contra
2269 3642 2456 3702 Groti.
2485 3642 2718 3703 Smalci.

314 3735 513 3785 contra
544 3722 919 3800 Smiglecium
945 3722 1181 3782 Volkel.
1212 3722 1285 3782 de
1313 3741 1453 3782 vera
1482 3722 1675 3800 Relig.
1703 3722 1766 3782 li.
1795 3742 1852 3782 v.
1883 3743 1932 3782 c.
1963 3726 2059 3781 22.
2105 3722 2228 3781 Nos
2269 3740 2412 3780 vero
2439 3740 2572 3781 cum
2598 3730 2724 3781 tota

315 3804 583 3865 Ecclesia
608 3802 949 3864 Orthodoxa
974 3812 1173 3863 sancte
1200 3803 1505 3879 credimus,
1534 3811 1597 3862 et
1623 3809 1952 3862 constanter
1971 3822 2048 3862 ex
2073 3802 2369 3879 Scriptura
2385 3790 2724 3879 profitemur

310 3893 371 3945 et
460 3904 495 3943 o
536 3904 573 3944 u
750 3904 839 3943 us.

390 3904 535 4023 31²1?
619 3970 925 4041 rgumenta
949 3962 1182 4022 veritati
1210 3961 1571 4022 stabiliendis
1596 3978 1717 4019 non
1759 3978 1944 4038 pauca
1969 3960 2300 4039 suppeditat
2325 3958 2496 4018 nobis
2527 3958 2722 4037 Scrip-

316 4052 445 4104 tura
469 4052 531 4103 et
556 4052 715 4103 recta
740 4043 887 4103 ratio
910 4064 927 4102 z
970 4042 1094 4101 Nos
1119 4042 1411 4120 praecipua
1434 4042 1531 4101 hic
1555 4050 1617 4101 et
1641 4041 1870 4119 potiora
1889 4040 2274 4100 delibabimus
2289 4048 2350 4099 et
2375 4038 2450 4097 ab
2477 4038 2724 4117 argutiis

314 4124 775 4185 adversariorum
800 4121 1244 4181 vindicabimus.
1333 4122 1591 4181 Primum
1616 4120 1835 4199 petitur
1861 4120 1934 4179 ab
1963 4122 2139 4193 officio
2184 4119 2398 4181 Christi
2433 4120 2718 4179 Mediato-

313 4206 403 4264 rio
414 4229 439 4278 ;
482 4204 573 4262 Eo
598 4204 727 4283 ipso
756 4203 909 4261 enim
936 4221 1053 4278 qno
1080 4201 1372 4261 Mediator
1398 4202 1549 4261 inter
1586 4202 1780 4261 Deum
1823 4209 1884 4260 et
1907 4218 2016 4259 nos
2037 4200 2216 4259 fuisse
2258 4199 2592 4277 perhibetur
2620 4200 2721 4277 qui

310 4284 615 4349 dissidium
658 4290 719 4343 et
757 4282 975 4341 bellum
1014 4300 1091 4341 ex
1130 4288 1371 4373 peccato
1411 4288 1599 4341 ortum
1642 4279 1968 4358 composuit
2015 4288 2074 4339 et
2113 4280 2360 4353 diremit,
2409 4286 2719 4358 partesque

310 4364 659 4425 dissidentes
686 4363 837 4422 inter
862 4382 925 4421 se
953 4359 1303 4438 concihavit,
1352 4360 1760 4421 satisfactionis
1802 4359 2022 4419 veritas
2065 4359 2389 4419 luculenter
2428 4359 2554 4437 jam
2581 4378 2718 4419 con·

313 4446 575 4506 firmatur
600 4467 614 4505 ι
658 4444 863 4521 Neque
890 4442 1041 4502 enim
1070 4458 1205 4501 eum
1228 4441 1525 4519 Scriptura
1542 4440 1926 4499 Mediatorem
1944 4439 2114 4498 nobis
2133 4438 2402 4517 proponit
2427 4439 2528 4516 qui
2547 4437 2722 4500 fuerit

308 4534 537 4587 tantum
561 4524 881 4584 voluntatis
908 4522 1121 4582 divinus
1146 4522 1425 4599 inter-pres
1446 4531 1505 4581 et
1522 4518 1920 4581 internuncius
1940 4518 2128 4598 qualis
2155 4518 2332 4579 fuim
2353 4519 2554 4579 Moses
2569 4520 2724 4581 inter

315 4608 508 4668 Deum
534 4613 597 4666 et
620 4604 899 4685 populum
940 4603 1170 4679 dicitur,
1204 4604 1382 4663 Dent.
1428 4620 1487 4661 v.
1520 4604 1575 4677 5,
1638 4603 1674 4636 “
1699 4600 1940 4661 Stabam
1987 4600 2092 4659 illo
2133 4608 2390 4678 tempore
2433 4600 2584 4659 inter
2609 4602 2716 4661 Je-

306 4688 525 4749 hovam
552 4695 613 4747 et
636 4704 747 4747 vos
772 4684 847 4745 ad
886 4682 1248 4745 referendum
1292 4682 1463 4744 vobis
1506 4701 1828 4743 sermonem
1871 4682 1916 4745 J
1917 4682 2120 4743 ehovae
2143 4680 2199 4742 :’'
2247 4680 2518 4740 dixerant
2563 4680 2718 4740 enim
