3234 5192
306 350 537 393 msru‘r.
567 330 733 411 χιιι]
968 349 1047 389 ns
1076 348 1557 389 suisne-rmum
1584 348 1822 390 cums‘n
1851 350 2173 393 vsaxrsru.
2603 342 2720 398 459

310 492 601 552 Christum
630 489 799 549 nobis
830 488 1019 548 Deum
1048 489 1468 565 reconciliasse,
1492 490 1597 550 sed
1625 498 1850 551 tantum
1871 512 1978 551 nos
1999 510 2126 551 esse
2159 493 2286 552 Deo
2307 512 2411 571 per
2431 492 2724 557 Christum

308 572 728 646 reconciliatos,
758 578 825 629 ut
852 571 1126 628 innuatur
1152 568 1377 629 scilicet
1403 590 1521 628 non
1550 571 1741 631 Deum
1772 572 1876 630 sed
1907 592 2017 631 nos
2043 572 2278 631 inimico
2307 575 2498 634 animo
2527 576 2724 655 fuisse,

310 673 425 712 non
454 653 619 710 illum
646 650 883 729 placari,
907 649 1011 709 sed
1032 650 1363 709 inimicitias
1384 659 1613 709 nostras
1635 652 1923 729 deponere
1945 652 2234 712 debuisse.
2257 658 2339 711 20.
2365 656 2533 729 Quod
2552 678 2626 715 ex
2655 678 2726 717 eo

311 734 515 792 fortius
544 732 733 791 adhuc
761 730 993 808 probari
1020 729 1379 789 contendunt
1420 730 1579 808 quod
1599 746 1736 789 'non
1765 740 1989 792 tantum
2035 733 2299 793 Christus
2346 734 2572 795 dicatur
2617 758 2727 797 nos

314 814 441 872 Deo
468 811 887 886 reconciliasse,
920 809 1023 869 sed
1054 811 1215 869 Deus
1236 810 1359 888 ipse
1392 830 1500 869 nos
1526 830 1632 889 per
1661 812 1952 871 Christum
1983 812 2403 890 reconciliasse,
2435 819 2472 873 2
2505 817 2634 877 Cor.
2665 836 2725 877 v.

319 896 391 953 19
419 915 433 969 ;
494 892 581 951 At
620 892 671 950 si
700 891 863 950 Deus
890 910 997 948 nos
1024 890 1438 965 reconciliavit,
1470 892 1670 969 utique
1712 910 1828 949 non
1857 893 2054 965 iratus,
2103 893 2206 951 sed
2232 894 2494 971 placatus
2517 898 2640 974 jam
2669 906 2730 957 et

312 972 595 1051 propitius
622 970 749 1047 fuit,
778 990 967 1049 neque
994 970 1069 1029 de
1097 990 1167 1029 eo
1194 970 1447 1030 dubitari
1494 982 1688 1049 potest
1716 992 1846 1031 cum
1889 992 1996 1031 nos
2025 973 2300 1032 dilexisse
2330 974 2556 1035 dicatur
2597 998 2724 1036 cum

314 1053 533 1111 inimici
553 1070 827 1127 essemus,
864 1052 1031 1109 Rom.
1062 1070 1119 1110 v.
1150 1052 1207 1125 8,
1239 1059 1298 1109 et
1324 1070 1401 1109 ex
1443 1051 1545 1110 illa
1572 1051 1880 1111 dilectione
1911 1052 2202 1111 Christum
2231 1053 2475 1132 misisse,
2525 1058 2552 1113 1
2587 1058 2630 1116 J
2633 1059 2728 1117 oh.

318 1134 397 1191 iv.
433 1135 545 1207 103
575 1132 843 1208 quivero
870 1129 1131 1189 infensus
1158 1141 1219 1189 et
1237 1131 1418 1190 iratus
1446 1131 1563 1189 dici
1604 1131 1816 1211 poterit
1856 1132 1956 1209 qui
1999 1142 2120 1192 tam
2166 1132 2453 1193 benevolo
2501 1144 2559 1195 et
2600 1156 2730 1213 pro·

318 1232 500 1290 penso
527 1211 638 1270 fuit
666 1230 805 1287 erga
830 1230 937 1269 nos
966 1210 1176 1270 affectu
1192 1212 1220 1269 P
1282 1212 1361 1269 3⁰.
1408 1211 1569 1270 Deus
1596 1211 1810 1269 dicitur
1845 1232 1954 1271 nos
1981 1212 2382 1272 reconciliasse
2410 1236 2522 1274 non
2551 1218 2730 1293 impu-

320 1302 445 1350 tans
476 1300 733 1366 peccata,
765 1292 835 1348 E.
864 1310 981 1348 non
1004 1310 1109 1367 per
1149 1290 1599 1350 satisfactionem
1641 1291 1746 1349 sed
1785 1311 1889 1369 per
1929 1294 2238 1369 gratuitam
2281 1302 2340 1351 et
2380 1294 2732 1355 liberrimam

322 1370 819 1431 condonationem.
902 1372 985 1428 4⁰.
1031 1370 1119 1429 Eo
1166 1370 1340 1429 modo
1376 1371 1770 1430 reconciliatio
1825 1381 1915 1431 est
1961 1372 2340 1449 intelligenda
2394 1392 2510 1451 quo
2557 1374 2734 1435 modo

325 1450 573 1528 apostoli
596 1451 647 1527 ej
658 1468 723 1508 us
750 1468 1045 1528 praecones
1071 1448 1318 1525 fuerunt,
1364 1451 1467 1509 sed
1493 1452 1742 1510 ministri
1785 1461 1950 1511 erant
1996 1454 2480 1513 reconciliationis
2517 1467 2733 1515 nostrae

326 1550 458 1589 cum
490 1527 633 1604 Deo,
664 1548 781 1587 non
810 1530 923 1587 Dei
950 1530 1268 1605 nobiscum,
1298 1530 1445 1589 nihil
1472 1531 1635 1590 aliud
1662 1532 1814 1589 enim
1859 1532 2156 1609 postulant
2202 1552 2374 1610 quam
2423 1545 2490 1595 ut
2533 1556 2732 1595 recon-

326 1611 589 1669 ciliemur
618 1610 761 1685 Deo,
812 1609 953 1669 ibid.
984 1612 1021 1668 2
1053 1610 1181 1669 Cor.
1210 1630 1269 1669 v.
1301 1612 1397 1669 20.
1483 1614 1562 1669 50.
1596 1612 1956 1671 Pertendunt
1985 1612 2248 1688 Paulum,
2284 1614 2432 1691 Eph.
2461 1614 2522 1675 ii.
2551 1620 2644 1687 16,
2675 1626 2736 1676 et

328 1691 452 1750 Col.
494 1692 533 1749 i.
576 1693 674 1764 20,
726 1710 899 1767 agere
946 1690 1021 1749 de
1078 1690 1543 1750 reconciliatione
1586 1712 1708 1750 non
1755 1692 1866 1750 Dei
1909 1710 2040 1751 cum
2089 1693 2436 1769 hominibus,
2490 1696 2593 1754 sed
2636 1697 2732 1755 vel

328 1772 624 1831 hominum
653 1771 805 1829 inter
832 1790 911 1847 se,
963 1770 1005 1829 J
1008 1770 1305 1829 udaeorum
1352 1771 1573 1830 scilicet
1600 1781 1660 1832 et
1706 1772 1984 1849 gentium,
2015 1773 2113 1830 vel
2157 1792 2289 1831 cum
2339 1774 2590 1853 Angelis
2633 1778 2733 1852 qui

328 1851 497 1911 nobis
524 1859 759 1929 propter
783 1858 1084 1927 peccatum
1114 1850 1325 1909 infensi
1352 1859 1549 1928 erant3
1594 1852 1702 1911 hos
1745 1851 1896 1911 enim
1939 1872 2042 1929 per
2069 1871 2138 1910 ea
2165 1872 2290 1929 quoe
2315 1865 2444 1914 sunt
2485 1857 2542 1913 in
2591 1858 2738 1915 coelzh

330 1930 743 2008 intelligendos
770 1950 896 1989 esse
920 1950 1035 1987 non
1054 1930 1285 1989 diffiteri
1310 1932 1527 1989 multos
1549 1951 1580 1989 e
1600 1932 1829 1990 nostris.
1877 1934 1955 1990 60.
1987 1931 2155 2006 Quod
2183 1933 2258 1991 ad
2286 1953 2486 1993 vocem
2511 1938 2740 2011 ἱλασμοῦ

331 2011 555 2086 attinet,
586 2010 811 2069 addunt
838 2010 1130 2068 Christum
1160 2009 1274 2067 dici
1316 2011 1533 2087 ἕλκε-μὶν
1570 2030 1688 2069 non
1715 2021 2000 2087 quatenus
2047 2013 2291 2071 moritur
2315 2034 2419 2091 pro
2447 2016 2633 2090 nobis,
2665 2016 2740 2075 de

332 2099 517 2150 morte
546 2091 699 2149 enim
728 2090 1061 2149 Johannem
1088 2088 1309 2146 nullam
1336 2089 1525 2147 facere
1551 2090 1921 2165 mentionem,
1954 2090 2057 2148 sed
2085 2099 2369 2167 quatenus
2397 2112 2550 2153 nunc
2580 2092 2742 2173 apud-

335 2171 567 2228 Patrem
590 2170 809 2245 degens
839 2167 1181 2226 Advocatus
1210 2175 1406 2227 noster
1422 2177 1511 2227 est
1528 2179 1587 2227 et
1602 2188 1836 2227 causam
1853 2177 2109 2231 nostram
2132 2171 2388 2248 suscipit,
2418 2174 2745 2250 patrocinio

334 2269 441 2308 suo
462 2268 569 2307 nos
586 2247 836 2307 fovendo
863 2256 923 2306 et
940 2266 1076 2306 cura
1098 2246 1379 2325 singulari
1400 2247 1700 2308 efficiendo
1720 2268 1794 2307 ne
1811 2249 1956 2307 iram
1977 2248 2234 2307 divinam
2256 2254 2622 2329 experiamur
2640 2264 2741 2315 aut

332 2348 537 2407 poenas
552 2348 697 2405 quas
714 2328 902 2387 meriti
921 2346 1121 2387 sumus
1134 2328 1379 2407 luamus,
1404 2348 1521 2407 quo
1538 2330 1789 2407 pertinet
1805 2328 1952 2388 illud
1971 2329 2124 2389 Heb.
2142 2330 2204 2389 ii.
2233 2334 2324 2407 17,
2338 2341 2396 2392 et
2415 2333 2512 2390 vii.
2529 2338 2625 2410 24,
2640 2337 2739 2413 25,

336 2408 439 2469 ubi
458 2408 649 2467 fidelis
677 2408 887 2468 dicitur
912 2407 1175 2486 pontifex
1202 2408 1277 2468 ad
1304 2410 1658 2489 expiandum
1686 2418 1924 2488 peccata
1959 2409 2158 2487 populi
2199 2422 2433 2489 propter
2469 2414 2740 2491 idipsum.

337 2494 417 2549 7⁰.
465 2490 767 2548 ἱλάσκεσθαι
793 2490 941 2547 nihil
968 2488 1127 2549 aliud
1168 2508 1295 2549 esse
1336 2510 1510 2567 quam
1554 2490 1867 2571 propitium
1915 2490 2090 2550 alicui
2133 2490 2258 2550 fieri
2305 2501 2366 2552 et
2411 2494 2498 2551 illi
2549 2496 2744 2571 ignos-

335 2590 503 2645 cere;
546 2579 720 2648 atque
750 2570 831 2629 ita
868 2570 1216 2647 respondere
1257 2570 1437 2631 verbo
1488 2572 1643 2630 Heb.
1673 2574 1790 2646 τ-ὲο,
1839 2580 1903 2631 ut
1946 2579 2110 2635 nri-²20
2159 2573 2419 2632 redditur
2444 2594 2548 2651 per
2590 2578 2748 2633 ἱλασ-

333 2656 440 2727 μὸν,
474 2650 628 2709 Psal.
658 2670 838 2709 cxxx.
868 2656 925 2726 4,
956 2650 1061 2709 sed
1086 2670 1204 2709 non
1231 2650 1541 2729 importare
1568 2660 1874 2729 propterea
1899 2651 2346 2710 satisfactionem
2377 2672 2449 2710 ex
2481 2674 2548 2713 eo
2579 2654 2747 2715 facile

336 2730 536 2807 colligi
562 2730 719 2807 quod
743 2730 917 2788 Arcas
943 2731 1277 2806 operculum
1288 2732 1774 2807 propitiationum
1800 2740 2056 2803 vocetur,
2077 2731 2137 2787 in
2159 2749 2274 2807 quo
2303 2741 2495 2790 tamen
2521 2734 2746 2794 nullum

336 2808 747 2871 satisfactionis
790 2808 1241 2885 deprehenditur
1280 2810 1593 2884 vestigium
1618 2832 1632 2883 ς
1697 2808 2168 2885 quandoquidem
2216 2810 2300 2867 ita
2345 2821 2588 2871 vocatur
2629 2832 2748 2871 non

337 2882 495 2967 quod
525 2888 715 2947 Deum
742 2888 951 2945 iratum
978 2888 1193 2963 popu-lo
1220 2888 1491 2964 placaret,
1524 2888 1628 2947 sed
1655 2887 1812 2963 quod
1839 2888 1900 2943 in
1923 2906 1992 2945 eo
2039 2887 2168 2945 loeo
2215 2908 2492 2965 responsa
2531 2892 2748 2968 populo

339 2968 517 3025 dabat
546 2968 725 3041 Deus,
749 2974 807 3024 et
825 2984 989 3023 suam
1016 2984 1156 3043 erga
1182 2966 1345 3025 illum
1376 2966 1840 3025 benevolentiam
1869 2966 2218 3040 declarabat,
2251 2967 2442 3026 Exod.
2473 2988 2616 3029 xxv.
2648 2976 2745 3048 22,

338 3056 397 3106 et
428 3046 599 3105 Num.
629 3046 729 3103 vii.
762 3047 817 3103 9.
890 3045 1159 3121 Denique
1188 3046 1296 3104 etsi
1327 3045 1592 3103 Christus
1608 3044 1896 3103 diceretur
1915 3045 2103 3104 Deum
2121 3046 2292 3106 nobis
2318 3048 2597 3126 placasse,
2629 3070 2746 3109 non

340 3128 489 3185 bene
518 3125 653 3183 inde
682 3124 1132 3183 satisfactionem
1160 3124 1309 3200 elici,
1342 3144 1473 3183 cum
1502 3124 1577 3183 ad
1619 3124 1870 3201 aliquem
1898 3124 2244 3203 placandum
2275 3127 2590 3188 satisfactio
2632 3151 2750 3190 non

343 3208 419 3266 sit
468 3224 693 3283 semper
738 3204 1081 3279 necessaria,
1130 3204 1253 3263 fieri
1292 3204 1447 3263 enim
1492 3224 1664 3283 posse
1705 3213 1772 3265 ut
1811 3205 1944 3283 quis
1971 3205 2065 3264 vel
2094 3208 2362 3283 precibus
2388 3211 2485 3269 vel
2512 3230 2748 3289 persua-

342 3286 603 3348 sionibus
632 3286 713 3346 ita
739 3284 1177 3365 permulceatur,
1208 3295 1275 3344 ut
1302 3285 1373 3344 de
1404 3304 1509 3344 suo
1543 3286 1677 3364 jure
1722 3286 1952 3363 penitus
1979 3287 2275 3365 concedat,
2306 3297 2364 3349 et
2391 3310 2562 3367 porro
2591 3294 2754 3353 nulla

345 3364 737 3427 satisfactione
784 3365 1083 3441 indigeat;
1134 3366 1219 3425 sic
1253 3366 1489 3425 Volkel.
1520 3366 1910 3443 ratiocinatur,
1953 3366 2055 3426 lib.
2105 3386 2162 3426 v.
2194 3388 2244 3427 c.
2275 3373 2370 3447 22,
2421 3372 2749 3452 Schiltingi.

342 3458 547 3507 contra
572 3448 845 3506 Meisner.
874 3444 949 3504 de
976 3444 1285 3523 Justifica„
1320 3445 1472 3506 Soci.
1504 3446 1577 3505 de
1609 3446 1892 3523 Sei-vato„
1919 3468 1977 3525 p.
2009 3451 2064 3523 2,
2095 3455 2154 3506 et
2181 3447 2299 3509 alii.

428 3527 733 3587 XLVIII.
776 3525 1000 3585 Verum
1046 3526 1171 3585 haee
1198 3527 1393 3585 inania
1420 3535 1557 3585 sunt
1602 3527 1899 3587 hominum
1930 3527 2050 3586 otio
2094 3536 2153 3586 et
2195 3529 2430 3607 ingenio
2459 3551 2564 3590 suo
2609 3533 2748 3591 abu-

343 3608 593 3665 tentium
638 3606 933 3683 figmenta,
964 3606 1039 3663 ad
1068 3626 1294 3666 crucem
1326 3607 1541 3666 Christi
1582 3608 1978 3666 evacuandam
2026 3614 2086 3666 et
2133 3627 2411 3668 summam
2463 3630 2604 3687 erga
2644 3630 2752 3670 nos

351 3686 464 3744 Dei
492 3686 829 3745 charitatem
858 3686 1215 3746 elevandam.
1264 3691 1457 3768 Πςὸτον
1482 3684 1662 3761 4⁴32„-
1690 3706 1886 3747 eorum
1909 3696 2000 3746 est
2029 3688 2218 3747 Deum
2245 3690 2541 3749 inimicum
2584 3691 2754 3750 nobis

343 3773 516 3841 atque
544 3764 831 3824 infensum
852 3774 1087 3845 propter
1110 3777 1349 3845 peccata
1376 3767 1491 3827 dici
1536 3787 1656 3826 non
1683 3786 1870 3843 posse,
1917 3768 2164 3844 ideoque
2209 3769 2600 3829 satisfactione
2634 3790 2754 3847 qua

350 3845 817 3904 reconciliaretur
842 3845 983 3923 ipse,
1028 3848 1361 3925 neutiquam
1408 3866 1553 3925 opus
1580 3846 1869 3907 habuisse.
1953 3846 2042 3905 At
2099 3848 2161 3905 in
2206 3850 2596 3925 superioribus
2629 3851 2762 3927 jam·

348 3924 611 4001 pluribus
639 3925 995 4003 argumentis
1022 3935 1303 3987 assertum
1332 3926 1546 3985 ivimus
1573 3927 1940 3986 essentialem
1969 3926 2082 3985 Dei
2101 3926 2407 4003 justitiam,
2438 3948 2552 4005 qua
2575 3931 2752 3989 semel

345 4003 537 4081 posita
564 4006 825 4082 sequitur
848 4007 1173 4065 necessario
1210 4026 1439 4083 poenam
1482 4014 1720 4083 peccato
1768 4026 1846 4065 ex
1887 4026 1958 4065 ea
1977 4006 2193 4076 deberi,
2235 4026 2342 4066 nec
2376 4007 2552 4067 ullam
2582 4026 2755 4085 posse

351 4084 463 4142 Dei
492 4103 619 4142 cum
670 4084 1001 4144 hominibus
1030 4086 1339 4145 amicitiam
1388 4086 1521 4145 iniri
1562 4086 1677 4145 nisi
1724 4086 1812 4143 illi
1860 4086 2041 4145 semel
2088 4086 2442 4145 satisfactum
2492 4089 2600 4164 sit3
2645 4088 2754 4147 fal-

347 4164 640 4223 sissimum
684 4165 754 4223 E.
784 4173 875 4223 est
920 4166 1079 4241 quod
1120 4166 1483 4243 pertendunt,
1512 4166 2042 4224 reconciliationem
2087 4166 2238 4223 hanc
2281 4174 2480 4225 notare
2527 4176 2760 4227 tantum·

346 4252 601 4303 nostram
632 4244 706 4303 ad
738 4245 927 4304 Deum
968 4246 1403 4304 conversionem
1451 4254 1511 4304 et
1552 4244 1984 4303 inimicitiarum
2031 4264 2068 4303 a
2113 4253 2274 4321 parte
2301 4247 2482 4305 nostri
2527 4248 2754 4325 deposi-

345 4324 581 4399 tionem,
614 4344 733 4383 non
758 4339 899 4383 vero
928 4324 1115 4402 ipsam
1140 4326 1240 4383 irae
1272 4325 1385 4383 Dei
1420 4324 1780 4383 aversionem
1826 4332 1884 4383 et
1925 4323 2366 4401 mitigationem.
2430 4326 2580 4385 Nam
2624 4348 2754 4387 cum

348 4404 621 4465 alienatio
648 4413 852 4465 mutua
877 4404 1049 4465 fuerit
1078 4414 1137 4466 et
1168 4404 1467 4481 Scriptura
1490 4402 1851 4462 inimicitiam
1887 4405 2038 4462 hanc
2067 4412 2127 4463 et
2152 4404 2346 4463 odium
2397 4415 2612 4467 statuat
2637 4428 2753 4467 non

348 4485 522 4545 modo
552 4506 587 4543 a
607 4494 771 4563 parte
790 4485 1107 4562 hominum,
1130 4486 1299 4544 Rom.
1322 4504 1381 4543 v.
1408 4486 1500 4561 10,
1524 4483 1647 4542 Col.
1669 4482 1709 4541 i.
1735 4486 1829 4559 21,
1862 4484 1966 4544 sed
1993 4494 2054 4543 et
2071 4504 2112 4542 a·
2133 4493 2296 4561 parte
2326 4486 2453 4564 Dei,
2489 4490 2524 4521 ‘⁴
2541 4489 2754 4567 quippe

346 4565 433 4623 ira
460 4566 647 4643 ipsius
674 4566 967 4625 revelatur
992 4586 1025 4625 e
1054 4566 1203 4625 coelo
1229 4564 1511 4625 adversus
1530 4582 1760 4622 omnem
1789 4564 2205 4643 impietatem,''
2235 4564 2364 4643 ἀφ,
2397 4568 2564 4629 Rom.
2583 4568 2622 4628 i.
2659 4572 2751 4644 18,

349 4648 385 4679 “
408 4654 468 4704 et
521 4666 631 4705 nos
684 4655 889 4706 natura
919 4665 1119 4706 sumus
1174 4646 1279 4704 filii
1322 4646 1407 4705 ira
1449 4654 1509 4705 et
1562 4644 1955 4705 maledictioni
2003 4646 2301 4723 obnoxii,”
2386 4648 2534 4726 Eph.
2585 4649 2644 4707 ii.
2695 4653 2751 4724 3,
