3234 5192
527 344 641 401 698
1056 361 1134 401 m:
1164 360 1638 403 summm-roms
1665 358 1901 402 cmusu
1929 355 2352 399 rennncrronn.
2465 336 2724 419 [meru-r.
2757 360 2936 401 xxm.

524 510 689 579 tropo
704 502 945 561 liberare
965 522 1379 581 nonnunquam
1394 504 1439 561 si
1445 502 1699 581 gnificat,
1716 502 1853 579 quia
1871 501 1970 579 qui
1991 500 2286 576 liberatur,
2307 498 2382 557 ab
2393 519 2462 557 eo
2475 499 2938 577 quoimplicatus

522 582 827 641 tenebatur
846 583 1271 661 quodammodo
1294 584 1592 644 avellitur:
1639 584 1724 642 At
1739 600 2083 659 quocunque
2111 579 2282 638 modo
2313 588 2570 638 sumatur
2597 581 2815 639 nullam
2833 602 2930 641 sa-

522 660 907 723 tisfactionem
936 663 1286 740 importabit.
1346 664 1495 722 Nam
1524 664 1575 721 si
1602 663 1678 721 ad
1705 663 2078 739 posteriorem
2106 659 2336 734 referas,
2367 660 2660 719 notabitur
2693 662 2930 737 quidem

518 740 805 818 liberatiO,
854 743 956 802 sed
1000 763 1118 802 non
1150 744 1508 803 liberationis
1552 743 1760 801 modus
1787 761 1890 819 per
1944 739 2395 799 satisfactionem
2421 740 2676 816 aliquam
2705 750 2805 800 aut
2831 742 2932 800 λε’)-

518 847 627 902 rgo,
646 847 665 895 5
716 822 842 881 Imo
890 844 996 883 nec
1040 832 1233 901 potest
1279 824 1531 900 quidem,
1562 823 1701 899 quia
1749 824 1838 879 vis
1885 821 2047 879 vocis
2093 818 2267 877 infert
2307 820 2500 896 potius
2526 820 2928 881 liberationem

522 921 626 978 per
668 904 982 980 potentiam
1012 924 1184 979 quam
1229 924 1331 981 per
1362 903 1690 980 justitiam:
1733 908 2114 979 praeterquam
2142 897 2301 977 quod
2328 919 2402 957 ne
2430 900 2662 977 quidem
2692 901 2765 959 de
2792 922 2926 979 pec-

522 982 666 1040 catis
694 982 809 1040 dici
836 992 1046 1059 potest,
1076 1002 1254 1059 quum
1284 1002 1399 1041 non
1426 992 1678 1060 peccata,
1711 980 1815 1039 sed
1854 988 2186 1057 peccatores
2212 980 2322 1038 hoc
2352 999 2526 1038 sensu
2551 980 2928 1041 redimantur.

524 1062 607 1119 At
626 1064 675 1119 si
703 1062 880 1139 priori
908 1082 1080 1121 sensu
1112 1080 1231 1120 vox
1260 1063 1638 1140 intelligatur,
1660 1061 1817 1139 quod
1839 1062 2071 1120 omnino
2091 1060 2530 1119 convenientius
2552 1060 2832 1137 ducimus,
2852 1062 2928 1121 de

522 1142 863 1219 abruptionc
911 1142 1131 1220 peccati
1161 1150 1219 1201 et
1259 1143 1397 1201 vitae
1446 1142 1863 1218 immutatione,
1893 1140 2087 1199 facilia
2113 1147 2283 1199 erunt
2311 1149 2370 1199 et
2391 1140 2664 1216 expedita
2691 1142 2924 1219 omnia3

522 1222 789 1281 suadebit
817 1221 1037 1281 scilicet
1066 1222 1276 1281 Daniel
1308 1222 1458 1299 Regi
1505 1223 1684 1301 impio
1713 1230 1772 1281 et
1799 1221 2224 1300 superbissimo,
2258 1220 2358 1297 qui
2378 1220 2606 1297 abjecto
2628 1222 2784 1280 omni
2815 1222 2932 1281 Dei

519 1301 929 1380 hominumque
974 1303 1179 1361 timore
1223 1322 1325 1380 per
1370 1304 1681 1361 immanem
1727 1302 2030 1361 avaritiam
2076 1310 2134 1359 et
2171 1300 2569 1359 crudelitatem
2599 1300 2931 1361 dominatus

518 1382 720 1458 fuerat,
752 1390 817 1441 ut
845 1402 1075 1442 cursum
1104 1383 1242 1442 vitae
1264 1392 1542 1443 anteactae
1570 1384 1891 1460 abrumpat,
1923 1390 1980 1440 et
1996 1382 2166 1459 plane
2195 1380 2539 1441 contrariam
2567 1382 2724 1441 ineat
2750 1381 2928 1459 viam,

519 1481 743 1521 summa
769 1471 1138 1537 non-tantum
1171 1464 1419 1540 justitia,
1452 1463 1557 1522 sed
1604 1463 1776 1521 etiam
1808 1462 2164 1537 benignitate
2192 1460 2570 1537 praecedentis
2599 1460 2928 1537 tyrannidis

516 1540 679 1599 labes
726 1542 1011 1618 eluendo;
1058 1544 1141 1601 sic
1197 1542 1534 1619 impendens
1563 1543 1806 1601 exitium
1847 1542 2042 1599 forsan
2091 1560 2360 1598 aversum
2403 1540 2476 1597 iri
2503 1554 2561 1599 et
2599 1541 2788 1600 Deum
2817 1542 2928 1600 hac

517 1622 893 1679 conversione
942 1630 1291 1680 commotum
1318 1642 1411 1681 res
1437 1624 1499 1680 in
1542 1622 1752 1697 melius
1779 1638 2189 1679 conversurum
2215 1641 2229 1677 :
2275 1620 2402 1691 Quo
2427 1620 2720 1695 pertinent
2747 1622 2930 1679 verba

516 1699 832 1775 sequentia,
868 1702 904 1732 “
922 1701 972 1757 si
1001 1701 1145 1759 forte
1176 1702 1284 1759 erit
1302 1701 1636 1777 prorogatio
1663 1698 2098 1776 tranquillitatis
2127 1706 2239 1755 tuae
2263 1698 2318 1773 ;’'
2346 1698 2512 1772 quasi
2530 1698 2762 1773 diceret,
2798 1701 2924 1759 Ex-

514 1778 764 1852 ercuisti,
797 1798 832 1835 0
862 1778 1010 1853 Rex,
1042 1780 1354 1837 violentam
1385 1788 1443 1838 et
1486 1780 1760 1856 injustam
1789 1777 2254 1850 dominationem,
2287 1775 2622 1852 oppressisti
2649 1777 2919 1855 humiles,

514 1857 777 1934 spoliasti
821 1876 1120 1933 paupereS,
1151 1867 1209 1916 et
1251 1878 1355 1935 per
1383 1878 1551 1917 omne
1599 1877 1784 1935 genus
1827 1865 2192 1935 peccatorum
2235 1856 2466 1931 impune
2495 1874 2558 1914 es
2586 1864 2919 1933 grassatus:

513 1936 600 1995 At
626 1956 796 2011 nunc,
830 1937 879 1995 si
908 1938 999 1995 vis
1027 1936 1279 2015 effugere
1327 1938 1471 1996 iram
1518 1938 1631 1997 Dei
1659 1937 2069 2012 imminentem,
2100 1936 2276 1994 debes
2307 1936 2485 1994 vitam
2511 1936 2682 2013 plane
2711 1936 2920 1996 immu-

512 2026 635 2076 tare
658 2024 716 2075 et
736 2037 839 2094 pro
868 2018 946 2094 inj
956 2018 1099 2077 ustis
1127 2018 1546 2095 exactionibus,
1571 2039 1676 2096 pro
1703 2018 1982 2077 violentia
2009 2026 2068 2076 et
2095 2016 2479 2094 oppressione,
2510 2016 2721 2075 referre
2748 2017 2923 2077 mise-

510 2097 818 2157 ricordiam
847 2107 905 2158 et
926 2098 1232 2177 justitiam,
1264 2107 1325 2159 ct
1368 2100 1450 2159 sic
1493 2099 1735 2178 injurias
1763 2097 2142 2158 beneficentia
2170 2096 2459 2173 resarcire,
2493 2105 2553 2155 et
2579 2098 2918 2175 abrumpere

513 2198 744 2238 cursum
770 2188 1138 2256 peccatorum
1164 2189 1395 2240 tuorum
1422 2189 1487 2239 ut
1514 2181 1723 2239 melius
1751 2180 1860 2238 tibi
1888 2178 1980 2237 sit.
2045 2178 2141 2237 Sic
2161 2178 2386 2237 notabit
2414 2177 2648 2255 quidem
2677 2198 2915 2237 conver-

512 2259 731 2317 sionem
761 2268 820 2318 et
846 2260 1241 2337 poenitentiam
1272 2280 1398 2320 esse
1426 2261 1655 2319 unicam
1685 2259 1943 2318 evitandi
1974 2260 2085 2317 Dei
2117 2258 2325 2337 judicii
2353 2256 2508 2316 viam
2533 2281 2547 2335 ;
2583 2258 2698 2317 Sed
2727 2258 2799 2316 de
2829 2277 2917 2317 sa-

510 2338 835 2397 tisfactione
867 2340 978 2396 Dei
998 2341 1242 2415 justitiae
1270 2340 1533 2398 facienda
1559 2359 1632 2398 ne
1655 2339 1924 2416 cogitarit
1939 2338 2190 2415 quidem,
2221 2346 2445 2396 tantum
2474 2338 2641 2397 abest
2669 2348 2732 2397 ut
2757 2337 2918 2396 illam

509 2417 606 2475 hic
634 2416 1065 2475 commendarit.
2484 2471 2487 2472 γ

591 2494 736 2552 XV.
782 2496 903 2552 Nec
931 2495 1045 2552 alio
1075 2495 1389 2571 respiciunt
1429 2496 1557 2553 loca
1587 2515 1715 2588 quae
1743 2495 1898 2572 apud
1941 2495 2260 2571 Prophetas
2287 2496 2504 2571 passim
2532 2496 2606 2555 de
2631 2499 2915 2573 poeniten-

506 2574 590 2632 tia
616 2583 813 2650 agunt,
846 2581 912 2631 ut
938 2574 1260 2632 necessaria
1307 2574 1382 2633 ad
1423 2576 1819 2633 remissionem
1847 2583 2208 2650 peccatorum
2239 2574 2336 2631 vel
2363 2593 2662 2649 poenarum
2692 2578 2916 2635 relaxa-

506 2653 725 2711 tionem
753 2652 1142 2712 obtinendam.
1188 2654 1321 2713 Non
1350 2674 1630 2731 negamus
1659 2654 1808 2713 enim
1839 2653 2232 2730 poenitentiam
2263 2654 2629 2712 conditionem
2656 2674 2782 2713 esse
2811 2657 2913 2714 ab·

507 2733 693 2792 solute
722 2734 1104 2793 necessariam
1130 2734 1206 2792 ad
1255 2733 1317 2792 id
1356 2744 1423 2793 ut
1451 2735 1624 2793 venia
1665 2743 2028 2811 peccatorum
2059 2732 2400 2792 obtineatur.
2468 2733 2602 2792 Non
2629 2752 2912 2811 negamus

506 2814 680 2873 etiam
710 2834 861 2892 saepe
889 2835 992 2891 per
1020 2834 1147 2873 eam
1174 2814 1299 2874 fieri
1327 2823 1392 2874 ut
1418 2814 1774 2874 calamitates
1802 2814 2165 2872 imminentes
2193 2822 2251 2873 et
2282 2813 2507 2891 judicia
2549 2814 2662 2872 Dei
2687 2814 2786 2873 vel
2813 2814 2912 2874 de-

506 2894 791 2959 clinentur
818 2895 912 2954 vel
941 2895 1296 2973 mitigentur.
1359 2895 1657 2972 Negamus
1684 2902 1908 2953 tantum
1950 2914 2076 2953 esse
2094 2914 2324 2969 poenam
2349 2895 2788 2968 satisfactomam
2815 2904 2917 2955 aut

504 2976 1029 3053 compensationem
1075 2996 1191 3054 qua
1240 2976 1482 3035 satisfiat
1525 2976 1570 3035 J
1572 2974 1784 3035 ustitiae
1813 2973 2026 3032 divinae
2051 2995 2066 3033 ε
2110 2974 2258 3047 Quia
2283 2974 2457 3051 longe
2487 2973 2647 3033 aliud
2674 2983 2763 3034 est
2791 2976 2911 3034 evi-

504 3062 627 3113 tare
656 3064 715 3114 et
762 3056 1051 3115 declinare
1090 3076 1309 3133 poenas,
1341 3056 1501 3114 aliud
1528 3075 1668 3114 vero
1710 3053 2038 3113 satisfacere
2063 3075 2076 3129 ;
2108 3053 2267 3112 aliud
2294 3073 2415 3112 rem
2444 3054 2720 3129 obtinere,
2753 3054 2912 3113 aliud

502 3154 630 3191 eam
658 3154 763 3212 per
789 3136 945 3192 viam
994 3136 1162 3212 pretii
1192 3145 1249 3193 et
1288 3135 1593 3194 solutionis
1623 3134 1916 3211 consequi.
2003 3133 2226 3211 Quippe
2265 3153 2452 3211 poenae
2482 3134 2808 3194 istiusmodi
2835 3155 2912 3194 ex

504 3211 876 3271 Adversariis
920 3234 1037 3272 non
1080 3215 1249 3273 mode
1299 3235 1509 3292 graves
1558 3222 1780 3273 suntet
1825 3215 2082 3272 molestae
2119 3232 2218 3271 eas
2238 3212 2574 3285 ferentibus,
2606 3214 2710 3273 sed
2737 3215 2910 3273 etiam

502 3299 810 3349 censentur
852 3292 1158 3368 indebitoe3
1204 3294 1291 3352 At
1332 3295 1459 3352 haec
1506 3314 1638 3370 quae
1667 3314 1702 3351 a
1751 3294 2054 3370 Prophetis
2082 3293 2532 3370 praescribuntur
2558 3295 2910 3372 poenitentias

429 3389 442 3400 ·
503 3370 780 3429 exercitia
808 3390 925 3428 non
952 3372 1125 3430 modo
1154 3391 1271 3430 non
1300 3380 1435 3431 sunt
1462 3374 1668 3449 gravia
1715 3380 1774 3431 et
1801 3373 1961 3447 dura,
1995 3372 2096 3431 sed
2127 3372 2330 3431 suavia
2359 3382 2418 3431 et
2435 3374 2697 3451 jucunda
2721 3374 2906 3433 fideli·

502 3449 628 3525 bus,
660 3449 761 3527 qui
787 3450 1045 3527 impense
1073 3450 1145 3509 iis
1174 3452 1533 3511 delectantur
1556 3474 1570 3529 ;
1616 3453 1837 3510 Verum
1864 3452 1948 3509 ita
1975 3461 2110 3512 sunt
2139 3453 2336 3511 debita
2362 3462 2428 3511 ut
2456 3472 2624 3512 nemo
2648 3455 2770 3512 sine
2799 3455 2908 3511 cri-

500 3529 655 3588 mine
686 3550 754 3589 ea
781 3530 1215 3607 praetermittere
1263 3531 1447 3609 possit
1492 3540 1593 3591 aut
1623 3531 1848 3591 debeat.
1900 3530 2292 3609 Praeterquam
2322 3533 2476 3609 quod
2499 3534 2560 3591 in
2588 3533 2906 3593 misericor·

498 3609 611 3668 diae
639 3611 847 3669 throno
874 3620 1178 3669 versantur
1203 3610 1423 3686 fideles,
1446 3610 1549 3670 ubi
1577 3611 1772 3670 nullus
1801 3610 1971 3670 datur
1997 3612 2096 3671 vel
2123 3612 2392 3690 operibus
2419 3613 2516 3670 vel
2543 3614 2908 3689 passionibus

496 3692 712 3749 nostris
734 3691 809 3750 ad
838 3690 1285 3749 satisfactionem
1312 3691 1493 3764 locus,
1526 3691 1630 3751 sed
1659 3690 1769 3750 soli
1797 3691 1999 3768 gratiae
2029 3700 2086 3750 et
2113 3692 2318 3751 merito
2355 3692 2602 3768 Christi;
2632 3713 2750 3751 non
2768 3712 2908 3753 vero

498 3768 561 3828 in
591 3770 768 3849 Legis
796 3770 919 3829 foro
946 3770 1046 3830 ubi
1074 3790 1320 3848 persona
1348 3771 1646 3849 judicatur
1673 3792 1748 3830 ex
1777 3790 1964 3849 opere,
1989 3791 2106 3829 non
2127 3791 2273 3849 opus
2295 3791 2368 3829 ex
2392 3791 2653 3847 persona.
2739 3773 2911 3849 Quod

499 3850 550 3908 si
572 3850 882 3927 aliquando
930 3870 1105 3928 opera
1151 3850 1413 3927 quaedam
1462 3851 1752 3911 laboriosa
1780 3871 1908 3909 cum
1939 3852 2277 3928 poenitentia
2304 3850 2575 3910 videntur
2601 3853 2813 3930 urgeri,
2843 3861 2911 3913 ut

492 3930 734 4008 jejunia,
766 3931 1034 4006 cilicium,
1068 3926 1195 4006 &c.,
1225 3950 1343 3988 non
1372 3930 1503 3989 ideo
1530 3930 1600 3991 fit
1627 3942 1692 3991 ut
1719 3951 1822 4007 pro
1851 3931 2078 3990 delictis
2106 3932 2302 4009 aliqua
2333 3931 2489 4007 apud
2518 3932 2709 3991 Deum
2749 3953 2906 3991 com·-

498 4012 759 4086 pensatio
786 4012 1149 4086 interveniat,
1182 4010 1285 4070 sed
1312 4019 1537 4070 tantum
1565 4019 1630 4070 ut
1661 4030 1763 4089 per
1801 4030 1871 4071 ea
1896 4011 2112 4070 veritas
2140 4020 2198 4070 ct
2225 4012 2526 4071 sinceritas
2551 4013 2907 4090 poenitentiae

500 4109 570 4149 eo
600 4091 806 4149 melius
834 4099 1047 4151 testata
1072 4090 1191 4150 fiat.

582 4170 761 4229 XVI.
807 4175 887 4231 3⁰.
932 4170 1229 4249 Objiciunt
1276 4170 1619 4230 Adversarii
1647 4172 1777 4230 loca
1808 4172 1971 4230 varia
1999 4171 2059 4229 in
2087 4173 2298 4249 quibus
2331 4173 2491 4231 Deus
2516 4180 2651 4251 post
2677 4172 2907 4250 culpam

498 4249 795 4309 dimissam
824 4251 1036 4310 dicitur
1070 4260 1263 4310 tamen
1299 4271 1502 4330 poenas
1530 4252 1722 4311 varias
1765 4251 2034 4310 fidelibus
2062 4252 2404 4312 immisisse:
2452 4256 2528 4311 1⁰.
2553 4256 2588 4312 2
2617 4252 2771 4311 Sam.
2801 4253 2905 4313 xii.

500 4329 591 4402 14,
628 4330 935 4391 Peccatum
966 4331 1321 4391 condonatur
1343 4331 1559 4390 Davidi
1575 4352 1610 4389 a
1633 4331 1687 4389 N
1691 4330 1915 4407 athane,
1941 4340 1999 4391 et
2021 4340 2214 4392 tamen
2235 4352 2389 4392 mors
2410 4332 2574 4391 filioli
2595 4332 2682 4391 illi
2705 4334 2764 4390 in
2781 4352 2904 4410 poe-

494 4426 631 4464 nam
654 4408 997 4486 decernitur,
1049 4414 1084 4444 “
1108 4412 1257 4486 Quia
1283 4412 1682 4488 blasphemare
1710 4411 1900 4471 fecisti
1929 4411 2043 4471 Dei
2081 4434 2294 4472 nomen
2321 4413 2395 4471 ab
2423 4412 2672 4472 inimicis
2704 4413 2904 4471 Domi·

494 4485 574 4561 ni,
604 4486 737 4545 ideo
764 4508 908 4565 puer
933 4490 1036 4567 qui
1056 4492 1163 4550 tibi
1188 4500 1359 4550 natus
1406 4500 1496 4551 est
1543 4491 1871 4552 morietur.”
1913 4497 1993 4551 2⁰.
2025 4494 2198 4553 Num.
2229 4494 2350 4551 xiv.
2381 4494 2478 4568 20,
2505 4494 2667 4553 Deus
2695 4493 2907 4552 dicitur

493 4565 791 4643 ignovisse
820 4568 1099 4630 Israelitis
1126 4572 1633 4647 murmurantibus,
1665 4572 1876 4650 quibus
1902 4580 2096 4632 tamen
2119 4582 2321 4652 postea
2347 4573 2673 4651 ingressum
2700 4573 2759 4630 in
2789 4580 2904 4632 ter-

490 4664 614 4705 ram
646 4644 879 4706 Canaan
906 4648 1207 4711 interdixit
1231 4674 1246 4711 z
1274 4651 1413 4709 etin
1439 4670 1667 4728 poenam
1689 4652 1909 4729 peccati
1936 4663 2178 4714 mortem
2207 4654 2268 4712 in
2286 4654 2515 4713 deserto
2533 4652 2650 4712 illis
2671 4651 2902 4727 inflixit,
