3234 5192
562 342 680 400 ‘121
1370 354 1447 393 ns
1490 354 1744 395 cineum
1786 354 2140 395 Poxrrrlcxo.
2489 336 2751 419 [meror.
2801 358 2974 400 xxiv.

560 496 715 557 unde
759 494 1009 557 docebit.
1079 494 1278 554 Primo
1324 494 1800 573 distinguendum
1841 503 2080 555 censent
2127 505 2391 557 accurate
2448 496 2772 559 orthodoxi
2827 498 2980 558 inter

569 578 821 639 Causam
850 578 1165 650 efficientem
1187 594 1289 653 per
1316 594 1490 651 quam
1519 576 1825 652 credimuS,
1857 585 1916 635 et
1963 577 2286 652 objectivam
2332 585 2564 655 propter
2591 597 2764 653 quam
2794 580 2977 637 credi-

562 678 709 735 mus,
743 660 892 717 inter
908 657 1257 735 principium
1284 656 1571 736 ἔηςγπικὸν
1616 656 1774 733 quod
1819 656 1992 717 fidem
2023 657 2270 735 alicujus
2305 657 2568 717 veritatis
2596 657 2860 717 effective
2887 660 2968 716 in-

565 747 821 817 generat,
852 744 911 797 et
937 738 1199 796 motivum
1226 756 1329 795 seu
1370 745 1774 813 argumentum
1817 735 1975 813 quod
2017 736 2306 813 objectiva
2334 735 2410 795 ad
2437 756 2564 795 eam
2611 737 2786 797 fidem
2813 738 2980 797 adhi-

565 819 815 879 bendam
850 837 959 876 nos
986 825 1183 876 movet
1231 824 1291 875 et
1318 818 1553 876 excitat.
1641 816 1725 876 Ut
1751 816 1803 873 si
1846 816 1920 875 de
1965 816 2242 876 charitate
2287 818 2532 894 quaestio
2577 818 2670 892 sit,
2703 818 2862 876 aliud
2888 828 2979 878 est

565 900 729 976 loqui
756 897 829 957 de
858 916 1032 957 causa
1059 898 1185 974 ejus
1212 895 1495 955 efficiente
1530 915 1635 974 per
1681 914 1854 972 quam
1899 896 2252 973 producitur,
2283 896 2440 955 aliud
2487 896 2560 955 de
2589 898 2824 957 motivis
2851 899 2976 975 qui-

565 978 677 1039 bus
704 978 1007 1052 excitatur,
1038 995 1214 1035 causa
1240 975 1493 1035 efficiens
1540 974 1712 1034 unica
1760 982 1818 1034 et
1865 976 2198 1053 principalis
2225 985 2314 1036 est
2363 976 2610 1054 Spiritus
2649 977 2731 1053 S„
2761 978 2980 1037 motiva

566 1068 703 1120 sunt
730 1064 1070 1135 argumenta
1096 1055 1199 1115 illa
1224 1056 1386 1113 varia
1413 1075 1542 1133 quse
1580 1056 1640 1113 in
1673 1055 1968 1133 Scriptura
1996 1056 2162 1114 nobis
2205 1056 2552 1115 exhibentur
2597 1058 2808 1115 amoris
2835 1059 2979 1116 inef-

566 1138 760 1198 fabilis
788 1158 959 1216 quem
990 1136 1151 1195 Deus
1178 1142 1425 1196 testatus
1452 1144 1541 1195 est
1568 1135 1738 1195 nobis
1765 1136 1826 1193 in
1852 1136 2007 1211 filio;
2041 1136 2134 1194 Ita
2161 1135 2234 1194 de
2272 1136 2386 1195 fide
2413 1137 2628 1213 pariter
2653 1138 2980 1197 ratiocinari

568 1219 863 1294 debemus,
894 1218 955 1276 in
983 1218 1094 1276 hoc
1136 1216 1503 1294 potissimum
1548 1223 1908 1293 argumentO,
1945 1216 2137 1275 Causa
2180 1216 2414 1287 efficiens
2459 1224 2672 1275 nostras
2698 1216 2836 1275 fidei
2865 1218 2980 1277 alia

570 1298 697 1359 dari
722 1319 843 1359 non
866 1306 1059 1376 potest
1086 1304 1295 1375 praeter
1326 1296 1603 1373 Spiritum
1645 1295 1768 1354 sine
1799 1315 1914 1371 quo
1961 1316 2069 1355 nec
2113 1296 2264 1355 velle
2293 1304 2394 1355 aut
2439 1296 2730 1373 perficere,
2761 1298 2878 1355 imo
2905 1318 2980 1357 ne

570 1380 829 1457 cogitare
858 1377 1091 1457 quidem
1120 1396 1445 1455 possumus·
1489 1376 1694 1453 Neque
1723 1374 2039 1435 diffitentur
2064 1375 2176 1454 ipsi
2203 1376 2537 1452 adversarii,
2569 1377 2670 1453 qui
2701 1377 2978 1454 Spiritum

572 1460 648 1519 ad
674 1460 849 1519 fidem
876 1457 1327 1536 ingenerandam
1371 1456 1758 1515 necessarium
1801 1465 2144 1533 agnoscunt,
2175 1464 2243 1515 ut
2273 1456 2644 1533 Stapletonus
2683 1476 2834 1534 saepe
2862 1465 2978 1517 tes-

569 1547 727 1599 tatur
772 1547 973 1598 contra
1000 1537 1265 1597 Withak.
1295 1535 1678 1613 injuriamque
1723 1535 1834 1595 sibi
1859 1536 1987 1595 fieri
2013 1536 2087 1595 ab
2135 1556 2205 1594 eo
2232 1536 2507 1612 queritur,
2537 1536 2704 1613 quasi
2741 1538 2852 1595 hoc
2877 1553 2976 1597 ne-

571 1626 753 1695 garet.
804 1617 922 1678 Sed
948 1637 1124 1676 eausa
1150 1617 1413 1691 objectiva
1440 1626 1675 1693 propter
1713 1634 1887 1693 quam
1925 1616 2212 1675 credimus
2255 1624 2345 1675 est
2375 1618 2612 1675 Verbum
2639 1618 2820 1692 ipsum
2848 1637 2979 1677 cum

568 1698 742 1772 notis,
774 1716 877 1756 seu
903 1696 1096 1773 potius
1126 1696 1353 1756 criteria
1374 1695 1475 1753 illa
1492 1696 1751 1754 coelestia
1779 1703 1838 1755 et
1863 1695 2012 1753 radii
2039 1694 2364 1754 divinitatis
2411 1696 2514 1772 qui
2556 1696 2618 1753 in
2645 1696 2844 1755 Verbo
2865 1696 2975 1756 ful·

570 1784 731 1853 gent,
759 1785 819 1836 et
845 1776 1077 1852 propria
1124 1794 1229 1834 sua
1266 1794 1333 1833 ac
1360 1775 1535 1834 insita
1576 1774 1724 1850 luce,
1755 1774 2076 1851 majestate,
2107 1794 2175 1833 ae
2223 1774 2529 1852 splendore
2573 1795 2635 1835 se
2662 1776 2820 1853 ipsos
2847 1796 2978 1854 pro·

568 1856 727 1927 bant,
758 1852 1242 1933 quemadmodum
1272 1853 1361 1913 sol
1387 1854 1619 1932 propria
1647 1874 1715 1913 ac
1743 1854 1941 1913 nativa
1962 1854 2090 1913 luce
2119 1854 2372 1931 seipsum
2401 1854 2778 1915 demonstrat.
2821 1857 2980 1916 Hinc

561 1937 739 2014 juxta
782 1934 1001 2011 duplex
1046 1932 1196 1992 illud
1241 1932 1379 1991 fidei
1432 1934 1796 2011 principium,
1845 1933 2065 2012 duplex
2097 1934 2270 1993 etiam
2315 1936 2561 2013 quaestio
2605 1936 2863 1996 nascitur
2904 1937 2983 1996 ad

570 2033 745 2094 quam
773 2014 1160 2075 diversimode
1187 2021 1381 2092 potest
1406 2014 1759 2092 responderi.
1805 2014 1954 2073 Nam
1997 2015 2048 2073 si
2075 2014 2350 2092 quaeritur
2381 2014 2455 2074 de
2503 2036 2678 2075 causa
2717 2018 2983 2093 objectiva

571 2107 806 2177 propter
833 2114 1006 2173 quam
1034 2092 1321 2154 credimus
1354 2094 1664 2173 Scripturas
1693 2094 2072 2169 divinitatem,
2104 2095 2484 2173 respondetur
2509 2115 2636 2155 esse
2658 2096 2844 2173 ipsum
2870 2098 2984 2157 Dei

570 2178 834 2237 Verbum
861 2196 965 2254 per
990 2184 1158 2234 notas
1186 2194 1321 2235 suas
1348 2175 1589 2251 insitas;
1635 2175 1686 2234 si
1713 2194 1852 2233 vero
1881 2176 2127 2252 quaestio
2153 2183 2242 2235 est
2267 2175 2342 2235 de
2386 2196 2560 2235 causa
2597 2178 2854 2249 efficiente
2879 2197 2988 2255 per

576 2277 751 2334 quam
780 2265 839 2315 et
866 2256 958 2333 cuj
966 2276 1033 2313 us
1060 2255 1121 2312 vi
1150 2255 1457 2328 credimus,
1488 2255 1700 2313 dicitur
1721 2274 1848 2313 esse
1886 2256 2138 2331 >Spiritus
2171 2256 2231 2315 S.
2265 2254 2366 2332 qui
2409 2256 2684 2315 virtutem
2711 2257 2986 2316 credendi

572 2336 742 2395 nobis
770 2334 951 2408 indit3
982 2342 1155 2409 atque
1184 2333 1267 2391 ita
1308 2333 1607 2391 verissime
1631 2332 1876 2392 dicimus
1909 2334 2262 2410 Scripturam
2291 2336 2672 2395 demonstrari
2701 2356 2776 2395 ex
2801 2337 2982 2415 Spiri-

572 2423 653 2489 tu,
682 2414 747 2471 id
774 2421 863 2471 est
888 2431 993 2488 per
1018 2412 1144 2487 ejus
1172 2411 1445 2469 virtutem
1486 2418 1547 2469 et
1593 2410 1922 2484 efficaciam,
1953 2432 2084 2488 quae
2130 2412 2306 2471 fidem
2353 2413 2658 2490 ingenerat
2683 2416 2745 2475 in
2771 2417 2986 2477 animis

569 2493 801 2565 nostris,
832 2491 969 2567 quia
1022 2508 1160 2547 vero
1188 2488 1355 2547 facile
1384 2488 1516 2565 quis
1544 2496 1603 2548 et
1630 2488 1885 2564 seipsum
1913 2498 1972 2548 et
2015 2490 2160 2548 alios
2187 2491 2454 2567 decipere
2480 2504 2681 2568 posset
2699 2496 2983 2573 jactando

574 2572 853 2649 Spiritum
882 2569 1046 2628 illum
1068 2587 1240 2645 quem
1268 2586 1385 2625 non
1413 2567 1654 2627 haberet
1689 2576 1898 2642 tamen,
1931 2567 2062 2627 ideo
2088 2576 2156 2629 ut
2181 2568 2312 2645 quis
2339 2571 2756 2646 persuadeatur
2783 2576 2858 2635 de
2881 2597 2990 2636 ve·

571 2653 742 2713 ritate
769 2651 926 2709 illius
960 2648 1209 2726 Spiritus
1236 2647 1409 2707 debet
1444 2647 1677 2725 probari
1704 2667 1779 2706 ex
1806 2646 2102 2725 Scriptura
2143 2648 2285 2726 ipsa,
2317 2656 2601 2725 quatenus
2628 2650 2756 2727 ipsa
2783 2657 2988 2716 varias

573 2740 743 2793 notas
771 2740 830 2791 et
856 2729 1085 2790 criteria
1110 2728 1279 2788 nobis
1302 2727 1717 2803 subministrat,
1749 2748 1824 2787 ex
1841 2728 2051 2805 quibus
2079 2727 2474 2806 dignoscimus
2500 2748 2576 2787 an
2605 2729 2858 2807 Spiritus
2879 2735 2984 2795 ille

574 2813 678 2891 qui
704 2814 767 2871 in
792 2811 961 2871 nobis
990 2816 1078 2869 est
1106 2828 1243 2869 vere
1271 2808 1349 2868 sit
1374 2828 1451 2868 ex
1482 2810 1608 2868 Deo
1630 2828 1831 2881 necne,
1860 2828 1935 2870 an
1953 2808 2206 2887 Spiritus
2225 2808 2436 2869 Christi
2467 2829 2542 2868 an
2569 2829 2709 2869 vero
2737 2815 2940 2873 mundi
2965 2838 2982 2891 3

576 2895 661 2955 sic
688 2893 991 2969 Scriptura
1016 2890 1223 2968 probat
1249 2889 1525 2965 Spiritum
1551 2904 1668 2949 non
1695 2890 1952 2967 effective,
1983 2889 2090 2951 sed
2115 2889 2368 2967 objectiva
2392 2909 2496 2968 per
2521 2890 2775 2952 rationes
2801 2902 2860 2953 et
2887 2910 2984 2953 ar·-

576 2982 855 3054 gumenta
881 2990 1011 3049 quse
1040 2971 1100 3029 in
1128 2990 1198 3029 ea
1224 2970 1472 3029 elucent.

659 3053 885 3113 XXII.
932 3051 1103 3111 Unde
1132 3050 1256 3127 jam
1296 3050 1622 3109 luculenter
1663 3048 1958 3126 colligitur
1997 3048 2120 3108 Nos
2155 3068 2343 3127 neque
2378 3047 2440 3107 in
2477 3049 2616 3109 fidei
2651 3058 2863 3110 nostras
2889 3070 2984 3110 re-

574 3131 864 3192 solutione
906 3128 1179 3207 progredi
1222 3129 1283 3187 in
1334 3128 1639 3205 infinitum,
1689 3146 1876 3205 neque
1923 3129 1986 3187 in
2029 3128 2244 3188 circulo
2287 3127 2516 3206 agitari.
2588 3130 2738 3189 Nam
2785 3132 2984 3208 quoad

572 3212 752 3290 prius,
798 3229 915 3269 non
960 3217 1153 3285 potest
1196 3207 1321 3267 dari
1364 3227 1706 3286 progressus
1749 3208 1810 3265 in
1851 3208 2158 3283 infinitum,
2207 3208 2346 3286 quia
2373 3209 2630 3269 sistimus
2657 3210 2889 3271 tandem
2917 3212 2984 3270 in

574 3287 828 3367 quodam
869 3287 1075 3346 ultimo
1118 3287 1383 3345 credibili
1425 3287 1583 3364 quod
1625 3306 1742 3347 non
1783 3297 2016 3364 propter
2042 3287 2202 3347 aliud
2229 3288 2332 3347 sed
2358 3298 2592 3366 propter
2619 3310 2681 3349 se
2709 3290 2982 3367 creditur,

573 3368 845 3429 nimirum
874 3366 935 3424 in
962 3366 1087 3442 ipsa
1118 3364 1179 3423 S.
1212 3365 1523 3443 Scriptura,
1554 3384 1684 3442 quae
1713 3365 1966 3425 creditur
2001 3384 2128 3426 esse
2156 3367 2418 3426 Verbum
2448 3367 2562 3427 Dei
2596 3387 2714 3429 non
2745 3378 2988 3447 propter

574 3446 751 3523 aliud,
798 3444 903 3505 sed
939 3452 1172 3522 propter
1214 3463 1315 3520 se3
1362 3443 1658 3503 Posterius
1702 3446 1874 3503 etiam
1919 3454 2096 3522 patet,
2135 3446 2274 3522 quia
2313 3447 2545 3508 diversa
2581 3450 2825 3527 quaestio
2869 3460 2980 3527 cst,

574 3526 805 3606 quando
834 3525 987 3585 enim
1014 3524 1323 3603 probamus
1350 3524 1709 3600 Scripturam
1737 3544 1813 3582 ex
1837 3524 2073 3601 Spiritu,
2117 3525 2230 3585 hoc
2270 3526 2338 3585 fit
2375 3546 2482 3604 per
2518 3528 2754 3587 modum
2793 3548 2986 3589 causoe

574 3607 867 3683 efficientis,
898 3603 1129 3683 quando
1157 3624 1295 3664 vero
1322 3602 1636 3681 probamus
1659 3604 1932 3680 Spiritum
1961 3624 2036 3663 ex
2063 3606 2383 3681 Scriptura,
2433 3608 2836 3684 progredimur
2875 3628 2987 3687 per

573 3690 731 3748 viam
759 3704 943 3747 cauea
968 3684 1261 3760 οῑῇεοίίυω.
1339 3684 1412 3741 In
1451 3684 1639 3761 prima
1677 3684 1996 3761 quaestione
2031 3685 2309 3761 quau-itur
2335 3704 2450 3763 qua
2475 3686 2748 3748 facultate
2777 3688 2983 3747 creda·

572 3788 721 3844 mus,
772 3768 896 3828 sive
941 3764 1048 3825 sub
1092 3782 1208 3840 qua
1248 3762 1626 3840 dispositione
1673 3764 1734 3821 in
1778 3764 2040 3842 subjecto
2077 3782 2182 3823 seu
2215 3782 2331 3841 per
2371 3766 2510 3841 quid
2545 3768 2865 3844 credamus,
2914 3769 2984 3827 in

574 3850 756 3908 altera
795 3865 934 3905 vero
976 3864 1086 3920 quo
1130 3852 1477 3919 argumento,
1518 3844 1643 3903 sive
1684 3843 1794 3903 sub
1833 3860 1950 3921 qua
1976 3843 2204 3903 formali
2227 3844 2450 3904 ratione
2477 3842 2540 3903 in
2568 3846 2848 3924 subjecte,
2881 3848 2984 3907 vel

564 3937 810 4006 propter
844 3926 986 4003 quid
1020 3921 1340 3981 credamne.
1424 3922 1632 3998 Quare,
1677 3942 1808 3982 cum
1847 3922 2094 3983 diversae
2129 3923 2248 3984 sint
2281 3924 2648 4001 quaestiones,
2679 3943 2982 4004 nunquam

572 4008 789 4087 petitur
834 4003 1195 4083 principium,
1246 4002 1343 4061 vel
1377 4004 1453 4061 >ab
1492 4002 1696 4062 eodem
1723 4002 1800 4061 ad
1826 4002 1980 4063 idem
2007 4004 2074 4061 fit
2099 4020 2421 4081 processus,
2469 4004 2618 4065 fides
2653 4006 2807 4065 enim
2848 4016 2980 4067 tan-

572 4088 707 4147 dem
754 4083 1062 4145 resolvitur
1105 4081 1491 4141 diversimode
1518 4083 1579 4139 in
1609 4090 1800 4141 utrum
1843 4102 1915 4141 ue
1941 4082 2100 4143 istud
2127 4083 2488 4161 principium,
2527 4085 2589 4143 in
2615 4086 2980 4163 Scripturam

570 4178 846 4245 tanquam
890 4164 948 4223 in
994 4182 1225 4222 causam
1263 4162 1604 4238 effectivam,
1657 4178 1762 4221 seu
1831 4161 2046 4222 crinale
2087 4163 2382 4240 objectum
2421 4184 2600 4224 suum.
2627 4175 2686 4225 et
2723 4167 2982 4244 primum

570 4246 865 4321 credibile,
895 4242 1053 4321 qu‘od
1083 4240 1455 4319 Stapletonus
1482 4248 1655 4301 vocat
1684 4242 2034 4318 principium
2071 4244 2398 4319 doctrinale,
2439 4244 2502 4302 in
2528 4246 2805 4322 Spiritum
2833 4266 2982 4307 vero

567 4334 843 4403 tanquam
870 4325 932 4384 in
959 4343 1189 4383 causam
1216 4322 1529 4395 efficientem
1555 4320 1964 4399 principalem3
2009 4321 2060 4381 si
2085 4323 2296 4401 quaeris
2323 4323 2477 4383 unde
2504 4326 2762 4385 norimus
2783 4326 2982 4403 Scrip-

568 4412 756 4464 turam
796 4424 923 4463 esse
962 4403 1219 4461 divinam
1260 4401 1323 4460 id
1363 4409 1453 4461 est
1490 4420 1606 4479 qua
1633 4400 1696 4459 vi
1739 4410 1798 4461 et
1842 4401 2130 4479 facultate,
2165 4402 2530 4480 Respondco,
2561 4424 2664 4481 per
2693 4405 2982 4483 Spiritum

571 4481 864 4555 Sanctum,
894 4482 995 4559 qui
1026 4490 1269 4541 testatur
1294 4480 1355 4539 in
1380 4480 1553 4540 corde
1580 4488 1778 4541 nostro
1801 4502 1816 4556 ς
1861 4483 1913 4541 si
1938 4483 2140 4554 instas,
2168 4483 2322 4542 unde
2349 4484 2606 4543 norimus
2625 4504 2734 4543 nos
2760 4484 2984 4545 habene

556 4560 846 4637 Spiritum
881 4562 939 4617 S.
970 4560 1030 4617 id
1058 4570 1163 4635 est,
1215 4580 1332 4636 quo
1369 4568 1730 4637 argumentO,
1772 4562 2136 4639 Respondeo‚
2175 4580 2250 4620 ex
2278 4563 2455 4621 variis
2481 4562 2600 4622 illis
2627 4565 2980 4623 characteri-

563 4638 675 4699 bus
695 4644 754 4696 et
782 4635 1001 4695 effectis
1028 4657 1158 4712 qnae
1186 4638 1245 4705 in
1278 4638 1575 4715 Scriptura
1610 4639 1852 4717 Spiritui
1881 4640 1942 4699 S.
1973 4640 2320 4717 tribuuntur,
2351 4660 2480 4719 quae
2507 4661 2690 4719 quum
2716 4643 2776 4701 in
2803 4644 2984 4703 nobis
