3234 5192
526 355 641 413 190
788 426 797 439 ο
1222 394 1227 400 -
1305 374 1383 413 nn
1412 372 1777 414 uncnssanu
1805 372 2152 415 sacassroisn
2501 353 2763 436 [nrsrur.
2795 372 2924 415 vm.

518 512 671 586 data,
701 511 859 571 illam
902 509 1242 592 abrumpere
1284 513 1512 590 debent,
1558 522 1628 573 ut
1669 514 1842 573 istam
1882 514 2218 574 inviolatam
2269 522 2518 574 servent.
2606 514 2699 574 Ita
2727 524 2927 575 eentu-

517 592 709 651 riones
753 592 813 650 in
857 593 1063 653 castris
1107 593 1282 653 fidem
1331 595 1457 672 regi
1500 602 1560 654 et
1607 594 1742 654 duci
1789 595 2150 672 pollicentur,
2203 595 2306 653 sed
2359 594 2545 671 primo
2592 593 2735 671 regi,
2787 594 2922 653 dein

518 671 653 731 duci
696 681 931 750 propter
965 693 1201 750 regem3
1246 674 1297 733 si
1340 694 1479 733 vero
1510 684 1830 750 agnoscant
1857 674 2062 733 ducem
2103 673 2446 751 proditionis
2489 690 2652 731 reum
2680 692 2824 749 esse,
2864 684 2922 733 et

512 770 605 810 res
652 771 836 811 novas
884 753 1074 811 moliri
1124 764 1323 812 contra
1368 774 1585 831 regem,
1634 753 1837 811 eodem
1896 754 2015 829 illo,
2067 754 2177 811 etsi
2226 752 2504 829 implicito
2561 751 2914 828 juramentO,

515 831 723 890 ducem
750 851 867 890 non
896 840 1120 891 tantum
1143 832 1422 907 deserere,
1455 832 1557 890 sed
1586 841 1645 891 et
1665 852 2000 909 oppugnare
2028 841 2297 891 tenentur
2346 832 2418 889 In
2446 832 2596 889 male
2624 832 2922 908 promissis

514 910 895 969 rescindenda
922 910 1083 969 fides.
1128 912 1271 985 Quae
1297 912 1475 989 impia
1504 920 1656 985 sunt,
1687 932 1794 970 nec
1823 912 2079 989 promitti
2106 911 2374 986 debuere,
2405 930 2529 987 nec,
2561 910 2610 969 si
2639 913 2923 989 promissa

513 999 663 1061 sunt,
690 991 813 1048 sine
840 990 1152 1066 impietatis
1172 991 1407 1049 crimine
1435 990 1696 1068 praestari
1724 999 1959 1067 queunt.

595 1067 812 1128 XVII.
857 1068 988 1127 Non
1016 1078 1206 1146 potest
1234 1070 1407 1129 etiam
1455 1089 1653 1128 eorum
1701 1070 2064 1129 vocationem
2093 1070 2312 1129 irritam
2351 1068 2608 1147 reddere,
2638 1070 2735 1130 vel
2763 1072 2920 1150 quod

511 1149 977 1209 excommunicati
996 1151 1239 1223 ficcrint.
1306 1150 1454 1209 Nam
1497 1150 2016 1209 excommunicatio
2045 1150 2276 1227 injusta,
2319 1158 2386 1209 ut
2421 1149 2653 1209 brutum
2681 1151 2916 1227 fulmen,

510 1248 629 1288 non
678 1248 779 1287 eos
826 1228 996 1302 feriit,
1040 1248 1146 1288 nec
1190 1248 1359 1289 suum
1406 1229 1525 1288 illis
1574 1231 1764 1308 potuit
1817 1229 2040 1288 auferre
2093 1229 2509 1303 ministerium3
2565 1250 2685 1289 non
2731 1230 2920 1308 magis

514 1328 685 1385 quam
718 1308 1024 1386 Apostolis
1067 1310 1267 1369 nocuit
1312 1310 1833 1370 excommunicatio
1886 1309 2156 1385 Synedrii
2205 1309 2460 1385 Judai'ci,
2491 1318 2552 1368 et
2593 1310 2918 1370 Athanasio

512 1388 759 1465 aliisque
823 1388 1179 1449 Orthodoxis
1244 1389 1764 1449 excommunicatio
1831 1389 2202 1464 Arianorum,
2264 1389 2422 1466 quod
2479 1388 2742 1448 Canones
2807 1390 2920 1467 ipsi

515 1468 806 1527 Pontifieii
835 1469 1117 1528 sanciunt.
1164 1469 1334 1528 Caus.
1364 1471 1461 1529 24.
1509 1470 1650 1528 Can.
1697 1468 1805 1527 Ait
1849 1468 2214 1527 Coelestinus.
2305 1468 2419 1528 Vel
2447 1469 2606 1545 quod
2646 1469 2924 1546 Episcopi

510 1568 623 1605 non
648 1549 887 1621 fuerint,
936 1548 1037 1606 sed
1086 1557 1311 1607 tantum
1346 1548 1696 1625 Presbyteri,
1742 1548 1841 1625 qui
1891 1548 2112 1607 nullum
2152 1550 2252 1625 jus
2299 1550 2548 1607 vocandi
2588 1548 2914 1607 habuerint.

512 1626 662 1685 Nam
710 1636 1089 1704 praeterquam
1132 1628 1288 1705 quod
1324 1648 1441 1687 non
1486 1627 1794 1687 defuerunt
1835 1628 2007 1687 etiam
2052 1628 2328 1706 Episcopi
2371 1636 2429 1685 et
2474 1628 2917 1705 Archiepiscopi

508 1706 674 1779 varii,
706 1707 806 1781 qui
850 1706 1265 1765 Reformationi
1308 1727 1539 1766 manum
1582 1707 1982 1784 admoverunt,
2029 1728 2160 1767 cum
2207 1707 2434 1766 nullum
2459 1708 2538 1783 sit
2564 1707 2715 1765 inter
2745 1708 2911 1784 Epis·
2945 1701 2952 1711 ’

510 1805 715 1863 copum
746 1794 805 1844 et
844 1785 1252 1863 Presbyterum
1302 1808 1377 1846 ex
1419 1789 1553 1863 jure
1600 1788 1817 1845 Divino
1845 1788 2172 1863 discrimen,
2215 1808 2332 1846 non
2381 1788 2566 1864 major
2607 1787 2695 1845 illi
2725 1796 2915 1864 potest

508 1884 682 1942 quam
723 1865 821 1924 isti
850 1875 1171 1942 competere
1222 1868 1469 1926 vocandi
1496 1876 1772 1944 potestas.
1857 1866 1974 1927 Vel
2014 1867 2263 1943 denique
2307 1866 2464 1944 quod
2513 1868 2914 1926 reordinentur

501 1943 643 2023 jam,
675 1945 776 2022 qui
816 1945 1059 2004 veniunt
1086 1965 1162 2004 ex
1186 1947 1428 2024 Papatu,
1458 1946 1615 2025 quod
1645 1968 1760 2006 non
1789 1946 1968 2020 fieret,
2013 1948 2066 2006 si
2105 1947 2369 2024 legitima
2409 1966 2606 2005 eorum
2634 1966 2912 2024 agnosce-

505 2033 665 2083 retur
704 2025 951 2083 vocatio.
1034 2024 1183 2084 Nam
1232 2026 1388 2103 quod
1429 2028 1619 2104 potuit
1664 2026 1921 2086 sufficere
1949 2027 2009 2085 in
2053 2028 2318 2087 Ecclesia
2357 2035 2626 2103 corrupta
2667 2026 2742 2084 ad
2783 2046 2915 2087 eam

503 2104 943 2177 reformandam,
1000 2124 1117 2163 non
1172 2106 1381 2166 sufficit
1432 2108 1494 2165 in
1540 2106 1805 2165 Ecclesia
1849 2108 2116 2166 restituta
2163 2115 2222 2166 et
2265 2106 2588 2165 reformata.
2663 2105 2911 2167 Vocatio

506 2204 701 2243 eorum
746 2204 885 2243 vera
910 2184 1020 2244 fuit
1047 2193 1105 2243 et
1130 2185 1393 2263 legitima
1418 2188 1611 2264 quoad
1650 2188 2030 2260 substantiam,
2063 2186 2167 2245 sed
2194 2184 2582 2245 diversimode
2609 2186 2910 2262 inquinata

504 2264 695 2343 quoad
716 2266 958 2322 modum.
1010 2265 1104 2323 Ita
1124 2266 1489 2343 repurganda
1509 2274 1597 2325 est
1618 2286 1654 2323 a
1683 2267 1802 2325 suis
1831 2267 2112 2341 sordibuS,
2135 2274 2193 2325 et
2212 2267 2386 2325 nitori
2413 2286 2518 2324 suo
2535 2263 2907 2340 restituenda,

503 2353 572 2403 ut
612 2343 913 2402 retinendo
960 2344 1117 2419 quod
1162 2355 1422 2423 superest
1464 2346 1590 2404 veri
1645 2354 1704 2405 et
1745 2347 1884 2404 boni
1928 2366 1963 2403 a
2005 2346 2234 2405 Christo
2281 2344 2549 2420 instituti,
2605 2353 2910 2421 respuatur

503 2422 781 2501 quicquid
807 2422 1015 2481 falsum
1044 2432 1134 2483 est
1160 2433 1219 2483 et
1242 2425 1780 2484 Antichristianum.

639 2563 650 2573 ,
832 2562 843 2573 ,
1106 2504 1357 2564 XVIII.
1423 2506 1517 2562 Ex
1572 2504 1783 2580 quibus
1839 2504 2134 2581 colligitur
2187 2503 2614 2562 Reformatores
2659 2511 2905 2579 nostros,

504 2561 983 2665 Qg‘gg'Lssggssssgf’·
1022 2583 1123 2660 qui
1166 2585 1223 2642 in
1273 2585 1497 2661 Papatu
1546 2584 1794 2642 ordinati
1833 2585 2075 2658 fuerant,
2126 2603 2242 2641 non
2287 2584 2540 2641 caruisse
2583 2582 2905 2657 vocatione,

1022 2683 1199 2740 quum
1229 2684 1504 2742 magnum
1532 2664 1643 2722 hoc
1671 2683 1815 2741 opus
1845 2672 1979 2722 sunt
2004 2662 2284 2739 aggressi.
2372 2661 2486 2720 Sed
2515 2660 2652 2737 quia
2678 2680 2794 2719 non
2821 2661 2909 2720 illi

502 2745 675 2804 modo
705 2746 807 2804 sed
835 2745 934 2803 alii
962 2763 1078 2802 non
1122 2744 1308 2821 pauci,
1340 2746 1439 2821 qui
1468 2743 1630 2802 nullo
1671 2744 1821 2802 inter
1851 2742 2188 2801 Pontificios
2235 2741 2468 2819 publico
2516 2740 2907 2817 fungebantur

499 2844 754 2898 munere,
804 2825 865 2883 in
908 2843 976 2884 eo
1025 2823 1199 2884 etiam
1248 2824 1597 2897 laborarunt,
1643 2822 1957 2881 videndum
2005 2842 2119 2899 quo
2161 2823 2294 2900 jure
2337 2828 2398 2880 et
2445 2840 2559 2898 qna
2603 2820 2906 2881 vocatione

499 2905 765 2964 instructi
820 2905 881 2962 id
926 2903 1299 2981 susceperint.
1395 2904 1511 2962 Hie
1554 2911 1745 2962 autem
1790 2912 1923 2961 ante
1967 2902 2162 2961 omnia
2201 2901 2508 2959 observare
2551 2900 2704 2973 licet,
2749 2900 2906 2976 quod

500 2984 637 3043 licet
662 2984 891 3043 vocatio
920 2983 1209 3043 ordinaria
1234 2983 1558 3043 necessaria
1600 2983 1677 3041 sit
1719 2983 1779 3039 in
1818 2981 2082 3040 Ecclesia
2123 2980 2536 3039 ad‘vitandam
2563 2984 2793 3054 αταξιαι,
2841 2989 2907 3039 ut

499 3064 693 3122 omnia
718 3064 861 3122 fiant
887 3065 947 3121 in
976 3084 1043 3122 ea
1070 3088 1371 3139 συνχημονος
1394 3072 1452 3122 et
1467 3088 1605 3121 aava
1625 3066 1780 3137 ταξιι,
1807 3066 1834 3120 1
1859 3063 1988 3121 Cor.
2008 3061 2130 3119 xiv.
2158 3062 2256 3135 40,
2279 3080 2395 3119 non
2417 3068 2609 3118 tamen
2631 3080 2700 3119 eo
2721 3079 2905 3136 usque

502 3143 765 3201 absolute
814 3150 873 3201 et
901 3143 1236 3220 simpliciter
1262 3144 1339 3201 sit
1365 3143 1703 3216 necessaria,
1736 3142 1901 3219 quasi
1941 3160 2058 3199 non
2078 3140 2251 3199 liceat
2277 3141 2504 3218 privato
2531 3139 2592 3197 in
2619 3140 2740 3198 ullo
2769 3158 2905 3199 casu

501 3221 600 3281 vel
620 3222 861 3280 verbum
880 3221 1210 3297 praedicare,
1232 3223 1326 3280 vel
1350 3222 1423 3280 de
1446 3222 1711 3280 Ecclesia
1726 3219 2082 3279 restituenda
2102 3221 2375 3297 cogitare.
2461 3220 2608 3277 Nam
2641 3238 2770 3277 cum
2800 3238 2900 3277 vo·

500 3299 651 3359 catio
680 3300 967 3377 generalis
996 3300 1466 3376 Christianorum,
1498 3310 1557 3361 et
1584 3300 1882 3360 charitatis
1921 3300 2019 3359 lex
2045 3300 2157 3358 hoc
2185 3298 2494 3375 unicuique
2534 3298 2807 3374 imponat,
2838 3306 2904 3357 ut

497 3378 937 3457 quibuscunque
964 3388 1155 3456 potest
1181 3380 1371 3438 modis
1413 3380 1657 3438 salutem
1699 3400 1864 3437 suam
1891 3388 1950 3439 et
1996 3380 2244 3457 proximi
2293 3386 2644 3455 promoveat,
2692 3377 2897 3435 mirum

498 3457 685 3516 videri
704 3478 820 3516 non
850 3458 1038 3533 debet,
1072 3460 1120 3517 si
1150 3460 1449 3518 occasione
1478 3458 1674 3518 oblata
1699 3460 1830 3536 quis
1851 3467 2046 3518 utatur
2073 3459 2148 3517 ad
2174 3460 2286 3517 hoc
2313 3477 2458 3535 opus
2475 3455 2897 3534 exequendum,

495 3538 747 3597 maxime
776 3539 826 3597 si
856 3557 1093 3596 summae
1116 3538 1414 3615 cujusdam
1458 3547 1515 3599 et
1542 3539 1928 3597 ineluctabilis
1969 3538 2329 3598 necessitatis
2359 3537 2504 3595 ratio
2531 3537 2642 3595 hoe
2670 3535 2902 3595 videtur

496 3618 750 3694 exigere.
810 3618 956 3676 Nam
988 3619 1300 3677 necessitas
1326 3618 1509 3677 multa
1530 3618 1683 3693 facit,
1716 3638 1860 3695 quse,
1891 3627 2112 3677 remota
2139 3616 2498 3691 necessitate,
2519 3615 2762 3674 fuissent
2779 3616 2898 3674 cul-

494 3696 703 3775 panda.
732 3699 845 3756 Ubi
859 3697 1017 3757 nulla
1034 3708 1197 3775 arqet
1210 3700 1516 3772 necessitas,
1535 3700 1828 3757 constituta
1849 3696 2095 3757 Patrum
2112 3698 2380 3756 inviolata
2399 3704 2702 3768 serventur,
2716 3694 2904 3771 inquit

499 3777 787 3836 Gelasius.
852 3777 968 3835 Sed
988 3777 1049 3835 in
1096 3797 1233 3836 casu
1276 3778 1656 3851 necessitatis,
1685 3778 1786 3836 ubi
1815 3778 1984 3836 aliter
2007 3778 2132 3835 fieri
2159 3776 2377 3853 nequit,
2409 3778 2620 3833 nullam
2644 3776 2806 3831 habet
2825 3777 2898 3832 le·

490 3876 617 3933 yem
645 3857 952 3932 necessitas,
986 3866 1041 3916 et
1072 3858 1199 3933 ipsa
1220 3858 1327 3915 sibi
1345 3862 1512 3934 leqem
1523 3858 1688 3933 facit,
1713 3865 1780 3916 ut
1805 3858 2050 3915 habetur
2077 3857 2136 3913 in
2157 3856 2390 3914 decreto
2413 3854 2694 3929 Gratiani,
2729 3854 2898 3912 Caua.

502 3940 553 3994 1.
574 3956 629 4013 q.
665 3940 715 3994 1.
747 3957 871 4014 cap.
914 3938 1331 4011 Remissionem,
1372 3936 1472 3996 ubi
1514 3937 1709 4014 agitur
1749 3937 1821 3995 de
1849 3936 2152 4013 baptismo,
2184 3954 2356 4012 quem
2393 3932 2638 3993 conferri
2665 3950 2836 4010 posse
2863 3952 2900 3990 a

500 4015 825 4075 Simoniaco
854 4018 1203 4090 conceditur,
1229 4037 1343 4075 non
1388 4026 1579 4076 autem
1610 4017 1856 4086 ordineS,
1889 4016 2156 4073 nimirum
2185 4014 2323 4091 quia
2364 4014 2478 4071 alia
2527 4022 2662 4071 sunt
2699 4030 2898 4070 sacra·

494 4105 682 4154 menta
722 4097 1071 4170 necessitatis,
1103 4096 1217 4155 alia
1242 4098 1545 4173 diynitatz‘s.
1635 4097 1731 4156 Sic
1752 4096 1934 4153 multa
1951 4094 2130 4153 licent
2149 4102 2208 4153 et
2234 4094 2544 4152 laudantiu-
2565 4093 2622 4149 in
2645 4090 2900 4149 maxima

493 4176 827 4251 reipublicae
854 4176 1298 4253 perturbatione,
1330 4197 1460 4254 quse
1509 4176 1654 4234 alias
1682 4176 1742 4232 in
1787 4181 1942 4233 statu
1989 4183 2192 4251 pacato
2225 4183 2284 4232 et
2310 4174 2460 4231 bene
2489 4171 2752 4230 ordinato
2779 4188 2896 4227 non

493 4254 748 4326 licerent,
772 4274 879 4314 nec
900 4256 1157 4333 legitime
1184 4256 1405 4315 fierent.
1452 4256 1515 4315 Si
1539 4256 1597 4312 in
1625 4274 1806 4331 regno
1836 4251 2158 4331 conjuratio
2175 4254 2242 4312 fit
2263 4252 2543 4311 adversus
2559 4248 2894 4327 principem,

492 4342 551 4390 et
578 4333 627 4390 si
655 4333 758 4407 illi,
789 4353 1030 4409 quorum
1058 4355 1269 4393 munus
1310 4343 1433 4394 erat
1460 4334 1922 4411 conjuratoribus
1949 4352 2074 4393 sese
2103 4352 2408 4410 opponere,
2440 4350 2554 4389 non
2583 4326 2755 4387 modo
2783 4343 2898 4386 non

490 4410 723 4483 faciunt,
756 4412 859 4470 sed
886 4415 997 4489 ipsi
1022 4416 1117 4473 vel
1150 4424 1413 4487 stertunt,
1443 4415 1541 4473 vel
1568 4415 1632 4473 in
1658 4414 2083 4491 conjuratorum
2119 4422 2311 4489 partes
2351 4412 2673 4484 trahuntur,
2704 4426 2896 4467 nonne

491 4487 693 4547 licebit
712 4489 879 4548 bonis
896 4500 957 4549 et
974 4492 1243 4551 fidelibus
1264 4494 1530 4567 subditis,
1544 4493 1916 4571 quantumvis
1925 4492 2185 4569 privatis,
2199 4490 2590 4568 proditoribus
2609 4490 2893 4563 resistere,

494 4566 569 4625 de
596 4568 935 4627 auctoritate
962 4571 1121 4645 ipsos
1146 4570 1470 4646 deturbare,
1500 4571 1690 4631 facere
1711 4592 2070 4649 quaecunque
2098 4570 2423 4629 necessaria
2448 4568 2801 4628 videbuntur
2821 4566 2896 4624 ad

488 4646 941 4723 conjurationem
968 4648 1125 4706 illam
1164 4650 1573 4726 dissipandam,
1604 4660 1664 4709 et
1705 4660 1944 4711 caeteros
1971 4652 2030 4708 in
2070 4650 2346 4728 obsequio
2387 4647 2663 4725 principis
2713 4646 2892 4704 conti-
