3234 5192
271 363 506 407 msrnr.
539 345 692 419 xm]
875 360 954 400 nn
985 357 1476 400 summer-roms
1505 357 1749 402 camsi-1
1781 358 2098 402 vamum-13.
2570 345 2688 405 595

273 509 416 568 talia
469 516 604 566 sunt
659 524 789 581 quae
833 523 949 563 non
1021 502 1366 580 ignorantiis
1428 509 1651 560 tantum
1706 510 1809 560 aut
1864 501 2203 560 leviusculis
2256 501 2512 579 peccatis
2568 503 2685 562 sint

273 585 647 659 accensenda,
673 584 776 643 sed
797 583 1076 642 ultroneis
1099 591 1158 642 et
1184 581 1463 658 gravibus
1486 604 1500 655 ;
1533 601 1672 640 sane
1701 581 1939 641 alterius
1965 582 2381 659 blasphemiam
2412 581 2680 641 dissimu-

271 668 410 741 lare,
442 676 656 727 temere
676 665 891 742 jurare,
923 683 1014 722 res
1037 683 1229 722 sacras
1256 661 1614 738 intercipere,
1644 664 1903 739 pejerare
1934 661 2005 720 de
2034 661 2315 739 deposito,
2344 660 2532 720 facere
2561 662 2681 720 vim

272 748 555 826 proxime,
601 754 660 804 et
717 744 916 802 dolose
959 763 1090 803 cum
1149 742 1275 820 ipso
1337 761 1526 818 agere,
1571 741 1713 800 talia
1770 751 1906 802 sunt
1962 761 2092 818 quae
2153 742 2307 800 veris
2354 749 2413 800 et
2454 742 2682 819 proprie

271 828 444 887 dictis
471 825 724 905 peccatis
751 833 812 882 et
839 823 1070 902 quidem
1093 820 1384 880 atrocibus
1413 821 1843 879 annumeranda
1872 829 2024 880 sunt.
2084 821 2319 880 Interim
2354 829 2543 880 tamen
2577 841 2678 898 pro

269 908 400 968 istis
428 905 696 966 omnibus
723 903 1004 963 sacrificia
1029 902 1295 961 instituta
1321 901 1588 978 legimus,
1638 901 1781 960 Lev.
1811 921 1869 961 v.
1904 904 1954 976 1,
1981 906 2037 976 2,
2068 904 2124 976 4,
2146 902 2202 974 5,
2234 909 2292 960 et
2320 901 2399 960 vi.
2430 906 2485 976 2,
2518 905 2573 974 3,
2620 905 2677 977 5,

272 991 390 1050 imo
417 985 804 1047 universalius
821 984 1028 1058 adhuc,
1059 983 1232 1041 Num.
1272 1001 1331 1042 v.
1362 984 1416 1056 6,
1449 985 1505 1057 7,
1533 982 1568 1013 “
1594 979 1707 1040 Vir
1733 989 1835 1040 aut
1851 981 2057 1040 mulier
2084 980 2315 1058 quando
2357 980 2597 1040 fecerint
2622 981 2683 1038 S:

274 1083 402 1125 πεπυ
430 1082 578 1126 naurs
607 1064 992 1142 quodcunque
1012 1071 1312 1140 peccatum
1353 1060 1606 1120 hominis
1634 1059 2111 1136 transgrediendo
2140 1069 2341 1126 contra
2368 1061 2411 1120 J
2415 1061 2678 1136 ehovam,

273 1143 466 1202 anima
481 1143 612 1221 ipsa
625 1165 724 1204 rea
751 1145 898 1218 est,’'
929 1152 1103 1220 atque
1132 1143 1186 1200 ei
1212 1141 1603 1218 praescribitur
1632 1141 1991 1200 sacrificium.
2038 1142 2134 1200 Ex
2162 1141 2375 1218 quibus
2400 1140 2529 1200 luce
2558 1161 2677 1200 me-

273 1223 501 1281 ridiana
527 1224 740 1284 clarius
765 1223 950 1301 liquet
976 1221 1345 1282 falsissimam
1373 1241 1500 1280 esse
1537 1221 1689 1280 hanc
1716 1220 2177 1280 adversariorum
2204 1221 2590 1298 hypothesim,
2622 1231 2682 1281 et

273 1323 378 1380 pro
397 1303 665 1364 omnibus
681 1305 744 1362 in
770 1303 1104 1362 universum
1132 1301 1400 1379 peccatis,
1432 1301 1506 1360 iis
1533 1301 1722 1360 solum
1750 1301 2008 1379 exceptis
2036 1321 2167 1378 quae
2196 1301 2428 1378 capitali
2459 1302 2676 1379 snppli-

273 1383 365 1442 cio
395 1383 699 1460 plectenda
725 1392 890 1442 erant
905 1391 970 1441 ut
989 1382 1232 1460 jamjam
1263 1381 1537 1456 dicemus,
1569 1381 1765 1440 oblata
1791 1380 1969 1440 fnisse
1998 1381 2295 1440 sacrificia.
2352 1381 2556 1458 Neque
2586 1382 2679 1440 hic

273 1462 598 1522 audiendus
625 1472 715 1522 est
741 1462 1123 1537 adversarius,
1153 1461 1254 1520 lib.
1284 1462 1364 1537 ii.,
1395 1481 1519 1539 cap.
1557 1465 1648 1535 12,
1680 1461 1781 1538 qui
1807 1461 2019 1520 fatetur
2045 1460 2281 1539 quidem
2308 1481 2411 1538 pro
2440 1461 2679 1537 quibus·

273 1543 410 1602 dam
431 1543 711 1602 ultroneis
728 1543 980 1621 peccatis
997 1541 1278 1602 sacrificia
1293 1541 1472 1600 fuisse
1491 1541 1774 1616 instituta,
1796 1541 1899 1602 sed
1920 1541 2098 1616 addit,
2130 1545 2206 1616 1⁰,
2222 1541 2364 1600 Ideo
2386 1541 2450 1598 id
2465 1541 2679 1600 factum

273 1622 413 1700 quia
439 1624 702 1701 proxime
729 1623 1082 1683 accedebant
1109 1621 1185 1680 ad
1212 1641 1282 1680 ea
1302 1642 1432 1699 quae
1452 1641 1554 1700 per
1580 1621 2025 1699 imprudentiam
2047 1621 2515 1696 admittebantur,
2546 1622 2685 1698 quia

270 1703 332 1761 iu
361 1704 432 1762 iis
461 1704 875 1764 contumaciter
901 1703 1182 1762 adversus
1215 1702 1401 1761 Deum
1423 1722 1540 1760 non
1563 1702 1925 1780 peccabatur,
1957 1701 2062 1760 sed
2090 1701 2402 1779 fragilitate
2429 1702 2683 1760 humana

271 1792 332 1843 et
359 1804 632 1862 perverso
675 1793 848 1862 atque
875 1784 1197 1842 inveterato
1226 1783 1476 1860 quodam
1517 1802 1647 1857 usu,
1678 1803 1793 1860 quo
1823 1781 2218 1860 unusquisque
2266 1782 2419 1841 bona
2445 1781 2685 1841 alterius

269 1863 348 1922 ad
377 1883 438 1922 se
469 1865 520 1923 si
545 1874 772 1943 poterat
800 1864 909 1923 sub
957 1863 1152 1940 aliquo
1199 1861 1540 1940 ignorantiae
1589 1863 1683 1922 vel
1718 1863 1965 1941 justitiae
2008 1870 2294 1941 praetextu
2332 1863 2599 1921 trahebat
2626 1870 2685 1920 et

271 1945 549 2022 rapiebat,
571 1965 678 2004 nec
695 1944 810 2003 alia
831 1944 904 2003 de
927 1963 1102 2003 causa
1114 1952 1352 2019 peccata
1371 1942 1564 2000 vocari
1588 1944 1869 2001 hominum
1886 1951 1945 2002 et
1967 1946 2306 2019 quassae-ere
2322 1946 2461 2002 solet
2499 1944 2679 2017 home,

273 2023 417 2084 Lev.
436 2026 517 2082 vi.
536 2029 592 2098 3,
617 2025 672 2098 7,
707 2025 879 2082 Num.
910 2043 967 2081 v.
999 2025 1035 2082 6
1061 2045 1076 2098 ;
1107 2027 1188 2096 2⁰,
1224 2022 1362 2080 Sola
1383 2022 1663 2080 sacrificia
1689 2022 1787 2079 hic
1814 2041 1928 2080 non
1958 2022 2241 2099 expiasse,
2264 2022 2368 2080 sed
2384 2022 2460 2080 ad
2486 2023 2685 2099 expia-

271 2104 488 2162 tionem
535 2124 708 2180 poena
752 2101 1001 2179 quadam
1047 2100 1312 2178 proximo
1358 2101 1530 2159 etiam
1559 2101 1661 2178 qui
1698 2101 1759 2159 in
1787 2101 1871 2160 eis
1899 2101 2151 2178 peccatis
2178 2103 2353 2159 laesus
2370 2101 2556 2160 fuerat
2583 2122 2682 2160 cu·

270 2183 487 2241 mulate
518 2181 986 2242 satisfaciendum
1035 2179 1231 2254 fuisse,
1263 2187 1328 2238 ut
1369 2178 1569 2238 videre
1617 2188 1708 2239 est
1734 2179 1794 2236 in
1834 2180 1993 2257 Lege
2023 2179 2285 2238 sacrificii
2314 2200 2419 2258 pro
2445 2193 2684 2258 peccato

271 2261 554 2337 ultroneo,
581 2262 724 2320 ch.
749 2261 827 2318 vi.
859 2261 1010 2320 Nam
1028 2259 1185 2337 quod
1207 2259 1282 2318 ad
1308 2259 1558 2337 primum
1585 2260 1808 2336 attinet,
1830 2267 1889 2319 et
1905 2259 2149 2337 turpiter
2176 2259 2287 2318 sibi
2314 2259 2429 2337 ipsi
2456 2268 2681 2318 contra-

275 2341 434 2415 dicit,
467 2350 526 2401 et
571 2341 684 2419 ipsi
710 2348 932 2400 naturae
978 2340 1064 2398 rei
1091 2348 1287 2418 aperte
1315 2338 1672 2414 adversatur,
1722 2340 1897 2417 paulo
1925 2349 2057 2398 ante
2100 2339 2253 2399 enim
2281 2339 2471 2398 fassus
2499 2339 2685 2400 fuerat

277 2441 405 2481 esse
433 2422 696 2482 ultronea
743 2429 995 2500 peccata,
1026 2427 1087 2479 et
1120 2420 1245 2498 jam
1295 2420 1371 2478 ad
1415 2419 1772 2498 ignorantias
1820 2421 2105 2498 pertinere
2147 2421 2265 2497 ait;
2311 2429 2371 2479 at
2398 2420 2685 2498 exipsius

277 2502 586 2580 hypothesi
603 2502 749 2562 nihil
772 2510 960 2580 potest
981 2519 1108 2560 esse
1135 2500 1528 2560 voluntarium
1568 2501 1726 2579 quod
1762 2501 1829 2560 fit
1856 2521 1959 2579 per
1994 2521 2261 2577 errorem,
2293 2500 2503 2560 deinde
2553 2501 2685 2579 quis

277 2583 701 2644 existimaverit
743 2583 1019 2661 rapinam,
1050 2582 1408 2657 violentiam,
1453 2582 1693 2656 furtum,
1724 2582 2057 2659 perjurium,
2110 2579 2237 2656 δια,
2263 2600 2393 2658 quae
2441 2581 2537 2640 hic
2580 2601 2683 2640 no-

280 2673 479 2724 tantur
520 2673 774 2742 peccata,
825 2663 1236 2740 fragilitatibus
1285 2671 1344 2722 et
1391 2662 1737 2739 ignorantiis
1780 2661 2139 2722 accensenda
2186 2681 2312 2720 esse
2332 2665 2362 2720 ?
2400 2663 2533 2738 quis
2569 2681 2687 2722 non

279 2743 444 2804 videt
471 2753 671 2804 contra
687 2744 748 2802 in
769 2743 862 2803 his
881 2744 1174 2803 hominem
1196 2763 1312 2801 non
1334 2742 1578 2801 invitum
1600 2761 1709 2801 nee
1736 2742 2099 2819 ignorantem
2122 2740 2297 2818 plane
2310 2741 2411 2798 sed
2434 2743 2683 2817 interpo-

280 2824 393 2882 sita
421 2823 834 2883 deliberatione
862 2831 921 2882 et
949 2822 1214 2882 consulto
1241 2840 1478 2898 peccare
1499 2824 1528 2880 Ρ
1567 2841 1757 2898 neque
1784 2821 2133 2880 contrarium
2180 2819 2385 2878 suadet
2412 2818 2571 2896 quod
2598 2819 2684 2878 di-

277 2912 488 2962 cuntur
532 2903 658 2962 haec
707 2923 832 2962 esse
881 2910 1118 2978 peccata
1143 2921 1273 2978 quae
1303 2903 1508 2972 faeere
1549 2899 1690 2958 solet
1729 2903 1908 2974 homo,
1940 2901 2187 2958 Tantum
2238 2898 2405 2957 abest
2440 2898 2591 2956 enim
2620 2908 2688 2958 ut

277 2982 404 3040 baec
430 2981 754 3040 inveterata
777 2981 1054 3057 peccandi
1099 2979 1454 3039 consuetudo
1483 2978 1928 3038 tolerabiliorem
1973 2979 2291 3055 peccatoris
2318 2977 2524 3037 reddat
2551 2997 2686 3037 con-

279 3061 575 3136 ditionem,
607 3069 672 3119 ut
698 3060 1046 3137 potius'eam
1093 3060 1340 3118 multum
1368 3067 1669 3136 aggravet,
1701 3059 1837 3136 quia
1864 3079 1979 3116 non
2008 3057 2201 3117 subito
2230 3057 2464 3135 impetu,
2498 3065 2557 3117 et
2583 3079 2687 3137 per

281 3140 708 3218 subreptionem
736 3139 888 3199 facta
917 3147 1066 3214 sunt,
1099 3137 1203 3197 sed
1228 3157 1305 3196 ex
1332 3138 1544 3198 vitioso
1571 3138 1775 3198 habitu
1804 3147 1862 3197 et
1900 3138 2222 3198 inveterato
2252 3138 2529 3216 peccandi
2555 3159 2684 3200 usu.

281 3221 547 3280 Alterum
580 3239 720 3279 vero
745 3218 894 3278 illud
929 3219 1086 3295 quod
1121 3217 1365 3294 reponit,
1395 3238 1514 3277 non
1561 3217 1769 3277 melius
1814 3218 1989 3277 solvit
2027 3217 2262 3294 nodum,
2292 3239 2427 3278 nam
2454 3220 2685 3279 restitu-

280 3302 435 3363 tione
465 3300 644 3360 ablati
671 3301 944 3360 damnum
972 3298 1208 3376 quidem
1233 3298 1482 3375 proximi
1511 3298 1711 3358 sarciri
1750 3298 1955 3376 potuit,
1987 3299 2090 3358 sed
2117 3319 2235 3358 non
2270 3300 2461 3377 potuit
2486 3321 2687 3378 pecca-

282 3389 405 3442 tum
454 3390 738 3458 quatenus
787 3380 864 3439 ad
909 3380 1098 3438 Deum
1126 3377 1370 3439 refertur
1397 3379 1637 3458 expiari,
1668 3379 1793 3438 haec
1821 3379 1973 3440 enim
2002 3389 2239 3458 peccata
2266 3387 2323 3441 et
2360 3381 2691 3458 proximum

281 3471 341 3522 et
371 3463 560 3523 Deum
587 3461 894 3535 laedebant,
924 3467 990 3519 ut
1029 3468 1252 3520 taceam
1279 3461 1592 3538 perjurium
1622 3479 1749 3519 esse
1778 3481 1851 3520 ex
1883 3459 1952 3519 iis
1992 3461 2305 3521 sceleribus
2332 3480 2462 3538 quae
2491 3461 2689 3522 imme-

282 3543 436 3601 diate
468 3543 658 3602 Deum
687 3541 1001 3615 offendunt,
1033 3550 1093 3600 et
1119 3549 1319 3599 contra
1339 3540 1596 3600 divinam
1615 3541 1745 3619 ejus
1770 3543 2132 3619 majestatem
2162 3548 2579 3620 perpetrantur.

365 3622 476 3680 VI.
527 3625 583 3680 4.
609 3621 964 3682 Confirmant
1004 3621 1118 3680 hoc
1157 3620 1346 3698 ipsum
1368 3621 1637 3699 exempla
1663 3621 1825 3680 varia
1853 3621 2259 3682 sacrificiorum
2280 3641 2385 3698 pro
2414 3620 2693 3698 gravibus

283 3700 536 3780 peccatis
563 3701 906 3761 oblatorum.
971 3701 1209 3761 Grande
1243 3701 1403 3760 nefas
1431 3709 1490 3760 et
1517 3702 1709 3762 scelus
1737 3701 1847 3761 fuit
1872 3700 2019 3760 illud
2047 3701 2443 3779 proculdubio
2466 3721 2581 3778 quo
2601 3702 2689 3760 Is-

285 3782 503 3840 raelitae
525 3791 725 3841 contra
748 3783 974 3848 Mosem
996 3790 1055 3841 et
1077 3781 1370 3841 Aaronem
1387 3790 1811 3842 murmurantes
1828 3783 2337 3860 praesentissimum
2362 3781 2603 3840 exitium
2630 3782 2693 3840 in

286 3861 477 3939 capita
505 3881 610 3922 sua
657 3863 1100 3939 accersiverunt,
1145 3861 1348 3921 Aaron
1389 3870 1582 3921 tamen
1616 3863 1790 3940 jussu
1838 3861 2023 3922 Mosis
2068 3869 2228 3921 stans
2270 3860 2497 3920 medius
2544 3861 2694 3921 inter

287 3951 546 4003 mortuos
575 3949 633 4001 et
660 3943 926 4002 viventes
954 3951 1190 4021 accepto
1219 3942 1513 4002 thuribulo
1541 3942 1741 4020 expiat
1781 3941 2058 4020 populum
2085 3951 2145 4000 et
2171 3941 2404 4019 plagam
2434 3939 2693 4000 divinam

281 4022 407 4100 jam
455 4022 781 4082 inchoatam
833 4023 1081 4099 cohibet,
1128 4023 1299 4082 Num.
1351 4022 1472 4081 xvi.
1525 4021 1620 4099 45,
1654 4025 1749 4097 46,
1780 4025 1877 4093 47,
1910 4021 2018 4080 &c.
2102 4022 2225 4080 Nec
2266 4020 2458 4079 minus
2512 4041 2694 4098 grave

287 4102 397 4160 fuit
424 4111 724 4180 peceatum
772 4103 1019 4162 Davidis
1067 4123 1200 4163 eum
1243 4103 1570 4162 numeravit
1614 4101 1908 4180 populum,
1938 4110 2175 4178 propter
2200 4099 2359 4178 quod
2387 4101 2697 4160 universus

288 4183 534 4260 pepulus
562 4183 835 4261 pestifera
879 4182 1056 4260 plaga
1083 4183 1324 4242 affectus
1349 4182 1474 4258 fuit,
1508 4182 1610 4241 sed
1640 4189 1699 4241 et
1732 4182 1841 4240 hoc
1870 4182 2043 4239 etiam
2074 4180 2370 4240 sacrificiis
2398 4180 2695 4258 expiatum

288 4262 521 4339 legitur,
553 4268 588 4321 2
625 4263 778 4322 Sam.
808 4263 974 4322 xxiv,
998 4264 1094 4338 24,
1125 4266 1220 4340 25,
1256 4262 1655 4322 “AEdificavit
1676 4262 1856 4320 altare
1884 4260 1927 4320 J
1930 4261 2150 4337 ehovae,
2182 4261 2506 4338 obtulitque
2532 4261 2695 4320 holo-

291 4351 492 4402 causta
540 4352 598 4402 et
641 4343 882 4421 pacifica
926 4351 984 4402 et
1027 4345 1290 4422 placatus
1333 4352 1422 4402 est
1449 4344 1492 4402 J
1496 4343 1685 4401 ehova
1710 4350 1896 4415 terrae,
1928 4361 1995 4398 ac
2022 4340 2278 4400 cohibita
2305 4349 2393 4399 est
2419 4341 2595 4418 plaga
2622 4341 2696 4399 ab

291 4421 566 4483 Israe‘le.''
677 4425 774 4483 Sic
819 4423 1051 4500 quando
1091 4421 1383 4482 homicida
1422 4421 1800 4500 ignorabatur
1840 4421 1978 4480 urbs
2016 4420 2209 4479 vicina
2248 4421 2551 4498 purganda
2590 4420 2701 4480 fuit

289 4503 588 4580 sacrificio,
632 4525 708 4562 ne
751 4512 944 4564 reatus
983 4504 1132 4563 tanti
1173 4504 1406 4562 sceleris
1447 4502 1661 4579 populo
1706 4502 2100 4579 imputaretur,
2147 4501 2319 4560 Deut.
2365 4501 2491 4559 xxi.
2604 4499 2702 4560 Ita

287 4583 605 4644 innumeris
647 4584 777 4643 aliis
818 4585 880 4642 in
917 4585 1079 4658 locis,
1124 4583 1350 4660 quoties
1394 4582 1506 4642 Dei
1534 4584 1620 4641 ira
1660 4581 1941 4641 adversus
1976 4581 2274 4641 hominum
2300 4587 2541 4660 peccata
2566 4599 2707 4642 con-

290 4663 468 4726 citata
508 4665 770 4743 placatur
812 4664 1124 4741 sacrificiis,
1171 4664 1342 4724 toties
1383 4663 1642 4722 innuitur
1684 4681 1847 4722 sacra
1887 4662 2011 4721 haec
2052 4682 2169 4722 non
2209 4683 2313 4741 pro
2355 4663 2705 4740 quibusdam
