3234 5192
860 348 950 396 DE
983 349 1398 398 sncsssmns
1431 352 1524 398 AB
1561 350 1897 400 EchEsu
1930 353 2251 401 ROMANA.
2690 340 2758 403 ix

329 514 572 592 justam
603 513 780 575 bonae
813 531 1014 576 causae
1065 519 1130 576 et
1163 513 1532 578 innocentiae
1582 519 1811 578 nostrae
1847 515 2279 592 defensionem,
2314 516 2751 581 calumniarum

339 612 604 674 istarum
623 612 963 674 vanitatem
985 611 1050 674 in
1071 618 1289 692 aperta
1308 613 1444 677 luce
1465 612 1784 694 collocare,
1816 633 1893 676 ne
1912 613 2387 696 simplicioribus
2408 615 2749 695 imponant.

342 708 524 786 Quod
557 711 636 773 ab
669 709 748 773 iis
771 709 1159 788 potissimum
1181 711 1413 790 requiri
1443 731 1623 775 nemo
1651 711 1925 794 negabit,
1956 713 2060 792 qui
2084 711 2164 774 ad
2185 711 2349 774 bella
2366 713 2617 776 Domini
2640 714 2753 778 de-

343 808 646 872 certanda
676 808 900 882 vocati,
932 815 998 871 et
1031 807 1168 870 aliis
1203 808 1542 890 praepositi,
1567 809 1921 890 prospicere
1944 811 2193 890 debent,
2214 829 2293 874 ne
2326 810 2474 890 quid
2506 809 2751 892 Religio

343 907 624 987 patiatur
654 905 1028 981 detrimenti,
1055 907 1296 970 caeteris
1316 907 1620 985 fidelibus,
1642 915 1709 971 et
1731 906 1775 969 J
1777 907 2059 972 uventuti
2082 907 2365 988 inprimis
2384 929 2577 972 sacrae
2600 907 2753 988 ipsis

344 1005 702 1080 commissae,
731 995 894 1088 λόγῳ
916 1013 1017 1066 καὶ
1041 1007 1183 1088 ’ἔργῳ
1211 1007 1563 1086 praeeundo.
1666 1005 1817 1083 Quae
1846 1006 2052 1070 effecit
2068 1008 2249 1082 ratio,
2270 1011 2343 1070 ut
2371 1027 2451 1070 ex
2473 1006 2753 1071 Muneris

345 1102 498 1165 mihi
526 1101 879 1167 demandati
905 1103 1168 1179 ratione,
1190 1123 1304 1184 pro
1331 1124 1501 1168 more
1529 1104 1594 1168 in
1624 1104 1983 1168 Academiis
2014 1113 2282 1185 recepto,
2319 1105 2395 1168 dc
2430 1106 2546 1170 hoc
2571 1125 2751 1187 argu-

345 1207 563 1265 mento
615 1201 938 1264 nonnullas
999 1201 1469 1282 disputationeS,
1528 1201 1761 1282 publici
1820 1203 1983 1283 juris
2045 1210 2192 1267 ante
2262 1202 2497 1283 aliquot
2560 1223 2753 1267 annos

345 1302 634 1374 facerem,
670 1299 890 1379 quibus
934 1301 1314 1380 probandam
1366 1301 1607 1381 suscepi
1660 1299 2031 1364 Secessionis
2066 1308 2294 1364 nostrae
2354 1303 2432 1364 ab
2469 1300 2753 1366 Ecclesia

348 1397 639 1460 Romana
667 1397 1112 1473 necessitatem,
1147 1406 1214 1462 et
1244 1398 1647 1480 Syncretismi
1678 1419 1818 1462 cum
1850 1419 1925 1462 ea
1951 1397 2529 1479 impossibilitatem.
2602 1397 2751 1475 Quae

348 1515 490 1560 cum
524 1515 716 1577 supra
747 1515 916 1576 spem
940 1517 1136 1559 meam
1169 1517 1307 1560 cum
1327 1495 1530 1578 aliquo
1561 1496 1861 1578 applausu
1894 1503 2171 1577 exceptae
2200 1495 2451 1577 fuerint,
2486 1505 2555 1560 et
2581 1494 2755 1559 brevi

349 1601 654 1675 quotquot
686 1601 1050 1674 supererant
1106 1594 1506 1676 Exemplaria
1555 1595 1857 1659 distracta
1903 1595 2049 1671 sint,
2102 1595 2180 1659 de
2236 1594 2361 1658 illis
2412 1595 2613 1658 denuo
2640 1595 2753 1658 sub

349 1692 590 1774 prelum
643 1692 964 1756 mittendis
1013 1693 1284 1774 cogitare
1335 1701 1600 1775 coeptum
1654 1699 1772 1774 est,
1824 1701 1897 1756 ut
1952 1713 2161 1757 eorum
2218 1691 2525 1756 desiderio
2575 1694 2757 1756 fieret

349 1791 524 1866 satis,
562 1791 666 1870 qui
695 1791 834 1854 illas
864 1791 1042 1854 avide
1069 1791 1488 1871 requirebant,
1519 1792 1797 1872 persuasi
1846 1792 1961 1855 hoc
1993 1791 2371 1871 Opuseulum
2400 1793 2611 1854 fructu
2642 1811 2757 1854 suo

352 1908 476 1951 non
507 1889 868 1965 cariturum,
897 1891 1013 1952 hoc
1046 1889 1392 1969 praesertim
1421 1897 1723 1970 tempore,
1760 1909 1881 1969 quo
1910 1889 2185 1966 Quaestio
2210 1890 2337 1952 ista
2368 1910 2493 1953 non
2530 1889 2755 1952 minori

351 1989 590 2050 fervore
620 2007 803 2066 quam
839 1994 1025 2051 antea
1054 1989 1334 2051 renovari
1366 1989 1572 2069 coepit,
1601 1987 1945 2052 Pontificiis
1974 1985 2129 2050 nihil
2160 1987 2537 2051 intentatum
2566 1985 2757 2050 relin-

353 2085 703 2164 quentibus,
735 2091 808 2147 ut
835 2085 964 2148 sive
993 2085 1054 2148 vi
1076 2086 1206 2148 sive
1235 2087 1395 2163 dolo,
1427 2087 1554 2150 sive
1583 2085 2015 2166 promissorum
2043 2085 2363 2149 dulcedine
2382 2085 2510 2150 sive
2528 2085 2757 2148 calum-

351 2183 596 2246 niarum
625 2184 964 2247 acerbitate
994 2189 1060 2246 et
1088 2185 1581 2263 persecutionum
1611 2183 2071 2265 omnigenarum
2092 2183 2367 2264 diritate,
2389 2190 2454 2247 et
2477 2183 2759 2264 inprimis

355 2282 570 2345 odioso
600 2281 724 2344 isto
754 2281 1102 2345 schismatis
1153 2283 1532 2364 praejudicio,
1568 2282 1779 2347 fideles
1824 2303 1864 2344 a
1890 2301 2037 2345 vera
2089 2282 2211 2345 fide
2262 2289 2540 2362 avocent,
2577 2287 2643 2344 et
2694 2280 2759 2344 in

352 2387 566 2460 partes
595 2399 738 2442 suas
765 2381 1153 2460 pertrahant.
1257 2381 1366 2444 Ad
1401 2401 1658 2460 quorum
1682 2388 1891 2444 votum
1912 2379 2091 2443 facile
2113 2399 2329 2462 passus
2352 2400 2488 2442 sum
2519 2378 2760 2442 Velita-

355 2477 558 2542 tiones
615 2479 770 2542 istas
805 2478 1236 2560 Academica-s,
1289 2499 1424 2559 quae
1479 2478 1599 2542 mei
1626 2479 1785 2559 juris
1838 2477 2101 2558 amplius
2156 2499 2277 2541 non
2328 2485 2525 2553 erant,
2562 2478 2761 2541 denuo

357 2576 648 2657 evulgari,
681 2576 829 2640 licet
863 2577 1058 2640 multa
1086 2576 1154 2640 in
1204 2577 1304 2660 iis,
1340 2583 1412 2639 ut
1447 2577 1510 2640 in
1561 2576 1965 2640 tumultuario
2018 2596 2219 2656 opere,
2253 2575 2587 2640 desiderari
2638 2595 2759 2638 non

355 2676 644 2750 nesciam,
683 2695 818 2755 quae
853 2674 917 2736 in
968 2675 1150 2755 pleno
1181 2681 1247 2738 et
1281 2675 1647 2738 accuratiori
1699 2681 1975 2738 tractatu
2024 2675 2338 2739 observari
2391 2674 2757 2754 potuissent.

358 2772 623 2836 Interim
655 2781 728 2835 ut
773 2772 958 2853 paulo
1007 2773 1380 2836 excultiores
1432 2773 1778 2853 prodirent,
1830 2772 2115 2836 secundis
2167 2772 2329 2836 curis
2363 2792 2485 2834 non
2542 2791 2761 2850 parum

359 2877 560 2934 auctae
591 2872 861 2948 fuerunt,
893 2877 960 2934 et
1007 2870 1128 2934 illis
1161 2871 1600 2934 additamentis
1650 2870 2061 2950 locupletatae,
2123 2889 2257 2951 quae
2309 2868 2571 2931 novitias
2625 2867 2761 2930 Ad-

359 2969 768 3032 versariorum
818 2969 1210 3048 exceptiones
1243 2975 1310 3031 et
1359 2969 1737 3048 objectiones
1772 2969 2103 3042 discutere,
2154 2974 2221 3029 et
2254 2964 2579 3028 veritatem
2609 2964 2761 3029 Sen-

363 3067 576 3130 tentiae
607 3073 834 3130 nostrae
866 3072 1087 3130 contra
1131 3066 1564 3146 Sophistarum
1595 3063 2017 3128 cavillationes
2059 3063 2283 3127 fortius
2316 3083 2589 3128 asserere
2621 3083 2761 3144 pos—

363 3171 528 3228 sunt.
631 3165 808 3242 Quod
837 3185 915 3226 an
945 3171 1263 3227 assecutus
1293 3162 1535 3239 fuerim,
1570 3163 1903 3226 Lectorum
1934 3162 2055 3225 erit
2086 3162 2410 3244 judicium.
2515 3162 2764 3226 Exinde

363 3263 601 3338 saltem,
631 3269 704 3327 ut
739 3283 937 3343 spero,
973 3263 1215 3342 patebit
1239 3262 1480 3326 vanitas
1511 3261 1990 3338 Postulatorum‚
2018 3281 2153 3342 quae
2183 3267 2362 3325 tanto
2386 3281 2524 3325 eum
2545 3263 2761 3325 verbo-

361 3381 498 3424 rum
526 3369 828 3442 apparat-u
857 3368 1006 3434 μετὰ
1035 3369 1252 3432 πολλῆς
1291 3371 1592 3442 φαντασίας
1623 3380 1662 3423 a
1692 3359 1867 3424 Clero
1898 3360 2215 3441 proposita
2242 3366 2407 3424 sunt.
2512 3359 2765 3423 Patebit

361 3479 486 3521 non
507 3459 638 3522 sine
661 3458 1038 3540 gravissimis
1063 3466 1128 3523 et
1155 3459 1608 3540 urgentissimis
1628 3459 1827 3523 causis
1847 3459 2069 3522 Patres
2099 3465 2343 3522 nostros
2372 3459 2452 3521 ab
2481 3455 2765 3521 Ecclesia

362 3556 647 3621 Romana
667 3557 1008 3633 secessisse,
1034 3563 1099 3620 et
1126 3576 1240 3620 nos
1259 3577 1397 3620 cum
1429 3557 1554 3632 illa,
1581 3557 1728 3620 dum
1759 3555 2142 3620 infallibilem
2164 3577 2233 3620 se
2256 3557 2479 3638 jactat,
2510 3562 2579 3619 et
2604 3554 2763 3618 irre-

363 3655 704 3719 formabilis
736 3661 966 3738 manet,
993 3674 1232 3719 omnem
1265 3654 1752 3736 Syncretismum
1784 3675 2091 3734 respuere.
2193 3655 2423 3719 Causas
2451 3652 2605 3716 istas
2639 3671 2763 3716 non

363 3754 572 3828 fuisse,
607 3760 680 3816 ut
711 3753 801 3816 illi
833 3773 1174 3835 perperam,
1201 3759 1267 3816 et
1307 3760 1528 3816 contra
1559 3753 1872 3833 propriam
1904 3752 2341 3818 conscientiam
2372 3754 2633 3832 fingunt,
2668 3748 2765 3812 vel

365 3859 599 3916 statum
621 3850 914 3915 Ecclesiae
936 3852 1354 3932 depravatum,
1379 3857 1444 3915 et
1471 3871 1671 3914 mores
1693 3851 1859 3915 Cleri
1888 3850 2402 3932 corruptissimos,
2436 3851 2513 3913 de
2544 3847 2765 3929 quibus

365 3949 718 4029 Scriptores
737 3949 859 4029 ipsi
881 3949 1192 4014 Pontificii
1213 3949 1487 4031 graviter
1517 3957 1997 4031 conqueruntur,
2024 3949 2301 4029 quamvis
2318 3968 2439 4010 non
2456 3947 2591 4010 leve
2606 3965 2763 4026 prae-

353 4047 660 4128 judicium
685 4048 830 4112 inde
855 4050 1146 4112 adversus
1176 4068 1310 4111 eam
1327 4047 1565 4111 oriatur
1591 4067 1607 4113 :
1682 4047 1806 4112 Sed
1834 4068 2075 4112 errores
2108 4046 2405 4128 capitales
2452 4050 2518 4108 et
2548 4043 2765 4107 funda-

364 4145 664 4210 mentales
685 4145 1060 4226 multiplices
1074 4159 1212 4210 tum
1237 4147 1302 4208 in
1335 4145 1661 4230 Doctrina,
1692 4153 1824 4210 tum
1846 4147 1913 4209 in
1946 4146 2151 4222 Cultu,
2176 4153 2309 4206 tum
2330 4144 2396 4206 in
2421 4142 2773 4224 Regimine,

370 4263 522 4324 quos
550 4244 646 4307 vel
681 4264 888 4308 errare
909 4243 1007 4308 vel
1035 4245 1311 4327 profiteri
1334 4245 1504 4308 nefas
1526 4263 1659 4308 esse
1692 4245 1999 4318 duximuS,
2035 4251 2101 4307 et
2141 4243 2273 4306 sine
2291 4241 2771 4323 praesentissimo

368 4343 587 4405 salutis
620 4349 848 4406 nostrae
879 4343 1232 4409 discrimine
1253 4362 1374 4406 non
1397 4342 1729 4422 potuimus.
1778 4341 2034 4406 Patebit
2049 4341 2429 4420 iniquissime
2446 4339 2770 4422 postulari,

370 4439 498 4504 Gur
527 4441 605 4503 ab
637 4439 789 4521 ipsis
815 4440 1284 4504 secesserimus3
1388 4440 1541 4504 Cum
1571 4447 1818 4505 constet
1849 4461 1958 4503 nos
1992 4461 2117 4504 non
2148 4447 2279 4502 tam
2308 4439 2557 4522 fugisse,
2592 4457 2775 4518 quam

365 4539 614 4620 fugatos
641 4539 832 4602 fuisse
849 4539 1004 4602 diris
1025 4542 1302 4623 ipsorum
1336 4539 1875 4620 persecutionibus
1896 4546 1961 4602 et
1983 4539 2415 4614 anathematis,
2447 4556 2581 4617 quae
2611 4555 2776 4600 sece-

371 4636 557 4700 dendi
579 4638 1012 4702 necessitatem
1031 4639 1208 4702 nobis
1237 4638 1679 4719 imposuerunt.
1732 4637 1855 4701 Sed
1890 4657 2001 4702 nos
2022 4637 2367 4718 justissime
2400 4632 2667 4700 vicissim
2700 4633 2779 4694 ab
