3234 5192
494 346 610 403 120
1264 359 1342 399 ns
1371 357 1734 399 messmam
1765 358 2112 400 secession-r.
2547 336 2810 419 [martir.
2843 359 2900 399 v.

492 501 665 561 liensi
705 499 1029 561 communio
1071 499 1180 559 sub
1221 508 1463 578 utraque
1506 499 1712 577 specie,
1757 498 1912 558 unde
1953 498 2094 559 dicti
2134 499 2293 559 fuere
2339 500 2630 577 Calixtini,
2663 500 2768 560 sed
2794 501 2904 559 hoc

493 584 665 641 etiam
708 582 848 659 ipsis
888 589 1090 659 postea
1128 588 1422 658 negatum.
1506 580 1677 655 Quod
1719 580 1770 638 si
1808 580 1994 641 velint
2035 580 2202 639 nobis
2243 580 2606 658 persuadere,
2651 601 2714 640 se
2755 581 2910 640 bona

492 662 623 738 fide,
672 671 729 721 et
776 681 892 720 non
940 662 1093 720 malo
1137 661 1329 719 animo
1372 662 1483 719 hoc
1526 660 1804 739 polliceri,
1847 680 2082 720 manum
2127 682 2266 739 ergo
2331 662 2492 739 operi
2539 662 2902 722 admoveant.

495 742 812 802 Praedictos
876 761 1096 801 errores
1154 740 1462 800 reformare
1510 740 1826 818 incipiant3
1909 741 2118 800 tollant
2165 762 2196 799 e
2241 742 2472 819 templis
2518 742 2801 819 imagines
2849 750 2909 800 et

493 844 690 883 earum
738 823 974 898 cultum,
1025 820 1183 899 quod
1232 841 1369 881 sane
1416 822 1736 879 maximum
1788 821 1920 899 paci
1974 822 2336 880 obstaculum
2393 842 2618 899 semper
2672 822 2904 897 attulit3

493 903 740 963 reddant
766 902 1225 961 communionem
1260 901 1369 961 sub
1410 909 1652 978 utraque
1695 901 1884 978 specie
1926 922 1962 959 a
2003 902 2234 961 Christo
2261 902 2603 977 institutam,
2635 911 2694 962 et
2735 902 2906 961 toties

495 1005 532 1043 a
574 982 929 1061 principibus
971 990 1030 1041 et
1068 982 1298 1059 populis
1338 981 1694 1060 expetitam3
1758 981 2127 1041 vernaculam
2155 981 2416 1060 linguam
2445 984 2508 1041 in
2535 982 2718 1041 sacris
2745 982 2908 1041 adhi-

494 1064 688 1139 beant,
718 1082 791 1120 ne
819 1062 1067 1141 populus
1096 1062 1313 1123 serviat
1342 1062 1467 1121 Deo
1494 1062 1696 1139 ignoto
1725 1082 1856 1121 cum
1885 1061 2359 1139 Atheniensibus,
2391 1063 2495 1122 sed
2522 1063 2723 1122 adoret
2751 1062 2907 1140 quod

495 1144 812 1221 cognoscit,
862 1144 905 1202 J
909 1144 1003 1202 oh.
1058 1142 1138 1201 iv.
1195 1146 1293 1202 22.
1405 1141 1688 1201 Infamem
1753 1141 2246 1219 indulgentiarum
2299 1142 2791 1219 nundinationem,
2849 1151 2908 1201 et

495 1244 687 1283 rerum
716 1242 1004 1281 sacrarum
1034 1222 1421 1298 venalitatem,
1465 1242 1595 1299 quae
1642 1222 1935 1281 Simonem
1979 1222 2224 1299 Magum
2245 1231 2538 1282 auctorem
2567 1224 2760 1298 habet,
2791 1242 2908 1281 non

500 1304 794 1364 Simonem
838 1304 1091 1379 Petrum,
1134 1303 1379 1379 tollant;
1442 1312 1581 1361 vota
1620 1302 1942 1361 monastica
1981 1302 2298 1381 abrogent;
2343 1314 2704 1365 sacramenta
2738 1303 2906 1362 redu-

494 1392 631 1444 cant
658 1384 734 1443 ad
760 1382 1059 1462 antiquum
1086 1402 1405 1459 numerum,
1434 1402 1604 1441 usum
1646 1392 1706 1441 et
1733 1382 1983 1457 modum,
2015 1392 2186 1460 prout
2213 1404 2248 1441 a
2277 1384 2504 1443 Christo
2533 1384 2718 1461 liquet
2743 1382 2908 1443 insti-

495 1472 623 1525 tuta
650 1464 843 1539 fuisse,
875 1474 933 1523 et
960 1464 1033 1522 ab
1065 1462 1365 1542 Apostolis
1408 1463 1713 1523 celebrata.
1797 1463 2068 1540 vigilias,
2104 1464 2348 1541 jejunia,
2391 1464 2907 1541 peregrinationes,

495 1554 555 1605 et
582 1545 727 1603 alios
753 1544 816 1602 id
844 1564 1028 1621 genus
1056 1563 1276 1603 errores
1303 1544 1643 1622 complureS,
1667 1552 1726 1602 et
1751 1543 1898 1603 ritus
1925 1544 2300 1621 voluntarios,
2323 1563 2441 1602 non
2467 1544 2722 1603 ludicros
2743 1543 2914 1602 modo

497 1634 557 1685 et
576 1626 843 1703 puerileS,
868 1623 971 1681 sed
992 1624 1199 1701 impios
1227 1632 1285 1682 et
1312 1622 1721 1698 idololatricos,
1752 1624 2060 1701 corrigant.
2103 1624 2268 1683 Tunc
2297 1623 2515 1701 aequius
2537 1623 2824 1700 judicium
2841 1622 2914 1681 de

498 1713 623 1765 toto
650 1705 761 1763 hoc
790 1703 1031 1761 consilio
1060 1702 1195 1762 ferri
1223 1704 1449 1780 poterit.
1536 1704 1655 1763 Sed
1696 1704 1832 1763 dum
1875 1704 2020 1762 nihil
2057 1704 2248 1764 minus
2275 1724 2448 1781 quam
2477 1704 2600 1762 haec
2628 1704 2690 1762 in
2717 1703 2910 1761 animo

498 1784 711 1844 habere
762 1784 1006 1841 Romam
1054 1784 1245 1861 palam
1300 1792 1405 1859 est,
1450 1783 1589 1842 dum
1633 1793 1832 1843 contra
1872 1785 2204 1863 superstitio
2245 1783 2504 1862 quotidie
2544 1794 2807 1861 augetur,
2847 1790 2910 1842 et

502 1884 725 1923 errores
788 1872 1015 1922 veteres
1076 1863 1265 1940 magis
1324 1864 1628 1941 magisque
1699 1864 2123 1941 confirmantur,
2169 1866 2321 1942 quis,
2377 1865 2489 1923 nisi
2543 1865 2645 1942 qui
2700 1872 2906 1942 sponte

498 1943 751 2004 voluerit
796 1943 1046 2021 seipsum
1089 1943 1369 2020 decipere,
1414 1964 1531 2003 non
1572 1944 1878 2003 adducitur
1917 1945 1994 2003 ad
2033 1945 2400 2022 credendum,
2445 1946 2644 2004 inanes
2685 1964 2813 2003 esse
2854 1954 2914 2003 et

500 2024 677 2083 falsas
724 2023 871 2083 tales
918 2042 1118 2081 omnes
1165 2024 1590 2101 promissiones,
1642 2045 1772 2102 quae
1821 2026 2078 2103 speciose
2115 2026 2349 2103 quidem
2398 2024 2784 2085 obtruduntur
2838 2024 2914 2083 ad

501 2103 899 2182 illaqueandos
928 2103 1201 2179 infirmos,
1232 2104 1337 2163 sed
1364 2125 1493 2182 quae
1533 2105 1710 2164 irritae
1753 2124 1976 2182 semper
2013 2105 2219 2165 futurae
2249 2114 2401 2183 sunt,
2430 2115 2496 2166 ut
2521 2105 2754 2165 fuerunt
2777 2105 2914 2163 hac-

500 2194 672 2246 tenus
698 2184 829 2243 aliae
856 2204 1073 2259 omnes,
1103 2204 1233 2261 quae
1259 2184 1321 2241 in
1349 2185 1523 2243 simili
1549 2185 1786 2263 negotio
1813 2184 1938 2243 dari
1965 2193 2274 2263 potuerunt
2294 2190 2323 2246 Ρ

584 2264 939 2324 XXXVII.
984 2266 1204 2323 Verum
1247 2264 1449 2324 demus
1490 2266 1663 2324 etiam
1692 2266 1950 2343 praestari
1979 2266 2136 2343 quod
2160 2266 2534 2344 promittitur.
2617 2264 2718 2323 An
2745 2285 2915 2343 prop-

502 2353 661 2405 terea
687 2344 949 2403 confecta
974 2364 1067 2403 res
1094 2344 1219 2419 erit,
1250 2354 1311 2404 et
1339 2344 1660 2405 Reformati
1685 2354 1955 2423 poterunt
1982 2347 2079 2405 vel
2120 2346 2412 2405 debebunt
2439 2366 2635 2405 aurem
2661 2346 2918 2424 praebere

504 2425 763 2485 consiliis
790 2424 917 2485 istis
948 2424 1253 2484 Henoticis
1272 2428 1301 2483 ?
1382 2425 1543 2484 Nihil
1580 2426 1810 2503 minus3
1855 2426 2066 2505 quippe
2097 2426 2146 2485 si
2173 2435 2437 2486 accurate
2478 2446 2600 2485 rem
2627 2434 2915 2504 putamus.‚

507 2505 835 2564 videbimus
863 2504 1093 2582 quidem
1124 2504 1403 2563 nonnulla
1430 2506 1693 2581 emolliri,
1723 2513 1782 2564 et
1822 2506 1884 2563 in
1926 2507 2176 2585 speciem
2205 2508 2434 2584 corrigi,
2479 2506 2582 2565 sed
2609 2506 2921 2565 minutiora

505 2594 564 2645 et
590 2586 827 2645 levioris
856 2584 1147 2661 momenti,
1178 2605 1308 2663 quae
1336 2584 1411 2643 ad
1438 2586 1583 2645 ritus
1612 2592 1882 2645 externos
1931 2595 1988 2646 et
2034 2587 2295 2664 regimen
2341 2587 2705 2665 potissimum
2744 2586 2918 2664 perti·

502 2676 681 2743 nent;
726 2665 830 2725 sed
864 2665 1011 2723 nihil
1038 2666 1252 2725 remitti
1280 2674 1474 2725 tamen
1496 2666 1567 2725 de
1606 2666 1912 2744 praecipuis
1953 2675 2012 2725 et
2039 2667 2382 2745 capitalibus
2423 2668 2730 2742 erroribus,
2775 2666 2920 2724 nihil

504 2746 578 2805 de
607 2746 966 2805 auctoritatis
1010 2745 1331 2805 Pontificiae
1371 2746 1779 2823 fundamentis,
1803 2766 1952 2823 quae,
1983 2756 2050 2806 ut
2080 2748 2302 2826 justam
2345 2747 2658 2807 secessioni
2687 2766 2920 2805 causam

504 2827 579 2886 ab
620 2826 786 2886 initio
828 2827 1214 2905 praebuerunt,
1244 2826 1329 2885 ita
1353 2826 1527 2887 rebus
1556 2846 1782 2904 semper
1809 2827 1892 2886 sic
1923 2828 2208 2887 stantibus
2251 2828 2616 2905 syncretismi
2643 2823 2922 2903 αδυιαμιαν

504 2907 798 2967 evincunt.
884 2906 1038 2983 Quid
1066 2906 1217 2966 enim
1239 2907 1474 2985 juvabit
1510 2908 1972 2967 communionem
2001 2908 2110 2967 sub
2151 2916 2393 2985 utraque
2423 2908 2614 2985 specie
2641 2907 2916 2983 obtinere,

504 3006 669 3046 sacra
728 2988 1042 3047 vernacula
1080 2988 1283 3065 lingua
1320 3008 1615 3065 peragere,
1660 2988 1944 3066 imagines
1986 3008 2018 3047 e
2061 2987 2292 3066 templis
2332 2988 2553 3060 tollere,
2605 2994 2664 3047 et
2703 2988 2818 3045 alia
2856 2987 2920 3046 id

505 3086 691 3144 genus
718 3068 929 3127 mutari
955 3068 1053 3127 vel
1096 3068 1416 3143 incrustari,
1463 3070 1514 3127 si
1552 3068 1833 3128 retinetur
1873 3088 2100 3147 semper
2139 3068 2768 3128 transubstantiationis
2809 3066 2918 3145 fig-

503 3156 779 3222 mentum,
810 3147 1028 3207 idolum
1059 3148 1432 3225 missaticum,
1456 3149 1724 3208 meritum
1768 3168 2022 3226 operum,
2062 3148 2518 3208 satisfactionum
2541 3148 2922 3207 humanarum

504 3226 838 3301 necessitaS,
868 3226 1191 3303 purgatorii
1231 3226 1507 3303 doctrina,
1540 3228 1776 3287 traditio
1803 3242 2053 3308 αγςιφος,
2085 3229 2276 3288 cultus
2304 3238 2364 3288 et
2403 3227 2698 3287 veneratio
2745 3229 2920 3287 Sanc·

505 3313 713 3379 torum,
758 3305 1093 3380 tyrannicus
1136 3306 1433 3365 Pontificis
1452 3307 1750 3383 primatus,
1764 3315 1823 3367 et
1845 3319 2052 3367 caetera
2073 3308 2415 3383 istiusmodi,
2439 3328 2584 3385 quae,
2607 3307 2769 3367 salva
2785 3328 2920 3367 con-

507 3383 764 3458 scientia,
788 3402 1081 3459 nunquam
1110 3384 1208 3441 vel
1236 3385 1413 3462 recipi
1433 3387 1529 3445 vel
1545 3386 1842 3446 observari
1860 3388 2078 3447 anobis
2096 3392 2404 3465 poterunt?
2459 3388 2604 3446 Haec
2627 3406 2762 3445 sane
2781 3388 2922 3447 talia

508 3472 661 3537 sunt,
704 3472 771 3523 ut
812 3462 985 3521 etiam
1028 3463 1259 3539 singula
1298 3464 1605 3525 secedendi
1647 3466 2048 3526 necessitatem
2089 3468 2259 3527 nobis
2299 3469 2672 3547 imponerent,
2704 3476 2922 3545 quanto

506 3544 695 3619 magis
738 3542 875 3602 dum
917 3542 1112 3601 omnia
1151 3543 1264 3602 hue
1306 3545 1535 3621 agmine
1576 3545 1730 3606 facto
1772 3556 2121 3607 concurrunt
2139 3552 2168 3607 ¹?
2251 3548 2341 3608 De
2380 3549 2621 3608 veritate
2665 3547 2776 3607 Dei
2805 3568 2922 3607 non

506 3632 597 3685 est
623 3621 1057 3701 transigendum
1079 3644 1094 3699 ;
1139 3642 1265 3683 eam
1306 3644 1423 3683 non
1463 3626 1655 3703 habet,
1686 3627 1788 3703 qui
1813 3636 1992 3687 totam
2021 3648 2138 3687 non
2165 3628 2360 3688 habet.
2405 3629 2490 3689 Ut
2517 3628 2780 3687 Christus
2807 3648 2924 3687 non

502 3729 811 3786 μιμιςιστκι,
882 3706 911 3762 1
959 3703 1088 3762 Cor.
1130 3703 1169 3761 i.
1218 3706 1310 3779 13,
1368 3704 1449 3763 ita
1514 3725 1622 3765 nec
1662 3707 1886 3767 :veritas
1913 3709 2074 3786 ejus;
2117 3728 2262 3786 pura
2290 3708 2463 3769 debet
2490 3728 2634 3784 esse,
2678 3716 2737 3767 et
2777 3709 2924 3768 inte-

508 3806 629 3865 gra,
662 3806 769 3844 nec
798 3784 1069 3843 contrarii
1098 3782 1409 3843 mixturam
1450 3784 1597 3845 ferre
1640 3795 1848 3865 potest,
1891 3788 2046 3847 unde
2087 3788 2302 3849 frustra
2343 3798 2480 3849 sunt
2506 3789 2608 3866 qui
2635 3808 2763 3847 eam
2791 3808 2921 3849 cum

508 3866 809 3924 mendacio
839 3884 1181 3942 componere
1210 3871 1499 3941 satagunt.

590 3945 980 4003 XXXVIII.
1029 3944 1112 4003 Ut
1154 3963 1294 4021 ergo
1333 3964 1455 4003 rem
1498 3945 1559 4003 in
1611 3966 1798 4024 pauca
1845 3950 2272 4024 contrahamus,
2322 3948 2570 4007 dicimus
2620 3967 2816 4006 veram
2866 3956 2925 4007 ct

508 4026 819 4085 salutarem
847 4025 1118 4084 unionem
1148 4024 1603 4084 Christianorum
1645 4047 1766 4085 rem
1809 4047 1937 4087 esse
1978 4028 2212 4106 quidem
2257 4028 2552 4105 optimam,
2585 4048 2715 4105 quae
2745 4049 2780 4087 a
2807 4027 2921 4087 sin-

508 4107 664 4184 gulis
692 4106 879 4183 optari
907 4105 1131 4179 debeat,
1178 4104 1281 4163 sed
1308 4125 1439 4182 quae
1480 4112 1692 4181 tamen,
1722 4106 1896 4167 rebus
1939 4108 2022 4167 sic
2065 4109 2370 4185 stantibuS,
2413 4108 2489 4167 sit
2529 4108 2923 4186 impossibilis,

507 4196 567 4247 et
594 4208 629 4244 a
656 4186 883 4245 nemine
912 4205 1047 4245 vere
1073 4186 1171 4264 pio
1200 4194 1259 4245 et
1280 4184 1515 4245 cordato
1537 4186 1753 4264 sperari
1771 4188 1970 4264 possit.
2055 4188 2204 4248 Nam
2233 4209 2339 4248 nec
2370 4190 2634 4249 Romana
2661 4188 2925 4247 Ecclesia

507 4286 704 4342 parem
733 4266 1001 4343 admittit,
1032 4286 1140 4325 nec
1185 4265 1533 4326 Reformatae
1574 4277 1817 4345 possunt
1858 4288 2170 4345 agnoscere
2199 4270 2569 4348 superiorem.
2621 4268 2736 4327 Illa
2761 4268 2925 4346 leges

508 4344 647 4403 dare
693 4352 761 4403 ut
806 4346 1039 4405 domina
1106 4354 1165 4406 et
1206 4366 1323 4406 non
1364 4347 1624 4425 accipere
1666 4356 1731 4407 ut
1772 4368 1932 4407 soror
1971 4358 2030 4407 et
2067 4350 2224 4409 socia
2263 4351 2458 4425 vellet,
2491 4359 2549 4409 et
2591 4370 2652 4409 se
2694 4347 2928 4426 gravari

508 4431 677 4501 putat
702 4424 816 4481 nisi
834 4426 1173 4501 dominetur,
1197 4454 1285 4487 ma
1304 4452 1339 4486 ιι
1358 4454 1429 4504 μαι
1450 4452 1662 4509 wgaevm
1691 4454 1914 4505 rapta-av
1943 4435 2169 4512 ὓβςισθιιι
2195 4426 2332 4489 ’ozei'
2350 4454 2365 4508 3
2395 4432 2521 4489 istae
2550 4449 2690 4489 Vero
2713 4430 2924 4507 jugum

510 4502 670 4560 illius
700 4501 845 4560 serre
874 4524 979 4562 ncc
1008 4508 1212 4567 volunt
1252 4528 1359 4567 nec
1397 4510 1629 4569 debent.
1715 4510 1928 4569 Fateor
1976 4530 2112 4570 sane
2161 4530 2456 4589 nunquam
2503 4530 2706 4587 pacem
2755 4530 2926 4588 repu-

512 4580 785 4641 diandam
814 4602 957 4656 esse,
990 4584 1039 4641 si
1068 4587 1247 4662 aequis
1276 4589 1704 4649 conditionibus
1747 4590 2034 4664 offeratur,
2079 4601 2138 4651 et
2165 4591 2290 4649 sine
2317 4590 2550 4667 pietatis
2577 4598 2636 4649 et
2663 4590 2928 4649 veritatis

512 4660 851 4741 dispendio;
896 4662 985 4721 sin
1015 4683 1153 4722 vero
1181 4666 1327 4723 nihil
1356 4667 1515 4728 aliud
1544 4670 1841 4746 quaeritur,
1871 4690 2042 4747 quam
2069 4678 2133 4729 ut
2153 4668 2228 4727 ad
2249 4670 2450 4729 eadem
2469 4670 2719 4745 vincula,
2745 4669 2925 4728 servi-
