3234 5192
246 359 499 400 meru-r.
544 334 637 417 v.]
1016 350 1245 393 uos-rm
1276 352 1353 391 as
1384 352 1664 393 accessui
1695 354 1962 395 aonam.
2577 344 2690 401 105

254 500 547 560 eoelorum
580 496 666 555 illi
695 495 1127 574 promittuntur.
1194 492 1293 551 An
1324 512 1463 551 vero
1504 502 1591 553 tot
1620 502 1894 571 tantaque
1928 496 2236 575 privilegia
2285 500 2366 558 ita
2412 514 2546 560 sunt
2575 502 2696 561 exi-

257 600 405 659 gua,
448 589 515 637 ut
544 578 689 635 nihil
720 575 1065 635 retributum
1097 575 1269 632 Petro
1298 573 1413 631 dici
1443 576 1643 651 possit,
1677 575 1790 633 nisi
1819 576 2130 634 monarcha
2173 580 2450 637 Ecclesiae
2482 583 2693 639 consti-

258 662 517 720 tuatur?
584 658 719 716 Scio
748 657 861 714 hoc
888 657 1061 713 etiam
1090 654 1167 713 ad
1194 654 1487 731 singulare
1520 655 1678 713 Petri
1721 656 2090 733 privilegium
2119 678 2154 715 a
2181 659 2526 735 quibusdam
2557 662 2700 719 viris

258 740 464 799 doctis
492 748 627 815 post
654 736 899 795 Tei-tull.
928 736 1029 793 lib.
1060 735 1133 793 de
1165 734 1365 792 Pudic.
1396 755 1520 811 cap.
1552 736 1676 793 xxi.
1713 734 1927 812 referri,
1973 737 2128 812 quod
2167 739 2386 817 primus
2420 740 2694 798 Ecclesiae

262 820 623 879 Christianae
650 817 1027 875 fundamenta
1045 815 1270 892 jecerit,
1318 822 1440 873 tum
1470 817 1622 874 inter
1663 816 1923 891 Judaeos,
1959 820 2093 876 Act.
2139 819 2195 877 ii.
2248 823 2338 893 14,
2371 830 2490 877 turn
2549 823 2700 879 inter

265 904 521 971 Gentes,
556 900 693 957 Act.
726 918 783 955 x.
817 898 895 955 34
924 905 982 954 et
1030 916 1131 953 xv.
1178 898 1231 968 7,
1277 904 1451 971 atque
1492 906 1732 955 eatenus
1773 896 1888 954 dici
1931 897 2324 957 aedificandam
2379 900 2700 959 Ecclesiam

266 1000 453 1055 super
468 979 679 1057 ipsum,
711 976 849 1053 quia
876 976 1095 1053 primus
1128 975 1383 1033 omnium
1412 976 1523 1033 hoc
1546 976 1767 1034 efficere
1791 976 2071 1051 debuerit,
2103 988 2177 1054 et,
2211 990 2274 1038 ut
2303 980 2444 1039 scite
2473 980 2700 1040 Tertul-

265 1060 439 1133 lian„
462 1060 691 1137 primus
719 1060 931 1115 clavem
960 1055 1165 1113 imbuit.
1252 1056 1378 1128 Quo
1422 1074 1558 1114 sane
1582 1076 1756 1140 sensu
1785 1057 2006 1134 aliquid
2047 1059 2340 1137 singulare
2385 1062 2557 1119 Petro
2585 1082 2702 1139 prae

267 1139 507 1199 caeteris
556 1138 839 1197 tributum
870 1144 1039 1209 esset,
1071 1133 1175 1193 sed
1202 1135 1359 1210 quod
1380 1135 1455 1193 ad
1484 1155 1847 1195 successores
1877 1139 2020 1215 ejus,
2053 1139 2100 1196 si
2131 1141 2230 1217 qui
2261 1151 2469 1215 essent,
2502 1150 2702 1219 utpote

270 1240 438 1278 mere
467 1216 789 1296 personale,
822 1216 1105 1293 pertinere
1135 1234 1251 1271 non
1279 1225 1490 1291 posset.
1578 1216 1798 1274 Verum
1827 1217 1964 1275 licet
1991 1219 2157 1278 facile
2193 1222 2522 1295 concedam,
2555 1222 2703 1280 hane

272 1300 733 1379 praerogativam
765 1298 937 1354 Petro
966 1314 1295 1353 concessam
1345 1295 1541 1368 fuisse,
1584 1296 1780 1352 nescio
1829 1306 2020 1354 tamen
2051 1318 2123 1355 an
2155 1302 2452 1359 commode
2483 1322 2558 1359 ex
2587 1302 2702 1359 isto

272 1380 414 1438 loco
456 1378 679 1437 adstrui
721 1384 935 1453 posset,
980 1376 1079 1435 ubi
1122 1375 1314 1451 agitur
1340 1394 1457 1432 non
1500 1384 1619 1433 tam
1662 1374 1734 1433 de
1775 1375 2078 1435 fundatore
2121 1388 2179 1437 et
2217 1380 2547 1453 architecto,
2599 1380 2700 1457 qui

278 1458 595 1518 aediflcimn
640 1456 815 1515 debet
856 1455 1133 1514 instruere
1176 1464 1234 1512 et
1277 1453 1709 1513 fundamentum
1744 1456 1955 1531 jacere,
2002 1476 2172 1534 quam
2217 1460 2289 1516 de
2333 1460 2705 1517 fundamento

280 1541 435 1616 ipso,
466 1539 559 1597 eui
590 1538 765 1595 debet
808 1535 1141 1612 superstrui.
1208 1534 1329 1592 Nee
1372 1554 1626 1611 unquam
1671 1534 1874 1593 similis
1915 1534 2130 1595 locutio
2179 1538 2272 1597 vel
2316 1538 2471 1616 apud
2509 1558 2704 1597 sacros

278 1620 383 1677 vel
430 1616 585 1695 apud
635 1616 907 1695 profanos
950 1625 1213 1673 auctores
1262 1614 1427 1673 facile
1460 1615 1802 1689 invenietur,
1832 1615 1893 1673 in
1915 1636 2030 1691 quo
2060 1618 2266 1677 domus
2321 1637 2494 1697 super
2521 1620 2706 1677 archi·

275 1708 502 1758 tectum
531 1696 815 1755 aedificata
840 1696 1083 1771 legatur,
1116 1695 1381 1772 quamvis
1423 1716 1575 1771 saepe
1604 1696 1698 1752 hic
1727 1695 1822 1753 vel
1852 1697 1949 1754 ille
1972 1696 2198 1757 dicatur
2245 1699 2478 1757 domum
2523 1699 2700 1757 aedifi-

282 1798 453 1837 casse
481 1787 541 1836 et
568 1776 943 1835 fundamenta
970 1777 1097 1852 ejus
1132 1775 1363 1851 jecisse.
1449 1776 1571 1832 Nec
1612 1775 1775 1833 locus
1817 1777 1914 1853 qui
1955 1776 2191 1837 affertur
2230 1800 2304 1837 ex
2349 1780 2536 1857 Apoc.
2581 1782 2704 1839 xxi.

292 1862 389 1932 14,
440 1858 543 1917 ubi
592 1856 827 1914 nomina
881 1855 1269 1933 apostolorum
1334 1854 1605 1913 dicuntur
1645 1856 1922 1933 inscripta
1962 1856 2266 1917 duodecim
2315 1860 2706 1919 fundamentis

286 1938 565 2010 civitatis,
612 1938 721 1995 hoc
752 1936 984 2008 evincit,
1016 1935 1110 1993 vel
1134 1935 1233 2011 qui
1262 1935 1477 2010 petitur
1504 1956 1579 1993 ex
1610 1936 1824 2011 Ephes.
1855 1937 1914 1995 ii.
1947 1940 2040 2011 20,
2073 1937 2174 1997 ubi
2205 1940 2470 1997 Ecclesia
2497 1940 2709 1998 dieitur

288 2022 331 2051 “
352 2017 673 2094 superstrui
716 2016 1089 2074 fundamento
1151 2013 1557 2091 prophetarum
1612 2026 1673 2074 et
1740 2018 2189 2093 apostolorum.''
2275 2020 2441 2093 Nam,
2485 2030 2553 2078 ut
2584 2020 2709 2096 jam

290 2118 469 2175 supra
497 2096 937 2169 insinuavimus,
980 2095 1091 2153 hoc
1134 2114 1247 2151 non
1290 2094 1363 2151 ad
1392 2114 1685 2170 personae,
1731 2097 1834 2153 sed
1876 2097 1950 2153 ad
1993 2098 2310 2156 doctrinam
2346 2100 2709 2158 referendum

292 2188 403 2251 est,
437 2177 605 2255 quasi
634 2176 791 2235 dieat
820 2176 1028 2252 Apost.
1058 2173 1231 2231 fidem
1262 2174 1646 2249 Ephesiorum
1679 2175 1784 2233 niti
1815 2178 2152 2236 auctoritate
2178 2180 2476 2254 utriusque
2505 2179 2706 2237 Testa-

290 2258 494 2330 menti,
526 2265 591 2315 ut
639 2255 893 2333 explieat
920 2256 959 2314 J
966 2254 1307 2327 ustinianus,
1339 2262 1397 2312 et
1426 2254 1687 2313 doctrina
1715 2265 1833 2313 tum
1870 2258 2276 2334 prophetarum
2328 2268 2447 2317 tum
2480 2269 2713 2335 aposto-

290 2338 483 2396 lorum
508 2360 522 2412 ;
566 2336 627 2394 id
656 2337 809 2395 enim
840 2334 911 2393 de
940 2334 1201 2411 personis
1230 2334 1632 2410 prophetarum
1663 2335 1912 2413 intelligi
1959 2356 2074 2395 non
2094 2358 2278 2415 posse,
2306 2340 2446 2397 satis
2469 2360 2540 2397 ex
2561 2338 2713 2416 ipso-

292 2438 423 2475 rum
469 2416 941 2491 commigratione
984 2414 1059 2471 ad
1104 2414 1293 2472 Deum
1350 2425 1593 2473 constat.
1681 2416 1766 2474 At
1809 2416 2034 2475 Mosem
2076 2428 2135 2477 et
2175 2420 2485 2497 prophetas
2525 2420 2716 2479 adhue

292 2498 597 2569 habemus,
629 2505 694 2555 ut
722 2496 803 2553 ait
834 2495 1129 2553 Abraham
1161 2493 1232 2552 ad
1262 2494 1585 2571 epulonem,
1612 2494 1755 2554 Luc.
1781 2497 1920 2573 xvi„
1946 2498 2082 2575 quia
2111 2518 2307 2557 corum
2338 2500 2612 2575 doctrina,
2645 2500 2715 2558 li-

290 2578 418 2637 bris
445 2576 659 2636 veteris
688 2573 1043 2634 Testamenti
1072 2574 1429 2651 consignata,
1460 2595 1613 2634 nime
1643 2577 1816 2635 etiam
1845 2576 2036 2635 locum
2086 2578 2324 2655 obtinet,
2357 2582 2590 2639 unicum
2615 2602 2715 2640 au-

294 2666 417 2716 tem
446 2656 659 2715 dicitur
684 2655 1121 2715 fundamentum
1152 2656 1341 2732 quoad
1371 2676 1716 2715 consensum
1747 2666 1804 2715 et
1833 2657 2170 2733 doctrinam,
2207 2661 2474 2736 quamvis
2522 2662 2717 2720 multi·

298 2738 439 2816 plex
464 2738 539 2795 sit
566 2736 759 2813 quoad
786 2754 1077 2812 personas.

384 2816 529 2875 XV.
582 2816 861 2891 Quamvis
889 2836 1027 2873 vero
1058 2814 1341 2891 daremus,
1374 2814 1528 2892 quod
1557 2835 1677 2873 non
1698 2816 2065 2875 concedimus
2089 2828 2298 2889 tamen,
2329 2818 2476 2875 hane
2502 2819 2718 2877 Christi

299 2898 741 2975 promissionem
765 2896 837 2953 ad
870 2896 1027 2953 Petri
1047 2895 1219 2953 unius
1241 2914 1542 2972 personam
1574 2896 1876 2972 respicere,
1907 2916 1982 2954 ne
2012 2896 2094 2953 sie
2123 2896 2354 2971 quidem
2385 2898 2718 2957 evincerent

302 2976 638 3050 adversarii,
693 2976 959 3034 Pontifici
986 2975 1097 3033 hoe
1117 2975 1219 3052 jus
1248 2983 1587 3051 competere,
1618 2974 2084 3050 quandoquidem
2115 2974 2449 3049 longissime
2479 2975 2656 3034 distat
2685 2997 2720 3035 a

304 3058 481 3116 Petro
514 3058 689 3133 Papa,
722 3076 827 3113 nec
856 3056 929 3112 ab
957 3056 1059 3113 illo
1087 3054 1161 3112 ad
1188 3054 1363 3111 istum
1394 3053 1512 3111 ulla
1548 3062 1738 3129 potest
1781 3053 1914 3112 duci
1943 3055 2370 3129 consequentia.
2455 3054 2621 3130 Nam,
2652 3066 2718 3117 ut

300 3157 457 3196 nune
498 3157 616 3195 non
638 3136 897 3194 dicamus
939 3155 1054 3193 non
1097 3152 1265 3211 posse
1310 3151 1698 3189 successorem
1741 3132 1866 3209 ejus
1895 3133 2132 3207 censeri,
2165 3154 2292 3191 cum
2337 3134 2616 3194 incertum
2643 3138 2720 3198 sit

303 3238 377 3277 an
410 3218 619 3275 Petrus
652 3218 851 3275 Romae
880 3216 1067 3288 fuerit,
1099 3215 1213 3271 imo
1236 3210 1595 3288 gravissimis
1624 3214 1980 3288 argumentis
2017 3214 2396 3274 demonstrari
2425 3226 2636 3294 posset,
2671 3220 2721 3277 si

307 3297 366 3356 id
398 3316 552 3355 nunc
582 3315 901 3373 ageremuS,
935 3292 1169 3354 Petrum
1197 3294 1441 3351 Romam
1470 3312 1764 3369 nunquam
1788 3292 2024 3353 vidisse.
2097 3294 2239 3370 Quis
2269 3316 2382 3355 non
2412 3298 2574 3357 videt
2601 3300 2716 3377 pri-

308 3378 609 3452 vilegium,
644 3375 801 3453 quod
828 3376 923 3433 hie
954 3372 1127 3433 Petro
1157 3372 1463 3447 confertur,
1497 3372 1790 3449 singulare
1813 3392 1957 3449 esse,
1989 3376 2144 3451 quod
2175 3376 2246 3433 ad
2277 3378 2451 3435 alium
2485 3380 2724 3438 extendi

306 3458 555 3533 nequit?
598 3457 694 3514 vel
744 3476 953 3514 munus
982 3455 1359 3531 apostolicum
1390 3454 1691 3530 respicere,
1733 3454 1889 3525 quod
1938 3455 2454 3516 extraordinarium
2504 3460 2629 3532 suit,
2662 3468 2721 3519 et

308 3536 601 3615 proprium
636 3536 895 3613 personis
950 3534 1357 3611 apostolorum,
1416 3534 1676 3609 adeoque
1716 3530 1998 3610 έδωίῖοχον,
2030 3544 2095 3593 ut
2124 3536 2278 3593 enim
2322 3538 2405 3595 illi
2465 3540 2572 3595 soli
2609 3542 2720 3597 913-

307 3642 531 3676 oenmoe
559 3616 807 3691 fuerunt,
840 3625 897 3674 et
915 3613 1249 3673 infallibiles
1278 3614 1338 3671 in
1383 3613 1660 3689 doctrina,
1683 3614 1766 3673 ita
1793 3616 1900 3673 soli
1939 3623 2248 3693 potuerunt
2285 3616 2722 3677 fundamentum

311 3716 439 3757 esse
472 3698 751 3755 Ecclesiae
780 3705 1043 3773 respectu
1070 3693 1363 3752 doctrinae.

416 3777 597 3835 XVI.
683 3775 863 3834 Porro
903 3776 1040 3833 licet
1081 3777 1260 3833 claves
1304 3772 1477 3831 Petro
1520 3772 1787 3832 dicantur
1827 3774 2068 3849 traditae,
2115 3794 2226 3831 non
2271 3774 2406 3832 inde
2463 3776 2726 3851 sequitur

310 3857 629 3935 principem
676 3866 734 3916 et
762 3856 1129 3915 monarcham
1158 3854 1533 3913 constitutum
1576 3854 1754 3913 fuisse
1799 3854 2093 3913 Ecclesiae.
2121 3852 2332 3929 Prim0,
2366 3854 2500 3930 quia
2529 3855 2723 3915 claves

314 3946 453 3995 sunt
496 3938 801 4008 ministerii,
862 3956 991 4013 quae
1020 3934 1231 3993 dantur
1271 3934 1585 3991 oeconomis
1629 3944 1686 3993 et
1738 3935 1939 4010 servis,
1978 3938 2000 3993 1
2041 3934 2298 3992 Corinth.
2339 3935 2416 3991 iv.
2455 3938 2504 4008 1,
2535 3936 2724 4011 qualis

308 4016 421 4075 fuit
472 4017 745 4089 Eliakim,
781 4016 895 4074 Isa.
927 4015 1070 4073 xxii.
1096 4017 1191 4072 20.
1238 4014 1369 4071 Non
1400 4013 1595 4071 claves
1617 4015 1865 4087 dominii,
1891 4036 2019 4092 quae
2049 4014 2260 4072 dantur
2285 4014 2411 4091 regi
2460 4024 2518 4072 et
2567 4016 2720 4091 prin-

311 4096 446 4173 cipi,
478 4118 594 4174 quo
621 4116 793 4155 sensu
826 4096 1090 4155 Christus
1118 4094 1343 4168 dicitur,
1378 4093 1563 4169 Apoc.
1596 4094 1678 4153 iii.
1711 4099 1764 4169 7,
1802 4098 1836 4127 ‘⁴
1858 4096 2068 4154 habere
2089 4094 2310 4153 clavem
2338 4094 2599 4167 Davidis,
2626 4096 2724 4171 qui

313 4175 533 4235 claudit
555 4186 613 4235 et
653 4197 821 4234 nemo
852 4176 1051 4253 aperit,
1084 4183 1142 4233 et
1182 4174 1281 4249 qui
1311 4174 1495 4250 aperit
1536 4182 1595 4231 et
1635 4194 1806 4233 nemo
1849 4175 2124 4232 claudit.’'
2213 4172 2496 4247 SecundO,
2531 4175 2726 4234 claves

316 4257 445 4315 istae
474 4276 589 4313 non
620 4258 729 4315 soli
759 4255 933 4314 Petro
963 4255 1193 4313 fuerunt
1221 4253 1388 4329 datae,
1438 4253 1539 4311 sed
1568 4254 1628 4311 in
1656 4273 1902 4330 persona
1933 4254 2092 4313 Petri
2131 4254 2368 4311 unitatis
2397 4254 2442 4311 si
2449 4254 2724 4331 gnifican·

316 4336 407 4394 dae
438 4337 639 4413 gratia,
672 4346 736 4396 ut
784 4346 1011 4394 veteres
1042 4334 1437 4403 observarunt,
1470 4334 1738 4391 omnibus
1783 4334 2076 4409 apostolis,
2119 4333 2232 4390 imo
2255 4342 2312 4390 et
2335 4334 2581 4411 singulis
2613 4336 2724 4395 Ec-

317 4415 509 4475 clesiae
538 4416 833 4489 ministris,
884 4414 1037 4472 undo
1060 4412 1215 4490 quod
1244 4413 1337 4470 hic
1380 4410 1553 4470 Petro
1582 4412 1929 4484 vindicatur,
1955 4412 2083 4470 aliis
2111 4412 2480 4490 promittitur,
2515 4416 2726 4477 Matth.

316 4496 483 4554 xviii.
519 4499 610 4569 18,
661 4500 695 4529 “
715 4496 908 4553 Amen
937 4494 1067 4551 dico
1097 4492 1282 4564 vobiS,
1312 4510 1669 4568 quaecunque
1699 4492 2020 4569 ligaveritis
2065 4492 2124 4549 in
2147 4492 2330 4569 terris,
2353 4495 2532 4573 ligata
2560 4508 2728 4557 erunt

314 4575 376 4632 in
406 4576 623 4650 coelis,’‘
666 4584 725 4634 et·
752 4574 928 4635 Joan.
959 4594 1061 4631 xx.
1093 4576 1189 4645 23,
1237 4575 1272 4604 ‘⁶
1292 4571 1544 4645 Quorum
1570 4571 1905 4629 remiseritis
1935 4582 2186 4649 peccata,
2217 4577 2580 4636 remittentur
2607 4579 2726 4653 eis;

320 4674 565 4731 quorum
620 4654 991 4728 retinueritis,
1055 4661 1279 4712 retenta
1324 4650 1549 4708 erunt.'’
1596 4650 1763 4723 Quod
1820 4652 2026 4711 attinet
2074 4674 2214 4713 vero
2283 4658 2492 4732 triplex
2536 4678 2728 4740 pasce,
