3234 5192
291 324 522 369 nisrur.
555 303 692 384 vm]
1027 320 1104 361 ns
1135 320 1430 359 erimusne
1457 316 1633 359 sums
1666 319 1739 358 ffl-
1768 318 1968 359 staats.
2606 304 2725 363 335

298 467 487 525 foedus
518 462 898 524 Israeliticum
929 482 992 521 se
1019 462 1149 521 vult
1179 462 1432 539 recipere
1463 480 1530 519 ac
1559 460 1785 536 sociari,
1816 468 1875 519 et
1892 460 2000 519 sub
2020 460 2127 519 alis
2150 461 2363 520 divinas
2394 462 2725 541 Majestatis

301 568 363 607 se
391 546 658 623 recipere,
681 545 1008 623 jugumque
1039 541 1218 618 Legis
1245 542 1304 600 in
1336 560 1396 599 se
1426 540 1737 618 suscipere,
1788 540 2167 615 circumcisi0‚
2198 540 2519 617 baptismus
2548 552 2723 621 atque

296 627 511 687 oblatio
539 625 868 685 voluntaria
895 621 1326 700 requiruntur.’'
1425 620 1596 680 Unde
1626 621 1827 679 tritum
1856 620 2088 680 axioma
2114 624 2261 681 bne-a
2290 624 2442 682 baa-e
2472 644 2533 682 w
2564 644 2616 682 -u
2644 648 2722 699 w

299 710 334 741 “
356 708 410 767 N
413 727 488 766 on
516 714 604 766 est
631 705 762 785 quis
790 704 1120 783 proselytus
1150 701 1474 778 usquedum
1503 700 1963 777 circumcidatur,
1990 709 2048 760 et
2076 702 2457 779 baptizetur.''
2554 704 2725 779 Quod

293 788 572 848 rationem
599 785 952 845 luculentam
981 782 1151 841 nobis
1181 781 1526 859 suppeditat,
1558 799 1737 858 quare
1766 788 1825 839 et
1852 782 1896 841 J
1900 800 2115 840 oannes
2134 791 2193 840 et
2222 782 2485 842 Christus
2504 783 2723 863 baptis·

297 867 377 927 mi
405 875 828 927 sacramentum
849 862 1220 938 instituerint,
1237 870 1295 921 et
1323 882 1426 920 cur
1452 862 1670 920 nemini
1696 861 1905 920 mirum
1934 862 2046 921 hoc
2062 862 2251 921 visum
2273 863 2349 923 sit
2370 882 2445 923 ex
2473 863 2518 924 J
2520 864 2720 942 udseis,

297 948 433 1027 quia
459 946 607 1007 nihil
634 947 830 1006 notius
857 953 916 1004 et
943 944 1214 1003 usitatius
1243 949 1366 1001 erat
1392 942 1544 1000 inter
1563 942 1757 1019 ipsos:
1843 942 2051 1001 Posset
2078 962 2219 1021 ergo
2236 963 2355 1002 non
2378 944 2501 1003 sine
2529 944 2727 1023 aliqua

295 1028 420 1087 veri
447 1028 637 1107 speeie
666 1026 799 1101 dici,
849 1024 1126 1104 populum
1175 1022 1530 1100 baptizatum
1573 1020 1751 1081 fixisse
1780 1022 1839 1080 in
1890 1022 2135 1099 Mosem,
2166 1023 2303 1102 quia
2338 1024 2580 1084 solemni
2608 1026 2723 1085 ritu

299 1108 495 1168 Moses
525 1116 658 1167 ante
687 1105 1111 1185 promulgatam
1142 1104 1360 1181 Legem
1390 1102 1554 1161 illum
1581 1102 1905 1179 baptizarit.

377 1188 603 1247 XXII.
649 1188 868 1245 Verum
897 1184 1036 1243 licet
1061 1203 1180 1241 non
1207 1182 1469 1258 diffitear,
1499 1181 1745 1242 Judaeos
1773 1183 1845 1241 de
1873 1183 2162 1262 baptismo
2188 1184 2303 1243 isto
2342 1184 2529 1245 Mosis
2568 1206 2721 1265 saepe

295 1269 649 1330 mentionem
677 1267 948 1344 injicere;
995 1284 1112 1323 non
1138 1263 1206 1322 fit
1231 1262 1546 1322 verisimile
1575 1270 1769 1321 tamen
1790 1264 1903 1321 hoc
1946 1264 2075 1322 loeo
2106 1262 2353 1323 Paulum
2377 1284 2447 1323 eo
2481 1284 2717 1343 respex-

293 1348 445 1423 isse3
489 1355 614 1406 tum
643 1346 781 1422 quia
809 1344 1117 1403 dicendum
1147 1343 1353 1402 fuisset
1400 1342 1725 1420 baptizatos
1754 1342 1929 1401 fuisse
1948 1362 2063 1419 per
2088 1342 2329 1419 Morem,
2360 1363 2473 1403 non
2498 1346 2559 1403 in
2585 1346 2715 1405 Μο-

294 1448 427 1502 sem,
459 1435 586 1485 tum
613 1424 750 1502 quia
787 1423 1153 1483 manifestum
1185 1430 1289 1499 est,
1321 1423 1510 1501 ipsum
1540 1422 1616 1481 ad
1644 1422 1969 1481 columnam
1998 1423 2170 1483 nubis
2199 1432 2257 1483 et
2284 1423 2589 1484 transitum
2616 1444 2723 1503 per

297 1526 456 1566 mare
485 1505 732 1585 digitum
756 1503 1068 1579 intendere,
1102 1523 1218 1562 non
1247 1523 1386 1563 vero
1410 1502 1486 1562 ad
1534 1504 2047 1562 sanctificationem
2076 1504 2275 1581 populi
2304 1512 2437 1563 ante
2465 1504 2718 1582 promul-

297 1588 590 1666 gationem
623 1586 817 1663 Legis,
849 1594 915 1645 ut
963 1584 1024 1641 in
1073 1584 1450 1661 sequentibus
1499 1583 1572 1642 de
1619 1602 1833 1641 manna
1880 1592 1939 1643 et
1987 1582 2059 1643 de
2104 1592 2269 1661 petra
2313 1584 2540 1645 duobus
2588 1586 2718 1647 aliis

295 1667 588 1727 miraculis
641 1665 1003 1725 eucharistiae
1067 1664 1649 1743 correspondentibus
1698 1663 1969 1742 loquitur.
2064 1664 2313 1724 Accedit
2371 1664 2527 1743 quod
2584 1686 2717 1726 cum

295 1748 615 1827 Apostolus
645 1746 756 1805 ista
783 1746 896 1805 tria
924 1745 996 1805 de
1025 1766 1142 1805 uno
1169 1744 1459 1824 baptismo
1487 1743 1705 1819 efferat,
1729 1762 1847 1802 non
1875 1744 1947 1803 de
1996 1744 2275 1821 pluribus,
2309 1745 2447 1805 dum
2475 1746 2557 1805 ait
2577 1748 2714 1825 bap-

297 1830 489 1888 tizatos
517 1848 631 1887 esse
651 1828 710 1886 in
737 1828 971 1902 M'osem,
1002 1826 1062 1884 in
1089 1826 1228 1885 nube
1275 1826 1408 1883 etin
1447 1825 1613 1898 naar-i,
1666 1832 1732 1883 ut
1778 1824 1981 1884 innuat
2027 1832 2165 1884 tnnc
2214 1846 2349 1885 vere
2394 1827 2721 1905 baptizatos

295 1907 470 1968 fuisse
498 1910 560 1966 in
587 1908 832 1982 Mosem,
863 1906 926 1965 id
953 1914 1042 1965 est
1061 1906 1319 1965 initiatos
1347 1906 1406 1963 in
1429 1904 1556 1983 ejus
1574 1904 1911 1981 doctrinam,
1932 1906 2163 1983 quando
2185 1906 2417 1966 fuerunt
2432 1908 2543 1966 sub
2563 1908 2719 1969 nube

295 1996 354 2048 et
381 1989 441 2047 in
467 1987 612 2046 mari
635 2010 650 2065 3
695 1986 923 2046 ostendi
951 1986 1116 2045 facile
1143 2006 1262 2045 non
1289 1984 1490 2063 possit,
1521 1984 1813 2061 quomodo
1840 1985 2161 2063 baptismus
2180 1986 2279 2045 ille
2298 1986 2421 2047 sive
2450 1989 2723 2049 lustratio

297 2068 561 2128 Mosai'ca
588 2067 814 2127 dicatur
839 2066 992 2125 facta
1019 2066 1078 2123 in
1100 2066 1253 2124 nube
1281 2066 1421 2124 etin
1447 2066 1626 2142 mari;
1672 2065 1829 2144 quod
1856 2084 1973 2124 non
2000 2066 2308 2125 obscurum
2338 2076 2426 2127 est
2454 2068 2527 2127 de
2557 2088 2719 2128 mora

297 2151 404 2208 sub
425 2149 598 2221 nube,
623 2156 682 2206 et
709 2147 956 2206 transitu
977 2166 1081 2223 per
1095 2164 1272 2203 mare.
1320 2144 1606 2203 Nimirum
1628 2153 1695 2205 ut
1721 2146 1783 2203 in
1803 2145 2148 2224 baptismate
2168 2155 2368 2205 nostro
2390 2148 2501 2206 tria
2518 2168 2714 2207 occur·

295 2237 446 2303 runt,
472 2228 678 2287 Gratia
705 2226 974 2301 coelestis,
1007 2225 1285 2301 Verbum,
1323 2224 1526 2302 Aqua;
1577 2224 1809 2302 Gratia,
1840 2226 1901 2283 in
1924 2246 2097 2303 quam
2124 2226 2435 2303 initiamur,
2478 2230 2719 2287 Verbum

295 2329 412 2387 quo
440 2306 812 2380 instituimur,
843 2305 1028 2383 Aqua,
1061 2324 1178 2383 qua
1203 2304 1518 2383 tingimur;
1566 2306 1660 2365 Ita
1686 2306 1798 2364 tria
1826 2306 1885 2363 in
1913 2306 2200 2384 baptismo
2224 2307 2489 2367 Mosai‘eo
2516 2328 2715 2369 occur-

297 2394 448 2465 runt,
481 2388 688 2464 Nubae,
719 2388 925 2463 Mose-⁹,
956 2394 1014 2445 et
1043 2388 1218 2445 Mare
1236 2410 1262 2460 ;
1299 2388 1491 2445 Nubes
1521 2386 1849 2463 symbolum
1878 2386 1988 2446 fuit
2016 2388 2218 2465 gratiae
2248 2396 2307 2447 et
2343 2390 2717 2467 protectionis

296 2468 549 2529 coelestis
575 2468 637 2527 in
665 2487 839 2547 quam
859 2466 1252 2543 initiabantur,
1285 2468 1472 2526 Moses
1498 2466 1950 2544 repraesentabat
1993 2466 2311 2528 doctrinam
2360 2468 2625 2547 legalem,
2658 2478 2717 2530 et

293 2550 702 2629 promissiones
730 2548 1012 2627 gratuitas
1022 2547 1221 2623 Verbi,
1247 2568 1488 2627 quarum
1511 2546 1869 2607 confirmatio
1892 2547 2263 2610 Sacramento
2280 2550 2711 2628 obsignabatur,

293 2632 468 2690 Mare
492 2630 667 2690 refert
688 2650 896 2707 aquam
924 2628 1196 2707 baptismi
1226 2648 1341 2705 qua
1369 2628 1659 2687 abluimur
1681 2651 1695 2703 ;
1740 2648 1856 2705 quo
1878 2628 2126 2689 tendunt
2152 2630 2265 2690 ista
2286 2630 2633 2690 Theodoreti
2656 2632 2716 2690 in

296 2710 446 2771 Ex0.
477 2718 679 2790 quaest.
711 2714 806 2786 20,
843 2712 878 2743 ‘⁸
901 2708 1130 2787 Typum
1159 2708 1364 2767 habuit
1411 2707 1736 2785 baptisterii
1770 2727 1943 2784 mare,
1990 2708 2237 2787 Spiritus
2265 2709 2467 2784 nubes,
2502 2710 2717 2769 Christi

299 2790 624 2851 Servatoris
664 2790 881 2865 Moses,
931 2790 1132 2849 Crucis
1177 2786 1440 2863 baculus,
1496 2786 1731 2846 Diaboli
1778 2788 2020 2864 Phara0,
2056 2789 2399 2847 Daemonum
2422 2788 2715 2867 AEgyptii,

297 2870 518 2929 Manna
543 2870 742 2947 pabuli
771 2868 973 2944 divini,
1005 2876 1184 2946 petrae
1212 2868 1390 2943 Aqua
1419 2866 1720 2943 sanguinis
1748 2867 2047 2926 salutiferi.

380 2949 648 3007 XXIII.
689 2946 1025 3005 Videndum
1074 2966 1214 3022 ergo
1262 2953 1541 3022 superest,
1595 2946 1899 3020 Quomodo
1946 2966 2108 3004 mora
2152 2946 2254 3004 illa
2298 2946 2407 3005 sub
2452 2946 2625 3021 nube,
2657 2956 2717 3008 et

297 3027 576 3086 transitus
603 3046 708 3103 per
734 3044 890 3083 mare
917 3025 1192 3101 baptismi
1219 3024 1452 3083 nomine
1482 3024 1877 3101 designentur,
1909 3044 2039 3083 cum
2069 3046 2175 3084 nec
2204 3026 2379 3085 maris
2406 3026 2578 3085 undis
2606 3027 2715 3086 im-

299 3106 491 3180 mersi,
521 3125 628 3163 nec
656 3104 830 3162 nubis
858 3103 1161 3181 aspergine
1189 3104 1286 3163 vel
1313 3102 1611 3163 levissima
1629 3104 1831 3164 attacti
1855 3106 2144 3181 legantur.
2231 3104 2479 3180 Quidam
2507 3107 2713 3168 volunt

299 3185 592 3246 Israe‘litas
621 3184 737 3243 dici
764 3183 1088 3262 baptizatos
1115 3184 1178 3241 in
1219 3183 1374 3243 nube
1418 3191 1478 3243 et
1520 3185 1684 3259 mari,
1715 3204 1830 3243 non
1859 3184 2015 3261 quod
2042 3186 2186 3245 mari
2214 3186 2311 3246 vel
2338 3186 2491 3247 nube
2520 3198 2714 3249 essent

296 3266 496 3343 abluti,
529 3266 686 3361 quod
713 3264 779 3324 fit
801 3264 860 3323 in
887 3270 1086 3325 nostro
1139 3263 1443 3343 baptism0,
1476 3263 1578 3323 sed
1607 3264 1745 3344 qnia
1774 3264 2056 3323 Corinthii
2084 3266 2157 3326 de
2184 3268 2471 3347 baptismo
2499 3269 2712 3347 gloria-

294 3348 520 3425 bantur,
553 3346 684 3407 1deo
703 3364 916 3405 nomen
937 3343 1210 3421 baptismi
1227 3344 1577 3422 Apostolum
1595 3344 1876 3403 indidisse
1903 3345 1975 3405 iis
2003 3347 2191 3423 rebus,
2218 3348 2291 3408 de
2308 3350 2521 3428 quibus
2548 3371 2719 3430 aeque

297 3429 558 3489 licuisset
589 3426 872 3489 Israelitis
913 3423 1168 3504 gloriari,
1199 3444 1266 3484 ae
1289 3424 1603 3485 Corinthiis
1632 3425 1705 3485 de
1733 3425 2037 3503 baptismo.
2125 3427 2348 3489 Verum
2391 3430 2716 3491 leviuscula

297 3509 529 3569 videtur
554 3510 680 3568 haec
710 3504 1188 3566 nomenclationis
1216 3504 1382 3581 rati0,
1413 3524 1520 3563 nec
1549 3506 1691 3564 satis
1735 3512 1987 3565 mentem
2037 3506 2208 3567 Pauli
2236 3511 2579 3588 assequitur,
2612 3513 2714 3589 qui

297 3588 369 3649 de
398 3588 683 3647 industria
703 3585 936 3647 videtur
961 3585 1238 3662 selegisse
1265 3585 1379 3644 ista
1397 3585 1693 3661 miracula,
1744 3593 1977 3664 propter
2022 3588 2365 3666 analogiam,
2416 3610 2545 3669 quae
2572 3592 2719 3668 ipsis

294 3668 688 3728 intercedebat
715 3686 846 3726 cum
880 3666 1265 3727 sacramentis
1292 3666 1524 3725 nostris.
1611 3665 1783 3727 Unde
1810 3666 1921 3724 hac
1949 3665 2021 3725 de
2071 3686 2245 3726 causa
2264 3670 2720 3730 circumcisionis

295 3768 414 3807 non
444 3748 722 3823 meminit,
752 3746 908 3826 qnod
936 3754 1130 3807 tamen
1158 3752 1580 3807 sacramentum
1600 3746 1711 3805 fuit
1736 3746 2089 3807 ordinarium
2108 3748 2183 3807 V.
2208 3749 2275 3809 Τ.
2296 3750 2433 3827 quia
2458 3768 2575 3808 non
2596 3756 2717 3809 tam

296 3836 496 3907 aperta
523 3828 831 3888 videbatur
857 3846 988 3887 eum
1017 3846 1167 3905 aqua
1213 3826 1488 3907 baptismi
1535 3827 1872 3887 similitudo.
1960 3828 2023 3887 Si
2050 3836 2340 3908 quaeratur
2359 3830 2483 3907 jam
2512 3829 2573 3887 in
2600 3849 2723 3908 quo

296 3907 566 3986 analogia
581 3908 683 3968 illa
694 3908 805 3968 sita
822 3908 914 3984 sit,
933 3908 1100 3987 plura
1121 3906 1310 3968 afferri
1327 3915 1587 3987 possunt,
1612 3908 1738 3968 sive
1756 3909 2069 3987 materiam,
2092 3910 2217 3969 sive
2236 3909 2409 3969 finem
2433 3918 2492 3969 et
2512 3909 2719 3970 effecta

297 3988 599 4067 utriusque
627 3988 889 4049 miraculi
917 3986 1298 4049 attendamus.
1383 3990 1438 4048 N
1440 4010 1532 4048 am
1582 3989 1776 4067 quoad
1820 3990 2049 4066 nubem,
2099 3998 2167 4051 ut
2212 3989 2510 4069 paululum
2538 3990 2719 4051 distat

293 4070 369 4130 ab
391 4090 560 4149 aqua,
587 4070 670 4130 ita
691 4069 830 4129 dum
859 4070 967 4130 sub
997 4088 1216 4147 aquosa
1245 4070 1400 4129 nube
1421 4070 1669 4147 fuerunt,
1701 4069 1905 4148 quidni
1948 4090 2100 4149 aqua
2146 4090 2223 4131 ex
2266 4071 2369 4130 illa
2415 4070 2723 4131 decidente

294 4152 514 4229 aspersi
543 4150 660 4210 dici
685 4159 930 4229 possunt
948 4152 979 4211 Ρ
1018 4152 1117 4211 vel
1164 4170 1295 4229 quas
1333 4152 1604 4227 guttatim
1654 4150 1949 4227 deflueret,
1978 4152 2075 4211 vel
2101 4172 2206 4231 per
2240 4152 2495 4231 pluviam
2544 4152 2717 4211 etiam

293 4231 602 4310 copiosam,
634 4251 763 4309 quse
784 4233 972 4310 potuit
998 4252 1035 4290 a
1063 4230 1191 4291 Deo
1218 4230 1458 4291 immitti
1483 4231 1559 4290 ad
1595 4231 1797 4309 populi
1842 4232 2201 4310 refrigerium
2243 4240 2303 4293 et
2328 4232 2721 4309 refectionem,

293 4312 450 4389 qnod
475 4311 709 4373 videtur
733 4311 1029 4385 insinuari,
1063 4310 1218 4371 Psal.
1239 4311 1430 4371 lxviii.
1461 4316 1516 4388 7,
1547 4314 1604 4384 8,
1636 4314 1691 4386 9,
1711 4312 1812 4371 ubi
1836 4312 2065 4372 Psaltes
2084 4313 2196 4371 iter
2220 4312 2368 4372 illud
2384 4312 2717 4375 describens

293 4392 644 4452 mentionem
673 4392 810 4452 facit
838 4392 1054 4470 pluvias
1082 4392 1441 4469 largissimae,
1496 4394 1532 4425 “
1557 4392 1608 4451 Ο
1642 4392 1818 4467 Deus,
1851 4412 1979 4452 cum
2026 4393 2365 4471 procederes
2394 4413 2587 4453 coram
2615 4415 2717 4474 po·-

331 4472 434 4533 ulo
463 4481 582 4549 tu0,
614 4493 746 4534 curn
775 4493 880 4551 per
907 4490 1162 4531 eremum
1192 4470 1531 4548 gradereris,
1561 4478 1717 4531 terra
1743 4472 2101 4549 movebatur,
2133 4473 2264 4532 coeli
2284 4472 2458 4534 etiam
2472 4474 2717 4537 distilla-

291 4492 436 4614 bant
463 4574 498 4613 a
527 4554 672 4613 facie
697 4552 828 4629 Dei,
867 4552 1031 4612 Sinai·
1059 4572 1093 4611 a
1136 4549 1282 4611 facie
1332 4549 1461 4627 Dei,
1507 4550 1767 4629 pluviam
1808 4551 2197 4629 largissimam
2248 4555 2509 4615 stillabas
2539 4555 2721 4633 Deus,

293 4652 410 4710 qua
435 4635 830 4695 haereditatem
865 4642 1022 4693 tuam
1052 4631 1335 4693 defessam
1366 4632 1789 4693 restaurabas.”
1877 4632 1993 4693 Sed
2021 4635 2132 4694 hoe
2178 4635 2531 4697 luculentius
2565 4646 2727 4716 patet
