3234 5192
337 361 572 403 msrur.
600 342 733 423 Χῖ]
911 360 989 400 ns
1020 358 1511 400 suisne-noum
1540 358 1784 401 camsi-1
1813 362 2130 405 vem-run.
2625 352 2739 411 507

340 502 600 561 reditum
630 500 853 561 Christi
880 519 957 559 ex
985 501 1255 577 AEgypto
1285 517 1405 575 quo
1433 506 1678 575 propter
1719 501 1982 561 Herodis
2011 505 2480 577 persecutionem
2507 526 2545 566 a
2571 508 2744 569 Jose-

344 584 467 657 pho
493 580 693 638 fuerat
718 580 975 637 delatus.
1023 579 1122 637 Sic
1148 578 1291 635 alibi
1318 595 1473 653 saepe
1502 580 1754 636 verbum
1781 580 1944 637 istud
1971 580 2034 637 in
2062 581 2144 639 N.
2175 582 2244 639 ¹1⁸.
2273 585 2546 643 sumitur.

427 658 611 716 XIX.
657 657 827 715 Licet
872 676 1013 715 vero
1041 666 1297 731 utraque
1328 657 1457 713 haec
1499 657 1794 715 sententia
1819 656 1952 735 ¹vim
1995 660 2358 735 exceptionis
2383 663 2583 719 allatae
2616 664 2749 738 jam

346 737 486 795 satis
512 737 717 808 elidat,
744 735 1041 811 siquidem
1061 734 1381 809 utrobique
1404 734 1688 792 statuitur
1707 737 2004 811 propheta
2023 737 2276 795 ulterius
2295 757 2476 813 quam
2495 742 2572 797 ad
2593 758 2753 798 mor-

345 816 453 873 bos
478 832 791 889 corporeos
818 812 1157 888 respexisse,
1186 818 1387 870 tamen
1413 812 1652 870 facilius
1677 815 1876 871 adhuc
1915 816 2153 873 videtur
2179 818 2374 875 nodus
2399 834 2570 891 posse
2597 819 2750 875 solvi

348 892 400 949 si
426 893 721 950 addamus
738 910 875 949 cum
902 891 1034 949 aliis
1060 892 1189 948 haec
1214 909 1253 948 a
1278 890 1520 965 propria
1544 890 1974 965 significatione
2001 895 2472 970 haudquaquam
2499 895 2751 953 transfe-

347 972 533 1027 renda
576 987 717 1039 esse,
747 978 807 1027 et
842 970 1205 1027 Matthaeum
1234 968 1503 1043 apposite
1530 970 1855 1044 applicasse
1901 969 2080 1029 Isaiae
2106 974 2321 1041 verba;
2365 973 2586 1049 quippe
2613 992 2752 1049 pro-

347 1050 529 1122 pheta
553 1049 859 1124 loquendo
886 1049 961 1105 dc
988 1046 1382 1121 languoribus
1401 1054 1463 1103 et
1486 1047 1798 1104 doloribus
1825 1050 2042 1107 nostris
2069 1050 2426 1123 generaliter
2451 1052 2752 1128 complex-

348 1142 421 1183 us
448 1132 538 1183 est
564 1143 637 1183 ea
663 1126 865 1183 omnia
890 1125 1053 1183 mala
1076 1133 1209 1182 tum
1231 1124 1413 1181 animi
1440 1130 1573 1181 tum
1601 1126 1862 1199 corporis
1889 1126 2108 1201 quibus
2130 1128 2450 1203 affligimur
2469 1138 2606 1205 post
2621 1148 2753 1205 pec-

349 1211 569 1277 eatum,
601 1204 1107 1278 quemadmodum
1134 1203 1353 1259 dicitur
1382 1202 1652 1261 Christus
1694 1210 1730 1237 “
1751 1222 1960 1262 sanare
1989 1222 2194 1263 omnes
2219 1206 2588 1265 infirmitates
2616 1226 2753 1265 nos-

350 1282 531 1351 tras,'’
564 1281 720 1337 Psal.
750 1281 863 1337 ciii.
894 1282 950 1352 3,
980 1280 1122 1356 quia
1161 1286 1199 1314 ‘⁸
1224 1280 1329 1339 Sol
1356 1287 1445 1338 est
1484 1279 1527 1337 J
1532 1280 1750 1338 ustitiae
1775 1280 1974 1339 ferens
2001 1282 2316 1341 sanitatem
2341 1282 2406 1339 in
2433 1285 2544 1343 alis
2571 1287 2752 1356 suis,'’

352 1357 503 1415 Mal.
522 1358 601 1415 iv.
626 1378 641 1427 ;
670 1358 949 1432 primario
970 1358 1213 1432 quidem
1234 1365 1296 1415 et
1316 1358 1537 1417 directe
1558 1360 1634 1417 de
1661 1360 1882 1417 morbis
1909 1360 2094 1418 animi
2121 1363 2358 1418 locutus
2380 1368 2487 1433 est,
2518 1364 2621 1437 qui
2641 1365 2750 1421 sci-

352 1435 492 1492 licet
515 1435 709 1492 fontes
730 1442 871 1492 sunt
896 1442 957 1494 et
990 1454 1184 1493 causas
1232 1444 1601 1509 caeterorum,
1632 1444 1696 1495 at
1721 1439 2072 1497 secundario
2099 1446 2160 1496 et
2185 1438 2386 1496 minus
2411 1439 2752 1515 principali-

352 1519 445 1571 ter
470 1532 578 1588 per
604 1514 905 1588 quandam
936 1514 1488 1573 subordinationem
1514 1522 1575 1571 et
1600 1517 2083 1589 consequentiam
2111 1515 2264 1573 nihil
2293 1518 2490 1575 obstat
2515 1520 2750 1593 quomi-

354 1608 471 1649 nus
496 1591 819 1665 respexerit
844 1593 1163 1667 languores
1210 1592 1489 1667 corporis,
1516 1593 1640 1650 sive
1685 1593 1830 1666 quia
1855 1594 2102 1651 illorum
2127 1595 2474 1653 morborum
2501 1596 2750 1671 plurimi

352 1677 594 1746 propter
620 1676 858 1745 peecata
882 1670 1254 1745 infliguntur,
1284 1680 1415 1727 tum
1436 1670 1617 1728 etiam
1645 1678 1706 1730 et
1733 1670 2021 1745 imprimis
2043 1672 2188 1748 quia
2213 1690 2252 1729 a
2277 1680 2518 1747 peccato
2548 1692 2752 1732 omnes

352 1748 731 1825 proveniunt,
762 1748 914 1807 sicut
940 1766 1115 1818 mors,
1165 1756 1226 1806 et
1264 1748 1497 1807 fructus
1542 1757 1686 1806 sunt
1730 1758 2109 1823 peccatorum
2135 1768 2244 1826 per
2280 1770 2416 1826 quse
2443 1752 2666 1810 morbis
2693 1760 2754 1811 et

354 1826 535 1884 morti
585 1827 829 1884 obnoxii
874 1832 1017 1884 sunt
1063 1826 1351 1896 homines,
1380 1834 1453 1885 ut
1498 1826 1800 1901 Chrysost.
1851 1830 2125 1887 observat
2171 1828 2236 1885 in
2261 1831 2322 1888 h.
2351 1831 2392 1887 1.
2437 1830 2479 1888 J
2482 1849 2580 1889 am
2606 1848 2751 1888 vero

354 1901 687 1963 Matthaeus
712 1906 878 1979 quod
906 1903 1263 1977 generaliter
1290 1904 1516 1961 dictum
1542 1906 1745 1963 fuerat
1771 1924 1810 1962 a
1834 1910 2128 1983 propheta
2153 1907 2416 1981 applicat
2441 1909 2754 1983 peculiari-

354 1987 447 2038 ter
492 1985 570 2040 ad
600 1990 823 2041 certam
862 1980 1209 2038 morborum
1254 1980 1523 2053 speciem,
1571 1984 1814 2041 morbos
1859 1985 2082 2041 scilicet
2107 1986 2383 2057 corporis,
2423 2004 2544 2042 non
2573 1994 2756 2059 negat

356 2064 555 2117 tamen
585 2068 900 2135 propterea
930 2057 1155 2114 Isaiam
1172 2074 1348 2129 agere
1376 2058 1451 2113 de
1472 2058 1696 2114 morbis
1721 2060 1926 2129 animi,
1948 2062 2046 2117 vel
2073 2062 2340 2118 excludit
2355 2080 2564 2119 eorum
2587 2082 2757 2119 cura-

357 2137 603 2207 tionem,
652 2137 775 2192 imo
802 2136 1003 2209 potius
1050 2133 1305 2190 includit
1330 2140 1390 2189 et
1418 2134 1703 2207 supponit
1747 2143 1820 2192 ut
1845 2137 2082 2193 sublata
2108 2154 2290 2193 causa
2315 2138 2594 2195 effectum
2619 2142 2755 2196 tolli

358 2214 741 2282 demonstret,
788 2228 983 2286 neque
1030 2210 1191 2267 enim
1218 2226 1427 2267 sanare
1472 2210 1763 2285 potuisset
1789 2214 2026 2269 morbos
2053 2215 2332 2286 corporis,
2361 2216 2476 2275 nisi
2501 2216 2624 2272 vim
2651 2218 2758 2274 ha-

358 2290 581 2347 buisset
606 2287 859 2347 sanandi
886 2290 1207 2361 languores
1250 2288 1454 2359 animi,
1483 2288 1630 2346 etin
1675 2288 1838 2346 hunc
1861 2292 2038 2347 finem
2068 2290 2302 2349 sanavit
2327 2294 2464 2351 illos
2489 2298 2560 2349 ut
2585 2312 2758 2352 sana-

360 2367 539 2424 tionis
567 2366 891 2442 spiritualis
920 2372 1277 2440 argumenta
1298 2373 1362 2423 et
1386 2366 1730 2425 testimonia
1775 2370 1962 2441 daret,
1990 2368 2272 2445 primario
2301 2371 2468 2429 venit
2507 2373 2584 2429 ad
2621 2390 2757 2447 pro-

358 2446 651 2520 fligandas
680 2446 895 2504 animae
922 2444 1310 2517 infirmitates,
1341 2446 1694 2504 secundario
1722 2454 1792 2505 ut
1817 2465 2025 2505 earum
2071 2448 2315 2508 effectus
2357 2451 2614 2522 tolleret,
2643 2452 2754 2509 ita·

360 2542 477 2599 que
504 2526 593 2583 ab·
608 2525 727 2583 illis
754 2526 866 2583 rite
894 2526 972 2583 ad
1000 2523 1142 2582 istas
1162 2531 1587 2600 argumentum
1612 2526 1911 2601 procedit3
1957 2526 2138 2585 Unde
2180 2530 2308 2587 haec
2333 2547 2454 2587 non
2484 2540 2625 2589 sunt
2653 2548 2758 2604 op-

358 2606 639 2678 ponenda
666 2606 769 2661 sed
807 2605 1235 2679 componenda,
1272 2604 1467 2661 morbi
1514 2604 1702 2661 animi
1727 2605 1992 2679 corporis
2027 2623 2150 2662 non
2172 2614 2470 2683 seponunt
2494 2608 2756 2679 morbos,

360 2684 463 2739 sed
506 2683 699 2740 morbi
744 2682 1007 2757 corporis
1048 2688 1397 2757 supponunt
1442 2682 1684 2738 morbos
1731 2682 1934 2753 animi,
1964 2684 2128 2757 quod
2165 2684 2230 2739 in
2251 2686 2560 2741 sanatione
2586 2702 2758 2758 para-

357 2760 545 2833 lytici,
567 2780 694 2834 cap.
724 2778 863 2834 seq„
883 2758 1145 2816 ostendit
1160 2758 1457 2829 Salvator,
1474 2758 1697 2816 Matth.
1721 2759 1801 2817 ix.
1825 2760 1881 2827 2,
1915 2766 1950 2793 ‘⁴
1967 2758 2210 2816 Confide
2231 2762 2336 2829 fili,
2357 2761 2602 2817 remissa
2617 2770 2760 2819 sunt

358 2844 599 2909 peccata
624 2839 785 2906 tua,”
814 2854 949 2911 quse
994 2842 1137 2891 sunt
1182 2837 1403 2893 scilicet
1428 2853 1610 2891 causa
1645 2836 2002 2893 infirmitatis
2024 2843 2146 2894 tuae
2167 2858 2184 2907 ;
2213 2844 2276 2892 et
2299 2838 2522 2893 ibidem
2549 2838 2760 2899 adver-

360 2930 463 2969 sus
488 2914 967 2987 blasphemantes
993 2910 1279 2981 defendit,
1310 2918 1346 2946 ‘⁸
1369 2912 1586 2969 Utrum
1612 2912 1850 2968 facilius
1869 2919 1958 2968 est
1977 2913 2174 2969 dicere
2199 2913 2468 2969 Remissa
2487 2919 2628 2968 sunt
2649 2914 2758 2971 tibi

358 2996 619 3062 peccata,
666 3008 745 3046 an
790 2990 986 3047 dicere
1030 2989 1221 3060 Surge
1268 2993 1329 3045 et
1372 2988 1675 3045 ambula.”
1726 2989 2018 3061 Ejusdem
2059 2995 2200 3046 sunt
2237 2990 2352 3046 ista
2378 2989 2760 3048 authoritatis

359 3072 423 3122 et
448 3066 523 3122 de
550 3066 819 3141 utrisque
866 3072 1067 3123 textus
1108 3071 1264 3121 recte
1292 3064 1650 3136 intelligitur
1694 3067 1857 3139 apud
1906 3065 2148 3136 haiam,
2177 3066 2507 3124 Matthaeus
2533 3068 2758 3125 morbis

360 3143 641 3218 corporis,
672 3142 885 3201 Petrus
912 3141 1096 3201 animi
1122 3142 1377 3216 peccatis
1398 3141 1690 3217 applicat;
1732 3142 1876 3218 quia
1899 3143 2014 3202 ista
2039 3162 2102 3201 se
2127 3144 2379 3201 invicem
2401 3146 2500 3201 vel
2525 3153 2762 3220 ponunt

359 3222 459 3279 vel
486 3228 860 3297 supponunt3
888 3228 1177 3295 utrosque
1206 3218 1277 3277 E.
1306 3220 1513 3277 tulisse
1538 3220 1760 3279 dicitur
1779 3220 2064 3293 Christus,
2095 3224 2202 3280 sed
2230 3222 2624 3282 diversimode
2649 3243 2760 3299 pro

360 3300 597 3358 diversa
622 3308 842 3359 natura
868 3298 1136 3373 subjecti,
1159 3297 1297 3355 illos
1317 3298 1559 3373 quidem
1580 3302 1915 3358 amovendo
1935 3307 2174 3359 tantum
2193 3318 2314 3358 non
2332 3301 2598 3374 ferendo,
2617 3304 2762 3379 quia

360 3380 439 3436 ad
467 3398 680 3438 eorum
707 3378 1078 3437 sanationem
1124 3376 1392 3450 potentia
1416 3383 1656 3435 tantum
1698 3378 2127 3453 requirebatur,
2157 3387 2220 3438 at
2257 3380 2402 3440 istos
2427 3381 2672 3439 ferendo
2701 3389 2762 3440 et

362 3456 425 3513 in
470 3476 532 3515 se
578 3458 917 3532 recipiendo
945 3462 1016 3513 ut
1060 3453 1339 3525 auferret,
1368 3455 1514 3532 quia
1539 3458 1617 3513 ad
1645 3474 1854 3515 eorum
1887 3458 2284 3533 expiationem
2328 3478 2465 3516 cum
2491 3461 2762 3536 potentia

362 3536 542 3593 etiam
561 3536 803 3610 justitia
828 3534 1215 3608 exigebatur3
1244 3540 1316 3590 ut
1340 3534 1477 3592 illos
1504 3542 1741 3593 curaret
1764 3554 1884 3594 non
1916 3555 2068 3611 opus
2091 3537 2212 3595 fuit
2241 3536 2544 3595 Christum
2571 3557 2762 3612 aegro-

362 3618 494 3669 tum
522 3614 649 3670 fieri
672 3636 687 3684 3
717 3619 781 3670 at
799 3620 871 3670 ut
896 3613 1137 3669 tolleret
1164 3620 1403 3685 peccata
1428 3614 1638 3670 debuit
1663 3614 1788 3688 ipse
1809 3622 2120 3688 peccatum
2139 3615 2304 3690 fieri;
2337 3614 2418 3672 Et
2438 3632 2578 3671 sane
2597 3616 2760 3688 quod

362 3708 486 3746 non
514 3691 579 3747 in
606 3692 955 3748 morborum
982 3688 1239 3763 corporis
1268 3691 1573 3748 sanatione
1600 3692 1678 3748 sit
1721 3692 2183 3764 immorandum,
2211 3692 2384 3767 quasi
2409 3693 2484 3748 de
2523 3710 2594 3748 ea
2632 3697 2764 3748 tan-

361 3772 492 3823 tum
521 3786 713 3827 sermo
732 3770 917 3839 fieret,
945 3770 1043 3824 vel
1069 3767 1227 3823 illud
1252 3767 1588 3827 luculenter
1614 3769 1834 3826 evincit
1871 3772 2034 3845 quod
2053 3770 2117 3826 in
2145 3788 2219 3828 ea
2243 3770 2610 3844 languorum
2636 3786 2766 3843 ges-

364 3844 593 3901 tatione
621 3864 757 3920 quse
784 3846 877 3903 illi
904 3845 1189 3904 tribuitur
1214 3845 1433 3903 dicitur
1458 3865 1497 3903 a
1523 3846 1654 3903 Deo
1682 3864 2000 3921 percussus
2025 3854 2087 3905 et
2113 3849 2463 3904 vulneratus
2491 3853 2552 3903 et
2575 3846 2664 3903 ita
2687 3848 2764 3903 de

362 3938 435 3977 eo
483 3924 729 3981 sensisse
776 3925 819 3983 J
823 3926 1045 3994 udaeos,
1074 3929 1139 3979 at
1181 3923 1503 3981 ridiculum
1548 3942 1792 3999 prorsus
1834 3932 1986 3983 esset
2025 3926 2220 3982 dicere
2267 3924 2538 3981 homines
2565 3923 2766 3981 existi-

360 4016 553 4057 masse
583 4000 889 4060 Christum
930 4020 1055 4059 esse
1099 4018 1137 4056 a
1164 4000 1295 4057 Deo
1342 4020 1688 4076 percussum
1715 4011 1776 4059 et
1799 4003 2204 4072 humiliatum,
2233 4020 2304 4059 eo
2333 4002 2496 4077 quod
2524 4002 2766 4058 morbos

362 4078 557 4135 omnis
583 4081 817 4153 generis
844 4086 1077 4137 curaret
1098 4084 1159 4135 et
1178 4080 1479 4135 daemones
1505 4080 1762 4153 ejiceret,
1791 4098 1926 4137 cum
1949 4099 2024 4137 ex
2051 4080 2322 4155 opposito
2351 4080 2400 4137 si
2419 4078 2571 4135 nihil
2601 4078 2767 4135 aliud

360 4153 424 4210 in
453 4174 525 4212 eo
552 4158 825 4215 homines
852 4158 1155 4225 vidissent,
1186 4164 1652 4215 consentaneum
1698 4163 1826 4215 erat
1867 4158 2066 4232 potius
2094 4158 2434 4215 existimare
2463 4156 2770 4215 Christum

362 4249 487 4289 esse
517 4234 649 4291 Deo
676 4243 919 4309 gratum
948 4242 1008 4292 et
1034 4235 1111 4291 ab
1138 4252 1207 4291 eo
1237 4236 1565 4292 exaltatum
1590 4256 1605 4291 ε
1637 4234 1707 4291 Ε.
1728 4236 1842 4290 hoc
1876 4234 2252 4308 potissimum
2279 4235 2654 4292 referendum
2685 4241 2774 4291 est

362 4310 441 4366 ad
468 4310 759 4369 lationem
785 4313 1101 4388 poenalem‚
1132 4328 1267 4386 quae
1296 4311 1359 4368 in
1388 4319 1579 4369 morte
1598 4318 1662 4367 et
1681 4310 2054 4384 passionibus
2075 4310 2206 4384 ejus
2234 4312 2434 4370 locum
2462 4311 2691 4371 habuit.

444 4388 591 4447 XX.
635 4390 803 4448 Huic
826 4389 1195 4465 responsioni
1235 4390 1349 4447 hoc
1388 4408 1581 4446 unum
1620 4388 1860 4445 videtur
1899 4390 2089 4463 regeri
2128 4405 2301 4461 posse
2344 4391 2506 4465 quod
2535 4389 2582 4445 si
2609 4408 2778 4449 mens

360 4464 577 4525 fuisset
600 4470 907 4544 prophetae
948 4475 1235 4543 utrosque
1276 4467 1517 4525 morbos
1563 4467 1876 4540 complecti
1904 4474 1966 4523 et
1999 4466 2282 4543 primario
2327 4468 2662 4543 spirituales
2688 4488 2782 4527 re-

362 4545 606 4619 spicere,
638 4566 762 4605 non
789 4546 1075 4622 potuisset
1102 4546 1324 4604 Matth.
1354 4546 1549 4603 dicere
1576 4552 1724 4601 tunc
1743 4544 2040 4621 impletum
2052 4544 2241 4623 fuisse
2267 4546 2421 4604 illud
2450 4548 2780 4617 oraculum,

364 4630 425 4679 et
456 4622 763 4685 Christum
791 4628 920 4684 haec
946 4626 1237 4683 miracula
1260 4624 1601 4701 praestitisse
1629 4630 1700 4681 ut
1719 4622 1874 4681 illud
1898 4623 2252 4701 impleretur,
2301 4624 2597 4701 siquidem
2633 4644 2784 4683 non-
