3234 5192
534 330 651 386 310
1233 342 1312 381 nu
1341 342 1590 399 srmrru,
1626 341 1804 399 Aous,
1838 342 1912 381 m·
1942 342 2259 383 sanemus.
2575 325 2816 409 [msi’u‘r
2866 346 2948 386 vi.

535 506 755 561 narum,
787 494 845 544 et
871 485 1110 544 internae
1141 492 1276 542 sunt
1304 484 1518 541 veritas
1547 492 1606 543 et
1635 502 1725 541 res
1755 482 2095 560 significata,
2143 504 2273 562 quae
2319 504 2423 562 per
2449 492 2719 545 externas
2748 505 2949 563 reprae-

536 575 812 625 sentatur.
2782 578 2790 581 “

621 646 706 705 Χ.
751 645 806 703 N
809 664 884 703 ou
911 643 1272 702 incommode
1301 651 1493 702 autem
1521 643 1646 701 haec
1673 642 1757 701 ita
1776 642 2046 701 distribui
2072 644 2292 721 patebit
2320 664 2395 703 ex
2421 644 2698 721 peculiari
2722 645 2955 704 testium

539 725 782 784 istorum
811 724 1093 799 examine,
1127 724 1250 782 sive
1279 724 1366 781 illi
1394 722 1765 800 conjunctim,
1796 723 1921 781 sive
1970 725 2210 782 seorsim
2252 724 2723 785 considerentur:
2808 724 2957 783 Nam

542 806 589 863 si
619 804 970 882 conjunctim
999 812 1344 879 spectentur,
1375 802 1655 860 mirabilis
1684 802 1778 861 hic
1805 802 2009 861 relatio
2038 804 2483 880 deprehenditur
2508 804 2584 863 ad
2611 805 2774 863 varia
2799 824 2956 882 mys-

541 884 725 943 teria:
759 888 812 943 1.
842 883 917 941 ad
945 902 1219 961 personas
1253 882 1358 942 SS.
1388 882 1708 957 Trinitatis,
1738 886 1809 940 2.
1856 882 1931 941 ad
1975 882 2161 942 officia
2198 883 2429 959 Christi,
2481 887 2537 944 3.
2587 884 2663 943 ad
2705 884 2959 943 remedia

542 963 782 1041 peccati,
813 968 871 1021 4.
902 963 978 1021 ad
1005 962 1196 1020 media
1225 962 1444 1037 salutis,
1471 964 1526 1021 5.
1557 961 1806 1039 denique
1834 962 1913 1021 ad
1938 962 2155 1039 figuras
2182 964 2415 1023 Veteris
2444 964 2818 1024 Testamenti.
2878 964 2959 1023 Et

548 1043 758 1118 Primo,
783 1043 857 1101 ad
873 1062 1150 1120 personas
1171 1042 1415 1101 Divinas
1437 1064 1453 1117 ;
1488 1042 1572 1101 Ut
1599 1042 1753 1100 enim
1782 1050 1900 1101 tres
1928 1042 2059 1102 illas
2086 1052 2365 1103 testantes
2382 1044 2712 1104 immediate
2732 1046 2793 1102 in
2812 1043 2957 1104 coelo

543 1122 892 1199 induxerat3
939 1124 1032 1181 Ita
1061 1129 1510 1181 consentaneum
1538 1128 1667 1181 erat
1699 1131 1765 1182 ut
1811 1122 2024 1199 triplex
2067 1123 2227 1183 istud
2273 1124 2681 1199 testimonium,
2714 1124 2871 1201 quod
2896 1123 2959 1182 in

543 1213 698 1263 terra
726 1203 954 1262 Christo
983 1201 1317 1280 perhibetur
1345 1222 1380 1260 a
1413 1202 1647 1279 Spiritu,
1675 1202 1865 1280 Aqua,
1896 1212 1957 1262 et
2008 1203 2321 1281 Sanguine,
2372 1205 2586 1282 triplici
2628 1205 2959 1265 testimonio

544 1283 766 1343 coelesti
785 1283 1170 1362 responderet,
1193 1292 1251 1343 et
1272 1282 1518 1359 singulis
1540 1282 1813 1341 Personis
1834 1284 2311 1361 appropriaretur,
2332 1294 2615 1361 quatenus
2631 1304 2736 1362 per
2761 1304 2958 1361 opera-

545 1364 732 1423 tiones
775 1364 1094 1441 peculiares
1122 1370 1468 1423 concurrunt
1504 1362 1581 1420 ad
1608 1363 2099 1422 confirmationem
2126 1363 2265 1423 fidei
2308 1374 2555 1424 nostrae:
2596 1365 2733 1423 hinc
2756 1364 2960 1424 Gratia

545 1464 675 1521 quae
706 1444 866 1503 Patri
893 1444 1178 1518 tribuitur,
1209 1463 1314 1521 per
1341 1443 1575 1519 Aquam
1602 1442 2017 1519 designabitur,
2045 1442 2407 1521 RedemptiO,
2458 1464 2587 1521 quae
2638 1445 2809 1503 Filio·
2828 1464 2958 1521 pro-

544 1524 672 1601 pria
699 1531 804 1599 est,
828 1543 932 1600 per
962 1523 1333 1599 Sanguinem,
1365 1530 1423 1581 et
1452 1521 1808 1581 Illuminatio
1838 1542 1905 1581 ac
1935 1523 2266 1595 ConversiO,
2298 1544 2427 1599 quae
2454 1542 2491 1581 a
2510 1524 2726 1599 Spiritu
2748 1524 2962 1581 Sancto

543 1602 775 1680 pendet,
805 1622 908 1679 per
938 1603 1250 1679 Spiritum:
1335 1602 1451 1659 Vel
1477 1610 1543 1659 ut
1569 1601 1686 1675 alii,
1722 1601 1969 1679 Spiritus
1995 1600 2273 1660 reseretur
2298 1601 2375 1659 ad
2420 1602 2667 1675 Patrem,
2712 1601 2811 1678 qui
2858 1621 2963 1678 per

545 1682 912 1757 evangelium
941 1700 1048 1739 nos
1075 1680 1151 1738 ad
1179 1700 1241 1740 se
1269 1688 1474 1754 vocat3
1525 1680 1775 1757 Sanguis
1802 1680 1877 1738 ad
1908 1680 2140 1755 Filium,
2187 1680 2287 1756 qui
2335 1700 2439 1757 per
2485 1682 2825 1758 sanguinem
2853 1700 2962 1739 nos

538 1760 855 1838 justificat3
895 1768 954 1818 et
983 1760 1156 1835 Aqua
1183 1759 1258 1817 ad
1291 1759 1565 1835 Spiritum
1598 1760 1891 1833 Sanctum,
1938 1760 2038 1836 qui
2082 1779 2185 1836 per
2232 1779 2439 1836 aquam
2486 1780 2595 1819 nos
2624 1760 2963 1820 sanctificat.

547 1839 674 1916 Quo
701 1841 990 1917 pertinent
1017 1839 1119 1897 illa
1147 1838 1482 1915 Augustini,
1511 1837 1614 1896 lib.
1643 1838 1723 1899 iii.
1754 1847 1907 1897 cont.
1952 1839 2217 1901 Maximi.
2261 1860 2385 1917 cap.
2429 1844 2525 1915 22,
2572 1842 2609 1873 “
2635 1840 2699 1899 Si
2726 1860 2865 1899 vero
2892 1860 2965 1899 ea

545 1939 675 1997 quae
705 1920 795 1977 his
823 1918 1148 1996 significata
1175 1918 1368 1993 sunt,''
1397 1916 1666 1977 nimirum
1716 1918 1950 1996 Spiritu,
1992 1917 2169 1996 Aqua
2208 1928 2267 1979 ct
2308 1920 2619 1997 Sanguine,
2650 1921 2723 1979 de
2750 1920 2964 1998 quibus

545 2000 906 2077 loquebatur,
941 2001 976 2032 ‘⁴
994 1998 1242 2057 velimus
1267 1997 1573 2075 inquirere,
1603 2017 1721 2057 non
1750 1998 1997 2057 absurde
2040 2000 2289 2059 occurrit
2334 2000 2463 2077 ipsa
2508 2000 2781 2075 Trinitas,
2832 2020 2963 2077 quae

545 2100 713 2156 unus,
747 2080 922 2155 solus,
953 2098 1144 2153 verus,
1176 2097 1436 2138 summus
1463 2086 1552 2136 est
1577 2078 1755 2155 Deus,
1789 2078 1980 2154 Pater,
2011 2087 2071 2137 et
2099 2079 2303 2155 Filius,
2347 2088 2405 2139 et
2458 2080 2707 2157 Spiritus
2740 2080 2799 2139 S.
2872 2081 2963 2139 De

547 2161 760 2237 quibus
787 2159 1086 2220 verissime
1115 2158 1232 2217 dici
1258 2158 1463 2235 potuit,
1495 2158 1639 2217 Tres
1668 2166 1803 2217 sunt
1830 2165 2008 2219 testes
2036 2166 2096 2219 et
2122 2167 2239 2218 tres
2260 2179 2440 2219 unum
2460 2169 2609 2236 sunt,
2640 2170 2707 2220 ut
2732 2160 2963 2219 nomine

553 2241 803 2318 Spiritus
840 2239 1226 2317 significatum
1274 2238 1626 2316 accipiamus
1672 2238 1863 2297 Deum
1894 2239 2143 2315 Patrem,
2174 2240 2246 2299 de
2274 2240 2401 2317 ipso
2430 2240 2643 2317 quippe
2672 2240 2963 2300 adorando

546 2320 893 2396 loquebatur
921 2319 1206 2377 Dominus
1233 2317 1334 2376 ubi
1357 2318 1454 2392 ait,
1491 2317 1740 2395 Spiritus
1768 2327 1857 2377 est
1888 2319 2087 2395 Deus;
2144 2320 2377 2379 nomine
2428 2328 2618 2380 autem
2666 2320 2965 2397 sanguinis

551 2399 782 2473 Filium,
806 2399 942 2476 quia
964 2398 1223 2457 Verbum
1246 2417 1380 2456 caro
1407 2398 1622 2457 factum
1652 2407 1741 2457 est
1763 2420 1777 2473 ;
1808 2407 1867 2457 et
1893 2400 2124 2457 nomine
2148 2398 2337 2477 Aquae
2360 2400 2637 2478 Spiritum
2669 2401 2963 2477 Sanctum,

549 2499 680 2537 cum
709 2480 861 2537 enim
891 2478 962 2537 de
1001 2498 1152 2555 aqua
1195 2478 1526 2555 loqueretur
1564 2478 1607 2537 J
1611 2498 1761 2553 esus,
1814 2497 1987 2555 quam
2036 2478 2275 2539 daturus
2323 2488 2447 2538 erat
2495 2480 2839 2557 sitientibus,
2884 2481 2969 2539 ait

549 2558 948 2637 Evangelista,
980 2558 1112 2616 Hoc
1141 2566 1332 2617 autem
1363 2557 1514 2616 dixit
1540 2557 1614 2616 de
1647 2557 1865 2635 Spiritu
1892 2578 2063 2636 quem
2092 2560 2381 2637 accepturi
2403 2569 2565 2620 erant
2606 2560 2965 2620 credentes.’'

629 2638 752 2699 XI.
799 2637 1082 2713 Secundo,
1113 2638 1250 2695 Tria
1287 2638 1468 2709 qffi'cia
1517 2637 1733 2696 Christi
1776 2658 1892 2697 non
1937 2638 2179 2697 obscure
2226 2640 2339 2698 hoc
2380 2640 2595 2718 triplici
2636 2641 2967 2701 testimonio

550 2718 944 2796 designantur,
989 2718 1384 2794 Pmpheticum
1431 2717 1494 2775 in
1540 2716 1778 2793 Spiritu,
1822 2718 1990 2795 cujus
2026 2719 2297 2796 impulsu,
2326 2726 2395 2779 ut
2414 2720 2606 2779 caeteri
2663 2722 2967 2799 Prophetae

545 2799 708 2876 loqui
735 2799 1074 2874 debuerunt,
1106 2798 1300 2861 2,Pet.
1329 2797 1366 2855 i.
1400 2800 1495 2872 21,
1539 2796 1623 2855 ita
1651 2797 1913 2857 Christus
1943 2798 2220 2876 Princeps
2255 2798 2669 2877 Prophetarum
2698 2800 2909 2876 docuit,
2936 2806 2965 2861 1

536 2879 678 2940 Pet.
706 2879 788 2939 iii.
823 2880 914 2954 18,
943 2881 1036 2953 19,
1067 2877 1222 2939 unde
1244 2876 1455 2937 dicitur
1475 2880 1696 2937 Doctor
1720 2878 1987 2952 veritatis,
2010 2878 2055 2939 J
2058 2880 2151 2938 oh.
2171 2879 2292 2937 xvi.
2314 2901 2329 2955 ;
2359 2882 2722 2939 Sacerdotula
2742 2882 2811 2939 'in
2837 2903 2971 2941 san-

544 2962 714 3036 quine
723 2980 894 3038 quem
907 2959 1246 3018 Christusut
1259 2956 1542 3017 Sacerdos
1562 2956 1886 3017 etVictima
1896 2958 2134 3018 fundere
2145 2979 2247 3036 pro
2270 2960 2437 3019 nobis
2458 2960 2659 3019 debuit
2675 2958 2969 3040 ad'expia-

550 3040 768 3099 tionem
785 3048 1169 3118 peccatorum,
1198 3038 1354 3096 Heb.
1384 3036 1423 3096 i.
1453 3040 1490 3096 3
1516 3059 1530 3111 ;
1575 3038 1817 3115 Rsyium
1844 3038 1905 3096 in
1932 3058 2104 3116 aqua,
2135 3060 2265 3117 quae
2292 3039 2507 3099 virtute
2537 3060 2641 3099 sua
2666 3060 2773 3099 nos
2800 3062 2967 3121 rege-

550 3118 806 3178 nerando
833 3120 1016 3177 vitam
1045 3127 1102 3177 et
1131 3118 1376 3177 salutem
1429 3118 1599 3176 nobis
1648 3118 1838 3195 reipsa
1881 3119 2118 3194 confert,
2169 3119 2214 3178 J
2216 3120 2310 3178 oh.
2339 3119 2420 3179 iii.
2452 3121 2507 3179 5.
2576 3120 2823 3198 Spiritus
2868 3123 2971 3181 dat

550 3196 749 3255 lumen
777 3197 1070 3271 doctrinae,
1105 3196 1357 3273 Sanguis
1377 3197 1623 3274 pretium
1656 3198 1875 3273 mortiS‚
1909 3198 2084 3274 Aqua
2110 3198 2421 3258 efficaciam
2449 3199 2604 3259 vitae.

635 3274 792 3332 XII.
838 3274 1051 3349 Tertio,
1081 3283 1201 3333 tres
1221 3276 1320 3333 isti
1347 3283 1526 3334 testes
1555 3275 1771 3352 triplex
1796 3277 2113 3337 remedium
2163 3278 2332 3337 nobis
2359 3280 2729 3356 suppeditant
2756 3279 2971 3359 triplici

554 3352 708 3410 malo
737 3352 1008 3427 curando,
1039 3352 1196 3429 quod
1221 3373 1326 3430 per
1351 3362 1654 3430 peccatum
1682 3354 1977 3415 invectum
2020 3366 2125 3433 est,
2174 3360 2525 3435 Iynorantioe
2552 3360 2787 3436 scilicet,
2824 3362 2970 3421 Gor-

554 3431 820 3508 ruptioni,
853 3440 911 3490 et
937 3434 1166 3491 Reatui.
1251 3432 1590 3509 Ignorantia
1617 3434 1831 3511 quippe
1859 3436 2081 3495 tollitur
2122 3458 2225 3515 per
2250 3439 2445 3499 lumen
2473 3438 2625 3516 fidei,
2650 3441 2809 3518 quod
2838 3442 2971 3519 Spi-

555 3512 700 3571 ritus
727 3532 830 3589 per
856 3510 1101 3569 verbum
1123 3512 1414 3590 evangelii
1457 3512 1517 3569 in
1560 3512 1730 3571 nobis
1778 3514 2077 3591 accendit;
2122 3519 2410 3595 corruptio
2458 3540 2562 3597 per
2608 3522 2973 3581 sanctitatem

554 3600 808 3667 sanatur,
838 3611 1012 3669 quam
1040 3610 1192 3668 aqua
1219 3600 1458 3651 externa
1484 3592 1755 3669 baptismi
1804 3594 2089 3672 obsignat,
2122 3603 2180 3655 et
2205 3596 2363 3657 intus
2384 3607 2652 3676 operatur
2678 3621 2830 3679 aqua
2857 3602 2974 3679 spi-

552 3672 778 3743 ritualis
806 3680 864 3731 et
890 3672 1140 3749 mystica
1165 3672 1366 3749 gratiae
1391 3694 1404 3747 ;
1449 3680 1643 3731 reatus
1670 3692 1773 3749 per
1799 3675 2184 3751 aspersionem
2214 3678 2512 3755 sanguinis
2556 3681 2771 3741 Christi
2810 3682 2975 3740 meli-

553 3772 654 3813 ora
681 3752 971 3830 loquentis
999 3754 1280 3830 sanguine
1309 3751 1534 3826 Abelis,
1587 3752 1754 3829 cujus
1782 3753 2109 3831 symbolum
2138 3757 2197 3815 in
2227 3758 2593 3819 Eucharistia
2618 3761 2974 3839 proponitur,

555 3841 615 3892 et
635 3832 848 3893 veritas
875 3834 938 3890 in
966 3833 1137 3891 corde
1166 3852 1269 3910 per
1308 3835 1562 3913 ῥαντισμὸν
1605 3832 1895 3894 internum
1942 3835 2094 3911 fidei,
2142 3855 2258 3913 quo
2301 3840 2564 3899 remissio
2606 3851 2975 3918 peccatorum

551 3912 722 3971 nobis
749 3913 1062 3988 intimatur,
1095 3921 1153 3972 et
1180 3912 1490 3990 perficitur.
1577 3913 1824 3991 Spiritus
1850 3915 2155 3992 illuminat,
2188 3917 2365 3995 Aqua
2406 3920 2687 3997 purificat,
2722 3922 2977 3999 Sanguis

553 3992 802 4054 redimit.
887 3993 1022 4052 Hoc
1049 3993 1236 4051 voluit
1264 3992 1540 4051 Ambros.
1568 3993 1672 4052 lib.
1690 3994 1771 4053 iii.
1791 3994 1863 4055 de
1897 3995 2117 4073 Spiritu
2148 3996 2207 4056 S.
2226 4018 2277 4056 c.
2296 4000 2394 4057 21.
2481 4000 2673 4059 “Tres
2694 4010 2829 4061 sunt
2856 4010 2973 4061 tes·

555 4079 660 4148 tes,
697 4072 962 4151 Spiritus,
994 4071 1187 4151 Aqua,
1219 4082 1279 4133 et
1311 4072 1579 4149 Sanguis,
1632 4081 1691 4133 et
1732 4074 1789 4133 hi
1838 4082 1955 4134 tres
2002 4095 2180 4135 unum
2227 4086 2361 4137 sunt
2400 4078 2463 4136 in
2508 4080 2737 4141 Christo
2781 4081 2826 4142 J
2828 4102 2975 4141 esu:

555 4151 718 4213 Audi
734 4153 1024 4231 quomodo
1045 4161 1224 4213 testes
1249 4176 1263 4213 ε
1297 4152 1549 4230 Spiritus
1569 4162 1819 4213 mentem
1849 4166 2105 4233 renovat,
2138 4177 2289 4235 aqua
2315 4158 2543 4236 proficit
2562 4160 2638 4219 ad
2657 4162 2974 4237 lavacrum,

555 4236 794 4310 sanguis
813 4242 1047 4311 spectat
1075 4234 1149 4293 ad
1175 4233 1423 4311 pretium
1447 4255 1461 4310 ;
1512 4232 1761 4311 Spiritus
1790 4236 1942 4294 enim
1968 4255 2077 4295 nos
2108 4257 2213 4314 per
2238 4238 2608 4316 adoptionem
2644 4241 2829 4300 Filios
2859 4242 2973 4300 Dei

555 4310 707 4387 fecit,
739 4315 888 4371 sacri
913 4314 1090 4374 sontis
1117 4314 1274 4374 unda
1299 4334 1406 4373 nos
1434 4314 1635 4388 abluit,
1668 4315 1905 4393 sanguis
1944 4317 2179 4377 Domini
2227 4337 2335 4377 nos
2376 4319 2659 4399 redemit;
2704 4321 2973 4381 Alterum

553 4389 732 4465 igitur
784 4394 1094 4469 invisibile,
1151 4395 1395 4455 alterum
1437 4394 1669 4453 visibile
1709 4396 2103 4457 testimonium
2152 4398 2521 4461 Sacramento
2570 4401 2981 4479 consequimur

559 4469 857 4547 spirituali,
887 4473 1025 4549 quia
1056 4474 1304 4551 Spiritus
1331 4474 1725 4535 testimonium
1752 4476 1945 4536 reddit
1972 4478 2197 4554 spiritui
2224 4481 2485 4546 nostro,”
2516 4477 2625 4541 &c.

639 4547 828 4609 XIII.
875 4550 1108 4626 Qum-tc,
1139 4555 1326 4613 media
1345 4555 1541 4613 salutis
1567 4555 1663 4613 hic
1685 4555 1856 4615 etiam
1888 4559 2293 4634 continentur;
2341 4559 2485 4618 Cum
2508 4560 2662 4619 enim
2690 4561 2803 4619 tria
2827 4580 2977 4637 prae-

555 4627 724 4704 cipue
741 4627 814 4685 ad
839 4628 1078 4687 salutem
1103 4632 1466 4706 requirantur
1493 4642 1558 4692 ut
1587 4635 1791 4692 fiamus
1818 4636 1947 4711 ejus
1977 4645 2287 4714 compotes,
2310 4640 2615 4716 Revelatt‘0,
2648 4639 2975 4717 AnquisitiO,
