3234 5192
1095 1267 1238 1360 II.
1344 1263 2057 1358 PRAEFATIO

381 1573 498 1647 AD
566 1572 1308 1652 DISPUTATIONES
1375 1575 1484 1649 DE
1556 1571 2320 1651 SATISFAGTIONE
2391 1571 2768 1650 CHRISTI.

1427 1861 1757 1874 mm

1297 1985 1767 2047 LECTORI
1834 1987 1893 2046 S.

1444 2179 1757 2190 ‘vv-vm—

499 2419 596 2497 St,
655 2439 806 2500 quas
856 2420 958 2484 bic
1009 2419 1199 2496 vides,
1257 2420 1765 2504 Disputationes,
1796 2420 2081 2484 LEc'roR
2136 2419 2378 2498 Amice,
2414 2443 2489 2485 eo
2546 2421 2803 2487 consilio

402 2519 667 2600 primum
700 2519 1060 2598 conscriptae
1099 2519 1387 2602 fuissent,
1419 2526 1493 2582 ut
1541 2518 1608 2582 in
1640 2519 1921 2584 volumen
1972 2519 2217 2599 aliquod
2246 2519 2518 2585 collectae
2568 2520 2801 2603 publici

393 2617 554 2698 juris
583 2618 823 2692 fierent,
855 2623 921 2680 et
952 2616 1113 2697 justi
1153 2624 1462 2682 tractatus
1505 2617 1640 2682 loco
1670 2637 1805 2682 esse
1853 2624 2127 2698 possent,
2162 2618 2359 2698 major
2406 2622 2569 2684 forte
2617 2621 2685 2684 in
2714 2618 2804 2684 eis

405 2718 680 2800 ἀκρίβεια,
705 2715 906 2794 majus
935 2723 1106 2779 certe
1133 2736 1206 2780 ac
1241 2715 1597 2797 diligentius
1628 2715 1814 2795 paulo
1843 2715 2189 2779 adhibitum
2238 2717 2459 2780 fuisset
2511 2717 2801 2792 studium,

404 2821 480 2876 ut
508 2833 664 2894 opus
697 2813 1066 2890 accuratim,
1103 2812 1534 2894 excultiusque
1567 2813 1865 2894 prodiret.
1968 2813 2093 2876 Sed
2122 2835 2260 2878 cum
2293 2814 2449 2878 nihil
2489 2815 2693 2878 minus
2740 2815 2807 2878 in

408 2911 614 2976 animo
637 2912 930 2974 haberem
960 2931 1144 2991 quum
1178 2913 1256 2974 ab
1289 2911 1474 2975 initio
1503 2911 1582 2975 de
1614 2911 1737 2976 illis
1767 2911 2061 2991 parandis
2090 2911 2357 2992 cogitavi
2384 2935 2401 2986 ;
2472 2919 2539 2974 et
2564 2912 2633 2974 id
2664 2920 2809 2975 tan-

409 3017 546 3073 tum
577 3009 740 3089 apud
774 3029 872 3072 me
905 3015 1264 3084 statuerem,
1294 3015 1368 3072 ut
1409 3009 1705 3072 studiosae
1746 3007 2063 3088 juventuti
2114 3009 2291 3071 nobis
2326 3010 2665 3072 commissae
2716 3009 2809 3072 in-

410 3107 762 3182 formandae,
797 3112 862 3170 et
896 3107 1254 3170 exercendae
1300 3127 1416 3186 pro
1443 3126 1612 3168 more
1646 3105 1714 3168 in
1758 3105 2085 3170 academiis
2116 3106 2297 3187 vulgo
2326 3115 2577 3188 recepto
2609 3107 2812 3172 inser·-

413 3206 656 3279 virent3
705 3204 928 3267 mirum
957 3204 1077 3268 tibi
1127 3203 1602 3285 haudquaquam
1636 3203 1831 3267 videri
1866 3203 2069 3280 debet,
2120 3204 2173 3268 si
2222 3226 2344 3268 non
2392 3227 2590 3287 pauca
2616 3207 2683 3270 in
2732 3207 2811 3270 iis

405 3305 548 3384 jure
572 3301 884 3366 desideres
908 3324 924 3376 ;
976 3302 1156 3382 plura
1185 3304 1348 3366 forte
1376 3311 1442 3366 et
1473 3303 1609 3383 ipse
1644 3303 1911 3383 requiro,
1946 3323 2081 3382 quse
2111 3302 2232 3366 nisi
2261 3305 2355 3368 vis
2388 3305 2585 3386 major
2614 3305 2813 3368 obsti-

414 3402 598 3465 tisset
645 3403 724 3464 ab
775 3401 942 3464 omni
993 3401 1266 3465 editione
1317 3401 1709 3482 procuranda
1758 3400 2073 3464 deterrere
2122 3421 2219 3464 me
2285 3401 2667 3466 debuerant:
2724 3403 2815 3465 Et

416 3487 564 3563 sane
596 3519 734 3563 cum
762 3499 832 3561 in
858 3498 1156 3562 immensa
1187 3499 1296 3562 illa
1345 3519 1468 3580 qua
1513 3501 1707 3562 ferme
1752 3499 2036 3562 obruitur
2069 3498 2239 3562 orbis
2292 3500 2581 3564 literatus
2630 3499 2813 3564 hodie

416 3596 806 3676 Scriptorum
838 3597 1036 3677 copia,
1072 3604 1203 3660 tam
1251 3597 1379 3660 rari
1409 3603 1738 3661 occurrant
1768 3595 1909 3660 libri
1946 3596 2049 3677 qui
2083 3615 2517 3680 usquequaque
2565 3597 2815 3662 lectori-

417 3697 538 3760 bus
569 3695 876 3776 placeant,
909 3701 1008 3758 tot
1032 3702 1253 3760 contra
1277 3695 1671 3774 reperiantur
1698 3695 1803 3775 qui
1837 3694 2045 3758 tristia
2074 3697 2482 3776 experiuntur
2508 3699 2658 3772 fata,
2687 3695 2813 3759 sive

419 3793 585 3874 quod
616 3792 915 3856 novitatis
945 3793 1244 3857 lenocinio
1277 3813 1398 3873 quo
1434 3793 1712 3873 plerique
1746 3791 1909 3857 allici
1943 3794 2148 3856 solent
2194 3794 2635 3869 destituantur,
2687 3793 2817 3856 sive

423 3891 590 3972 quod
628 3911 742 3971 per
791 3911 1096 3954 summum
1131 3891 1294 3972 quod
1341 3891 1570 3970 ubique
1620 3893 1813 3954 ferme
1841 3891 2086 3954 obtinet
2133 3892 2439 3957 scribendi
2495 3891 2817 3956 cacoethes

423 3989 619 4052 cruda
646 3995 713 4052 et
753 3989 1064 4070 indigesta
1113 4009 1154 4050 a
1194 3987 1380 4053 variis
1435 3989 1501 4052 in
1534 3988 1849 4068 publicum
1881 3988 2309 4069 propellantur
2360 3989 2587 4062 studia,
2622 3996 2688 4053 et
2744 4010 2819 4052 ea

425 4092 793 4167 promantur
823 4107 960 4167 quae
989 4085 1087 4151 vel
1119 4086 1368 4166 penitus
1415 4087 1753 4167 premenda
1782 4089 2051 4161 fuerant,
2086 4087 2182 4152 vel
2234 4108 2463 4151 nonum
2492 4095 2661 4152 certe
2710 4096 2821 4150 aut

427 4185 732 4249 decimum
786 4185 854 4248 in
905 4205 1130 4247 annum
1186 4185 1520 4248 condenda.
1624 4184 1777 4263 Quis
1826 4184 2154 4248 tenuitatis
2202 4205 2327 4249 suae
2376 4184 2491 4249 sibi
2544 4186 2821 4250 conscius

429 4283 626 4347 satius
655 4302 779 4346 non
819 4283 1063 4363 judicet
1111 4281 1324 4358 latere,
1376 4291 1441 4346 et
1493 4282 1655 4347 serio
1689 4283 2041 4364 expendere
2079 4282 2227 4361 quid
2260 4283 2510 4347 valeant
2560 4283 2821 4364 humeri,

425 4381 576 4462 quid
604 4383 768 4446 ferre
797 4387 1104 4461 recusent,
1136 4400 1318 4460 quam
1349 4381 1416 4444 in
1449 4381 1719 4445 medium
1746 4387 1980 4444 temere
2007 4379 2279 4463 prodire,
2334 4388 2401 4447 et
2449 4381 2670 4447 lectori
2719 4403 2825 4446 ne-

425 4479 662 4560 gotium
681 4479 984 4544 facessere
1008 4479 1032 4541 ‘3
1089 4479 1228 4560 Ego
1247 4487 1416 4544 certe
1436 4481 1554 4544 hac
1568 4478 1957 4560 potissimum
1976 4478 2217 4544 ratione
2234 4482 2312 4544 ab
2334 4481 2459 4545 ista
2476 4479 2828 4559 scriptione,

425 4583 500 4639 ut
517 4578 598 4642 ab
624 4577 788 4641 omni
809 4578 946 4653 alia,
971 4577 1236 4641 alienum
1273 4599 1368 4642 me
1399 4580 1699 4642 hactenus
1731 4577 1921 4640 fuisse
1947 4576 2145 4640 libens
2175 4581 2485 4660 profiteor,
2516 4577 2679 4658 quod
2707 4597 2831 4641 non

427 4675 719 4756 ignorant
751 4676 856 4756 qui
885 4696 983 4740 me
1015 4683 1265 4740 norunt.
1301 4757 1310 4764 ·
1359 4676 1724 4742 Accedebat
1752 4681 1819 4740 et
1846 4673 2061 4750 altera,
2090 4679 2251 4756 quod
2281 4699 2417 4743 cum
2442 4681 2835 4756 perspectum
