3234 5192
562 321 680 380 534
1153 341 1230 380 ns
1259 339 1735 381 sumne-rioms
1764 339 1997 379 cuais-rr
2028 339 2346 380 vanu-Ars.
2552 319 2812 400 [msrur.
2844 339 2973 379 xvr.

561 478 620 536 in
649 479 1039 556 mediatorem,
1073 480 1258 540 Amor
1285 489 1517 559 propter
1535 482 1825 560 justitiam
1853 491 1913 540 et
1940 479 2299 541 sanctitatem
2328 479 2617 559 propriam
2646 481 2755 559 ipsi
2786 482 2966 541 inhae-

559 568 799 635 rentem,
854 560 1188 639 Indignatio
1227 573 1460 640 propter
1499 571 1737 639 peccata
1777 563 1965 620 aliena
2004 581 2211 637 nempe
2266 571 2463 621 nostra
2500 560 2611 638 ipsi
2664 561 2967 640 imputata.

565 639 734 714 Quod
782 661 922 718 ergo
969 642 1064 700 hic
1094 642 1391 702 clamitant
1417 642 1751 718 adversarii,
1784 643 2076 714 Bellarm.‚
2108 650 2167 700 et
2214 642 2329 716 alii,
2378 641 2657 718 grandem
2698 661 2806 700 nos
2834 663 2969 701 cum

566 719 809 779 Calvino
836 721 895 779 in
892 721 917 798 j
923 722 1106 780 uriam
1121 723 1350 781 Christo
1363 722 1566 796 facere,
1583 742 1715 780 cum
1726 722 1970 781 dicimus
1984 722 2171 780 Deum
2190 723 2462 780 metuisse
2485 722 2693 780 iratum
2704 731 2763 780 et
2780 722 2966 781 infen-

565 818 710 874 sum,
742 810 914 878 atque
943 802 1089 861 adeo
1115 822 1232 860 non
1261 802 1437 861 fuisse
1467 822 1599 860 eum
1628 802 1685 860 in
1716 803 1902 879 gratia
1932 802 2060 878 Dei,
2084 802 2179 860 vel
2207 801 2512 879 impudens
2550 807 2637 860 est
2658 802 2966 878 calumnia,

565 880 664 938 vel
691 881 1081 940 crassissimus
1109 901 1268 940 error
1295 883 1394 960 qui
1423 880 1724 941 confundit
1750 902 1819 940 ea
1846 901 1975 959 quse
2003 882 2064 940 in
2087 882 2316 940 Christo
2346 890 2481 940 sunt
2508 881 2966 943 distinctissime.

566 959 715 1018 Nam
747 961 796 1018 si
823 959 886 1018 id
913 961 1118 1020 volunt
1149 962 1336 1020 Deum
1365 962 1575 1023 iratum
1604 961 1781 1022 fuisse
1808 963 1929 1020 filio
1959 982 2063 1020 suo
2092 981 2208 1038 qua
2234 961 2337 1020 tali
2382 972 2440 1020 et
2464 963 2521 1018 in
2550 981 2610 1020 se
2640 963 2966 1021 considera·

563 1047 642 1115 to,
675 1060 800 1098 eam
829 1041 998 1100 nobis
1025 1041 1368 1101 sententiam
1417 1041 1715 1119 affingunt,
1746 1062 1919 1120 quam
1946 1051 2069 1101 toto
2124 1051 2353 1119 pectore
2382 1051 2731 1118 aversamur,
2776 1051 2842 1102 ut
2869 1043 2972 1121 qui

563 1120 813 1179 sciamus
843 1122 1132 1180 Christum
1171 1141 1465 1199 nunquam
1493 1141 1610 1180 non
1640 1123 2029 1199 gratissimum
2058 1129 2116 1180 et
2144 1122 2579 1182 dilectissimum
2613 1123 2739 1181 Deo
2752 1122 2927 1182 fuisse
2951 1147 2967 1200 3

563 1200 722 1276 quod
749 1208 808 1259 et
835 1201 958 1278 ipse
988 1202 1265 1261 Calvinus
1293 1201 1652 1280 apertissime
1681 1202 1894 1277 docuit,
1928 1201 2119 1260 Instit.
2159 1202 2197 1260 l.
2230 1203 2287 1262 ii.
2318 1223 2368 1261 c.
2400 1206 2453 1276 6,
2487 1221 2532 1261 ε.
2568 1205 2659 1276 11,
2710 1206 2745 1235 “
2766 1203 2968 1280 Neque

565 1289 758 1339 tamen
804 1281 1098 1341 innuimus
1144 1282 1334 1340 Deum
1382 1281 1558 1341 fuisse
1601 1302 1857 1360 unquam
1900 1282 1986 1340 illi
2016 1283 2112 1340 vel
2155 1282 2563 1357 adversarium,
2614 1283 2710 1340 vel
2740 1283 2966 1358 iratum,

563 1361 854 1437 quomodo
879 1363 1035 1421 enim
1063 1362 1275 1421 dilecto
1301 1362 1421 1421 filio
1449 1363 1510 1421 in
1538 1383 1655 1440 quo
1682 1363 1906 1422 animus
1934 1363 2060 1439 ejus
2088 1363 2403 1440 acquiescit
2430 1363 2815 1422 irasceretur?
2843 1365 2970 1424 Aut

563 1441 853 1519 quomodo
884 1442 1146 1502 Christus
1179 1443 1407 1501 Patrem
1430 1442 1560 1501 aliis
1609 1463 1715 1501 sua
1742 1443 2151 1502 intercessione
2188 1444 2443 1520 placaret
2470 1462 2643 1520 quem
2670 1442 2960 1502 insensum

563 1520 802 1581 haberet
829 1523 952 1600 ipse
981 1522 1175 1582 sibi?''
1260 1522 1346 1580 At
1374 1523 1424 1581 si
1450 1530 1669 1599 negant
1700 1523 1887 1582 Deum
1916 1523 2058 1580 iram
2082 1543 2243 1580 suam
2272 1532 2331 1582 et
2374 1522 2832 1582 maledictionem
2880 1523 2964 1581 ef·

561 1599 778 1660 fudisse
806 1603 867 1659 in
894 1602 1077 1661 filium
1106 1611 1392 1679 quatenus
1435 1613 1634 1661 nostra
1672 1603 1732 1660 in
1778 1623 1838 1661 se
1866 1613 2103 1680 peccata
2130 1611 2439 1681 receperat,
2490 1623 2606 1660 non
2644 1602 2823 1676 nobis,
2856 1604 2965 1661 sed

566 1681 876 1758 Scripturae
905 1682 1016 1759 ipsi
1063 1691 1258 1760 aperte
1313 1691 1637 1759 repugnant
1664 1702 1794 1759 quae
1838 1703 1969 1741 eum
1998 1702 2033 1740 a
2064 1683 2189 1742 Deo
2238 1703 2571 1761 percussum
2598 1691 2655 1741 et
2681 1682 2960 1758 attritum,

557 1769 856 1837 peccatum
899 1771 958 1820 et
1003 1761 1466 1820 maledictionem
1510 1761 1725 1820 factum
1771 1761 1955 1822 docet.
2023 1763 2157 1822 Hoc
2184 1763 2331 1823 vidit
2362 1765 2545 1822 Ferus
2581 1763 2641 1820 in
2670 1763 2877 1821 Matth.
2909 1783 2963 1822 c.

561 1840 745 1914 xxvi„
773 1843 810 1873 “
834 1841 989 1899 Hic’'
1008 1842 1197 1918 inquit
1219 1843 1255 1874 “
1275 1841 1323 1900 si
1337 1861 1641 1918 personam
1664 1842 1789 1920 ejus
1799 1843 2080 1918 attendas,
2095 1843 2324 1902 videbis
2346 1865 2475 1903 eum
2499 1843 2965 1902 innocentissime

559 1939 811 1997 passum,
843 1921 966 1998 ipse
995 1921 1149 1980 enim
1177 1931 1475 1998 peccatum
1503 1942 1622 1980 non
1650 1921 1802 1997 fecit,
1834 1942 1941 1981 nec
1970 1922 2139 1982 dolus
2187 1925 2458 1983 inventus
2486 1932 2575 1982 est
2604 1923 2663 1981 in
2691 1943 2789 1981 ore
2816 1924 2963 2000 ejus.

559 1999 646 2060 At
673 2001 724 2060 si
746 2001 1010 2061 attendas
1039 2021 1138 2060 eos
1165 2001 1226 2060 in
1255 2021 1496 2079 quorum
1525 2023 1771 2080 persona
1796 2004 2028 2080 patitur,
2058 2003 2286 2062 videbis
2314 2024 2445 2062 eum
2472 2002 2962 2078 nocentissimum,

559 2091 624 2140 ut
651 2081 751 2159 qui
779 2090 1016 2160 peccata
1043 2083 1223 2142 totius
1251 2082 1452 2141 mundi
1481 2084 1540 2140 in
1569 2083 1823 2142 humeris
1852 2082 1972 2142 suis
1994 2084 2260 2157 habeat,''
2292 2081 2399 2142 Sne.
2434 2083 2658 2142 Deinde
2680 2083 2963 2161 distingui

558 2161 734 2222 debet
775 2168 830 2222 τὶ
859 2165 1003 2222 Esse
1031 2164 1090 2223 in
1127 2164 1326 2240 qratia
1373 2164 1503 2238 Dei,
1534 2183 1669 2222 nam
1710 2164 1805 2222 vel
1851 2163 1997 2222 illud
2024 2163 2369 2242 intelligitur
2394 2162 2586 2240 quoad
2613 2183 2863 2224 amorem
2904 2175 2967 2226 et

557 2243 752 2301 omnia
779 2243 982 2302 effecta
999 2245 1125 2322 ejus
1145 2253 1263 2302 tam
1291 2262 1360 2301 ea
1380 2263 1509 2320 quae
1529 2244 1892 2302 sanctitatem
1920 2263 2091 2320 quam
2116 2263 2246 2321 quse
2282 2242 2613 2302 felicitatem
2630 2244 2959 2320 important,

557 2322 652 2379 vel
675 2322 866 2398 quoad
894 2323 1158 2399 quaedam
1187 2330 1428 2381 tantum.
1475 2323 1584 2380 Ille
1603 2323 1705 2400 qui
1732 2323 1792 2380 in
1821 2324 2007 2400 gratia
2040 2325 2145 2382 Dei
2192 2331 2296 2398 est,
2326 2323 2526 2401 utique
2554 2343 2805 2382 amorem
2834 2326 2964 2401 ejus

557 2401 807 2477 experiri
835 2401 1008 2460 debet
1036 2403 1086 2460 si
1113 2420 1229 2459 non
1273 2400 1334 2459 in
1356 2401 1623 2461 omnibus
1672 2402 1875 2460 saltem
1920 2403 1980 2460 in
2006 2403 2296 2481 plerisque
2345 2405 2472 2482 ejus
2516 2402 2751 2478 effectis,
2796 2413 2855 2462 et
2880 2405 2963 2463 ita

557 2479 823 2539 Christus
849 2500 1145 2556 nunquam
1174 2500 1288 2538 non
1323 2482 1502 2539 sensit
1529 2481 1680 2540 hanc
1724 2482 1915 2540 Patris
1943 2483 2185 2560 gratiam
2210 2506 2223 2543 ι
2268 2492 2328 2542 at
2372 2503 2488 2541 non
2530 2484 2723 2544 statim
2752 2485 2854 2560 qui
2873 2493 2963 2544 est

555 2559 618 2616 in
635 2579 827 2619 amore
856 2560 1062 2621 fruitur
1089 2562 1214 2639 ejus
1243 2559 1463 2620 effectis
1491 2562 1685 2638 quoad
1710 2561 2099 2638 plenissimam
2129 2564 2480 2638 beatitatem,
2511 2583 2569 2622 v.
2600 2585 2677 2642 g.‚
2709 2563 2807 2642 qui
2836 2584 2960 2624 cas·

555 2638 815 2717 tigantur
840 2640 1041 2700 fideles
1071 2651 1204 2701 sunt
1231 2641 1340 2700 sub
1369 2661 1542 2700 sensu
1587 2641 1833 2700 miseriae
1880 2661 1987 2701 nec
2016 2642 2285 2702 desinunt
2314 2653 2505 2703 tamen
2534 2664 2569 2702 a
2599 2645 2725 2703 Deo
2753 2644 2960 2720 diligi=

517 2711 524 2726 '
558 2721 652 2780 Ita
679 2721 826 2780 nihil
862 2722 1130 2782 obstabat
1179 2721 1468 2782 Christum
1516 2730 1575 2781 et
1617 2721 1787 2800 diligi
1814 2742 1849 2780 a
1878 2723 2007 2781 Deo
2055 2732 2120 2782 ut
2157 2724 2339 2782 filium
2384 2745 2568 2799 suum,
2594 2731 2654 2783 et
2679 2723 2857 2802 affligi
2884 2725 2959 2784 ab

555 2800 757 2861 eodem
785 2811 852 2862 ut
879 2802 1088 2862 vadem
1117 2811 1176 2862 et
1197 2822 1531 2880 sponsorem
1559 2811 1837 2878 nostrum,
1886 2802 2075 2880 potuit
2102 2824 2292 2863 amare
2334 2813 2399 2863 ut
2442 2815 2679 2882 patrem,
2710 2813 2769 2863 et
2796 2824 2959 2863 suam

553 2882 614 2941 in
644 2903 712 2942 eo
739 2883 1008 2942 fiduciam
1038 2884 1338 2960 collocare,
1369 2891 1428 2943 et
1455 2883 1656 2943 timere
1686 2892 1751 2943 ut
1791 2883 2048 2961 judicem
2079 2892 2251 2961 atque
2284 2885 2408 2963 ejus
2438 2885 2579 2942 iram
2607 2894 2667 2943 et
2693 2885 2957 2962 indigua·

555 2962 770 3022 tionem
799 2963 1111 3042 deprecari.

637 3043 888 3103 XXIV.
923 3045 1188 3104 Secundo
1210 3045 1515 3120 Quaeritur,
1541 3045 1657 3120 Qui
1678 3045 1878 3105 timere
1906 3045 2159 3123 potuerit
2186 3054 2244 3105 et
2272 3065 2657 3122 expavescere
2680 3065 2811 3103 cum
2833 3063 2955 3102 cer-

553 3133 612 3182 ta
639 3131 699 3181 et
727 3123 1050 3182 indubitata
1077 3126 1320 3184 victoria
1364 3135 1518 3183 esset
1561 3147 1637 3184 ex
1677 3126 1788 3184 Dei
1810 3126 2051 3185 consilio
2080 3125 2473 3185 immutabili?
2516 3125 2710 3202 Resp.,
2744 3123 2835 3183 Ut
2859 3123 2955 3182 hie

556 3201 860 3277 scrupulus
889 3203 1141 3278 tollatur,
1167 3205 1496 3263 meminisse
1519 3213 1744 3282 oportet
1762 3215 2067 3282 utrumque
2086 3207 2239 3264 hunc
2256 3204 2524 3264 affectum
2545 3216 2735 3262 metus
2756 3212 2815 3262 et
2832 3203 2956 3280 spei

551 3279 612 3337 in
639 3279 870 3338 homine
901 3300 1052 3358 saepe
1081 3283 1422 3360 reciprocari
1438 3292 1497 3342 et
1523 3285 1874 3344 alternantes
1902 3286 2153 3363 experiri
2178 3287 2338 3344 vices
2366 3305 2469 3363 pro
2510 3285 2729 3342 ratione
2759 3283 2951 3361 objec-

551 3367 741 3417 torum
771 3377 896 3418 sese
925 3360 1326 3437 ingerentium,
1357 3381 1492 3420 nam
1531 3363 1577 3420 si
1628 3383 1721 3422 res
1749 3373 1915 3440 grata
1942 3375 1999 3424 et
2028 3365 2161 3425 laeta
2188 3365 2494 3442 objiciatur
2519 3363 2791 3423 contiuuo
2820 3383 2954 3440 spes

553 3437 688 3498 inde
717 3437 1038 3513 efflorescit,
1071 3441 1160 3498 sin
1208 3461 1344 3500 vero
1391 3442 1576 3500 tristis
1622 3452 1681 3501 et
1708 3444 1951 3502 molesta
1978 3445 2165 3520 fuerit,
2197 3454 2384 3505 metus
2406 3445 2597 3503 subito
2624 3444 2954 3503 enasciturz

554 3519 698 3578 Cum
729 3539 866 3578 vero
911 3519 1040 3578 duae
1069 3520 1196 3579 istae
1245 3541 1336 3580 res
1379 3540 1564 3597 usque
1605 3523 1751 3581 adeo
1780 3525 2079 3583 contrariae
2124 3545 2249 3584 sese
2279 3525 2551 3603 ingerunt
2576 3523 2780 3583 eodem
2808 3533 2944 3583 tem·

553 3619 708 3678 pore,
741 3609 860 3659 tum
883 3599 1008 3659 fieri
1035 3601 1237 3678 nequit
1263 3601 1406 3679 quin
1433 3603 1632 3678 gravis
1658 3603 1809 3662 inter
1836 3623 1933 3663 eas
1962 3625 2159 3682 pugna
2187 3615 2245 3664 et
2274 3605 2576 3664 conflictus
2604 3605 2835 3678 oriatur,
2868 3603 2949 3662 al-

553 3689 676 3740 tera
703 3681 948 3740 faciente
975 3689 1190 3740 metum
1221 3691 1282 3741 et
1326 3681 1600 3758 dolorem,
1633 3683 1814 3742 altera
1850 3704 2007 3761 spem
2056 3694 2114 3745 et
2142 3686 2592 3744 consolationem
2622 3685 2949 3758 excitante3

553 3781 752 3820 rursus
773 3781 902 3820 cum
927 3762 984 3820 in
1007 3761 1119 3820 isto
1139 3761 1410 3822 conflictu
1430 3763 1612 3822 altera
1634 3763 1798 3822 alteri
1810 3764 2105 3842 praevalet,
2130 3785 2188 3824 v.
2204 3785 2283 3842 g.‚
2300 3765 2511 3823 malum
2526 3785 2781 3843 praesens
2801 3764 2955 3823 bono

551 3841 743 3901 futuro
772 3841 961 3900 acrius
989 3861 1050 3901 se
1079 3842 1308 3919 ingerit,
1339 3853 1398 3901 et
1446 3843 1602 3921 quod
1644 3863 1898 3921 praesens
1944 3855 2033 3905 est
2060 3855 2265 3904 natura
2294 3865 2399 3903 sua
2428 3846 2826 3904 vehementius
2852 3844 2955 3902 ho-

551 3923 733 3982 mines
782 3921 958 3981 afficit
1005 3941 1177 3999 quam
1227 3923 1385 4000 quod
1429 3931 1518 3982 est
1566 3923 1839 4000 futurum,
1893 3934 2080 3984 metus
2118 3935 2177 3986 et
2203 3925 2371 3984 dolor
2396 3926 2479 3983 ita
2506 3925 2741 3984 videtur
2767 3932 2951 3983 totum

547 4003 837 4062 hominem
903 4023 1183 4080 occupare
1230 4011 1296 4062 ut
1349 4003 1493 4061 nihil
1541 4003 1600 4061 in
1658 4023 1727 4062 eo
1773 4005 1895 4082 spei
1950 4005 2027 4065 sit
2072 4007 2374 4083 reliquum,
2422 4005 2560 4083 quia
2596 4005 2679 4064 ita
2725 4003 2951 4063 defixus

545 4084 726 4143 haeret
775 4083 834 4140 in
879 4083 1030 4141 malo
1075 4082 1232 4161 quod
1279 4083 1536 4142 intuetur
1578 4093 1645 4144 ut
1692 4092 1899 4143 caetera
1947 4105 2075 4162 quae
2117 4085 2481 4163 aliquatenus
2509 4085 2667 4144 illius
2696 4085 2953 4142 dolorem

543 4163 724 4223 lenire
767 4164 864 4224 vel
909 4173 1124 4222 metum
1173 4164 1430 4223 minuere
1477 4173 1721 4241 possunt
1768 4185 1837 4223 eo
1884 4174 2174 4225 momento
2219 4185 2333 4224 non
2363 4165 2642 4241 attendat,
2674 4162 2947 4242 quemad-

543 4244 778 4304 modum
823 4264 893 4303 ea
940 4254 1030 4303 est
1071 4252 1292 4304 naturae
1339 4253 1551 4304 nostrae
1597 4244 1851 4304 conditio
1894 4255 1960 4305 ut
2004 4245 2261 4322 ingentia
2289 4245 2432 4322 visa,
2481 4265 2611 4304 cum
2640 4245 2945 4304 vehemen-

545 4325 661 4382 tius
711 4325 1005 4400 ingruunt,
1037 4345 1112 4384 ex
1157 4325 1325 4384 nobis
1369 4345 1438 4384 eo
1467 4335 1757 4384 momento
1796 4326 2033 4404 abigant
2060 4347 2287 4385 omnem
2317 4326 2489 4384 aliam
2520 4326 2945 4404 cogitationem,

543 4403 714 4460 sicin
763 4405 920 4464 omni
947 4405 1277 4464 vehementi
1325 4406 1707 4465 commotione
1751 4406 1833 4464 ita
1880 4415 2036 4465 totus
2085 4415 2397 4484 occupatur
2424 4407 2650 4464 animus
2678 4413 2743 4464 ut
2772 4405 2945 4462 velox

539 4481 644 4540 illa
691 4481 1028 4542 facultatum
1077 4485 1252 4542 animi
1282 4487 1607 4562 progressio
1636 4487 1879 4544 multum
1929 4486 2289 4564 impediatur,
2322 4487 2457 4544 dum
2492 4485 2736 4562 singulte
2766 4483 2946 4543 facul-

539 4570 690 4620 tates
731 4563 1000 4636 proesenti
1045 4564 1274 4640 objecto
1323 4563 1510 4622 affixae
1555 4585 1674 4623 reni
1720 4573 1902 4624 totam
1950 4565 2167 4626 diutius
2212 4565 2591 4643 suspendunt.
2678 4565 2774 4623 Ex
2821 4563 2949 4641 qui-

539 4641 652 4703 bus
691 4638 860 4702 facile
905 4647 1026 4696 tota
1069 4641 1192 4700 haec
1243 4641 1550 4702 difficultas
1592 4645 1899 4721 expeditur
1931 4645 2143 4722 quippe
2174 4647 2439 4704 Christus
2468 4645 2635 4704 nobis
2658 4647 2947 4721 ὅμαοπιθίς
