3234 5192
278 346 516 390 msrur.
547 327 660 406 vn]
1005 344 1081 385 ns
1113 342 1372 395 snm-rc,
1403 342 1589 397 Anus,
1619 341 1693 381 nr
1726 341 2051 381 sanonum.
2594 319 2709 382 319

279 488 572 548 charitate
595 485 806 543 divelli
832 486 1069 556 debere,
1098 482 1234 541 Nec
1263 482 1757 557 justificationem
1782 482 1911 539 sine
1956 479 2425 540 sanctificatione
2454 481 2711 541 obtineri

281 585 485 644 pom3
529 563 691 623 Talis
717 564 878 621 enim
907 570 998 621 est
1023 581 1094 621 ac
1113 568 1284 619 tanta
1329 560 1759 619 beneficiorum
1806 560 2059 617 istorum
2106 560 2379 617 omnium
2422 560 2603 618 simul
2630 562 2709 619 ad

283 647 538 703 salutem
585 642 918 713 necessitas,
949 648 1021 699 ut
1063 641 1168 717 qui
1211 640 1574 697 alterutrum
1593 644 1835 697 tantum
1878 638 2135 695 retinere
2183 638 2335 708 vult,
2385 645 2711 713 utrumque

285 724 514 799 perdat,
535 728 599 779 et
643 720 750 796 qui
777 727 1104 795 utrumque
1147 736 1272 776 non
1318 717 1520 789 habet,
1549 723 1837 774 neutrum
1881 715 2221 791 possideat3
2266 715 2435 785 Quid
2462 716 2712 789 juvaret

284 801 444 860 enim
468 801 616 857 fides
657 798 784 857 sine
831 797 1167 857 charitate?
1210 796 1306 854 vel
1340 794 1697 869 justificatio
1726 794 1853 853 sine
1874 793 2335 852 sanctificatione
2360 796 2381 851 ἓ
2424 794 2521 851 vel
2558 811 2709 869 quo-

283 880 466 937 modo
491 878 852 954 persuadere
879 894 990 935 nos
1012 881 1251 952 possent
1277 875 1354 931 de
1375 873 1627 931 veritate
1648 872 2012 949 evangelica,
2034 878 2097 931 et
2121 871 2477 931 certitudine
2497 870 2709 931 salutis

292 964 528 1027 nostrae,
557 956 672 1013 nisi
699 962 896 1030 partes
923 971 1126 1012 omnes
1153 950 1366 1011 salutis
1389 958 1528 1027 post
1547 970 1610 1009 se
1632 952 1983 1011 traherent?

367 1033 682 1092 XXXIV.
746 1032 867 1091 His
914 1050 1055 1090 vero
1099 1032 1188 1090 ita
1233 1029 1530 1101 discussis,
1573 1036 1845 1107 superest
1870 1036 1943 1087 ut
1992 1029 2357 1105 quibusdam
2412 1028 2711 1105 scrupulis

292 1112 744 1182 satisfaciamus,
775 1111 882 1185 qui
908 1128 985 1169 ex
1011 1109 1186 1168 dictis
1213 1107 1358 1167 oriri
1399 1114 1671 1185 possunt.
1758 1105 1963 1165 Primo
1990 1108 2281 1185 quaeritur
2306 1127 2415 1167 cur
2440 1107 2485 1167 J
2488 1126 2713 1167 oannes

286 1191 612 1267 praemittat
638 1207 858 1263 aquam
899 1187 1196 1263 sanguini,
1245 1186 1298 1245 si
1341 1204 1450 1263 per
1491 1202 1715 1263 aquam
1764 1186 2155 1261 regeneratio,
2204 1204 2313 1263 per
2355 1186 2712 1261 sanguinem

279 1268 630 1344 justificatio
659 1274 752 1325 est
777 1267 1170 1343 intelligenda
1191 1287 1206 1336 ;
1265 1282 1404 1323 cum
1449 1270 1679 1323 certum
1722 1264 1800 1322 sit
1836 1262 2330 1337 justificationem
2378 1266 2710 1341 praeoedere

288 1344 828 1419 sanctificationem,
855 1352 920 1405 et
945 1344 1246 1403 neminem
1271 1362 1311 1401 a
1337 1342 1470 1403 Deo
1517 1360 1625 1417 per
1669 1340 1960 1417 Spiritum
2008 1342 2348 1419 regenerari
2374 1360 2565 1417 posse,
2596 1342 2709 1403 nisi

286 1424 458 1500 prius
483 1422 648 1481 Deus
673 1440 818 1499 erga
871 1424 1068 1499 ipsum
1093 1422 1388 1497 sanguine
1417 1420 1556 1481 Filii
1583 1420 1859 1497 placatus
1898 1428 2279 1496 peccatorum
2304 1420 2713 1479 remissionem

289 1500 658 1561 concesserit.
741 1502 975 1561 Verum
1001 1500 1178 1559 facile
1205 1501 1601 1577 respondetur
1648 1500 1763 1557 hoc
1786 1497 1874 1556 ita
1920 1498 2210 1558 recenseri
2237 1516 2276 1557 a
2302 1497 2347 1557 J
2348 1517 2558 1570 omne,
2588 1517 2711 1557 non

289 1580 472 1639 modo
499 1579 728 1637 ratione
752 1581 1089 1639 mediorum
1115 1585 1506 1639 externorum
1530 1576 1819 1653 baptismi
1843 1585 1993 1653 puta
2006 1584 2069 1635 et
2088 1577 2146 1637 S.
2169 1576 2387 1649 Coense,
2404 1576 2468 1634 in
2490 1576 2713 1652 quibus

289 1664 522 1717 constat
547 1657 912 1734 baptismum
939 1664 1228 1732 tanquam
1257 1661 1697 1715 sacramentum
1722 1673 1896 1731 aquae
1922 1656 2191 1727 mlestis,
2228 1656 2293 1713 id
2338 1662 2425 1713 est
2468 1654 2715 1714 initiati-

289 1736 419 1795 onis
445 1743 506 1794 et
531 1736 996 1813 regenerationis
1023 1742 1240 1793 nostroe
1269 1734 1618 1810 praecedere,
1649 1751 1879 1791 coenam
1904 1752 2066 1805 vero,
2098 1753 2231 1811 quse
2259 1740 2349 1792 est
2382 1750 2715 1792 sacramen-

289 1822 422 1873 tum
451 1814 662 1873 mortis
685 1821 748 1873 et
773 1812 1084 1889 sanguinis
1114 1812 1351 1884 Christi,
1379 1813 1652 1887 adeoque
1688 1818 1907 1871 nostrae
1954 1830 2060 1887 per
2108 1812 2306 1888 ipsum
2346 1810 2713 1883 nutritionis,

205 1944 222 1963 ,
287 1894 494 1968 sequi3
537 1892 657 1951 Sed
685 1892 866 1949 etiam
893 1892 1122 1951 ratione
1149 1889 1484 1949 mediorum
1510 1889 1887 1949 internorum
1912 1908 2019 1947 seu
2039 1890 2465 1949 beneficiorum
2494 1888 2715 1950 Christi

288 1978 586 2047 quatenus
613 1976 968 2045 spectantur,
996 1970 1202 2027 nonin
1221 1988 1282 2027 se
1308 1974 1369 2027 et
1395 1985 1434 2026 a
1451 1978 1633 2044 parte
1657 1968 1790 2041 Dei,
1812 1969 1917 2027 sed
1946 1970 2143 2046 quoad
2158 1989 2389 2029 semum
2404 1973 2467 2027 et
2486 1979 2719 2044 aparte

289 2049 517 2122 nostri,·
558 2047 723 2107 Nam
750 2047 812 2105 in
835 2065 896 2105 se
923 2054 985 2105 et
1011 2065 1048 2105 a
1074 2055 1246 2123 parte
1283 2046 1402 2105 Dei
1447 2047 1729 2122 praecedit
1774 2047 2023 2123 sanguis
2069 2066 2309 2125 aquam,
2358 2046 2503 2123 quia
2548 2047 2717 2121 prius

289 2126 567 2202 placatur
593 2126 766 2183 nobis
805 2124 987 2195 Deus,
1034 2132 1360 2201 antequam
1408 2140 1518 2181 nos
1563 2131 1910 2201 regeneret;
1973 2126 2078 2184 sed
2125 2145 2164 2185 a
2202 2132 2373 2202 parte
2416 2124 2625 2196 nostri,
2654 2132 2717 2183 et

289 2205 492 2279 quoad
520 2220 759 2261 sensum
787 2202 1070 2278 praecedit
1095 2221 1256 2279 aqua
1297 2201 1671 2275 sanguinem,
1719 2204 1865 2279 quia
1906 2223 2027 2262 non
2068 2211 2269 2281 posset
2312 2220 2439 2263 esse
2475 2203 2719 2277 cognita

289 2287 496 2339 nostra
512 2280 882 2356 justificatio,
910 2280 1030 2338 nisi
1055 2282 1253 2357 posita
1277 2280 1733 2355 regeneratione
1754 2302 1771 2353 ;
1812 2281 1878 2340 N
1879 2301 1946 2341 ec
1962 2282 2273 2341 consolatio
2292 2299 2429 2359 quae
2457 2298 2563 2355 per
2579 2300 2719 2339 san-

288 2358 524 2437 quinem
550 2358 916 2435 designatur,
935 2368 1134 2435 posset
1158 2358 1402 2439 percipi,
1423 2358 1538 2417 nisi
1563 2361 1762 2435 posita
1788 2361 2159 2420 renovatione
2184 2380 2319 2437 qum
2346 2378 2453 2437 per
2478 2379 2719 2437 aquam,

291 2444 362 2497 ut
388 2436 761 2497 renovationi
789 2440 956 2499 locus
975 2438 1046 2497 in
1071 2440 1244 2500 nobis
1271 2456 1396 2497 non
1423 2446 1594 2511 esset,
1632 2438 1749 2497 nisi
1790 2442 1935 2499 data
1975 2440 2401 2499 illuminatione
2446 2445 2507 2497 et
2554 2440 2721 2499 dono

291 2516 448 2587 fidei,
471 2536 606 2593 quae
635 2534 741 2592 per
757 2515 1043 2595 Spiritum
1063 2516 1354 2577 innuitur.

371 2594 650 2654 XXXV.
695 2596 972 2657 Secundo
999 2598 1309 2674 quaritur,
1341 2596 1446 2655 An
1474 2616 1550 2655 ex
1576 2614 1652 2656 eo
1678 2598 1843 2672 quod
1879 2615 1986 2673 per
2032 2598 2390 2675 sanguinem
2414 2616 2461 2656 s.
2492 2616 2721 2655 coenam

287 2673 702 2750 intelligimus,
739 2681 1026 2751 sequatur
1051 2674 1370 2751 praesentia
1395 2676 1573 2732 realis
1619 2682 1682 2732 et
1722 2675 2135 2735 substantialis
2154 2674 2465 2751 sanguinis
2498 2674 2720 2734 Christi

287 2750 352 2809 in
379 2771 566 2825 coena,
593 2759 666 2810 ut
691 2756 1058 2829 pertendunt
1085 2752 1368 2812 nonnulli
1394 2770 1470 2809 ex
1499 2752 1883 2823 Lutheranis,
1910 2760 1973 2809 et
1996 2752 2154 2811 inter
2202 2769 2305 2811 eos
2346 2752 2721 2823 Gerhardus,

289 2829 396 2904 qui
435 2831 592 2889 inter
619 2829 743 2888 alia
765 2832 1096 2907 porismata
1121 2832 1256 2889 vult
1291 2830 1433 2887 inde
1459 2828 1683 2903 colligi,
1713 2830 1957 2899 realem,
1999 2846 2219 2900 veram,
2259 2837 2319 2887 et
2360 2828 2719 2887 substantia·

289 2908 411 2966 lem
465 2908 775 2981 sanguinis
831 2906 1052 2967 Christi
1107 2906 1172 2965 in
1225 2924 1396 2965 coena
1439 2906 1839 2981 praesentiam,
1882 2907 1997 2963 hoe
2034 2912 2391 2981 argumento
2414 2924 2429 2975 3
2474 2904 2540 2962 Si
2574 2923 2723 2965 voce

289 2986 604 3059 sanguinis
631 3002 799 3041 coena
825 2983 1208 3059 intelligitur,
1235 3000 1475 3041 necesse
1503 2989 1594 3041 est
1619 2982 1975 3057 sanguinem
2002 3000 2129 3041 esse
2154 2982 2267 3041 sub
2293 2984 2393 3041 vel
2418 2999 2559 3039 cum
2585 2982 2725 3041 visi-

289 3061 512 3119 bilibus
542 3060 847 3119 elementis
882 3060 1076 3135 reipsa
1117 3066 1470 3136 praesentem
1506 3060 1570 3117 in
1618 3078 1803 3133 coena,
1842 3062 2353 3136 quemadmodum
2399 3077 2561 3135 aqua
2587 3079 2724 3135 quae

290 3140 424 3215 conj
435 3139 681 3214 ungitur
709 3138 772 3195 in
800 3138 1116 3214 baptismo,
1148 3139 1238 3197 At
1264 3155 1476 3197 verum
1515 3138 1702 3215 prins,
1748 3136 1912 3213 Ergo
1961 3146 2021 3196 et
2046 3138 2383 3216 posterius;
2426 3155 2537 3197 nec
2562 3138 2723 3197 enim

291 3225 498 3293 posset
521 3236 592 3276 eo
619 3216 862 3276 nomine
888 3215 1214 3292 designari,
1240 3214 1362 3275 nisi
1391 3216 1635 3291 sanguis
1658 3216 1745 3275 ibi
1768 3234 2031 3294 praesens
2056 3223 2224 3277 esset.
2290 3218 2409 3278 Sed
2438 3214 2573 3293 quis
2597 3235 2723 3277 non

291 3296 464 3354 videt
490 3296 980 3370 consequentiam
1006 3294 1289 3354 vacillare
1312 3296 1336 3355 ἓ
1418 3295 1552 3354 Nec
1579 3296 1741 3355 enim
1768 3296 1820 3355 si
1846 3314 1993 3355 voce
2018 3296 2331 3372 sanguinis
2356 3294 2727 3373 significatur

291 3392 477 3447 coena,
507 3375 778 3451 sequitur
803 3373 1162 3448 sanguinem
1187 3373 1404 3433 debere
1431 3392 1558 3433 esse
1583 3380 1943 3451 praesentem
1968 3376 2440 3435 substantialiter
2468 3376 2577 3435 sub
2602 3376 2725 3434 ele-

290 3454 526 3525 mentis,
555 3452 698 3530 quia
725 3452 808 3511 sic
833 3452 1175 3527 appellatur
1210 3468 1336 3511 non
1381 3452 1639 3530 proprie,
1688 3455 1795 3513 sed
1836 3454 2091 3533 figurate
2137 3472 2245 3530 per
2286 3455 2725 3531 metonymiam

291 3532 804 3603 sacramentalem,
833 3530 979 3605 quia
1004 3537 1097 3589 est
1123 3530 1364 3605 signum
1409 3539 1470 3591 et
1513 3532 1782 3608 sigillum
1830 3532 2139 3609 sanguinis
2170 3532 2407 3605 Christi,
2436 3540 2507 3591 ut
2532 3532 2725 3608 liquet

289 3628 366 3667 ex
392 3608 809 3685 phraseologia
835 3608 1268 3681 sacramentali,
1329 3628 1394 3669 er
1414 3628 1598 3686 quam
1622 3619 1691 3671 ut
1716 3629 1873 3687 saepe
1898 3630 2120 3670 nomen
2148 3611 2305 3689 signi
2324 3614 2507 3671 datur
2527 3612 2729 3685 signa-

289 3695 356 3745 to
379 3708 396 3757 3
436 3687 524 3745 ita
549 3704 768 3745 nomen
795 3686 1014 3763 signati
1039 3687 1211 3763 signo
1233 3708 1250 3760 ;
1349 3691 1528 3748 adem
1553 3690 1757 3764 phrasi
1776 3690 1954 3766 panis
1980 3690 2201 3749 dicitur
2232 3688 2463 3781 Corpus
2483 3686 2725 3759 Clu-isti,

292 3775 350 3822 ot
377 3764 527 3823 calix
551 3762 792 3823 Novum
828 3764 1259 3825 Testamentum
1283 3766 1348 3824 in
1373 3768 1663 3846 sanquine
1696 3768 1919 3827 Christi
1942 3789 1969 3833 ,·
2010 3787 2133 3827 non
2160 3784 2415 3845 proprie,
2432 3766 2579 3842 quia
2604 3766 2725 3823 dis-

293 3849 578 3918 paratum
605 3844 679 3901 de
701 3841 1002 3920 disparato
1029 3843 1268 3921 proprie
1296 3846 1610 3921 praedicari
1637 3866 1761 3905 non
1786 3852 1998 3923 potest,
2046 3848 2152 3905 sed
2194 3852 2430 3905 tantum
2458 3844 2724 3919 tropice;

291 3920 582 3997 quicquid
603 3921 702 3981 hic
723 3919 1017 3982 Pontificii
1045 3942 1154 4017 pro
1185 3928 1310 4005 §rt-f
1343 3926 1711 3984 adstruendo
1756 3924 2103 3984 moliantur.
2187 3922 2321 3981 Nec
2347 3922 2499 3981 ratio
2537 3920 2727 3997 petita

289 4000 367 4059 ab
394 4018 576 4077 aqua,
605 4020 740 4077 quae
785 4000 1066 4077 sanguim
1112 4002 1523 4081 conjungitur,
1571 4011 1635 4061 et
1675 4022 1811 4079 quae
1856 4002 1923 4061 in
1965 4001 2262 4079 baptismo
2307 4000 2565 4070 videtur,
2614 4000 2730 4059 hoc

289 4078 552 4137 evincit:
633 4078 700 4137 N
701 4098 802 4139 am
827 4078 878 4137 si
905 4080 1236 4156 baptismus
1263 4098 1372 4159 per
1398 4100 1532 4139 eam
1560 4082 1929 4157 designatur,
1956 4088 2123 4155 patet
2176 4077 2725 4138 denominationem

291 4156 472 4247 istam
499 4156 658 4248 sumi
685 4176 724 4215 a
749 4157 922 4233 signo
949 4165 1012 4216 et
1037 4158 1352 4231 elemento,
1381 4160 1546 4250 quod
1573 4178 1835 4236 proesens
1861 4158 2040 4218 debet
2062 4177 2191 4250 esse
2218 4155 2507 4227 localiter,
2536 4174 2661 4214 non
2688 4173 2729 4214 a

291 4252 357 4293 ’θ
379 4237 736 4371 {ffiraff’
743 4237 1121 4389 fflfflz
1139 4238 2437 4390 {Efflffiuffiff‘ssssffimgm-
2418 4311 2469 4371 ·,
2498 4319 2559 4371 et
2598 4330 2731 4373 002-

295 4391 460 4465 poris
492 4390 714 4451 Christi
739 4391 802 4449 in
830 4409 997 4450 coena
1023 4391 1101 4449 sit
1128 4391 1560 4469 intelligenda3
1601 4409 1727 4449 non
1756 4390 1950 4451 localis
1974 4410 2081 4467 per
2104 4390 2537 4465 indistantiam,
2554 4390 2729 4469 quasi

297 4470 544 4543 sanguis
571 4469 754 4527 semel
781 4468 844 4527 in
871 4487 1044 4527 cruce
1071 4470 1299 4528 effusus
1345 4470 1709 4547 quaerendus
1756 4470 1955 4529 adhuc
1981 4476 2133 4529 esset
2158 4470 2219 4528 in
2250 4469 2443 4542 terris,
2482 4477 2543 4529 et
2568 4469 2631 4529 in
2660 4489 2731 4529 os

299 4545 684 4622 ingerendus,
713 4554 774 4607 et
799 4548 858 4605 in
893 4566 1074 4607 venas
1121 4548 1653 4619 transfundendae,
1702 4550 1834 4607 haec
1878 4547 2041 4607 enim
2088 4555 2150 4608 et
2190 4548 2427 4609 veritati
2468 4550 2729 4627 corporis

303 4624 541 4699 Christi,
571 4636 632 4686 et
659 4626 988 4689 ascensioni
1015 4624 1148 4702 ejus
1173 4627 1353 4687 locali
1379 4626 1442 4687 in
1479 4626 1715 4701 coelum,
1763 4635 1825 4687 et
1866 4627 2221 4687 sacramenti
2260 4627 2435 4689 istius
2478 4637 2731 4700 naturae,
