<?xml version="1.0" encoding="UTF-8"?>
<!DOCTYPE html PUBLIC "-//W3C//DTD XHTML 1.0 Transitional//EN"
    "http://www.w3.org/TR/xhtml1/DTD/xhtml1-transitional.dtd">
<html xmlns="http://www.w3.org/1999/xhtml" xml:lang="en" lang="en">
 <head>
  <title>
</title>
<meta http-equiv="Content-Type" content="text/html;charset=utf-8" />
  <meta name='ocr-system' content='tesseract 3.04.00' />
  <meta name='ocr-capabilities' content='ocr_page ocr_carea ocr_par ocr_line ocrx_word'/>
</head>
<body>
  <div class='ocr_page' id='page_1' title='image "./denecessariasec00turrgoog_0610.png"; bbox 0 0 3234 5192; ppageno 0'>
   <div class='ocr_carea' id='block_1_1' title="bbox 407 323 2828 404">
    <p class='ocr_par' dir='ltr' id='par_1_1' title="bbox 407 323 2828 404">
     <span class='ocr_line' id='line_1_1' title="bbox 407 323 2828 404; baseline 0.004 -24"><span class='ocrx_word' id='word_1_1' title='bbox 407 325 523 381; x_wconf 80' lang='lat'><strong>556</strong></span> <span class='ocrx_word' id='word_1_2' title='bbox 975 340 1051 378; x_wconf 78' lang='lat' dir='ltr'><strong>m:</strong></span> <span class='ocrx_word' id='word_1_3' title='bbox 1081 339 1558 380; x_wconf 71' lang='lat' dir='ltr'><strong>sA&#39;risrAc‘rioms</strong></span> <span class='ocrx_word' id='word_1_4' title='bbox 1586 339 1823 381; x_wconf 74' lang='lat' dir='ltr'><strong>cnmsn</strong></span> <span class='ocrx_word' id='word_1_5' title='bbox 1854 341 2175 382; x_wconf 65' lang='lat' dir='ltr'><strong>vaurum.</strong></span> <span class='ocrx_word' id='word_1_6' title='bbox 2382 323 2643 404; x_wconf 74' lang='lat' dir='ltr'><strong>[Disru&#39;r.</strong></span> <span class='ocrx_word' id='word_1_7' title='bbox 2678 345 2828 390; x_wconf 77' lang='lat' dir='ltr'><strong>xvir.</strong></span> 
     </span>
    </p>
   </div>
   <div class='ocr_carea' id='block_1_2' title="bbox 383 479 2822 4723">
    <p class='ocr_par' dir='ltr' id='par_1_2' title="bbox 399 479 2822 1680">
     <span class='ocr_line' id='line_1_2' title="bbox 401 479 2818 561; baseline 0.003 -21"><span class='ocrx_word' id='word_1_8' title='bbox 401 481 477 540; x_wconf 82' lang='lat' dir='ltr'><strong>ad</strong></span> <span class='ocrx_word' id='word_1_9' title='bbox 504 500 704 540; x_wconf 88' lang='lat' dir='ltr'><strong>omnes</strong></span> <span class='ocrx_word' id='word_1_10' title='bbox 731 481 946 558; x_wconf 72' lang='lat' dir='ltr'><strong>pariter</strong></span> <span class='ocrx_word' id='word_1_11' title='bbox 973 479 1344 541; x_wconf 87' lang='lat' dir='ltr'><strong>extendenda</strong></span> <span class='ocrx_word' id='word_1_12' title='bbox 1391 481 1545 541; x_wconf 65' lang='lat' dir='ltr'><strong>sunt*</strong></span> <span class='ocrx_word' id='word_1_13' title='bbox 1569 482 1775 542; x_wconf 88' lang='lat' dir='ltr'><strong>mortis</strong></span> <span class='ocrx_word' id='word_1_14' title='bbox 1824 483 2061 561; x_wconf 87' lang='lat' dir='ltr'><strong>species,</strong></span> <span class='ocrx_word' id='word_1_15' title='bbox 2110 483 2312 544; x_wconf 88' lang='lat' dir='ltr'><strong>mortis</strong></span> <span class='ocrx_word' id='word_1_16' title='bbox 2350 493 2539 544; x_wconf 83' lang='lat' dir='ltr'><strong>autem</strong></span> <span class='ocrx_word' id='word_1_17' title='bbox 2586 489 2818 549; x_wconf 86' lang='lat' dir='ltr'><strong>nomine</strong></span> 
     </span>
     <span class='ocr_line' id='line_1_3' title="bbox 404 560 2819 642; baseline 0.003 -22"><span class='ocrx_word' id='word_1_18' title='bbox 404 561 576 620; x_wconf 84' lang='lat' dir='ltr'><strong>etiam</strong></span> <span class='ocrx_word' id='word_1_19' title='bbox 607 571 848 620; x_wconf 88' lang='lat' dir='ltr'><strong>mortem</strong></span> <span class='ocrx_word' id='word_1_20' title='bbox 878 562 1234 639; x_wconf 79' lang='lat' dir='ltr'>corporalem</span> <span class='ocrx_word' id='word_1_21' title='bbox 1261 560 1702 640; x_wconf 87' lang='lat' dir='ltr'><strong>intelligendam</strong></span> <span class='ocrx_word' id='word_1_22' title='bbox 1731 583 1875 638; x_wconf 86' lang='lat' dir='ltr'><strong>esse,</strong></span> <span class='ocrx_word' id='word_1_23' title='bbox 1906 583 2077 623; x_wconf 88' lang='lat' dir='ltr'><strong>nemo</strong></span> <span class='ocrx_word' id='word_1_24' title='bbox 2104 573 2171 624; x_wconf 89' lang='lat' dir='ltr'><strong>ut</strong></span> <span class='ocrx_word' id='word_1_25' title='bbox 2198 566 2403 642; x_wconf 84' lang='lat' dir='ltr'>opinor</span> <span class='ocrx_word' id='word_1_26' title='bbox 2448 566 2669 626; x_wconf 81' lang='lat' dir='ltr'><strong>inficias</strong></span> <span class='ocrx_word' id='word_1_27' title='bbox 2696 569 2819 627; x_wconf 85' lang='lat' dir='ltr'><strong>ive-</strong></span> 
     </span>
     <span class='ocr_line' id='line_1_4' title="bbox 404 641 2822 724; baseline 0.003 -25"><span class='ocrx_word' id='word_1_28' title='bbox 404 641 496 700; x_wconf 88' lang='lat' dir='ltr'><strong>rit.</strong></span> <span class='ocrx_word' id='word_1_29' title='bbox 567 645 605 700; x_wconf 83' lang='lat'><strong>2</strong></span> <span class='ocrx_word' id='word_1_30' title='bbox 624 684 639 700; x_wconf 84' lang='lat'><strong>.</strong></span> <span class='ocrx_word' id='word_1_31' title='bbox 670 641 819 716; x_wconf 82' lang='lat' dir='ltr'><strong>Quia</strong></span> <span class='ocrx_word' id='word_1_32' title='bbox 849 642 1009 700; x_wconf 87' lang='lat' dir='ltr'><strong>Deus</strong></span> <span class='ocrx_word' id='word_1_33' title='bbox 1037 643 1186 700; x_wconf 86' lang='lat' dir='ltr'><strong>banc</strong></span> <span class='ocrx_word' id='word_1_34' title='bbox 1215 642 1396 718; x_wconf 80' lang='lat' dir='ltr'><strong>ipsam</strong></span> <span class='ocrx_word' id='word_1_35' title='bbox 1429 652 1671 702; x_wconf 87' lang='lat' dir='ltr'><strong>mortem</strong></span> <span class='ocrx_word' id='word_1_36' title='bbox 1702 643 1935 701; x_wconf 84' lang='lat' dir='ltr'><strong>Adamo</strong></span> <span class='ocrx_word' id='word_1_37' title='bbox 1970 653 2103 720; x_wconf 86' lang='lat' dir='ltr'><strong>post</strong></span> <span class='ocrx_word' id='word_1_38' title='bbox 2142 654 2441 722; x_wconf 83' lang='lat' dir='ltr'><strong>peccatum</strong></span> <span class='ocrx_word' id='word_1_39' title='bbox 2455 647 2577 724; x_wconf 87' lang='lat' dir='ltr'><strong>jam</strong></span> <span class='ocrx_word' id='word_1_40' title='bbox 2608 647 2822 708; x_wconf 78' lang='lat' dir='ltr'><strong>admis-</strong></span> 
     </span>
     <span class='ocr_line' id='line_1_5' title="bbox 405 722 2817 804; baseline 0.003 -24"><span class='ocrx_word' id='word_1_41' title='bbox 405 741 532 780; x_wconf 83' lang='lat' dir='ltr'><strong>sum</strong></span> <span class='ocrx_word' id='word_1_42' title='bbox 579 722 641 778; x_wconf 90' lang='lat' dir='ltr'><strong>in</strong></span> <span class='ocrx_word' id='word_1_43' title='bbox 671 741 896 798; x_wconf 84' lang='lat' dir='ltr'><strong>poenam</strong></span> <span class='ocrx_word' id='word_1_44' title='bbox 927 722 1316 797; x_wconf 81' lang='lat' dir='ltr'><strong>denunciavit,</strong></span> <span class='ocrx_word' id='word_1_45' title='bbox 1363 722 1510 782; x_wconf 86' lang='lat' dir='ltr'><strong>Gen.</strong></span> <span class='ocrx_word' id='word_1_46' title='bbox 1561 723 1645 783; x_wconf 89' lang='lat' dir='ltr'><strong>iii.</strong></span> <span class='ocrx_word' id='word_1_47' title='bbox 1680 726 1771 799; x_wconf 88' lang='grc'><strong>19,</strong></span> <span class='ocrx_word' id='word_1_48' title='bbox 1807 725 1842 756; x_wconf 88' lang='grc'>“</span> <span class='ocrx_word' id='word_1_49' title='bbox 1866 724 2071 782; x_wconf 86' lang='lat' dir='ltr'><strong>Pulvis</strong></span> <span class='ocrx_word' id='word_1_50' title='bbox 2118 745 2182 784; x_wconf 90' lang='lat' dir='ltr'><strong>es</strong></span> <span class='ocrx_word' id='word_1_51' title='bbox 2210 734 2268 784; x_wconf 89' lang='lat' dir='ltr'><strong>et</strong></span> <span class='ocrx_word' id='word_1_52' title='bbox 2314 727 2377 783; x_wconf 90' lang='lat' dir='ltr'><strong>in</strong></span> <span class='ocrx_word' id='word_1_53' title='bbox 2401 725 2699 804; x_wconf 86' lang='lat' dir='ltr'><strong>pulverem</strong></span> <span class='ocrx_word' id='word_1_54' title='bbox 2726 747 2817 788; x_wconf 87' lang='lat' dir='ltr'><strong>re-</strong></span> 
     </span>
     <span class='ocr_line' id='line_1_6' title="bbox 399 801 2815 884; baseline 0.004 -26"><span class='ocrx_word' id='word_1_55' title='bbox 399 801 645 860; x_wconf 84' lang='lat' dir='ltr'><strong>verteris</strong></span> <span class='ocrx_word' id='word_1_56' title='bbox 663 803 715 876; x_wconf 86' lang='lat'><strong>;&#39;&#39;</strong></span> <span class='ocrx_word' id='word_1_57' title='bbox 761 801 971 860; x_wconf 84' lang='lat' dir='ltr'><strong>frustra</strong></span> <span class='ocrx_word' id='word_1_58' title='bbox 997 821 1136 862; x_wconf 86' lang='lat' dir='ltr'><strong>vero</strong></span> <span class='ocrx_word' id='word_1_59' title='bbox 1164 803 1292 876; x_wconf 88' lang='lat' dir='ltr'><strong>hoc,</strong></span> <span class='ocrx_word' id='word_1_60' title='bbox 1325 802 1375 860; x_wconf 86' lang='lat' dir='ltr'><strong>si</strong></span> <span class='ocrx_word' id='word_1_61' title='bbox 1395 803 1517 879; x_wconf 85' lang='lat' dir='ltr'><strong>jam</strong></span> <span class='ocrx_word' id='word_1_62' title='bbox 1547 823 1625 860; x_wconf 81' lang='lat' dir='ltr'><strong>ex</strong></span> <span class='ocrx_word' id='word_1_63' title='bbox 1652 815 1871 863; x_wconf 75' lang='lat' dir='ltr'><strong>naturae</strong></span> <span class='ocrx_word' id='word_1_64' title='bbox 1898 823 2019 862; x_wconf 81' lang='lat' dir='ltr'><strong>suae</strong></span> <span class='ocrx_word' id='word_1_65' title='bbox 2048 805 2395 882; x_wconf 87' lang='lat' dir='ltr'><strong>conditione,</strong></span> <span class='ocrx_word' id='word_1_66' title='bbox 2426 807 2485 864; x_wconf 87' lang='lat' dir='ltr'><strong>in</strong></span> <span class='ocrx_word' id='word_1_67' title='bbox 2515 808 2815 884; x_wconf 85' lang='lat' dir='ltr'><strong>pulverem</strong></span> 
     </span>
     <span class='ocr_line' id='line_1_7' title="bbox 399 881 2811 964; baseline 0.004 -26"><span class='ocrx_word' id='word_1_68' title='bbox 399 881 690 940; x_wconf 83' lang='lat' dir='ltr'><strong>rediturus</strong></span> <span class='ocrx_word' id='word_1_69' title='bbox 719 889 858 940; x_wconf 84' lang='lat' dir='ltr'><strong>erat.</strong></span> <span class='ocrx_word' id='word_1_70' title='bbox 917 885 972 940; x_wconf 87' lang='lat'><strong>3.</strong></span> <span class='ocrx_word' id='word_1_71' title='bbox 1005 883 1154 957; x_wconf 86' lang='lat' dir='ltr'><strong>Quia</strong></span> <span class='ocrx_word' id='word_1_72' title='bbox 1181 881 1329 939; x_wconf 87' lang='lat' dir='ltr'><strong>hanc</strong></span> <span class='ocrx_word' id='word_1_73' title='bbox 1357 891 1598 940; x_wconf 89' lang='lat' dir='ltr'><strong>mortem</strong></span> <span class='ocrx_word' id='word_1_74' title='bbox 1648 883 1945 961; x_wconf 86' lang='lat' dir='ltr'><strong>Scriptura</strong></span> <span class='ocrx_word' id='word_1_75' title='bbox 1976 885 2193 962; x_wconf 83' lang='lat' dir='ltr'><strong>passim</strong></span> <span class='ocrx_word' id='word_1_76' title='bbox 2240 895 2307 945; x_wconf 91' lang='lat' dir='ltr'><strong>ut</strong></span> <span class='ocrx_word' id='word_1_77' title='bbox 2332 888 2553 964; x_wconf 80' lang='lat' dir='ltr'><strong>pcccati</strong></span> <span class='ocrx_word' id='word_1_78' title='bbox 2596 889 2668 946; x_wconf 86' lang='lat' dir='ltr'><strong>sti</strong></span> <span class='ocrx_word' id='word_1_79' title='bbox 2676 907 2811 964; x_wconf 89' lang='lat' dir='ltr'><strong>pen-</strong></span> 
     </span>
     <span class='ocr_line' id='line_1_8' title="bbox 403 954 2810 1045; baseline 0.003 -26"><span class='ocrx_word' id='word_1_80' title='bbox 403 959 563 1019; x_wconf 85' lang='lat' dir='ltr'><strong>dium</strong></span> <span class='ocrx_word' id='word_1_81' title='bbox 590 961 875 1038; x_wconf 84' lang='lat' dir='ltr'><strong>proponit,</strong></span> <span class='ocrx_word' id='word_1_82' title='bbox 929 959 1141 1020; x_wconf 87' lang='lat' dir='ltr'><strong>Ezech.</strong></span> <span class='ocrx_word' id='word_1_83' title='bbox 1189 954 1352 1020; x_wconf 80' lang='lat' dir='ltr'><strong>xviii.</strong></span> <span class='ocrx_word' id='word_1_84' title='bbox 1403 965 1458 1038; x_wconf 89' lang='lat'><strong>4,</strong></span> <span class='ocrx_word' id='word_1_85' title='bbox 1490 963 1587 1039; x_wconf 79' lang='lat'><strong>20,</strong></span> <span class='ocrx_word' id='word_1_86' title='bbox 1639 963 1807 1023; x_wconf 89' lang='lat' dir='ltr'><strong>Rom.</strong></span> <span class='ocrx_word' id='word_1_87' title='bbox 1857 984 1917 1022; x_wconf 88' lang='lat' dir='ltr'><strong>v.</strong></span> <span class='ocrx_word' id='word_1_88' title='bbox 1952 967 2042 1041; x_wconf 82' lang='lat'><strong>12,</strong></span> <span class='ocrx_word' id='word_1_89' title='bbox 2074 974 2133 1024; x_wconf 89' lang='lat' dir='ltr'><strong>et</strong></span> <span class='ocrx_word' id='word_1_90' title='bbox 2176 966 2431 1025; x_wconf 86' lang='lat' dir='ltr'><strong>omnium</strong></span> <span class='ocrx_word' id='word_1_91' title='bbox 2478 967 2810 1045; x_wconf 79' lang='lat' dir='ltr'><strong>clarissime,</strong></span> 
     </span>
     <span class='ocr_line' id='line_1_9' title="bbox 405 1041 2815 1126; baseline 0.003 -26"><span class='ocrx_word' id='word_1_92' title='bbox 405 1041 575 1100; x_wconf 88' lang='lat' dir='ltr'><strong>Rom.</strong></span> <span class='ocrx_word' id='word_1_93' title='bbox 633 1041 712 1100; x_wconf 85' lang='lat' dir='ltr'><strong>vi.</strong></span> <span class='ocrx_word' id='word_1_94' title='bbox 771 1045 868 1100; x_wconf 82' lang='lat'><strong>23.</strong></span> <span class='ocrx_word' id='word_1_95' title='bbox 953 1041 1075 1100; x_wconf 89' lang='lat' dir='ltr'><strong>Nec</strong></span> <span class='ocrx_word' id='word_1_96' title='bbox 1101 1042 1198 1100; x_wconf 89' lang='lat' dir='ltr'><strong>hic</strong></span> <span class='ocrx_word' id='word_1_97' title='bbox 1247 1041 1570 1101; x_wconf 89' lang='lat' dir='ltr'><strong>audiendus</strong></span> <span class='ocrx_word' id='word_1_98' title='bbox 1595 1043 1840 1104; x_wconf 84' lang='lat' dir='ltr'><strong>Socinus</strong></span> <span class='ocrx_word' id='word_1_99' title='bbox 1868 1045 1971 1122; x_wconf 91' lang='lat' dir='ltr'><strong>qui</strong></span> <span class='ocrx_word' id='word_1_100' title='bbox 1994 1046 2287 1123; x_wconf 85' lang='lat' dir='ltr'><strong>pertendit</strong></span> <span class='ocrx_word' id='word_1_101' title='bbox 2314 1047 2521 1123; x_wconf 85' lang='lat' dir='ltr'><strong>Apost.</strong></span> <span class='ocrx_word' id='word_1_102' title='bbox 2550 1048 2713 1126; x_wconf 91' lang='lat' dir='ltr'><strong>loqui</strong></span> <span class='ocrx_word' id='word_1_103' title='bbox 2742 1049 2815 1108; x_wconf 88' lang='lat' dir='ltr'><strong>de</strong></span> 
     </span>
     <span class='ocr_line' id='line_1_10' title="bbox 401 1123 2815 1204; baseline 0.003 -25"><span class='ocrx_word' id='word_1_104' title='bbox 401 1132 584 1180; x_wconf 87' lang='lat' dir='ltr'><strong>morte</strong></span> <span class='ocrx_word' id='word_1_105' title='bbox 614 1131 844 1195; x_wconf 72' lang='lat' dir='ltr'><strong>aeterna,</strong></span> <span class='ocrx_word' id='word_1_106' title='bbox 875 1141 993 1180; x_wconf 90' lang='lat' dir='ltr'><strong>non</strong></span> <span class='ocrx_word' id='word_1_107' title='bbox 1020 1142 1160 1181; x_wconf 87' lang='lat' dir='ltr'><strong>vero</strong></span> <span class='ocrx_word' id='word_1_108' title='bbox 1185 1123 1468 1200; x_wconf 85' lang='lat' dir='ltr'><strong>corporali</strong></span> <span class='ocrx_word' id='word_1_109' title='bbox 1493 1146 1508 1200; x_wconf 71' lang='grc' dir='ltr'><strong><em>ς</em></strong></span> <span class='ocrx_word' id='word_1_110' title='bbox 1542 1123 1693 1182; x_wconf 85' lang='lat' dir='ltr'><strong>Nam</strong></span> <span class='ocrx_word' id='word_1_111' title='bbox 1710 1145 1841 1184; x_wconf 88' lang='lat' dir='ltr'><strong>cum</strong></span> <span class='ocrx_word' id='word_1_112' title='bbox 1864 1126 2073 1202; x_wconf 86' lang='lat' dir='ltr'><strong>Apost.</strong></span> <span class='ocrx_word' id='word_1_113' title='bbox 2091 1126 2305 1204; x_wconf 86' lang='lat' dir='ltr'><strong>simpli.</strong></span> <span class='ocrx_word' id='word_1_114' title='bbox 2322 1127 2524 1186; x_wconf 86' lang='lat' dir='ltr'><strong>mortis</strong></span> <span class='ocrx_word' id='word_1_115' title='bbox 2542 1129 2815 1188; x_wconf 84' lang='lat' dir='ltr'><strong>memine-</strong></span> 
     </span>
     <span class='ocr_line' id='line_1_11' title="bbox 399 1202 2817 1287; baseline 0.004 -27"><span class='ocrx_word' id='word_1_116' title='bbox 399 1202 492 1276; x_wconf 89' lang='lat' dir='ltr'><strong>rit,</strong></span> <span class='ocrx_word' id='word_1_117' title='bbox 516 1211 778 1260; x_wconf 86' lang='lat' dir='ltr'><strong>nostrum</strong></span> <span class='ocrx_word' id='word_1_118' title='bbox 805 1222 921 1260; x_wconf 83' lang='lat' dir='ltr'><strong>non</strong></span> <span class='ocrx_word' id='word_1_119' title='bbox 949 1212 1040 1262; x_wconf 86' lang='lat' dir='ltr'><strong>est</strong></span> <span class='ocrx_word' id='word_1_120' title='bbox 1066 1223 1136 1262; x_wconf 88' lang='lat' dir='ltr'><strong>ea</strong></span> <span class='ocrx_word' id='word_1_121' title='bbox 1153 1205 1500 1280; x_wconf 80' lang='lat' dir='ltr'><strong>restringere</strong></span> <span class='ocrx_word' id='word_1_122' title='bbox 1531 1224 1659 1281; x_wconf 74' lang='lat' dir='ltr'><strong>quse</strong></span> <span class='ocrx_word' id='word_1_123' title='bbox 1686 1225 1805 1266; x_wconf 88' lang='lat' dir='ltr'><strong>non</strong></span> <span class='ocrx_word' id='word_1_124' title='bbox 1824 1207 2161 1283; x_wconf 82' lang='lat' dir='ltr'><strong>restrinxit3</strong></span> <span class='ocrx_word' id='word_1_125' title='bbox 2192 1207 2309 1265; x_wconf 89' lang='lat' dir='ltr'><strong>imo</strong></span> <span class='ocrx_word' id='word_1_126' title='bbox 2336 1227 2547 1286; x_wconf 89' lang='lat' dir='ltr'><strong>scopus</strong></span> <span class='ocrx_word' id='word_1_127' title='bbox 2574 1218 2665 1268; x_wconf 85' lang='lat' dir='ltr'><strong>est</strong></span> <span class='ocrx_word' id='word_1_128' title='bbox 2690 1229 2817 1287; x_wconf 87' lang='lat' dir='ltr'><strong>cap.</strong></span> 
     </span>
     <span class='ocr_line' id='line_1_12' title="bbox 401 1282 2813 1365; baseline 0.004 -27"><span class='ocrx_word' id='word_1_129' title='bbox 401 1282 480 1340; x_wconf 85' lang='lat' dir='ltr'><strong>vi.</strong></span> <span class='ocrx_word' id='word_1_130' title='bbox 511 1282 753 1360; x_wconf 84' lang='lat' dir='ltr'><strong>probare</strong></span> <span class='ocrx_word' id='word_1_131' title='bbox 781 1282 842 1342; x_wconf 90' lang='lat' dir='ltr'><strong>in</strong></span> <span class='ocrx_word' id='word_1_132' title='bbox 869 1301 1070 1342; x_wconf 85' lang='lat' dir='ltr'><strong>omnes</strong></span> <span class='ocrx_word' id='word_1_133' title='bbox 1095 1283 1360 1342; x_wconf 86' lang='lat' dir='ltr'><strong>homiues</strong></span> <span class='ocrx_word' id='word_1_134' title='bbox 1388 1295 1688 1360; x_wconf 86' lang='lat' dir='ltr'><strong>peccatum</strong></span> <span class='ocrx_word' id='word_1_135' title='bbox 1727 1285 2025 1345; x_wconf 73' lang='lat' dir='ltr'><strong>transiisse</strong></span> <span class='ocrx_word' id='word_1_136' title='bbox 2052 1287 2190 1364; x_wconf 86' lang='lat' dir='ltr'><strong>quia</strong></span> <span class='ocrx_word' id='word_1_137' title='bbox 2230 1305 2431 1347; x_wconf 86' lang='lat' dir='ltr'><strong>omnes</strong></span> <span class='ocrx_word' id='word_1_138' title='bbox 2472 1289 2813 1365; x_wconf 85' lang='lat' dir='ltr'><strong>moriuntur,</strong></span> 
     </span>
     <span class='ocr_line' id='line_1_13' title="bbox 401 1363 2809 1448; baseline 0.003 -28"><span class='ocrx_word' id='word_1_139' title='bbox 401 1381 518 1420; x_wconf 87' lang='lat' dir='ltr'><strong>non</strong></span> <span class='ocrx_word' id='word_1_140' title='bbox 547 1363 746 1440; x_wconf 88' lang='lat' dir='ltr'><strong>utique</strong></span> <span class='ocrx_word' id='word_1_141' title='bbox 774 1373 957 1422; x_wconf 90' lang='lat' dir='ltr'><strong>morte</strong></span> <span class='ocrx_word' id='word_1_142' title='bbox 985 1373 1200 1422; x_wconf 81' lang='lat' dir='ltr'><strong>aeterna</strong></span> <span class='ocrx_word' id='word_1_143' title='bbox 1235 1363 1446 1441; x_wconf 82' lang='lat' dir='ltr'><strong>simpli.</strong></span> <span class='ocrx_word' id='word_1_144' title='bbox 1477 1364 1582 1423; x_wconf 86' lang='lat' dir='ltr'><strong>sed</strong></span> <span class='ocrx_word' id='word_1_145' title='bbox 1610 1366 1893 1443; x_wconf 82' lang='lat' dir='ltr'><strong>corporali</strong></span> <span class='ocrx_word' id='word_1_146' title='bbox 1920 1386 2051 1442; x_wconf 75' lang='lat' dir='ltr'><strong>quse</strong></span> <span class='ocrx_word' id='word_1_147' title='bbox 2080 1369 2140 1424; x_wconf 89' lang='lat' dir='ltr'><strong>in</strong></span> <span class='ocrx_word' id='word_1_148' title='bbox 2162 1387 2368 1427; x_wconf 87' lang='lat' dir='ltr'><strong>sensus</strong></span> <span class='ocrx_word' id='word_1_149' title='bbox 2396 1369 2653 1444; x_wconf 80' lang='lat' dir='ltr'><strong>incurrit,</strong></span> <span class='ocrx_word' id='word_1_150' title='bbox 2684 1387 2809 1448; x_wconf 83' lang='lat' dir='ltr'><strong>cap.</strong></span> 
     </span>
     <span class='ocr_line' id='line_1_14' title="bbox 401 1442 2815 1521; baseline 0.004 -23"><span class='ocrx_word' id='word_1_151' title='bbox 401 1442 480 1500; x_wconf 87' lang='lat' dir='ltr'><strong>vi.</strong></span> <span class='ocrx_word' id='word_1_152' title='bbox 511 1463 650 1501; x_wconf 83' lang='lat' dir='ltr'><strong>vero</strong></span> <span class='ocrx_word' id='word_1_153' title='bbox 678 1453 979 1520; x_wconf 88' lang='lat' dir='ltr'><strong>utramque</strong></span> <span class='ocrx_word' id='word_1_154' title='bbox 1007 1445 1212 1518; x_wconf 87' lang='lat' dir='ltr'><strong>innuit,</strong></span> <span class='ocrx_word' id='word_1_155' title='bbox 1243 1445 1380 1520; x_wconf 76' lang='lat' dir='ltr'><strong>quia</strong></span> <span class='ocrx_word' id='word_1_156' title='bbox 1407 1457 1650 1521; x_wconf 87' lang='lat' dir='ltr'><strong>utraque</strong></span> <span class='ocrx_word' id='word_1_157' title='bbox 1678 1465 1713 1503; x_wconf 84' lang='lat' dir='ltr'><strong>a</strong></span> <span class='ocrx_word' id='word_1_158' title='bbox 1742 1447 1869 1504; x_wconf 89' lang='lat' dir='ltr'><strong>Deo</strong></span> <span class='ocrx_word' id='word_1_159' title='bbox 1917 1445 2263 1504; x_wconf 85' lang='lat' dir='ltr'><strong>denunciata</strong></span> <span class='ocrx_word' id='word_1_160' title='bbox 2291 1447 2517 1508; x_wconf 85' lang='lat' dir='ltr'><strong>fuerat:</strong></span> <span class='ocrx_word' id='word_1_161' title='bbox 2560 1450 2815 1508; x_wconf 86' lang='lat' dir='ltr'><strong>moriun-</strong></span> 
     </span>
     <span class='ocr_line' id='line_1_15' title="bbox 399 1521 2817 1602; baseline 0.002 -21"><span class='ocrx_word' id='word_1_162' title='bbox 399 1532 496 1581; x_wconf 85' lang='lat' dir='ltr'><strong>tur</strong></span> <span class='ocrx_word' id='word_1_163' title='bbox 524 1521 594 1581; x_wconf 90' lang='lat' dir='ltr'><strong>E.</strong></span> <span class='ocrx_word' id='word_1_164' title='bbox 625 1524 886 1582; x_wconf 84' lang='lat' dir='ltr'><strong>homines</strong></span> <span class='ocrx_word' id='word_1_165' title='bbox 915 1543 1032 1582; x_wconf 90' lang='lat' dir='ltr'><strong>nou</strong></span> <span class='ocrx_word' id='word_1_166' title='bbox 1059 1543 1175 1600; x_wconf 85' lang='lat' dir='ltr'><strong>qua</strong></span> <span class='ocrx_word' id='word_1_167' title='bbox 1221 1525 1482 1598; x_wconf 72' lang='lat' dir='ltr'><strong>homines,</strong></span> <span class='ocrx_word' id='word_1_168' title='bbox 1515 1526 1619 1583; x_wconf 87' lang='lat' dir='ltr'><strong>sed</strong></span> <span class='ocrx_word' id='word_1_169' title='bbox 1662 1545 1779 1602; x_wconf 86' lang='lat' dir='ltr'><strong>qua</strong></span> <span class='ocrx_word' id='word_1_170' title='bbox 1810 1535 2157 1602; x_wconf 74' lang='lat' dir='ltr'><strong>peccatores,</strong></span> <span class='ocrx_word' id='word_1_171' title='bbox 2210 1545 2327 1602; x_wconf 85' lang='lat' dir='ltr'><strong>qua</strong></span> <span class='ocrx_word' id='word_1_172' title='bbox 2362 1527 2437 1584; x_wconf 84' lang='lat' dir='ltr'><strong>ab</strong></span> <span class='ocrx_word' id='word_1_173' title='bbox 2466 1527 2699 1587; x_wconf 86' lang='lat' dir='ltr'><strong>Adamo</strong></span> <span class='ocrx_word' id='word_1_174' title='bbox 2726 1529 2817 1586; x_wconf 87' lang='lat' dir='ltr'><strong>in-</strong></span> 
     </span>
     <span class='ocr_line' id='line_1_16' title="bbox 400 1603 1509 1680; baseline 0 -20"><span class='ocrx_word' id='word_1_175' title='bbox 400 1603 640 1679; x_wconf 82' lang='lat' dir='ltr'><strong>quinati,</strong></span> <span class='ocrx_word' id='word_1_176' title='bbox 672 1623 788 1660; x_wconf 88' lang='lat' dir='ltr'><strong>non</strong></span> <span class='ocrx_word' id='word_1_177' title='bbox 815 1623 932 1680; x_wconf 88' lang='lat' dir='ltr'><strong>qua</strong></span> <span class='ocrx_word' id='word_1_178' title='bbox 959 1604 1032 1662; x_wconf 83' lang='lat' dir='ltr'><strong>ab</strong></span> <span class='ocrx_word' id='word_1_179' title='bbox 1060 1603 1162 1661; x_wconf 84' lang='lat' dir='ltr'><strong>ino</strong></span> <span class='ocrx_word' id='word_1_180' title='bbox 1189 1604 1509 1680; x_wconf 84' lang='lat' dir='ltr'><strong>propagati.</strong></span> 
     </span>
    </p>

    <p class='ocr_par' dir='ltr' id='par_1_3' title="bbox 390 1681 2813 3500">
     <span class='ocr_line' id='line_1_17' title="bbox 481 1681 2807 1759; baseline 0.002 -21"><span class='ocrx_word' id='word_1_181' title='bbox 481 1681 610 1738; x_wconf 88' lang='lat' dir='ltr'><strong>XX</strong></span> <span class='ocrx_word' id='word_1_182' title='bbox 622 1681 802 1740; x_wconf 87' lang='lat' dir='ltr'><strong>VIII.</strong></span> <span class='ocrx_word' id='word_1_183' title='bbox 849 1682 1018 1740; x_wconf 85' lang='lat' dir='ltr'><strong>Vana</strong></span> <span class='ocrx_word' id='word_1_184' title='bbox 1065 1699 1204 1741; x_wconf 89' lang='lat' dir='ltr'><strong>vero</strong></span> <span class='ocrx_word' id='word_1_185' title='bbox 1253 1692 1313 1740; x_wconf 85' lang='lat' dir='ltr'><strong>et</strong></span> <span class='ocrx_word' id='word_1_186' title='bbox 1355 1681 1544 1740; x_wconf 87' lang='lat' dir='ltr'><strong>futilia</strong></span> <span class='ocrx_word' id='word_1_187' title='bbox 1591 1690 1727 1741; x_wconf 87' lang='lat' dir='ltr'><strong>sunt</strong></span> <span class='ocrx_word' id='word_1_188' title='bbox 1754 1701 1883 1758; x_wconf 74' lang='lat' dir='ltr'><strong>quse</strong></span> <span class='ocrx_word' id='word_1_189' title='bbox 1921 1691 2122 1742; x_wconf 86' lang='lat' dir='ltr'><strong>contra</strong></span> <span class='ocrx_word' id='word_1_190' title='bbox 2149 1683 2503 1759; x_wconf 87' lang='lat' dir='ltr'><strong>objiciuntur</strong></span> <span class='ocrx_word' id='word_1_191' title='bbox 2540 1683 2614 1742; x_wconf 86' lang='lat' dir='ltr'><strong>de</strong></span> <span class='ocrx_word' id='word_1_192' title='bbox 2655 1703 2807 1742; x_wconf 84' lang='lat' dir='ltr'><strong>mor-</strong></span> 
     </span>
     <span class='ocr_line' id='line_1_18' title="bbox 403 1760 2811 1836; baseline 0.002 -17"><span class='ocrx_word' id='word_1_193' title='bbox 403 1761 620 1819; x_wconf 80' lang='lat' dir='ltr'><strong>talitate</strong></span> <span class='ocrx_word' id='word_1_194' title='bbox 647 1770 702 1818; x_wconf 83' lang='lat' dir='ltr'><strong>et</strong></span> <span class='ocrx_word' id='word_1_195' title='bbox 727 1760 1190 1836; x_wconf 78' lang='lat' dir='ltr'><strong>com-uptibilitate</strong></span> <span class='ocrx_word' id='word_1_196' title='bbox 1215 1761 1454 1834; x_wconf 82' lang='lat' dir='ltr'><strong>Adami‚</strong></span> <span class='ocrx_word' id='word_1_197' title='bbox 1485 1761 1647 1819; x_wconf 82' lang='lat' dir='ltr'><strong>aliud</strong></span> <span class='ocrx_word' id='word_1_198' title='bbox 1688 1762 1839 1819; x_wconf 87' lang='lat' dir='ltr'><strong>enim</strong></span> <span class='ocrx_word' id='word_1_199' title='bbox 1870 1771 1959 1821; x_wconf 85' lang='lat' dir='ltr'><strong>est</strong></span> <span class='ocrx_word' id='word_1_200' title='bbox 1988 1763 2281 1820; x_wconf 80' lang='lat' dir='ltr'><strong>Adumum</strong></span> <span class='ocrx_word' id='word_1_201' title='bbox 2310 1766 2601 1822; x_wconf 82' lang='lat' dir='ltr'><strong>mortalem</strong></span> <span class='ocrx_word' id='word_1_202' title='bbox 2632 1762 2811 1824; x_wconf 77' lang='lat' dir='ltr'><strong>fuisse</strong></span> 
     </span>
     <span class='ocr_line' id='line_1_19' title="bbox 400 1839 2813 1919; baseline 0.002 -21"><span class='ocrx_word' id='word_1_203' title='bbox 400 1849 459 1898; x_wconf 88' lang='lat' dir='ltr'><strong>et</strong></span> <span class='ocrx_word' id='word_1_204' title='bbox 485 1839 916 1916; x_wconf 80' lang='lat' dir='ltr'><strong>corruptibilem</strong></span> <span class='ocrx_word' id='word_1_205' title='bbox 939 1842 1193 1916; x_wconf 81' lang='lat' dir='ltr'><strong>potentia</strong></span> <span class='ocrx_word' id='word_1_206' title='bbox 1219 1849 1437 1898; x_wconf 81' lang='lat' dir='ltr'><strong>remota</strong></span> <span class='ocrx_word' id='word_1_207' title='bbox 1464 1848 1729 1918; x_wconf 87' lang='lat' dir='ltr'><strong>respectu</strong></span> <span class='ocrx_word' id='word_1_208' title='bbox 1772 1842 2025 1900; x_wconf 73' lang='lat' dir='ltr'><strong>materiae</strong></span> <span class='ocrx_word' id='word_1_209' title='bbox 2054 1861 2130 1899; x_wconf 85' lang='lat' dir='ltr'><strong>ex</strong></span> <span class='ocrx_word' id='word_1_210' title='bbox 2156 1861 2273 1919; x_wconf 83' lang='lat' dir='ltr'><strong>qua</strong></span> <span class='ocrx_word' id='word_1_211' title='bbox 2300 1843 2620 1918; x_wconf 74' lang='lat' dir='ltr'><strong>constabat,</strong></span> <span class='ocrx_word' id='word_1_212' title='bbox 2652 1844 2813 1903; x_wconf 88' lang='lat' dir='ltr'><strong>aliud</strong></span> 
     </span>
     <span class='ocr_line' id='line_1_20' title="bbox 398 1920 2808 2000; baseline 0.003 -24"><span class='ocrx_word' id='word_1_213' title='bbox 398 1920 700 1978; x_wconf 77' lang='lat' dir='ltr'><strong>mortalem</strong></span> <span class='ocrx_word' id='word_1_214' title='bbox 739 1928 808 1986; x_wconf 55' lang='lat' dir='ltr'><strong>⁴et</strong></span> <span class='ocrx_word' id='word_1_215' title='bbox 851 1920 1280 1998; x_wconf 85' lang='lat' dir='ltr'><strong>corruptibilem</strong></span> <span class='ocrx_word' id='word_1_216' title='bbox 1321 1923 1576 1998; x_wconf 79' lang='lat' dir='ltr'><strong>potentia</strong></span> <span class='ocrx_word' id='word_1_217' title='bbox 1619 1922 1907 1998; x_wconf 82' lang='lat' dir='ltr'><strong>proxima,</strong></span> <span class='ocrx_word' id='word_1_218' title='bbox 1960 1921 2037 1980; x_wconf 90' lang='lat' dir='ltr'><strong>id.</strong></span> <span class='ocrx_word' id='word_1_219' title='bbox 2068 1923 2151 1981; x_wconf 84' lang='lat' dir='ltr'><strong>ita</strong></span> <span class='ocrx_word' id='word_1_220' title='bbox 2178 1923 2520 2000; x_wconf 85' lang='lat' dir='ltr'><strong>dispositum</strong></span> <span class='ocrx_word' id='word_1_221' title='bbox 2550 1934 2617 1984; x_wconf 91' lang='lat' dir='ltr'><strong>ut</strong></span> <span class='ocrx_word' id='word_1_222' title='bbox 2644 1933 2808 1984; x_wconf 85' lang='lat' dir='ltr'><strong>certo</strong></span> 
     </span>
     <span class='ocr_line' id='line_1_21' title="bbox 395 1999 2808 2082; baseline 0.003 -25"><span class='ocrx_word' id='word_1_223' title='bbox 395 1999 710 2059; x_wconf 85' lang='lat' dir='ltr'><strong>moriturus</strong></span> <span class='ocrx_word' id='word_1_224' title='bbox 729 2009 789 2060; x_wconf 88' lang='lat' dir='ltr'><strong>et</strong></span> <span class='ocrx_word' id='word_1_225' title='bbox 810 2001 1262 2078; x_wconf 86' lang='lat' dir='ltr'><strong>corrumpendus</strong></span> <span class='ocrx_word' id='word_1_226' title='bbox 1283 2010 1453 2077; x_wconf 82' lang='lat' dir='ltr'><strong>esset,</strong></span> <span class='ocrx_word' id='word_1_227' title='bbox 1481 2001 1651 2060; x_wconf 82' lang='lat' dir='ltr'><strong>Prius</strong></span> <span class='ocrx_word' id='word_1_228' title='bbox 1674 2002 1731 2059; x_wconf 89' lang='lat' dir='ltr'><strong>in</strong></span> <span class='ocrx_word' id='word_1_229' title='bbox 1752 2021 1821 2060; x_wconf 86' lang='lat' dir='ltr'><strong>eo</strong></span> <span class='ocrx_word' id='word_1_230' title='bbox 1848 2001 2025 2061; x_wconf 87' lang='lat' dir='ltr'><strong>fuisse</strong></span> <span class='ocrx_word' id='word_1_231' title='bbox 2044 2002 2413 2062; x_wconf 86' lang='lat' dir='ltr'><strong>concedimus</strong></span> <span class='ocrx_word' id='word_1_232' title='bbox 2434 2021 2585 2081; x_wconf 84' lang='lat' dir='ltr'><strong>resp.</strong></span> <span class='ocrx_word' id='word_1_233' title='bbox 2608 2025 2808 2082; x_wconf 70' lang='lat' dir='ltr'><strong>cmpo-</strong></span> 
     </span>
     <span class='ocr_line' id='line_1_22' title="bbox 396 2079 2809 2160; baseline 0.003 -23"><span class='ocrx_word' id='word_1_234' title='bbox 396 2079 495 2154; x_wconf 79' lang='lat' dir='ltr'><strong>ris,</strong></span> <span class='ocrx_word' id='word_1_235' title='bbox 522 2079 624 2138; x_wconf 86' lang='lat' dir='ltr'><strong>sed</strong></span> <span class='ocrx_word' id='word_1_236' title='bbox 653 2081 937 2158; x_wconf 84' lang='lat' dir='ltr'><strong>posterius</strong></span> <span class='ocrx_word' id='word_1_237' title='bbox 980 2099 1261 2160; x_wconf 78' lang='lat' dir='ltr'><strong>negamus</strong></span> <span class='ocrx_word' id='word_1_238' title='bbox 1305 2101 1453 2159; x_wconf 88' lang='lat' dir='ltr'><strong>resp.</strong></span> <span class='ocrx_word' id='word_1_239' title='bbox 1489 2101 1769 2158; x_wconf 66' lang='lat' dir='ltr'><strong>persona,</strong></span> <span class='ocrx_word' id='word_1_240' title='bbox 1800 2082 2059 2160; x_wconf 87' lang='lat' dir='ltr'><strong>quandiu</strong></span> <span class='ocrx_word' id='word_1_241' title='bbox 2086 2083 2235 2143; x_wconf 89' lang='lat' dir='ltr'><strong>enim</strong></span> <span class='ocrx_word' id='word_1_242' title='bbox 2266 2083 2613 2160; x_wconf 83' lang='lat' dir='ltr'><strong>perstitisset</strong></span> <span class='ocrx_word' id='word_1_243' title='bbox 2632 2085 2692 2144; x_wconf 90' lang='lat' dir='ltr'><strong>in</strong></span> <span class='ocrx_word' id='word_1_244' title='bbox 2721 2086 2809 2143; x_wconf 88' lang='lat' dir='ltr'><strong>in·</strong></span> 
     </span>
     <span class='ocr_line' id='line_1_23' title="bbox 395 2161 2810 2242; baseline 0.002 -22"><span class='ocrx_word' id='word_1_245' title='bbox 395 2161 667 2238; x_wconf 85' lang='lat' dir='ltr'><strong>tegritate</strong></span> <span class='ocrx_word' id='word_1_246' title='bbox 695 2161 888 2220; x_wconf 84' lang='lat' dir='ltr'><strong>anima</strong></span> <span class='ocrx_word' id='word_1_247' title='bbox 925 2163 1088 2240; x_wconf 83' lang='lat' dir='ltr'><strong>justa</strong></span> <span class='ocrx_word' id='word_1_248' title='bbox 1127 2171 1186 2221; x_wconf 88' lang='lat' dir='ltr'><strong>et</strong></span> <span class='ocrx_word' id='word_1_249' title='bbox 1215 2172 1429 2237; x_wconf 80' lang='lat' dir='ltr'><strong>sancta,</strong></span> <span class='ocrx_word' id='word_1_250' title='bbox 1461 2175 1671 2240; x_wconf 86' lang='lat' dir='ltr'><strong>corpus</strong></span> <span class='ocrx_word' id='word_1_251' title='bbox 1698 2171 1985 2222; x_wconf 84' lang='lat' dir='ltr'><strong>terrenum</strong></span> <span class='ocrx_word' id='word_1_252' title='bbox 2014 2161 2267 2222; x_wconf 84' lang='lat' dir='ltr'><strong>hominis</strong></span> <span class='ocrx_word' id='word_1_253' title='bbox 2292 2165 2656 2242; x_wconf 72' lang='lat' dir='ltr'><strong>praestitisset</strong></span> <span class='ocrx_word' id='word_1_254' title='bbox 2704 2166 2810 2224; x_wconf 89' lang='lat' dir='ltr'><strong>im-</strong></span> 
     </span>
     <span class='ocr_line' id='line_1_24' title="bbox 395 2241 2807 2322; baseline 0.003 -24"><span class='ocrx_word' id='word_1_255' title='bbox 395 2260 572 2300; x_wconf 86' lang='lat' dir='ltr'><strong>mune</strong></span> <span class='ocrx_word' id='word_1_256' title='bbox 599 2242 674 2300; x_wconf 83' lang='lat' dir='ltr'><strong>ab</strong></span> <span class='ocrx_word' id='word_1_257' title='bbox 696 2241 947 2315; x_wconf 85' lang='lat' dir='ltr'><strong>interitu,</strong></span> <span class='ocrx_word' id='word_1_258' title='bbox 967 2241 1050 2301; x_wconf 84' lang='lat' dir='ltr'><strong>ita</strong></span> <span class='ocrx_word' id='word_1_259' title='bbox 1067 2251 1130 2301; x_wconf 91' lang='lat' dir='ltr'><strong>ut</strong></span> <span class='ocrx_word' id='word_1_260' title='bbox 1151 2243 1324 2302; x_wconf 88' lang='lat' dir='ltr'><strong>homo</strong></span> <span class='ocrx_word' id='word_1_261' title='bbox 1342 2243 1450 2302; x_wconf 89' lang='lat' dir='ltr'><strong>etsi</strong></span> <span class='ocrx_word' id='word_1_262' title='bbox 1471 2244 1731 2320; x_wconf 84' lang='lat' dir='ltr'><strong>potentia</strong></span> <span class='ocrx_word' id='word_1_263' title='bbox 1756 2244 2034 2318; x_wconf 87' lang='lat' dir='ltr'><strong>mortalis,</strong></span> <span class='ocrx_word' id='word_1_264' title='bbox 2066 2253 2257 2303; x_wconf 83' lang='lat' dir='ltr'><strong>tamen</strong></span> <span class='ocrx_word' id='word_1_265' title='bbox 2278 2263 2433 2322; x_wconf 88' lang='lat' dir='ltr'><strong>nunq</strong></span> <span class='ocrx_word' id='word_1_266' title='bbox 2443 2265 2573 2304; x_wconf 88' lang='lat' dir='ltr'><strong>uam</strong></span> <span class='ocrx_word' id='word_1_267' title='bbox 2602 2245 2807 2305; x_wconf 84' lang='lat' dir='ltr'><strong>fuisset</strong></span> 
     </span>
     <span class='ocr_line' id='line_1_25' title="bbox 399 2322 2808 2400; baseline 0.002 -21"><span class='ocrx_word' id='word_1_268' title='bbox 399 2330 534 2380; x_wconf 86' lang='lat' dir='ltr'><strong>actu</strong></span> <span class='ocrx_word' id='word_1_269' title='bbox 561 2322 1208 2400; x_wconf 85' lang='lat' dir='ltr'><strong>moriturus‚&#39;quomodo</strong></span> <span class='ocrx_word' id='word_1_270' title='bbox 1233 2323 1552 2382; x_wconf 86' lang='lat' dir='ltr'><strong>Concilium</strong></span> <span class='ocrx_word' id='word_1_271' title='bbox 1575 2323 1880 2398; x_wconf 85' lang='lat' dir='ltr'><strong>Milevita.,</strong></span> <span class='ocrx_word' id='word_1_272' title='bbox 1907 2345 1957 2382; x_wconf 90' lang='lat' dir='ltr'><strong>c.</strong></span> <span class='ocrx_word' id='word_1_273' title='bbox 1986 2328 2035 2397; x_wconf 94' lang='lat' dir='ltr'><strong>l,</strong></span> <span class='ocrx_word' id='word_1_274' title='bbox 2056 2324 2205 2382; x_wconf 87' lang='lat' dir='ltr'><strong>bene</strong></span> <span class='ocrx_word' id='word_1_275' title='bbox 2234 2325 2481 2383; x_wconf 85' lang='lat' dir='ltr'><strong>sancivit</strong></span> <span class='ocrx_word' id='word_1_276' title='bbox 2508 2326 2643 2383; x_wconf 90' lang='lat' dir='ltr'><strong>olim</strong></span> <span class='ocrx_word' id='word_1_277' title='bbox 2676 2343 2808 2384; x_wconf 86' lang='lat' dir='ltr'><strong>con-</strong></span> 
     </span>
     <span class='ocr_line' id='line_1_26' title="bbox 399 2401 2802 2481; baseline 0.002 -22"><span class='ocrx_word' id='word_1_278' title='bbox 399 2409 488 2460; x_wconf 82' lang='lat' dir='ltr'><strong>tra</strong></span> <span class='ocrx_word' id='word_1_279' title='bbox 531 2401 897 2477; x_wconf 83' lang='lat' dir='ltr'><strong>Pelagianos.</strong></span> <span class='ocrx_word' id='word_1_280' title='bbox 959 2401 1116 2459; x_wconf 85' lang='lat' dir='ltr'><strong>Hine</strong></span> <span class='ocrx_word' id='word_1_281' title='bbox 1163 2403 1557 2460; x_wconf 75' lang='lat' dir='ltr'><strong>immortalitas</strong></span> <span class='ocrx_word' id='word_1_282' title='bbox 1587 2402 1818 2461; x_wconf 84' lang='lat' dir='ltr'><strong>Adamo</strong></span> <span class='ocrx_word' id='word_1_283' title='bbox 1846 2403 1906 2460; x_wconf 91' lang='lat' dir='ltr'><strong>in</strong></span> <span class='ocrx_word' id='word_1_284' title='bbox 1936 2404 2120 2479; x_wconf 88' lang='lat' dir='ltr'><strong>primo</strong></span> <span class='ocrx_word' id='word_1_285' title='bbox 2148 2413 2303 2462; x_wconf 85' lang='lat' dir='ltr'><strong>statu</strong></span> <span class='ocrx_word' id='word_1_286' title='bbox 2330 2415 2487 2463; x_wconf 88' lang='lat' dir='ltr'><strong>recte</strong></span> <span class='ocrx_word' id='word_1_287' title='bbox 2516 2405 2802 2481; x_wconf 83' lang='lat' dir='ltr'><strong>tribuitur,</strong></span> 
     </span>
     <span class='ocr_line' id='line_1_27' title="bbox 394 2479 2799 2560; baseline 0.002 -21"><span class='ocrx_word' id='word_1_288' title='bbox 394 2500 511 2539; x_wconf 91' lang='lat' dir='ltr'><strong>non</strong></span> <span class='ocrx_word' id='word_1_289' title='bbox 542 2499 611 2538; x_wconf 85' lang='lat' dir='ltr'><strong>ea</strong></span> <span class='ocrx_word' id='word_1_290' title='bbox 640 2480 873 2557; x_wconf 87' lang='lat' dir='ltr'><strong>quidem</strong></span> <span class='ocrx_word' id='word_1_291' title='bbox 902 2479 1156 2538; x_wconf 82' lang='lat' dir='ltr'><strong>absoluta</strong></span> <span class='ocrx_word' id='word_1_292' title='bbox 1184 2490 1242 2538; x_wconf 88' lang='lat' dir='ltr'><strong>et</strong></span> <span class='ocrx_word' id='word_1_293' title='bbox 1269 2482 1588 2539; x_wconf 76' lang='lat' dir='ltr'><strong>necessaria</strong></span> <span class='ocrx_word' id='word_1_294' title='bbox 1622 2501 1753 2558; x_wconf 82' lang='lat' dir='ltr'><strong>quse</strong></span> <span class='ocrx_word' id='word_1_295' title='bbox 1782 2482 1841 2538; x_wconf 90' lang='lat' dir='ltr'><strong>in</strong></span> <span class='ocrx_word' id='word_1_296' title='bbox 1861 2483 2187 2557; x_wconf 75' lang='lat' dir='ltr'><strong>impotentia</strong></span> <span class='ocrx_word' id='word_1_297' title='bbox 2214 2484 2495 2541; x_wconf 83' lang='lat' dir='ltr'><strong>moriendi</strong></span> <span class='ocrx_word' id='word_1_298' title='bbox 2518 2496 2799 2560; x_wconf 83' lang='lat' dir='ltr'><strong>versatur,</strong></span> 
     </span>
     <span class='ocr_line' id='line_1_28' title="bbox 397 2559 2803 2638; baseline 0.002 -19"><span class='ocrx_word' id='word_1_299' title='bbox 397 2568 457 2619; x_wconf 85' lang='lat' dir='ltr'><strong>et</strong></span> <span class='ocrx_word' id='word_1_300' title='bbox 483 2579 613 2637; x_wconf 75' lang='lat' dir='ltr'><strong>quse</strong></span> <span class='ocrx_word' id='word_1_301' title='bbox 629 2560 1025 2618; x_wconf 68' lang='lat' dir='ltr'><strong>immortalitas</strong></span> <span class='ocrx_word' id='word_1_302' title='bbox 1041 2561 1256 2636; x_wconf 80' lang='lat' dir='ltr'><strong>patrioe</strong></span> <span class='ocrx_word' id='word_1_303' title='bbox 1271 2560 1500 2636; x_wconf 85' lang='lat' dir='ltr'><strong>dicitur,</strong></span> <span class='ocrx_word' id='word_1_304' title='bbox 1522 2559 1627 2618; x_wconf 83' lang='lat' dir='ltr'><strong>sed</strong></span> <span class='ocrx_word' id='word_1_305' title='bbox 1646 2562 2029 2619; x_wconf 81' lang='lat' dir='ltr'><strong>conditionata</strong></span> <span class='ocrx_word' id='word_1_306' title='bbox 2050 2571 2109 2620; x_wconf 89' lang='lat' dir='ltr'><strong>et</strong></span> <span class='ocrx_word' id='word_1_307' title='bbox 2125 2563 2405 2637; x_wconf 54' lang='lat' dir='ltr'><strong>possibilis</strong></span> <span class='ocrx_word' id='word_1_308' title='bbox 2424 2582 2555 2638; x_wconf 73' lang='lat' dir='ltr'><strong>quse</strong></span> <span class='ocrx_word' id='word_1_309' title='bbox 2574 2564 2803 2624; x_wconf 81' lang='lat' dir='ltr'><strong>dicebat</strong></span> 
     </span>
     <span class='ocr_line' id='line_1_29' title="bbox 396 2641 2805 2718; baseline 0.002 -20"><span class='ocrx_word' id='word_1_310' title='bbox 396 2649 618 2698; x_wconf 83' lang='lat' dir='ltr'><strong>tantum</strong></span> <span class='ocrx_word' id='word_1_311' title='bbox 633 2641 944 2716; x_wconf 78' lang='lat' dir='ltr'><strong>potentiam</strong></span> <span class='ocrx_word' id='word_1_312' title='bbox 955 2661 1066 2698; x_wconf 82' lang='lat' dir='ltr'><strong>non</strong></span> <span class='ocrx_word' id='word_1_313' title='bbox 1077 2641 1354 2699; x_wconf 80' lang='lat' dir='ltr'><strong>moriendi</strong></span> <span class='ocrx_word' id='word_1_314' title='bbox 1371 2659 1487 2699; x_wconf 86' lang='lat' dir='ltr'><strong>non</strong></span> <span class='ocrx_word' id='word_1_315' title='bbox 1509 2641 1927 2700; x_wconf 83' lang='lat' dir='ltr'><strong>interveniente</strong></span> <span class='ocrx_word' id='word_1_316' title='bbox 1949 2651 2203 2718; x_wconf 72' lang='lat' dir='ltr'><strong>peccam,</strong></span> <span class='ocrx_word' id='word_1_317' title='bbox 2220 2651 2278 2700; x_wconf 90' lang='lat' dir='ltr'><strong>et</strong></span> <span class='ocrx_word' id='word_1_318' title='bbox 2298 2643 2691 2702; x_wconf 77' lang='lat' dir='ltr'><strong>immortalitas</strong></span> <span class='ocrx_word' id='word_1_319' title='bbox 2700 2647 2805 2703; x_wconf 80' lang='lat' dir='ltr'><strong>vioe</strong></span> 
     </span>
     <span class='ocr_line' id='line_1_30' title="bbox 393 2719 2806 2800; baseline 0.002 -22"><span class='ocrx_word' id='word_1_320' title='bbox 393 2729 653 2793; x_wconf 80' lang='lat' dir='ltr'><strong>vocatur,</strong></span> <span class='ocrx_word' id='word_1_321' title='bbox 689 2719 792 2778; x_wconf 87' lang='lat' dir='ltr'><strong>illa</strong></span> <span class='ocrx_word' id='word_1_322' title='bbox 819 2722 1132 2797; x_wconf 86' lang='lat' dir='ltr'><strong>potentiam</strong></span> <span class='ocrx_word' id='word_1_323' title='bbox 1180 2721 1352 2780; x_wconf 87' lang='lat' dir='ltr'><strong>simul</strong></span> <span class='ocrx_word' id='word_1_324' title='bbox 1379 2731 1438 2779; x_wconf 88' lang='lat' dir='ltr'><strong>et</strong></span> <span class='ocrx_word' id='word_1_325' title='bbox 1465 2729 1657 2779; x_wconf 81' lang='lat' dir='ltr'><strong>actum</strong></span> <span class='ocrx_word' id='word_1_326' title='bbox 1686 2720 1965 2779; x_wconf 87' lang='lat' dir='ltr'><strong>moriendi</strong></span> <span class='ocrx_word' id='word_1_327' title='bbox 2016 2720 2287 2796; x_wconf 85' lang='lat' dir='ltr'><strong>abolevit,</strong></span> <span class='ocrx_word' id='word_1_328' title='bbox 2320 2722 2433 2780; x_wconf 83' lang='lat' dir='ltr'><strong>ista</strong></span> <span class='ocrx_word' id='word_1_329' title='bbox 2458 2731 2648 2781; x_wconf 85' lang='lat' dir='ltr'><strong>actum</strong></span> <span class='ocrx_word' id='word_1_330' title='bbox 2678 2725 2806 2800; x_wconf 87' lang='lat' dir='ltr'><strong>qui·</strong></span> 
     </span>
     <span class='ocr_line' id='line_1_31' title="bbox 393 2799 2801 2880; baseline 0.002 -21"><span class='ocrx_word' id='word_1_331' title='bbox 393 2799 524 2859; x_wconf 89' lang='lat' dir='ltr'><strong>dem</strong></span> <span class='ocrx_word' id='word_1_332' title='bbox 553 2800 873 2878; x_wconf 86' lang='lat' dir='ltr'><strong>impedivit,</strong></span> <span class='ocrx_word' id='word_1_333' title='bbox 905 2810 967 2859; x_wconf 87' lang='lat' dir='ltr'><strong>at</strong></span> <span class='ocrx_word' id='word_1_334' title='bbox 993 2802 1306 2879; x_wconf 79' lang='lat' dir='ltr'><strong>potentiam</strong></span> <span class='ocrx_word' id='word_1_335' title='bbox 1351 2821 1466 2859; x_wconf 91' lang='lat' dir='ltr'><strong>non</strong></span> <span class='ocrx_word' id='word_1_336' title='bbox 1496 2801 1747 2860; x_wconf 85' lang='lat' dir='ltr'><strong>sustulit.</strong></span> <span class='ocrx_word' id='word_1_337' title='bbox 1792 2801 1885 2860; x_wconf 85' lang='lat' dir='ltr'><strong>Ita</strong></span> <span class='ocrx_word' id='word_1_338' title='bbox 1926 2804 2181 2880; x_wconf 77' lang='lat' dir='ltr'><strong>mortalis</strong></span> <span class='ocrx_word' id='word_1_339' title='bbox 2221 2810 2281 2860; x_wconf 87' lang='lat' dir='ltr'><strong>et</strong></span> <span class='ocrx_word' id='word_1_340' title='bbox 2320 2801 2655 2861; x_wconf 72' lang='lat' dir='ltr'><strong>immortalis</strong></span> <span class='ocrx_word' id='word_1_341' title='bbox 2679 2804 2801 2863; x_wconf 68' lang='lat' dir='ltr'><strong>aar·</strong></span> 
     </span>
     <span class='ocr_line' id='line_1_32' title="bbox 391 2881 2800 2960; baseline 0.002 -22"><span class='ocrx_word' id='word_1_342' title='bbox 391 2881 538 2938; x_wconf 68' lang='grc' dir='ltr'><strong>ἄλλο</strong></span> <span class='ocrx_word' id='word_1_343' title='bbox 561 2887 652 2940; x_wconf 66' lang='lat' dir='ltr'><strong>ui</strong></span> <span class='ocrx_word' id='word_1_344' title='bbox 677 2883 816 2940; x_wconf 68' lang='grc' dir='ltr'><strong>ἄλλο</strong></span> <span class='ocrx_word' id='word_1_345' title='bbox 845 2881 989 2940; x_wconf 89' lang='lat' dir='ltr'><strong>bene</strong></span> <span class='ocrx_word' id='word_1_346' title='bbox 1019 2882 1134 2940; x_wconf 89' lang='lat' dir='ltr'><strong>dici</strong></span> <span class='ocrx_word' id='word_1_347' title='bbox 1163 2883 1381 2959; x_wconf 87' lang='lat' dir='ltr'><strong>potuit;</strong></span> <span class='ocrx_word' id='word_1_348' title='bbox 1424 2884 1681 2940; x_wconf 75' lang='lat' dir='ltr'><strong>mortalis</strong></span> <span class='ocrx_word' id='word_1_349' title='bbox 1708 2901 1811 2960; x_wconf 87' lang='lat' dir='ltr'><strong>per</strong></span> <span class='ocrx_word' id='word_1_350' title='bbox 1836 2881 2091 2942; x_wconf 70' lang='lat' dir='ltr'><strong>materiae</strong></span> <span class='ocrx_word' id='word_1_351' title='bbox 2120 2901 2197 2940; x_wconf 84' lang='lat' dir='ltr'><strong>ex</strong></span> <span class='ocrx_word' id='word_1_352' title='bbox 2224 2899 2340 2959; x_wconf 87' lang='lat' dir='ltr'><strong>qua</strong></span> <span class='ocrx_word' id='word_1_353' title='bbox 2366 2883 2669 2944; x_wconf 78' lang='lat' dir='ltr'><strong>constabat</strong></span> <span class='ocrx_word' id='word_1_354' title='bbox 2696 2885 2800 2943; x_wconf 88' lang='lat' dir='ltr'><strong>im·</strong></span> 
     </span>
     <span class='ocr_line' id='line_1_33' title="bbox 394 2961 2801 3043; baseline 0.002 -22"><span class='ocrx_word' id='word_1_355' title='bbox 394 2961 784 3038; x_wconf 84' lang='lat' dir='ltr'><strong>becillitatem,</strong></span> <span class='ocrx_word' id='word_1_356' title='bbox 834 2972 892 3022; x_wconf 89' lang='lat' dir='ltr'><strong>et</strong></span> <span class='ocrx_word' id='word_1_357' title='bbox 938 2962 1279 3040; x_wconf 78' lang='lat' dir='ltr'><strong>qualitatum</strong></span> <span class='ocrx_word' id='word_1_358' title='bbox 1327 2963 1761 3021; x_wconf 85' lang='lat' dir='ltr'><strong>elementarium</strong></span> <span class='ocrx_word' id='word_1_359' title='bbox 1811 2961 1919 3040; x_wconf 90' lang='lat' dir='ltr'><strong>ipsi</strong></span> <span class='ocrx_word' id='word_1_360' title='bbox 1948 2963 2361 3021; x_wconf 73' lang='lat' dir='ltr'><strong>adhaerentium</strong></span> <span class='ocrx_word' id='word_1_361' title='bbox 2392 2963 2801 3043; x_wconf 84' lang='lat' dir='ltr'><strong>conditionem,</strong></span> 
     </span>
     <span class='ocr_line' id='line_1_34' title="bbox 393 3041 2798 3121; baseline 0.002 -21"><span class='ocrx_word' id='word_1_362' title='bbox 393 3044 729 3101; x_wconf 72' lang='lat' dir='ltr'><strong>immortalis</strong></span> <span class='ocrx_word' id='word_1_363' title='bbox 768 3061 907 3103; x_wconf 84' lang='lat' dir='ltr'><strong>vero</strong></span> <span class='ocrx_word' id='word_1_364' title='bbox 955 3063 1058 3121; x_wconf 86' lang='lat' dir='ltr'><strong>per</strong></span> <span class='ocrx_word' id='word_1_365' title='bbox 1105 3042 1403 3120; x_wconf 83' lang='lat' dir='ltr'><strong>originalis</strong></span> <span class='ocrx_word' id='word_1_366' title='bbox 1436 3041 1682 3119; x_wconf 64' lang='lat' dir='ltr'><strong>justitias</strong></span> <span class='ocrx_word' id='word_1_367' title='bbox 1730 3050 1789 3101; x_wconf 89' lang='lat' dir='ltr'><strong>et</strong></span> <span class='ocrx_word' id='word_1_368' title='bbox 1837 3043 2039 3120; x_wconf 81' lang='lat' dir='ltr'><strong>gratiae</strong></span> <span class='ocrx_word' id='word_1_369' title='bbox 2088 3043 2399 3121; x_wconf 84' lang='lat' dir='ltr'><strong>singularis</strong></span> <span class='ocrx_word' id='word_1_370' title='bbox 2447 3044 2798 3105; x_wconf 85' lang='lat' dir='ltr'><strong>firmitatem.</strong></span> 
     </span>
     <span class='ocr_line' id='line_1_35' title="bbox 397 3121 2805 3203; baseline 0.001 -22"><span class='ocrx_word' id='word_1_371' title='bbox 397 3121 494 3181; x_wconf 89' lang='lat' dir='ltr'><strong>Sic</strong></span> <span class='ocrx_word' id='word_1_372' title='bbox 522 3133 748 3199; x_wconf 85' lang='lat' dir='ltr'><strong>poterat</strong></span> <span class='ocrx_word' id='word_1_373' title='bbox 773 3123 920 3181; x_wconf 89' lang='lat' dir='ltr'><strong>mori</strong></span> <span class='ocrx_word' id='word_1_374' title='bbox 963 3133 1026 3182; x_wconf 87' lang='lat' dir='ltr'><strong>ut</strong></span> <span class='ocrx_word' id='word_1_375' title='bbox 1065 3125 1236 3183; x_wconf 86' lang='lat' dir='ltr'><strong>etiam</strong></span> <span class='ocrx_word' id='word_1_376' title='bbox 1281 3131 1476 3200; x_wconf 86' lang='lat' dir='ltr'><strong>posset</strong></span> <span class='ocrx_word' id='word_1_377' title='bbox 1516 3141 1631 3181; x_wconf 90' lang='lat' dir='ltr'><strong>non</strong></span> <span class='ocrx_word' id='word_1_378' title='bbox 1674 3123 1837 3181; x_wconf 87' lang='lat' dir='ltr'><strong>mori.</strong></span> <span class='ocrx_word' id='word_1_379' title='bbox 1885 3123 2056 3183; x_wconf 87' lang='lat' dir='ltr'><strong>Unde</strong></span> <span class='ocrx_word' id='word_1_380' title='bbox 2098 3133 2258 3200; x_wconf 88' lang='lat' dir='ltr'><strong>patet</strong></span> <span class='ocrx_word' id='word_1_381' title='bbox 2285 3124 2457 3182; x_wconf 83' lang='lat' dir='ltr'><strong>etiam</strong></span> <span class='ocrx_word' id='word_1_382' title='bbox 2485 3124 2661 3203; x_wconf 85' lang='lat' dir='ltr'><strong>longe</strong></span> <span class='ocrx_word' id='word_1_383' title='bbox 2688 3126 2805 3185; x_wconf 82' lang='lat' dir='ltr'><strong>alia</strong></span> 
     </span>
     <span class='ocr_line' id='line_1_36' title="bbox 391 3202 2803 3281; baseline 0.002 -21"><span class='ocrx_word' id='word_1_384' title='bbox 391 3202 614 3260; x_wconf 86' lang='lat' dir='ltr'><strong>ratione</strong></span> <span class='ocrx_word' id='word_1_385' title='bbox 663 3203 963 3260; x_wconf 85' lang='lat' dir='ltr'><strong>mortalem</strong></span> <span class='ocrx_word' id='word_1_386' title='bbox 1011 3202 1190 3261; x_wconf 84' lang='lat' dir='ltr'><strong>fuisse</strong></span> <span class='ocrx_word' id='word_1_387' title='bbox 1238 3203 1528 3279; x_wconf 76' lang='lat' dir='ltr'><strong>hominem</strong></span> <span class='ocrx_word' id='word_1_388' title='bbox 1577 3213 1711 3262; x_wconf 84' lang='lat' dir='ltr'><strong>ante</strong></span> <span class='ocrx_word' id='word_1_389' title='bbox 1760 3203 1983 3280; x_wconf 81' lang='lat' dir='ltr'><strong>lapsum</strong></span> <span class='ocrx_word' id='word_1_390' title='bbox 2012 3213 2071 3262; x_wconf 87' lang='lat' dir='ltr'><strong>et</strong></span> <span class='ocrx_word' id='word_1_391' title='bbox 2118 3213 2251 3281; x_wconf 84' lang='lat' dir='ltr'><strong>post</strong></span> <span class='ocrx_word' id='word_1_392' title='bbox 2276 3203 2521 3281; x_wconf 82' lang='lat' dir='ltr'><strong>lapsum,</strong></span> <span class='ocrx_word' id='word_1_393' title='bbox 2553 3215 2693 3264; x_wconf 88' lang='lat' dir='ltr'><strong>tunc</strong></span> <span class='ocrx_word' id='word_1_394' title='bbox 2720 3209 2803 3266; x_wconf 79' lang='lat' dir='ltr'><strong>ita</strong></span> 
     </span>
     <span class='ocr_line' id='line_1_37' title="bbox 392 3281 2799 3361; baseline 0.002 -22"><span class='ocrx_word' id='word_1_395' title='bbox 392 3291 516 3339; x_wconf 86' lang='lat' dir='ltr'><strong>erat</strong></span> <span class='ocrx_word' id='word_1_396' title='bbox 541 3281 804 3339; x_wconf 83' lang='lat' dir='ltr'><strong>mortalis</strong></span> <span class='ocrx_word' id='word_1_397' title='bbox 839 3292 904 3338; x_wconf 88' lang='lat' dir='ltr'><strong>ut</strong></span> <span class='ocrx_word' id='word_1_398' title='bbox 930 3291 1127 3357; x_wconf 86' lang='lat' dir='ltr'><strong>posset</strong></span> <span class='ocrx_word' id='word_1_399' title='bbox 1173 3283 1318 3339; x_wconf 91' lang='lat' dir='ltr'><strong>mori</strong></span> <span class='ocrx_word' id='word_1_400' title='bbox 1345 3291 1406 3341; x_wconf 88' lang='lat' dir='ltr'><strong>et</strong></span> <span class='ocrx_word' id='word_1_401' title='bbox 1433 3303 1548 3340; x_wconf 88' lang='lat' dir='ltr'><strong>non</strong></span> <span class='ocrx_word' id='word_1_402' title='bbox 1579 3283 1741 3356; x_wconf 89' lang='lat' dir='ltr'><strong>mori,</strong></span> <span class='ocrx_word' id='word_1_403' title='bbox 1770 3292 1999 3360; x_wconf 82' lang='lat' dir='ltr'><strong>poterat</strong></span> <span class='ocrx_word' id='word_1_404' title='bbox 2038 3285 2188 3341; x_wconf 88' lang='lat' dir='ltr'><strong>enim</strong></span> <span class='ocrx_word' id='word_1_405' title='bbox 2220 3293 2287 3342; x_wconf 87' lang='lat' dir='ltr'><strong>ut</strong></span> <span class='ocrx_word' id='word_1_406' title='bbox 2314 3303 2428 3342; x_wconf 90' lang='lat' dir='ltr'><strong>non</strong></span> <span class='ocrx_word' id='word_1_407' title='bbox 2456 3305 2695 3361; x_wconf 85' lang='lat' dir='ltr'><strong>peccare</strong></span> <span class='ocrx_word' id='word_1_408' title='bbox 2717 3287 2799 3346; x_wconf 86' lang='lat' dir='ltr'><strong>ita</strong></span> 
     </span>
     <span class='ocr_line' id='line_1_38' title="bbox 390 3361 2799 3444; baseline 0.003 -26"><span class='ocrx_word' id='word_1_409' title='bbox 390 3379 508 3418; x_wconf 87' lang='lat' dir='ltr'><strong>non</strong></span> <span class='ocrx_word' id='word_1_410' title='bbox 535 3361 679 3418; x_wconf 89' lang='lat' dir='ltr'><strong>mori</strong></span> <span class='ocrx_word' id='word_1_411' title='bbox 703 3381 718 3435; x_wconf 88' lang='lat'>;</span> <span class='ocrx_word' id='word_1_412' title='bbox 763 3369 822 3418; x_wconf 84' lang='lat' dir='ltr'><strong>at</strong></span> <span class='ocrx_word' id='word_1_413' title='bbox 841 3379 994 3419; x_wconf 88' lang='lat' dir='ltr'><strong>nunc</strong></span> <span class='ocrx_word' id='word_1_414' title='bbox 1021 3361 1104 3419; x_wconf 85' lang='lat' dir='ltr'><strong>ita</strong></span> <span class='ocrx_word' id='word_1_415' title='bbox 1131 3372 1220 3420; x_wconf 89' lang='lat' dir='ltr'><strong>est</strong></span> <span class='ocrx_word' id='word_1_416' title='bbox 1247 3362 1508 3420; x_wconf 82' lang='lat' dir='ltr'><strong>mortalis</strong></span> <span class='ocrx_word' id='word_1_417' title='bbox 1535 3370 1601 3420; x_wconf 91' lang='lat' dir='ltr'><strong>ut</strong></span> <span class='ocrx_word' id='word_1_418' title='bbox 1628 3363 1952 3422; x_wconf 84' lang='lat' dir='ltr'><strong>necessario</strong></span> <span class='ocrx_word' id='word_1_419' title='bbox 1974 3363 2051 3421; x_wconf 85' lang='lat' dir='ltr'><strong>sit</strong></span> <span class='ocrx_word' id='word_1_420' title='bbox 2078 3365 2404 3439; x_wconf 86' lang='lat' dir='ltr'><strong>moriturus,</strong></span> <span class='ocrx_word' id='word_1_421' title='bbox 2436 3373 2495 3423; x_wconf 86' lang='lat' dir='ltr'><strong>et</strong></span> <span class='ocrx_word' id='word_1_422' title='bbox 2522 3385 2637 3424; x_wconf 83' lang='lat' dir='ltr'><strong>non</strong></span> <span class='ocrx_word' id='word_1_423' title='bbox 2666 3385 2799 3444; x_wconf 91' lang='lat' dir='ltr'><strong>pos·</strong></span> 
     </span>
     <span class='ocr_line' id='line_1_39' title="bbox 395 3440 800 3500; baseline -0.005 0"><span class='ocrx_word' id='word_1_424' title='bbox 395 3441 605 3500; x_wconf 82' lang='lat' dir='ltr'><strong>sitnon</strong></span> <span class='ocrx_word' id='word_1_425' title='bbox 635 3440 800 3498; x_wconf 90' lang='lat' dir='ltr'><strong>mori.</strong></span> 
     </span>
    </p>

    <p class='ocr_par' dir='ltr' id='par_1_4' title="bbox 383 3511 2803 4723">
     <span class='ocr_line' id='line_1_40' title="bbox 473 3511 2801 3604; baseline 0.003 -26"><span class='ocrx_word' id='word_1_426' title='bbox 473 3511 734 3578; x_wconf 87' lang='lat' dir='ltr'><strong>XXIX.</strong></span> <span class='ocrx_word' id='word_1_427' title='bbox 799 3520 932 3578; x_wconf 88' lang='lat' dir='ltr'><strong>Non</strong></span> <span class='ocrx_word' id='word_1_428' title='bbox 991 3527 1080 3578; x_wconf 85' lang='lat' dir='ltr'><strong>est</strong></span> <span class='ocrx_word' id='word_1_429' title='bbox 1145 3519 1386 3580; x_wconf 85' lang='lat' dir='ltr'><strong>solidius</strong></span> <span class='ocrx_word' id='word_1_430' title='bbox 1443 3521 1601 3598; x_wconf 89' lang='lat' dir='ltr'><strong>quod</strong></span> <span class='ocrx_word' id='word_1_431' title='bbox 1650 3521 1911 3596; x_wconf 82' lang='lat' dir='ltr'><strong>afferunt,</strong></span> <span class='ocrx_word' id='word_1_432' title='bbox 1973 3527 2071 3598; x_wconf 68' lang='lat'><strong>2⁰„</strong></span> <span class='ocrx_word' id='word_1_433' title='bbox 2132 3523 2224 3582; x_wconf 90' lang='lat' dir='ltr'><strong>De</strong></span> <span class='ocrx_word' id='word_1_434' title='bbox 2286 3523 2628 3584; x_wconf 83' lang='lat' dir='ltr'><strong>liberatione</strong></span> <span class='ocrx_word' id='word_1_435' title='bbox 2696 3545 2801 3604; x_wconf 86' lang='lat' dir='ltr'><strong>per</strong></span> 
     </span>
     <span class='ocr_line' id='line_1_41' title="bbox 393 3599 2799 3681; baseline 0.002 -19"><span class='ocrx_word' id='word_1_436' title='bbox 393 3601 686 3662; x_wconf 84' lang='lat' dir='ltr'><strong>Christum</strong></span> <span class='ocrx_word' id='word_1_437' title='bbox 713 3599 864 3659; x_wconf 85' lang='lat' dir='ltr'><strong>facta</strong></span> <span class='ocrx_word' id='word_1_438' title='bbox 891 3600 966 3661; x_wconf 83' lang='lat' dir='ltr'><strong>ab</strong></span> <span class='ocrx_word' id='word_1_439' title='bbox 993 3601 1148 3660; x_wconf 89' lang='lat' dir='ltr'><strong>omni</strong></span> <span class='ocrx_word' id='word_1_440' title='bbox 1178 3619 1348 3678; x_wconf 84' lang='lat' dir='ltr'><strong>poena</strong></span> <span class='ocrx_word' id='word_1_441' title='bbox 1375 3601 1613 3678; x_wconf 85' lang='lat' dir='ltr'><strong>peccati,</strong></span> <span class='ocrx_word' id='word_1_442' title='bbox 1640 3620 1773 3660; x_wconf 81' lang='lat' dir='ltr'><strong>nam</strong></span> <span class='ocrx_word' id='word_1_443' title='bbox 1802 3602 1852 3662; x_wconf 90' lang='lat' dir='ltr'><strong>si</strong></span> <span class='ocrx_word' id='word_1_444' title='bbox 1868 3602 2146 3663; x_wconf 88' lang='lat' dir='ltr'><strong>formetur</strong></span> <span class='ocrx_word' id='word_1_445' title='bbox 2166 3615 2586 3681; x_wconf 86' lang='lat' dir='ltr'><strong>argumentum,</strong></span> <span class='ocrx_word' id='word_1_446' title='bbox 2611 3604 2799 3667; x_wconf 85' lang='lat' dir='ltr'><strong>facilis</strong></span> 
     </span>
     <span class='ocr_line' id='line_1_42' title="bbox 391 3681 2797 3764; baseline 0.003 -24"><span class='ocrx_word' id='word_1_447' title='bbox 391 3682 501 3741; x_wconf 90' lang='lat' dir='ltr'><strong>erit</strong></span> <span class='ocrx_word' id='word_1_448' title='bbox 529 3681 843 3760; x_wconf 85' lang='lat' dir='ltr'><strong>responsio,</strong></span> <span class='ocrx_word' id='word_1_449' title='bbox 876 3681 935 3738; x_wconf 92' lang='lat' dir='ltr'>A</span> <span class='ocrx_word' id='word_1_450' title='bbox 962 3700 1079 3758; x_wconf 90' lang='lat' dir='ltr'><strong>quo</strong></span> <span class='ocrx_word' id='word_1_451' title='bbox 1107 3681 1372 3740; x_wconf 79' lang='lat' dir='ltr'><strong>Christus</strong></span> <span class='ocrx_word' id='word_1_452' title='bbox 1399 3701 1508 3740; x_wconf 86' lang='lat' dir='ltr'><strong>nos</strong></span> <span class='ocrx_word' id='word_1_453' title='bbox 1533 3700 1651 3740; x_wconf 89' lang='lat' dir='ltr'><strong>non</strong></span> <span class='ocrx_word' id='word_1_454' title='bbox 1691 3682 1900 3743; x_wconf 85' lang='lat' dir='ltr'><strong>liberat</strong></span> <span class='ocrx_word' id='word_1_455' title='bbox 1928 3683 2074 3742; x_wconf 88' lang='lat' dir='ltr'><strong>illud</strong></span> <span class='ocrx_word' id='word_1_456' title='bbox 2100 3703 2217 3742; x_wconf 88' lang='lat' dir='ltr'><strong>non</strong></span> <span class='ocrx_word' id='word_1_457' title='bbox 2245 3693 2335 3742; x_wconf 86' lang='lat' dir='ltr'><strong>est</strong></span> <span class='ocrx_word' id='word_1_458' title='bbox 2360 3702 2535 3762; x_wconf 82' lang='lat' dir='ltr'><strong>poena</strong></span> <span class='ocrx_word' id='word_1_459' title='bbox 2558 3689 2797 3764; x_wconf 84' lang='lat' dir='ltr'><strong>peccati,</strong></span> 
     </span>
     <span class='ocr_line' id='line_1_43' title="bbox 390 3761 2801 3845; baseline 0.002 -24"><span class='ocrx_word' id='word_1_460' title='bbox 390 3761 576 3840; x_wconf 82' lang='lat' dir='ltr'><strong>Atqui</strong></span> <span class='ocrx_word' id='word_1_461' title='bbox 603 3783 640 3822; x_wconf 90' lang='lat' dir='ltr'><strong>a</strong></span> <span class='ocrx_word' id='word_1_462' title='bbox 665 3771 848 3820; x_wconf 73' lang='lat' dir='ltr'><strong>morte</strong></span> <span class='ocrx_word' id='word_1_463' title='bbox 896 3762 1143 3819; x_wconf 80' lang='lat' dir='ltr'><strong>naturali</strong></span> <span class='ocrx_word' id='word_1_464' title='bbox 1184 3781 1290 3820; x_wconf 88' lang='lat' dir='ltr'><strong>nos</strong></span> <span class='ocrx_word' id='word_1_465' title='bbox 1311 3781 1428 3819; x_wconf 90' lang='lat' dir='ltr'><strong>non</strong></span> <span class='ocrx_word' id='word_1_466' title='bbox 1455 3762 1665 3822; x_wconf 88' lang='lat' dir='ltr'><strong>liberat</strong></span> <span class='ocrx_word' id='word_1_467' title='bbox 1694 3763 1973 3838; x_wconf 86' lang='lat' dir='ltr'><strong>Christus,</strong></span> <span class='ocrx_word' id='word_1_468' title='bbox 2001 3765 2070 3822; x_wconf 88' lang='grc' dir='ltr'><strong>Ε.</strong></span> <span class='ocrx_word' id='word_1_469' title='bbox 2122 3765 2318 3841; x_wconf 86' lang='lat' dir='ltr'><strong>Resp.‚</strong></span> <span class='ocrx_word' id='word_1_470' title='bbox 2346 3763 2398 3822; x_wconf 93' lang='lat' dir='ltr'><strong>l.</strong></span> <span class='ocrx_word' id='word_1_471' title='bbox 2428 3764 2505 3823; x_wconf 83' lang='lat' dir='ltr'><strong>ad</strong></span> <span class='ocrx_word' id='word_1_472' title='bbox 2534 3770 2666 3842; x_wconf 84' lang='lat' dir='ltr'><strong>maj.</strong></span> <span class='ocrx_word' id='word_1_473' title='bbox 2696 3787 2801 3845; x_wconf 84' lang='lat' dir='ltr'><strong>per</strong></span> 
     </span>
     <span class='ocr_line' id='line_1_44' title="bbox 389 3841 2803 3924; baseline 0.002 -23"><span class='ocrx_word' id='word_1_474' title='bbox 389 3843 654 3903; x_wconf 86' lang='lat' dir='ltr'><strong>distinct:</strong></span> <span class='ocrx_word' id='word_1_475' title='bbox 687 3843 744 3900; x_wconf 91' lang='lat' dir='ltr'>A</span> <span class='ocrx_word' id='word_1_476' title='bbox 773 3862 888 3920; x_wconf 89' lang='lat' dir='ltr'><strong>quo</strong></span> <span class='ocrx_word' id='word_1_477' title='bbox 919 3841 1182 3902; x_wconf 78' lang='lat' dir='ltr'><strong>Clu-istus</strong></span> <span class='ocrx_word' id='word_1_478' title='bbox 1208 3861 1316 3900; x_wconf 90' lang='lat' dir='ltr'><strong>nos</strong></span> <span class='ocrx_word' id='word_1_479' title='bbox 1343 3859 1460 3900; x_wconf 89' lang='lat' dir='ltr'><strong>non</strong></span> <span class='ocrx_word' id='word_1_480' title='bbox 1487 3843 1758 3902; x_wconf 87' lang='lat' dir='ltr'><strong>liberavit</strong></span> <span class='ocrx_word' id='word_1_481' title='bbox 1784 3865 1891 3903; x_wconf 87' lang='lat' dir='ltr'><strong>nec</strong></span> <span class='ocrx_word' id='word_1_482' title='bbox 1912 3843 2196 3918; x_wconf 86' lang='lat' dir='ltr'><strong>liberabit,</strong></span> <span class='ocrx_word' id='word_1_483' title='bbox 2216 3844 2362 3902; x_wconf 89' lang='lat' dir='ltr'><strong>illud</strong></span> <span class='ocrx_word' id='word_1_484' title='bbox 2380 3863 2496 3903; x_wconf 89' lang='lat' dir='ltr'><strong>non</strong></span> <span class='ocrx_word' id='word_1_485' title='bbox 2518 3857 2606 3905; x_wconf 82' lang='lat' dir='ltr'><strong>est</strong></span> <span class='ocrx_word' id='word_1_486' title='bbox 2626 3867 2803 3924; x_wconf 80' lang='lat' dir='ltr'><strong>poena</strong></span> 
     </span>
     <span class='ocr_line' id='line_1_45' title="bbox 387 3922 2795 4002; baseline 0.003 -22"><span class='ocrx_word' id='word_1_487' title='bbox 387 3923 640 4001; x_wconf 80' lang='lat' dir='ltr'><strong>peccati:</strong></span> <span class='ocrx_word' id='word_1_488' title='bbox 671 3922 956 3997; x_wconf 87' lang='lat' dir='ltr'><strong>Conced0,</strong></span> <span class='ocrx_word' id='word_1_489' title='bbox 975 3942 1109 3980; x_wconf 86' lang='lat' dir='ltr'><strong>nam</strong></span> <span class='ocrx_word' id='word_1_490' title='bbox 1139 3923 1250 3982; x_wconf 84' lang='lat' dir='ltr'><strong>etsi</strong></span> <span class='ocrx_word' id='word_1_491' title='bbox 1271 3923 1536 3982; x_wconf 85' lang='lat' dir='ltr'><strong>Christus</strong></span> <span class='ocrx_word' id='word_1_492' title='bbox 1553 3924 1777 4000; x_wconf 80' lang='lat' dir='ltr'><strong>dejure</strong></span> <span class='ocrx_word' id='word_1_493' title='bbox 1804 3934 1862 3984; x_wconf 90' lang='lat' dir='ltr'><strong>et</strong></span> <span class='ocrx_word' id='word_1_494' title='bbox 1879 3924 2071 4002; x_wconf 84' lang='lat' dir='ltr'><strong>quoad</strong></span> <span class='ocrx_word' id='word_1_495' title='bbox 2098 3924 2367 3983; x_wconf 86' lang='lat' dir='ltr'><strong>meritum</strong></span> <span class='ocrx_word' id='word_1_496' title='bbox 2392 3925 2795 3987; x_wconf 85' lang='lat' dir='ltr'><strong>liberationem</strong></span> 
     </span>
     <span class='ocr_line' id='line_1_46' title="bbox 386 4003 2795 4082; baseline 0.002 -20"><span class='ocrx_word' id='word_1_497' title='bbox 386 4003 696 4081; x_wconf 81' lang='lat' dir='ltr'><strong>perfectam</strong></span> <span class='ocrx_word' id='word_1_498' title='bbox 729 4023 764 4061; x_wconf 86' lang='lat' dir='ltr'><strong>a</strong></span> <span class='ocrx_word' id='word_1_499' title='bbox 790 4011 1026 4080; x_wconf 85' lang='lat' dir='ltr'><strong>peccato</strong></span> <span class='ocrx_word' id='word_1_500' title='bbox 1055 4003 1294 4080; x_wconf 84' lang='lat' dir='ltr'><strong>ejusque</strong></span> <span class='ocrx_word' id='word_1_501' title='bbox 1322 4023 1493 4082; x_wconf 85' lang='lat' dir='ltr'><strong>poena</strong></span> <span class='ocrx_word' id='word_1_502' title='bbox 1533 4005 1592 4062; x_wconf 90' lang='lat' dir='ltr'><strong>in</strong></span> <span class='ocrx_word' id='word_1_503' title='bbox 1622 4013 1807 4064; x_wconf 76' lang='lat' dir='ltr'><strong>morte</strong></span> <span class='ocrx_word' id='word_1_504' title='bbox 1835 4005 1911 4063; x_wconf 90' lang='lat' dir='ltr'><strong>sit</strong></span> <span class='ocrx_word' id='word_1_505' title='bbox 1938 4013 2297 4077; x_wconf 85' lang='lat' dir='ltr'><strong>consecutus,</strong></span> <span class='ocrx_word' id='word_1_506' title='bbox 2328 4012 2521 4064; x_wconf 86' lang='lat' dir='ltr'><strong>tamen</strong></span> <span class='ocrx_word' id='word_1_507' title='bbox 2550 4009 2795 4082; x_wconf 75' lang='lat' dir='ltr'><strong>defucto</strong></span> 
     </span>
     <span class='ocr_line' id='line_1_47' title="bbox 388 4083 2793 4166; baseline 0.001 -23"><span class='ocrx_word' id='word_1_508' title='bbox 388 4094 448 4143; x_wconf 87' lang='lat' dir='ltr'><strong>et</strong></span> <span class='ocrx_word' id='word_1_509' title='bbox 474 4085 667 4162; x_wconf 87' lang='lat' dir='ltr'><strong>quoad</strong></span> <span class='ocrx_word' id='word_1_510' title='bbox 695 4083 1003 4142; x_wconf 84' lang='lat' dir='ltr'><strong>efficaciam</strong></span> <span class='ocrx_word' id='word_1_511' title='bbox 1031 4103 1139 4142; x_wconf 90' lang='lat' dir='ltr'><strong>nos</strong></span> <span class='ocrx_word' id='word_1_512' title='bbox 1167 4093 1300 4144; x_wconf 87' lang='lat' dir='ltr'><strong>actu</strong></span> <span class='ocrx_word' id='word_1_513' title='bbox 1328 4104 1444 4142; x_wconf 89' lang='lat' dir='ltr'><strong>non</strong></span> <span class='ocrx_word' id='word_1_514' title='bbox 1472 4085 1682 4144; x_wconf 85' lang='lat' dir='ltr'><strong>liberat</strong></span> <span class='ocrx_word' id='word_1_515' title='bbox 1708 4084 1879 4144; x_wconf 87' lang='lat' dir='ltr'><strong>simul</strong></span> <span class='ocrx_word' id='word_1_516' title='bbox 1897 4093 1956 4143; x_wconf 93' lang='lat' dir='ltr'><strong>et</strong></span> <span class='ocrx_word' id='word_1_517' title='bbox 1984 4084 2178 4160; x_wconf 89' lang='lat' dir='ltr'><strong>semel,</strong></span> <span class='ocrx_word' id='word_1_518' title='bbox 2204 4085 2307 4142; x_wconf 87' lang='lat' dir='ltr'><strong>sed</strong></span> <span class='ocrx_word' id='word_1_519' title='bbox 2326 4103 2431 4162; x_wconf 90' lang='lat' dir='ltr'><strong>per</strong></span> <span class='ocrx_word' id='word_1_520' title='bbox 2448 4087 2642 4146; x_wconf 83' lang='lat' dir='ltr'><strong>varios</strong></span> <span class='ocrx_word' id='word_1_521' title='bbox 2664 4109 2793 4166; x_wconf 85' lang='lat' dir='ltr'><strong>gra·</strong></span> 
     </span>
     <span class='ocr_line' id='line_1_48' title="bbox 387 4163 2792 4243; baseline 0.002 -21"><span class='ocrx_word' id='word_1_522' title='bbox 387 4163 498 4223; x_wconf 86' lang='lat' dir='ltr'><strong>dus</strong></span> <span class='ocrx_word' id='word_1_523' title='bbox 527 4174 584 4224; x_wconf 88' lang='lat' dir='ltr'><strong>et</strong></span> <span class='ocrx_word' id='word_1_524' title='bbox 612 4163 936 4238; x_wconf 87' lang='lat' dir='ltr'><strong>intervalla,</strong></span> <span class='ocrx_word' id='word_1_525' title='bbox 961 4171 1042 4238; x_wconf 86' lang='lat' dir='ltr'><strong>ut,</strong></span> <span class='ocrx_word' id='word_1_526' title='bbox 1069 4172 1332 4242; x_wconf 88' lang='lat' dir='ltr'><strong>respectu</strong></span> <span class='ocrx_word' id='word_1_527' title='bbox 1353 4165 1592 4242; x_wconf 82' lang='lat' dir='ltr'><strong>peccati,</strong></span> <span class='ocrx_word' id='word_1_528' title='bbox 1617 4165 1803 4242; x_wconf 87' lang='lat' dir='ltr'><strong>primo</strong></span> <span class='ocrx_word' id='word_1_529' title='bbox 1824 4183 1931 4224; x_wconf 84' lang='lat' dir='ltr'><strong>nos</strong></span> <span class='ocrx_word' id='word_1_530' title='bbox 1952 4164 2159 4224; x_wconf 84' lang='lat' dir='ltr'><strong>liberat</strong></span> <span class='ocrx_word' id='word_1_531' title='bbox 2175 4183 2209 4222; x_wconf 84' lang='lat' dir='ltr'><strong>a</strong></span> <span class='ocrx_word' id='word_1_532' title='bbox 2226 4175 2405 4240; x_wconf 81' lang='lat' dir='ltr'><strong>reatu,</strong></span> <span class='ocrx_word' id='word_1_533' title='bbox 2424 4167 2792 4243; x_wconf 86' lang='lat' dir='ltr'><strong>postmodum</strong></span> 
     </span>
     <span class='ocr_line' id='line_1_49' title="bbox 387 4240 2793 4324; baseline 0.002 -22"><span class='ocrx_word' id='word_1_534' title='bbox 387 4264 423 4302; x_wconf 85' lang='lat' dir='ltr'><strong>a</strong></span> <span class='ocrx_word' id='word_1_535' title='bbox 449 4243 774 4320; x_wconf 85' lang='lat' dir='ltr'><strong>tyrannide,</strong></span> <span class='ocrx_word' id='word_1_536' title='bbox 805 4244 978 4302; x_wconf 88' lang='lat' dir='ltr'><strong>tertio</strong></span> <span class='ocrx_word' id='word_1_537' title='bbox 1013 4265 1048 4302; x_wconf 86' lang='lat' dir='ltr'><strong>a</strong></span> <span class='ocrx_word' id='word_1_538' title='bbox 1074 4243 1206 4304; x_wconf 85' lang='lat' dir='ltr'><strong>labe</strong></span> <span class='ocrx_word' id='word_1_539' title='bbox 1235 4253 1294 4304; x_wconf 88' lang='lat' dir='ltr'><strong>et</strong></span> <span class='ocrx_word' id='word_1_540' title='bbox 1333 4240 1610 4322; x_wconf 87' lang='lat' dir='ltr'><strong>reliquiis,</strong></span> <span class='ocrx_word' id='word_1_541' title='bbox 1643 4246 1725 4304; x_wconf 87' lang='lat' dir='ltr'><strong>ita</strong></span> <span class='ocrx_word' id='word_1_542' title='bbox 1768 4245 1959 4322; x_wconf 87' lang='lat' dir='ltr'><strong>quoad</strong></span> <span class='ocrx_word' id='word_1_543' title='bbox 1986 4263 2215 4324; x_wconf 85' lang='lat' dir='ltr'><strong>poenam</strong></span> <span class='ocrx_word' id='word_1_544' title='bbox 2244 4263 2361 4303; x_wconf 88' lang='lat' dir='ltr'><strong>non</strong></span> <span class='ocrx_word' id='word_1_545' title='bbox 2389 4247 2583 4306; x_wconf 83' lang='lat' dir='ltr'><strong>statim</strong></span> <span class='ocrx_word' id='word_1_546' title='bbox 2612 4258 2793 4308; x_wconf 82' lang='lat' dir='ltr'><strong>totam</strong></span> 
     </span>
     <span class='ocr_line' id='line_1_50' title="bbox 384 4323 2793 4404; baseline 0.002 -21"><span class='ocrx_word' id='word_1_547' title='bbox 384 4323 556 4397; x_wconf 82' lang='lat' dir='ltr'><strong>tollit,</strong></span> <span class='ocrx_word' id='word_1_548' title='bbox 589 4325 692 4384; x_wconf 84' lang='lat' dir='ltr'><strong>sed</strong></span> <span class='ocrx_word' id='word_1_549' title='bbox 737 4325 1016 4402; x_wconf 81' lang='lat' dir='ltr'><strong>paulatim</strong></span> <span class='ocrx_word' id='word_1_550' title='bbox 1062 4333 1122 4384; x_wconf 89' lang='lat' dir='ltr'><strong>et</strong></span> <span class='ocrx_word' id='word_1_551' title='bbox 1167 4326 1511 4400; x_wconf 83' lang='lat' dir='ltr'><strong>successive,</strong></span> <span class='ocrx_word' id='word_1_552' title='bbox 1544 4325 1629 4385; x_wconf 88' lang='lat' dir='ltr'><strong>ita</strong></span> <span class='ocrx_word' id='word_1_553' title='bbox 1666 4337 1733 4385; x_wconf 90' lang='lat' dir='ltr'><strong>ut</strong></span> <span class='ocrx_word' id='word_1_554' title='bbox 1774 4345 1901 4383; x_wconf 82' lang='lat' dir='ltr'><strong>eam</strong></span> <span class='ocrx_word' id='word_1_555' title='bbox 1928 4325 2097 4404; x_wconf 88' lang='lat' dir='ltr'><strong>plene</strong></span> <span class='ocrx_word' id='word_1_556' title='bbox 2126 4326 2203 4385; x_wconf 87' lang='lat' dir='ltr'><strong>sit</strong></span> <span class='ocrx_word' id='word_1_557' title='bbox 2230 4326 2462 4385; x_wconf 85' lang='lat' dir='ltr'><strong>tandem</strong></span> <span class='ocrx_word' id='word_1_558' title='bbox 2492 4328 2793 4390; x_wconf 82' lang='lat' dir='ltr'><strong>ablaturus</strong></span> 
     </span>
     <span class='ocr_line' id='line_1_51' title="bbox 385 4405 2789 4483; baseline 0.003 -21"><span class='ocrx_word' id='word_1_559' title='bbox 385 4405 620 4481; x_wconf 83' lang='lat' dir='ltr'><strong>quando</strong></span> <span class='ocrx_word' id='word_1_560' title='bbox 647 4405 944 4482; x_wconf 86' lang='lat' dir='ltr'><strong>absterget</strong></span> <span class='ocrx_word' id='word_1_561' title='bbox 968 4425 1195 4464; x_wconf 86' lang='lat' dir='ltr'><strong>omnem</strong></span> <span class='ocrx_word' id='word_1_562' title='bbox 1223 4406 1579 4483; x_wconf 86' lang='lat' dir='ltr'><strong>lachrymam</strong></span> <span class='ocrx_word' id='word_1_563' title='bbox 1601 4405 1677 4464; x_wconf 88' lang='lat' dir='ltr'><strong>ab</strong></span> <span class='ocrx_word' id='word_1_564' title='bbox 1705 4405 1889 4466; x_wconf 87' lang='lat' dir='ltr'><strong>oculis</strong></span> <span class='ocrx_word' id='word_1_565' title='bbox 1928 4407 2142 4466; x_wconf 87' lang='lat' dir='ltr'><strong>nostris</strong></span> <span class='ocrx_word' id='word_1_566' title='bbox 2162 4415 2221 4465; x_wconf 86' lang='lat' dir='ltr'><strong>et</strong></span> <span class='ocrx_word' id='word_1_567' title='bbox 2246 4415 2490 4466; x_wconf 88' lang='lat' dir='ltr'><strong>mortem</strong></span> <span class='ocrx_word' id='word_1_568' title='bbox 2518 4409 2789 4470; x_wconf 85' lang='lat' dir='ltr'><strong>absorbe·</strong></span> 
     </span>
     <span class='ocr_line' id='line_1_52' title="bbox 384 4483 2793 4566; baseline 0.003 -25"><span class='ocrx_word' id='word_1_569' title='bbox 384 4483 472 4542; x_wconf 86' lang='lat' dir='ltr'><strong>bit</strong></span> <span class='ocrx_word' id='word_1_570' title='bbox 499 4485 558 4541; x_wconf 88' lang='lat' dir='ltr'><strong>in</strong></span> <span class='ocrx_word' id='word_1_571' title='bbox 587 4485 906 4560; x_wconf 84' lang='lat' dir='ltr'><strong>victoriam,</strong></span> <span class='ocrx_word' id='word_1_572' title='bbox 933 4485 1018 4542; x_wconf 87' lang='lat' dir='ltr'><strong>sic</strong></span> <span class='ocrx_word' id='word_1_573' title='bbox 1047 4485 1194 4544; x_wconf 84' lang='lat' dir='ltr'><strong>falsa</strong></span> <span class='ocrx_word' id='word_1_574' title='bbox 1220 4487 1329 4545; x_wconf 86' lang='lat' dir='ltr'><strong>erit</strong></span> <span class='ocrx_word' id='word_1_575' title='bbox 1362 4488 1578 4546; x_wconf 81' lang='lat' dir='ltr'><strong>Minor.</strong></span> <span class='ocrx_word' id='word_1_576' title='bbox 1613 4485 1784 4546; x_wconf 91' lang='lat' dir='ltr'><strong>Unde</strong></span> <span class='ocrx_word' id='word_1_577' title='bbox 1812 4507 1914 4564; x_wconf 88' lang='lat' dir='ltr'><strong>per</strong></span> <span class='ocrx_word' id='word_1_578' title='bbox 1954 4488 2331 4546; x_wconf 85' lang='lat' dir='ltr'><strong>retorsionem</strong></span> <span class='ocrx_word' id='word_1_579' title='bbox 2360 4487 2443 4546; x_wconf 83' lang='lat' dir='ltr'><strong>ita</strong></span> <span class='ocrx_word' id='word_1_580' title='bbox 2470 4489 2699 4566; x_wconf 86' lang='lat' dir='ltr'><strong>colligo,</strong></span> <span class='ocrx_word' id='word_1_581' title='bbox 2733 4491 2793 4549; x_wconf 84' lang='lat' dir='ltr'>A</span> 
     </span>
     <span class='ocr_line' id='line_1_53' title="bbox 383 4563 2790 4646; baseline 0.003 -24"><span class='ocrx_word' id='word_1_582' title='bbox 383 4581 500 4640; x_wconf 90' lang='lat' dir='ltr'><strong>quo</strong></span> <span class='ocrx_word' id='word_1_583' title='bbox 529 4563 794 4622; x_wconf 87' lang='lat' dir='ltr'><strong>Christus</strong></span> <span class='ocrx_word' id='word_1_584' title='bbox 821 4564 918 4622; x_wconf 87' lang='lat' dir='ltr'><strong>vel</strong></span> <span class='ocrx_word' id='word_1_585' title='bbox 950 4564 1072 4640; x_wconf 83' lang='lat' dir='ltr'><strong>jam</strong></span> <span class='ocrx_word' id='word_1_586' title='bbox 1103 4585 1210 4625; x_wconf 88' lang='lat' dir='ltr'><strong>nos</strong></span> <span class='ocrx_word' id='word_1_587' title='bbox 1263 4566 1474 4627; x_wconf 86' lang='lat' dir='ltr'><strong>liberat</strong></span> <span class='ocrx_word' id='word_1_588' title='bbox 1492 4567 1592 4626; x_wconf 84' lang='lat' dir='ltr'><strong>vel</strong></span> <span class='ocrx_word' id='word_1_589' title='bbox 1615 4567 1850 4627; x_wconf 86' lang='lat' dir='ltr'><strong>tandem</strong></span> <span class='ocrx_word' id='word_1_590' title='bbox 1889 4567 2239 4628; x_wconf 81' lang='lat' dir='ltr'><strong>liberaturus</strong></span> <span class='ocrx_word' id='word_1_591' title='bbox 2267 4576 2371 4642; x_wconf 86' lang='lat' dir='ltr'><strong>est,</strong></span> <span class='ocrx_word' id='word_1_592' title='bbox 2402 4567 2465 4626; x_wconf 88' lang='lat' dir='ltr'><strong>id</strong></span> <span class='ocrx_word' id='word_1_593' title='bbox 2492 4589 2528 4626; x_wconf 84' lang='lat' dir='ltr'><strong>a</strong></span> <span class='ocrx_word' id='word_1_594' title='bbox 2552 4579 2790 4646; x_wconf 75' lang='lat' dir='ltr'><strong>peccato</strong></span> 
     </span>
     <span class='ocr_line' id='line_1_54' title="bbox 383 4644 2799 4723; baseline 0.004 -23"><span class='ocrx_word' id='word_1_595' title='bbox 383 4652 444 4700; x_wconf 87' lang='lat' dir='ltr'><strong>et</strong></span> <span class='ocrx_word' id='word_1_596' title='bbox 471 4661 585 4700; x_wconf 87' lang='lat' dir='ltr'><strong>non</strong></span> <span class='ocrx_word' id='word_1_597' title='bbox 609 4661 644 4700; x_wconf 86' lang='lat' dir='ltr'><strong>a</strong></span> <span class='ocrx_word' id='word_1_598' title='bbox 670 4651 877 4701; x_wconf 85' lang='lat' dir='ltr'><strong>natura</strong></span> <span class='ocrx_word' id='word_1_599' title='bbox 903 4644 1186 4718; x_wconf 84' lang='lat' dir='ltr'><strong>originem</strong></span> <span class='ocrx_word' id='word_1_600' title='bbox 1229 4647 1445 4723; x_wconf 79' lang='lat' dir='ltr'><strong>traxit3</strong></span> <span class='ocrx_word' id='word_1_601' title='bbox 1492 4647 1578 4705; x_wconf 87' lang='lat' dir='ltr'><strong>At</strong></span> <span class='ocrx_word' id='word_1_602' title='bbox 1620 4665 1728 4706; x_wconf 86' lang='lat' dir='ltr'><strong>nos</strong></span> <span class='ocrx_word' id='word_1_603' title='bbox 1754 4647 2104 4708; x_wconf 84' lang='lat' dir='ltr'><strong>liberaturus</strong></span> <span class='ocrx_word' id='word_1_604' title='bbox 2132 4655 2221 4708; x_wconf 85' lang='lat' dir='ltr'><strong>est</strong></span> <span class='ocrx_word' id='word_1_605' title='bbox 2250 4647 2515 4707; x_wconf 81' lang='lat' dir='ltr'><strong>Christus</strong></span> <span class='ocrx_word' id='word_1_606' title='bbox 2544 4667 2579 4706; x_wconf 85' lang='lat' dir='ltr'><strong>a</strong></span> <span class='ocrx_word' id='word_1_607' title='bbox 2608 4659 2799 4709; x_wconf 75' lang='lat' dir='ltr'><strong>morto</strong></span> 
     </span>
    </p>
   </div>
  </div>
 </body>
</html>
