<?xml version="1.0" encoding="UTF-8"?>
<!DOCTYPE html PUBLIC "-//W3C//DTD XHTML 1.0 Transitional//EN"
    "http://www.w3.org/TR/xhtml1/DTD/xhtml1-transitional.dtd">
<html xmlns="http://www.w3.org/1999/xhtml" xml:lang="en" lang="en">
 <head>
  <title>
</title>
<meta http-equiv="Content-Type" content="text/html;charset=utf-8" />
  <meta name='ocr-system' content='tesseract 3.04.00' />
  <meta name='ocr-capabilities' content='ocr_page ocr_carea ocr_par ocr_line ocrx_word'/>
</head>
<body>
  <div class='ocr_page' id='page_1' title='image "./denecessariasec00turrgoog_0314.png"; bbox 0 0 3234 5192; ppageno 0'>
   <div class='ocr_carea' id='block_1_1' title="bbox 501 302 2913 385">
    <p class='ocr_par' dir='ltr' id='par_1_1' title="bbox 501 302 2913 385">
     <span class='ocr_line' id='line_1_1' title="bbox 501 302 2913 385; baseline 0.003 -25"><span class='ocrx_word' id='word_1_1' title='bbox 501 303 620 362; x_wconf 82' lang='lat'>268</span> <span class='ocrx_word' id='word_1_2' title='bbox 1124 321 1204 363; x_wconf 81' lang='lat' dir='ltr'>ns</span> <span class='ocrx_word' id='word_1_3' title='bbox 1233 320 1576 365; x_wconf 63' lang='lat' dir='ltr'>semp-runai</span> <span class='ocrx_word' id='word_1_4' title='bbox 1601 321 1813 365; x_wconf 61' lang='lat' dir='ltr'>sacam</span> <span class='ocrx_word' id='word_1_5' title='bbox 1842 322 2287 365; x_wconf 62' lang='lat' dir='ltr'>summamus.</span> <span class='ocrx_word' id='word_1_6' title='bbox 2534 302 2793 385; x_wconf 76' lang='lat' dir='ltr'>[msrur.</span> <span class='ocrx_word' id='word_1_7' title='bbox 2824 325 2913 368; x_wconf 86' lang='lat'>111.</span> 
     </span>
    </p>
   </div>
   <div class='ocr_carea' id='block_1_2' title="bbox 487 459 2909 3498">
    <p class='ocr_par' dir='ltr' id='par_1_2' title="bbox 497 459 2909 929">
     <span class='ocr_line' id='line_1_2' title="bbox 500 459 2909 538; baseline 0.002 -20"><span class='ocrx_word' id='word_1_8' title='bbox 500 460 592 518; x_wconf 89' lang='lat' dir='ltr'>sia</span> <span class='ocrx_word' id='word_1_9' title='bbox 619 459 900 519; x_wconf 83' lang='lat' dir='ltr'>Romana</span> <span class='ocrx_word' id='word_1_10' title='bbox 925 461 1096 519; x_wconf 88' lang='lat' dir='ltr'>nobis</span> <span class='ocrx_word' id='word_1_11' title='bbox 1123 461 1451 534; x_wconf 78' lang='lat' dir='ltr'>intercedit,</span> <span class='ocrx_word' id='word_1_12' title='bbox 1481 480 1795 538; x_wconf 84' lang='lat' dir='ltr'>nunquam</span> <span class='ocrx_word' id='word_1_13' title='bbox 1822 461 2101 521; x_wconf 87' lang='lat' dir='ltr'>viderint.</span> <span class='ocrx_word' id='word_1_14' title='bbox 2185 462 2555 538; x_wconf 86' lang='lat' dir='ltr'>Principium</span> <span class='ocrx_word' id='word_1_15' title='bbox 2596 463 2759 521; x_wconf 88' lang='lat' dir='ltr'>unici</span> <span class='ocrx_word' id='word_1_16' title='bbox 2800 463 2909 523; x_wconf 54' lang='lat' dir='ltr'>San</span> 
     </span>
     <span class='ocr_line' id='line_1_3' title="bbox 499 537 2907 616; baseline 0.002 -20"><span class='ocrx_word' id='word_1_17' title='bbox 499 538 704 596; x_wconf 89' lang='lat' dir='ltr'>crificii</span> <span class='ocrx_word' id='word_1_18' title='bbox 735 537 969 614; x_wconf 80' lang='lat' dir='ltr'>Christi,</span> <span class='ocrx_word' id='word_1_19' title='bbox 1001 540 1217 598; x_wconf 87' lang='lat' dir='ltr'>sufficit</span> <span class='ocrx_word' id='word_1_20' title='bbox 1242 542 1322 598; x_wconf 91' lang='lat' dir='ltr'>ad</span> <span class='ocrx_word' id='word_1_21' title='bbox 1359 540 1710 616; x_wconf 86' lang='lat' dir='ltr'>rejiciendas</span> <span class='ocrx_word' id='word_1_22' title='bbox 1730 541 2160 600; x_wconf 76' lang='lat' dir='ltr'><strong>satisfactiones</strong></span> <span class='ocrx_word' id='word_1_23' title='bbox 2197 543 2510 612; x_wconf 88' lang='lat' dir='ltr'>humanas,</span> <span class='ocrx_word' id='word_1_24' title='bbox 2556 540 2907 615; x_wconf 88' lang='lat' dir='ltr'>Purgatori-</span> 
     </span>
     <span class='ocr_line' id='line_1_4' title="bbox 501 616 2903 695; baseline 0.002 -22"><span class='ocrx_word' id='word_1_25' title='bbox 501 634 625 687; x_wconf 91' lang='lat' dir='ltr'>um,</span> <span class='ocrx_word' id='word_1_26' title='bbox 668 624 729 675; x_wconf 89' lang='lat' dir='ltr'>et</span> <span class='ocrx_word' id='word_1_27' title='bbox 773 616 1192 694; x_wconf 83' lang='lat' dir='ltr'>Indulgentias</span> <span class='ocrx_word' id='word_1_28' title='bbox 1237 618 1506 694; x_wconf 86' lang='lat' dir='ltr'>Papales.</span> <span class='ocrx_word' id='word_1_29' title='bbox 1591 619 1963 695; x_wconf 88' lang='lat' dir='ltr'>Principium</span> <span class='ocrx_word' id='word_1_30' title='bbox 2010 620 2272 679; x_wconf 81' lang='lat' dir='ltr'>veritatis</span> <span class='ocrx_word' id='word_1_31' title='bbox 2318 621 2598 677; x_wconf 77' lang='lat' dir='ltr'>humanae</span> <span class='ocrx_word' id='word_1_32' title='bbox 2648 618 2903 679; x_wconf 80' lang='lat' dir='ltr'>Naturae</span> 
     </span>
     <span class='ocr_line' id='line_1_5' title="bbox 503 692 2905 773; baseline 0.002 -22"><span class='ocrx_word' id='word_1_33' title='bbox 503 692 742 767; x_wconf 81' lang='lat' dir='ltr'>Christi,</span> <span class='ocrx_word' id='word_1_34' title='bbox 771 695 942 755; x_wconf 88' lang='lat' dir='ltr'>nobis</span> <span class='ocrx_word' id='word_1_35' title='bbox 970 697 1034 755; x_wconf 89' lang='lat' dir='ltr'>in</span> <span class='ocrx_word' id='word_1_36' title='bbox 1063 696 1340 754; x_wconf 89' lang='lat' dir='ltr'>omnibus</span> <span class='ocrx_word' id='word_1_37' title='bbox 1360 696 1569 756; x_wconf 88' lang='lat' dir='ltr'>similis</span> <span class='ocrx_word' id='word_1_38' title='bbox 1597 706 1843 773; x_wconf 81' lang='lat' dir='ltr'>excepto</span> <span class='ocrx_word' id='word_1_39' title='bbox 1869 704 2130 773; x_wconf 85' lang='lat' dir='ltr'>peccato,</span> <span class='ocrx_word' id='word_1_40' title='bbox 2160 698 2375 756; x_wconf 87' lang='lat' dir='ltr'>sufficit</span> <span class='ocrx_word' id='word_1_41' title='bbox 2414 698 2493 755; x_wconf 82' lang='lat' dir='ltr'>ad</span> <span class='ocrx_word' id='word_1_42' title='bbox 2518 697 2905 772; x_wconf 82' lang='lat' dir='ltr'>rejiciendam</span> 
     </span>
     <span class='ocr_line' id='line_1_6' title="bbox 497 773 2905 850; baseline 0.003 -23"><span class='ocrx_word' id='word_1_43' title='bbox 497 773 877 847; x_wconf 87' lang='lat' dir='ltr'>praescntiam</span> <span class='ocrx_word' id='word_1_44' title='bbox 919 776 1159 846; x_wconf 86' lang='lat' dir='ltr'>realem,</span> <span class='ocrx_word' id='word_1_45' title='bbox 1207 774 1946 850; x_wconf 79' lang='lat' dir='ltr'>Transubstantiationem,</span> <span class='ocrx_word' id='word_1_46' title='bbox 1998 776 2365 835; x_wconf 84' lang='lat' dir='ltr'>Sacrificium</span> <span class='ocrx_word' id='word_1_47' title='bbox 2403 775 2801 847; x_wconf 89' lang='lat' dir='ltr'>Missaticum,</span> <span class='ocrx_word' id='word_1_48' title='bbox 2842 782 2905 835; x_wconf 85' lang='lat' dir='ltr'>et</span> 
     </span>
     <span class='ocr_line' id='line_1_7' title="bbox 499 848 2346 929; baseline 0.003 -22"><span class='ocrx_word' id='word_1_49' title='bbox 499 848 731 909; x_wconf 83' lang='lat' dir='ltr'>Hostiae</span> <span class='ocrx_word' id='word_1_50' title='bbox 761 852 1190 923; x_wconf 87' lang='lat' dir='ltr'>adorationem,</span> <span class='ocrx_word' id='word_1_51' title='bbox 1229 854 1393 926; x_wconf 89' lang='lat' dir='ltr'>quod</span> <span class='ocrx_word' id='word_1_52' title='bbox 1419 852 1484 911; x_wconf 90' lang='lat' dir='ltr'>in</span> <span class='ocrx_word' id='word_1_53' title='bbox 1511 854 1645 913; x_wconf 88' lang='lat' dir='ltr'>aliis</span> <span class='ocrx_word' id='word_1_54' title='bbox 1672 854 1894 929; x_wconf 87' lang='lat' dir='ltr'>pariter</span> <span class='ocrx_word' id='word_1_55' title='bbox 1920 855 2122 912; x_wconf 88' lang='lat' dir='ltr'>locum</span> <span class='ocrx_word' id='word_1_56' title='bbox 2148 855 2346 912; x_wconf 88' lang='lat' dir='ltr'>habet.</span> 
     </span>
    </p>

    <p class='ocr_par' dir='ltr' id='par_1_3' title="bbox 489 927 2901 2560">
     <span class='ocr_line' id='line_1_8' title="bbox 581 927 2901 1005; baseline 0.002 -20"><span class='ocrx_word' id='word_1_57' title='bbox 581 927 912 987; x_wconf 90' lang='lat' dir='ltr'>XXVIII.</span> <span class='ocrx_word' id='word_1_58' title='bbox 956 930 1092 989; x_wconf 89' lang='lat' dir='ltr'>Scio</span> <span class='ocrx_word' id='word_1_59' title='bbox 1123 930 1524 990; x_wconf 84' lang='lat' dir='ltr'>Adversarios</span> <span class='ocrx_word' id='word_1_60' title='bbox 1567 932 1667 989; x_wconf 89' lang='lat' dir='ltr'>hic</span> <span class='ocrx_word' id='word_1_61' title='bbox 1712 949 2002 1005; x_wconf 81' lang='lat' dir='ltr'><strong>regerere,</strong></span> <span class='ocrx_word' id='word_1_62' title='bbox 2028 951 2106 991; x_wconf 87' lang='lat' dir='ltr'>ex</span> <span class='ocrx_word' id='word_1_63' title='bbox 2132 932 2428 991; x_wconf 82' lang='lat' dir='ltr'>sententia</span> <span class='ocrx_word' id='word_1_64' title='bbox 2453 938 2655 991; x_wconf 88' lang='lat' dir='ltr'>nostra</span> <span class='ocrx_word' id='word_1_65' title='bbox 2681 933 2757 989; x_wconf 88' lang='lat' dir='ltr'>de</span> <span class='ocrx_word' id='word_1_66' title='bbox 2778 949 2901 989; x_wconf 89' lang='lat' dir='ltr'>cer-</span> 
     </span>
     <span class='ocr_line' id='line_1_9' title="bbox 496 1006 2899 1085; baseline 0.002 -22"><span class='ocrx_word' id='word_1_67' title='bbox 496 1006 756 1065; x_wconf 89' lang='lat' dir='ltr'>titudine</span> <span class='ocrx_word' id='word_1_68' title='bbox 781 1008 1050 1066; x_wconf 80' lang='lat' dir='ltr'>veritatis</span> <span class='ocrx_word' id='word_1_69' title='bbox 1076 1008 1334 1065; x_wconf 83' lang='lat' dir='ltr'>inventae</span> <span class='ocrx_word' id='word_1_70' title='bbox 1357 1027 1462 1083; x_wconf 90' lang='lat' dir='ltr'>per</span> <span class='ocrx_word' id='word_1_71' title='bbox 1487 1028 1741 1068; x_wconf 83' lang='lat' dir='ltr'>examen</span> <span class='ocrx_word' id='word_1_72' title='bbox 1786 1011 2139 1085; x_wconf 80' lang='lat' dir='ltr'>proedictum</span> <span class='ocrx_word' id='word_1_73' title='bbox 2185 1010 2371 1085; x_wconf 85' lang='lat' dir='ltr'>sequi,</span> <span class='ocrx_word' id='word_1_74' title='bbox 2414 1010 2679 1085; x_wconf 82' lang='lat' dir='ltr'>privatos</span> <span class='ocrx_word' id='word_1_75' title='bbox 2719 1028 2899 1085; x_wconf 88' lang='lat' dir='ltr'>quos-</span> 
     </span>
     <span class='ocr_line' id='line_1_10' title="bbox 496 1084 2898 1165; baseline 0.002 -25"><span class='ocrx_word' id='word_1_76' title='bbox 496 1084 646 1141; x_wconf 88' lang='lat' dir='ltr'>libet</span> <span class='ocrx_word' id='word_1_77' title='bbox 671 1101 710 1141; x_wconf 89' lang='lat' dir='ltr'>a</span> <span class='ocrx_word' id='word_1_78' title='bbox 751 1086 922 1144; x_wconf 89' lang='lat' dir='ltr'>nobis</span> <span class='ocrx_word' id='word_1_79' title='bbox 948 1084 1234 1143; x_wconf 89' lang='lat' dir='ltr'>constitui</span> <span class='ocrx_word' id='word_1_80' title='bbox 1259 1086 1643 1147; x_wconf 84' lang='lat' dir='ltr'>infallibiles:</span> <span class='ocrx_word' id='word_1_81' title='bbox 1706 1088 1851 1163; x_wconf 89' lang='lat' dir='ltr'>quia</span> <span class='ocrx_word' id='word_1_82' title='bbox 1896 1106 2073 1146; x_wconf 90' lang='lat' dir='ltr'>nemo</span> <span class='ocrx_word' id='word_1_83' title='bbox 2112 1095 2311 1163; x_wconf 85' lang='lat' dir='ltr'>potest</span> <span class='ocrx_word' id='word_1_84' title='bbox 2350 1094 2510 1146; x_wconf 91' lang='lat' dir='ltr'>certo</span> <span class='ocrx_word' id='word_1_85' title='bbox 2552 1089 2898 1165; x_wconf 78' lang='lat' dir='ltr'><strong>persuaderi</strong></span> 
     </span>
     <span class='ocr_line' id='line_1_11' title="bbox 496 1162 2899 1241; baseline 0.002 -21"><span class='ocrx_word' id='word_1_86' title='bbox 496 1162 572 1220; x_wconf 88' lang='lat' dir='ltr'>de</span> <span class='ocrx_word' id='word_1_87' title='bbox 599 1162 844 1221; x_wconf 85' lang='lat' dir='ltr'>inventa</span> <span class='ocrx_word' id='word_1_88' title='bbox 870 1165 1120 1222; x_wconf 82' lang='lat' dir='ltr'>veritate</span> <span class='ocrx_word' id='word_1_89' title='bbox 1146 1183 1252 1240; x_wconf 89' lang='lat' dir='ltr'>per</span> <span class='ocrx_word' id='word_1_90' title='bbox 1277 1165 1439 1224; x_wconf 86' lang='lat' dir='ltr'>viam</span> <span class='ocrx_word' id='word_1_91' title='bbox 1465 1165 1772 1237; x_wconf 84' lang='lat' dir='ltr'>examinis,</span> <span class='ocrx_word' id='word_1_92' title='bbox 1802 1167 1949 1241; x_wconf 86' lang='lat' dir='ltr'>quin</span> <span class='ocrx_word' id='word_1_93' title='bbox 1978 1168 2029 1225; x_wconf 89' lang='lat' dir='ltr'>si</span> <span class='ocrx_word' id='word_1_94' title='bbox 2053 1166 2435 1225; x_wconf 76' lang='lat' dir='ltr'>infallibilem</span> <span class='ocrx_word' id='word_1_95' title='bbox 2476 1169 2692 1225; x_wconf 84' lang='lat' dir='ltr'>credat.</span> <span class='ocrx_word' id='word_1_96' title='bbox 2780 1166 2899 1227; x_wconf 79' lang='lat' dir='ltr'>sed</span> 
     </span>
     <span class='ocr_line' id='line_1_12' title="bbox 495 1242 2899 1321; baseline 0.002 -24"><span class='ocrx_word' id='word_1_97' title='bbox 495 1242 692 1298; x_wconf 89' lang='lat' dir='ltr'>multa</span> <span class='ocrx_word' id='word_1_98' title='bbox 735 1248 893 1318; x_wconf 89' lang='lat' dir='ltr'>sunt,</span> <span class='ocrx_word' id='word_1_99' title='bbox 923 1262 1060 1317; x_wconf 74' lang='lat' dir='ltr'>quas</span> <span class='ocrx_word' id='word_1_100' title='bbox 1096 1242 1239 1301; x_wconf 86' lang='lat' dir='ltr'>huic</span> <span class='ocrx_word' id='word_1_101' title='bbox 1275 1244 1562 1319; x_wconf 86' lang='lat' dir='ltr'>figmento</span> <span class='ocrx_word' id='word_1_102' title='bbox 1605 1245 1815 1321; x_wconf 89' lang='lat' dir='ltr'>reponi</span> <span class='ocrx_word' id='word_1_103' title='bbox 1839 1253 2108 1320; x_wconf 78' lang='lat' dir='ltr'><strong>possunt.</strong></span> <span class='ocrx_word' id='word_1_104' title='bbox 2194 1245 2246 1303; x_wconf 93' lang='lat'>1.</span> <span class='ocrx_word' id='word_1_105' title='bbox 2294 1244 2495 1305; x_wconf 87' lang='lat' dir='ltr'>Gratis</span> <span class='ocrx_word' id='word_1_106' title='bbox 2544 1245 2899 1321; x_wconf 85' lang='lat' dir='ltr'>supponitur</span> 
     </span>
     <span class='ocr_line' id='line_1_13' title="bbox 495 1320 2897 1398; baseline 0.002 -22"><span class='ocrx_word' id='word_1_107' title='bbox 495 1320 728 1377; x_wconf 86' lang='lat' dir='ltr'>nullam</span> <span class='ocrx_word' id='word_1_108' title='bbox 755 1321 1069 1379; x_wconf 80' lang='lat' dir='ltr'>veritatem</span> <span class='ocrx_word' id='word_1_109' title='bbox 1115 1339 1288 1396; x_wconf 88' lang='lat' dir='ltr'>posse</span> <span class='ocrx_word' id='word_1_110' title='bbox 1328 1322 1584 1381; x_wconf 82' lang='lat' dir='ltr'>inveniri</span> <span class='ocrx_word' id='word_1_111' title='bbox 1609 1341 1717 1398; x_wconf 92' lang='lat' dir='ltr'>per</span> <span class='ocrx_word' id='word_1_112' title='bbox 1742 1323 1903 1381; x_wconf 85' lang='lat' dir='ltr'>viam</span> <span class='ocrx_word' id='word_1_113' title='bbox 1950 1324 2243 1382; x_wconf 81' lang='lat' dir='ltr'>examinis</span> <span class='ocrx_word' id='word_1_114' title='bbox 2288 1324 2414 1381; x_wconf 89' lang='lat' dir='ltr'>sine</span> <span class='ocrx_word' id='word_1_115' title='bbox 2442 1323 2897 1395; x_wconf 77' lang='lat' dir='ltr'>infallibilitate,</span> 
     </span>
     <span class='ocr_line' id='line_1_14' title="bbox 498 1397 2900 1476; baseline 0 -20"><span class='ocrx_word' id='word_1_116' title='bbox 498 1398 648 1457; x_wconf 87' lang='lat' dir='ltr'>alias</span> <span class='ocrx_word' id='word_1_117' title='bbox 675 1397 829 1455; x_wconf 91' lang='lat' dir='ltr'>nihil</span> <span class='ocrx_word' id='word_1_118' title='bbox 855 1399 1000 1459; x_wconf 90' lang='lat' dir='ltr'>certi</span> <span class='ocrx_word' id='word_1_119' title='bbox 1027 1400 1090 1457; x_wconf 91' lang='lat' dir='ltr'>in</span> <span class='ocrx_word' id='word_1_120' title='bbox 1119 1400 1374 1457; x_wconf 81' lang='lat' dir='ltr'>scientiis</span> <span class='ocrx_word' id='word_1_121' title='bbox 1403 1409 1464 1460; x_wconf 87' lang='lat' dir='ltr'>et</span> <span class='ocrx_word' id='word_1_122' title='bbox 1489 1402 1717 1460; x_wconf 88' lang='lat' dir='ltr'>artibus</span> <span class='ocrx_word' id='word_1_123' title='bbox 1743 1401 2001 1459; x_wconf 82' lang='lat' dir='ltr'>inveniri</span> <span class='ocrx_word' id='word_1_124' title='bbox 2040 1418 2309 1476; x_wconf 86' lang='lat' dir='ltr'>unquam</span> <span class='ocrx_word' id='word_1_125' title='bbox 2334 1408 2549 1476; x_wconf 89' lang='lat' dir='ltr'>posset,</span> <span class='ocrx_word' id='word_1_126' title='bbox 2578 1402 2724 1475; x_wconf 86' lang='lat' dir='ltr'>quia</span> <span class='ocrx_word' id='word_1_127' title='bbox 2762 1403 2900 1459; x_wconf 89' lang='lat' dir='ltr'>nul-</span> 
     </span>
     <span class='ocr_line' id='line_1_15' title="bbox 493 1476 2894 1554; baseline 0.001 -21"><span class='ocrx_word' id='word_1_128' title='bbox 493 1476 591 1533; x_wconf 91' lang='lat' dir='ltr'>lus</span> <span class='ocrx_word' id='word_1_129' title='bbox 619 1482 709 1533; x_wconf 88' lang='lat' dir='ltr'>est</span> <span class='ocrx_word' id='word_1_130' title='bbox 734 1478 1088 1536; x_wconf 83' lang='lat' dir='ltr'>mortalium</span> <span class='ocrx_word' id='word_1_131' title='bbox 1113 1478 1218 1553; x_wconf 89' lang='lat' dir='ltr'>qui</span> <span class='ocrx_word' id='word_1_132' title='bbox 1244 1478 1321 1535; x_wconf 91' lang='lat' dir='ltr'>sit</span> <span class='ocrx_word' id='word_1_133' title='bbox 1347 1479 1701 1537; x_wconf 88' lang='lat' dir='ltr'>infallibilis.</span> <span class='ocrx_word' id='word_1_134' title='bbox 1786 1478 1950 1554; x_wconf 82' lang='lat' dir='ltr'>Ergo</span> <span class='ocrx_word' id='word_1_135' title='bbox 1980 1480 2149 1537; x_wconf 89' lang='lat' dir='ltr'>aliud</span> <span class='ocrx_word' id='word_1_136' title='bbox 2176 1486 2267 1535; x_wconf 88' lang='lat' dir='ltr'>est</span> <span class='ocrx_word' id='word_1_137' title='bbox 2290 1479 2653 1551; x_wconf 85' lang='lat' dir='ltr'>persuaderi,</span> <span class='ocrx_word' id='word_1_138' title='bbox 2682 1497 2745 1535; x_wconf 89' lang='lat' dir='ltr'>se</span> <span class='ocrx_word' id='word_1_139' title='bbox 2774 1496 2894 1535; x_wconf 83' lang='lat' dir='ltr'>esse</span> 
     </span>
     <span class='ocr_line' id='line_1_16' title="bbox 495 1554 2893 1632; baseline 0 -21"><span class='ocrx_word' id='word_1_140' title='bbox 495 1554 765 1611; x_wconf 89' lang='lat' dir='ltr'>absolute</span> <span class='ocrx_word' id='word_1_141' title='bbox 791 1555 1174 1613; x_wconf 86' lang='lat' dir='ltr'>infallibilem</span> <span class='ocrx_word' id='word_1_142' title='bbox 1207 1562 1268 1613; x_wconf 87' lang='lat' dir='ltr'>et</span> <span class='ocrx_word' id='word_1_143' title='bbox 1295 1574 1608 1632; x_wconf 82' lang='lat' dir='ltr'>nunquam</span> <span class='ocrx_word' id='word_1_144' title='bbox 1633 1574 1805 1631; x_wconf 87' lang='lat' dir='ltr'>posse</span> <span class='ocrx_word' id='word_1_145' title='bbox 1832 1574 2047 1627; x_wconf 87' lang='lat' dir='ltr'>errare,</span> <span class='ocrx_word' id='word_1_146' title='bbox 2075 1556 2249 1613; x_wconf 85' lang='lat' dir='ltr'>aliud</span> <span class='ocrx_word' id='word_1_147' title='bbox 2274 1554 2638 1629; x_wconf 83' lang='lat' dir='ltr'>persuaderi,</span> <span class='ocrx_word' id='word_1_148' title='bbox 2668 1572 2729 1613; x_wconf 87' lang='lat' dir='ltr'>se</span> <span class='ocrx_word' id='word_1_149' title='bbox 2770 1572 2893 1611; x_wconf 94' lang='lat' dir='ltr'>non</span> 
     </span>
     <span class='ocr_line' id='line_1_17' title="bbox 497 1629 2895 1708; baseline 0.001 -21"><span class='ocrx_word' id='word_1_150' title='bbox 497 1648 718 1689; x_wconf 87' lang='lat' dir='ltr'>errasse</span> <span class='ocrx_word' id='word_1_151' title='bbox 745 1631 809 1687; x_wconf 89' lang='lat' dir='ltr'>in</span> <span class='ocrx_word' id='word_1_152' title='bbox 837 1634 952 1690; x_wconf 92' lang='lat' dir='ltr'>hoc</span> <span class='ocrx_word' id='word_1_153' title='bbox 977 1633 1076 1690; x_wconf 79' lang='lat' dir='ltr'>vel</span> <span class='ocrx_word' id='word_1_154' title='bbox 1101 1632 1210 1689; x_wconf 84' lang='lat' dir='ltr'>illo</span> <span class='ocrx_word' id='word_1_155' title='bbox 1239 1633 1448 1707; x_wconf 87' lang='lat' dir='ltr'>capite.</span> <span class='ocrx_word' id='word_1_156' title='bbox 1532 1634 1703 1691; x_wconf 88' lang='lat' dir='ltr'>Licet</span> <span class='ocrx_word' id='word_1_157' title='bbox 1728 1650 1903 1691; x_wconf 88' lang='lat' dir='ltr'>nemo</span> <span class='ocrx_word' id='word_1_158' title='bbox 1932 1634 2009 1691; x_wconf 88' lang='lat' dir='ltr'>sit</span> <span class='ocrx_word' id='word_1_159' title='bbox 2034 1634 2308 1691; x_wconf 90' lang='lat' dir='ltr'>absolute</span> <span class='ocrx_word' id='word_1_160' title='bbox 2334 1630 2668 1687; x_wconf 85' lang='lat' dir='ltr'>infallibilis</span> <span class='ocrx_word' id='word_1_161' title='bbox 2690 1652 2729 1708; x_wconf 48' lang='grc' dir='ltr'>;φ</span> <span class='ocrx_word' id='word_1_162' title='bbox 2747 1629 2895 1689; x_wconf 82' lang='lat' dir='ltr'>Non</span> 
     </span>
     <span class='ocr_line' id='line_1_18' title="bbox 495 1708 2897 1784; baseline 0 -19"><span class='ocrx_word' id='word_1_163' title='bbox 495 1708 764 1783; x_wconf 84' lang='lat' dir='ltr'>sequitur</span> <span class='ocrx_word' id='word_1_164' title='bbox 790 1709 1088 1766; x_wconf 89' lang='lat' dir='ltr'>neminem</span> <span class='ocrx_word' id='word_1_165' title='bbox 1117 1727 1384 1783; x_wconf 90' lang='lat' dir='ltr'>unquam</span> <span class='ocrx_word' id='word_1_166' title='bbox 1403 1710 1533 1768; x_wconf 87' lang='lat' dir='ltr'>dari</span> <span class='ocrx_word' id='word_1_167' title='bbox 1559 1728 1749 1784; x_wconf 88' lang='lat' dir='ltr'>posse,</span> <span class='ocrx_word' id='word_1_168' title='bbox 1772 1710 1877 1783; x_wconf 88' lang='lat' dir='ltr'>qui</span> <span class='ocrx_word' id='word_1_169' title='bbox 1896 1716 2091 1767; x_wconf 88' lang='lat' dir='ltr'>certus</span> <span class='ocrx_word' id='word_1_170' title='bbox 2118 1710 2273 1767; x_wconf 89' lang='lat' dir='ltr'>sitse</span> <span class='ocrx_word' id='word_1_171' title='bbox 2300 1726 2423 1765; x_wconf 89' lang='lat' dir='ltr'>non</span> <span class='ocrx_word' id='word_1_172' title='bbox 2442 1726 2684 1766; x_wconf 88' lang='lat' dir='ltr'>errasse.</span> <span class='ocrx_word' id='word_1_173' title='bbox 2733 1709 2897 1777; x_wconf 81' lang='lat' dir='ltr'>Quia</span> 
     </span>
     <span class='ocr_line' id='line_1_19' title="bbox 494 1785 2893 1861; baseline 0.001 -20"><span class='ocrx_word' id='word_1_174' title='bbox 494 1786 718 1844; x_wconf 89' lang='lat' dir='ltr'>dantur</span> <span class='ocrx_word' id='word_1_175' title='bbox 739 1792 912 1843; x_wconf 82' lang='lat' dir='ltr'>certae</span> <span class='ocrx_word' id='word_1_176' title='bbox 930 1786 1208 1843; x_wconf 83' lang='lat' dir='ltr'>veritates</span> <span class='ocrx_word' id='word_1_177' title='bbox 1229 1792 1356 1843; x_wconf 86' lang='lat' dir='ltr'>tam</span> <span class='ocrx_word' id='word_1_178' title='bbox 1378 1788 1683 1845; x_wconf 82' lang='lat' dir='ltr'>evidentes</span> <span class='ocrx_word' id='word_1_179' title='bbox 1708 1794 1769 1844; x_wconf 88' lang='lat' dir='ltr'>et</span> <span class='ocrx_word' id='word_1_180' title='bbox 1794 1787 2116 1858; x_wconf 80' lang='lat' dir='ltr'>sensibiles,</span> <span class='ocrx_word' id='word_1_181' title='bbox 2140 1793 2265 1843; x_wconf 90' lang='lat' dir='ltr'>tam</span> <span class='ocrx_word' id='word_1_182' title='bbox 2292 1785 2355 1842; x_wconf 88' lang='lat' dir='ltr'>in</span> <span class='ocrx_word' id='word_1_183' title='bbox 2382 1792 2603 1843; x_wconf 87' lang='lat' dir='ltr'>natura</span> <span class='ocrx_word' id='word_1_184' title='bbox 2621 1804 2809 1861; x_wconf 91' lang='lat' dir='ltr'>quam</span> <span class='ocrx_word' id='word_1_185' title='bbox 2830 1787 2893 1843; x_wconf 91' lang='lat' dir='ltr'>in</span> 
     </span>
     <span class='ocr_line' id='line_1_20' title="bbox 492 1863 2893 1942; baseline 0.001 -21"><span class='ocrx_word' id='word_1_186' title='bbox 492 1863 702 1942; x_wconf 80' lang='lat' dir='ltr'>gratia,</span> <span class='ocrx_word' id='word_1_187' title='bbox 745 1870 817 1920; x_wconf 90' lang='lat' dir='ltr'>ut</span> <span class='ocrx_word' id='word_1_188' title='bbox 862 1864 1278 1921; x_wconf 76' lang='lat' dir='ltr'>certitudinem</span> <span class='ocrx_word' id='word_1_189' title='bbox 1299 1865 1396 1921; x_wconf 89' lang='lat' dir='ltr'>sui</span> <span class='ocrx_word' id='word_1_190' title='bbox 1421 1865 1486 1923; x_wconf 90' lang='lat' dir='ltr'>in</span> <span class='ocrx_word' id='word_1_191' title='bbox 1513 1864 1727 1923; x_wconf 87' lang='lat' dir='ltr'>animis</span> <span class='ocrx_word' id='word_1_192' title='bbox 1752 1865 2115 1940; x_wconf 76' lang='lat' dir='ltr'>imprimant,</span> <span class='ocrx_word' id='word_1_193' title='bbox 2147 1870 2216 1921; x_wconf 91' lang='lat' dir='ltr'>ut</span> <span class='ocrx_word' id='word_1_194' title='bbox 2242 1882 2423 1938; x_wconf 89' lang='lat' dir='ltr'>supra</span> <span class='ocrx_word' id='word_1_195' title='bbox 2460 1864 2676 1924; x_wconf 83' lang='lat' dir='ltr'>visum.</span> <span class='ocrx_word' id='word_1_196' title='bbox 2758 1864 2821 1922; x_wconf 84' lang='lat' dir='ltr'>N</span> <span class='ocrx_word' id='word_1_197' title='bbox 2825 1884 2893 1923; x_wconf 91' lang='lat' dir='ltr'>ec</span> 
     </span>
     <span class='ocr_line' id='line_1_21' title="bbox 493 1941 2893 2019; baseline -0.001 -16"><span class='ocrx_word' id='word_1_198' title='bbox 493 1942 702 2019; x_wconf 90' lang='lat' dir='ltr'>reponi</span> <span class='ocrx_word' id='word_1_199' title='bbox 749 1942 942 2013; x_wconf 90' lang='lat' dir='ltr'>debet,</span> <span class='ocrx_word' id='word_1_200' title='bbox 987 1941 1071 2000; x_wconf 86' lang='lat' dir='ltr'>sic</span> <span class='ocrx_word' id='word_1_201' title='bbox 1116 1942 1425 2001; x_wconf 74' lang='lat' dir='ltr'>haereticos</span> <span class='ocrx_word' id='word_1_202' title='bbox 1471 1960 1643 2017; x_wconf 89' lang='lat' dir='ltr'>posse</span> <span class='ocrx_word' id='word_1_203' title='bbox 1691 1943 1869 2001; x_wconf 86' lang='lat' dir='ltr'>etiam</span> <span class='ocrx_word' id='word_1_204' title='bbox 1903 1944 2133 2017; x_wconf 89' lang='lat' dir='ltr'>jactare</span> <span class='ocrx_word' id='word_1_205' title='bbox 2180 1949 2403 2000; x_wconf 87' lang='lat' dir='ltr'>certam</span> <span class='ocrx_word' id='word_1_206' title='bbox 2449 1944 2893 2017; x_wconf 84' lang='lat' dir='ltr'>persuasionem</span> 
     </span>
     <span class='ocr_line' id='line_1_22' title="bbox 493 2020 2893 2098; baseline -0 -19"><span class='ocrx_word' id='word_1_207' title='bbox 493 2038 678 2098; x_wconf 90' lang='lat' dir='ltr'>quam</span> <span class='ocrx_word' id='word_1_208' title='bbox 705 2020 966 2080; x_wconf 83' lang='lat' dir='ltr'>habeant</span> <span class='ocrx_word' id='word_1_209' title='bbox 991 2021 1066 2077; x_wconf 89' lang='lat' dir='ltr'>de</span> <span class='ocrx_word' id='word_1_210' title='bbox 1093 2020 1391 2078; x_wconf 89' lang='lat' dir='ltr'>erroribus</span> <span class='ocrx_word' id='word_1_211' title='bbox 1411 2021 1551 2079; x_wconf 88' lang='lat' dir='ltr'>suis.</span> <span class='ocrx_word' id='word_1_212' title='bbox 1612 2020 1777 2079; x_wconf 85' lang='lat' dir='ltr'>Nam</span> <span class='ocrx_word' id='word_1_213' title='bbox 1823 2021 2017 2079; x_wconf 90' lang='lat' dir='ltr'>inanis</span> <span class='ocrx_word' id='word_1_214' title='bbox 2044 2028 2105 2079; x_wconf 90' lang='lat' dir='ltr'>et</span> <span class='ocrx_word' id='word_1_215' title='bbox 2124 2038 2282 2078; x_wconf 74' lang='lat' dir='ltr'>vana</span> <span class='ocrx_word' id='word_1_216' title='bbox 2318 2020 2621 2096; x_wconf 83' lang='lat' dir='ltr'>persuasio</span> <span class='ocrx_word' id='word_1_217' title='bbox 2646 2022 2893 2079; x_wconf 88' lang='lat' dir='ltr'>illorum</span> 
     </span>
     <span class='ocr_line' id='line_1_23' title="bbox 493 2098 2882 2176; baseline -0.001 -17"><span class='ocrx_word' id='word_1_218' title='bbox 493 2120 628 2176; x_wconf 78' lang='lat' dir='ltr'>quse</span> <span class='ocrx_word' id='word_1_219' title='bbox 655 2098 1040 2157; x_wconf 85' lang='lat' dir='ltr'>illusionibus</span> <span class='ocrx_word' id='word_1_220' title='bbox 1066 2104 1128 2156; x_wconf 91' lang='lat' dir='ltr'>et</span> <span class='ocrx_word' id='word_1_221' title='bbox 1165 2098 1332 2156; x_wconf 88' lang='lat' dir='ltr'>falsis</span> <span class='ocrx_word' id='word_1_222' title='bbox 1357 2099 1501 2174; x_wconf 83' lang='lat' dir='ltr'>praej</span> <span class='ocrx_word' id='word_1_223' title='bbox 1509 2100 1722 2158; x_wconf 89' lang='lat' dir='ltr'>udiciis</span> <span class='ocrx_word' id='word_1_224' title='bbox 1760 2099 1993 2172; x_wconf 87' lang='lat' dir='ltr'>nititur,</span> <span class='ocrx_word' id='word_1_225' title='bbox 2034 2117 2154 2157; x_wconf 87' lang='lat' dir='ltr'>non</span> <span class='ocrx_word' id='word_1_226' title='bbox 2183 2099 2361 2157; x_wconf 87' lang='lat' dir='ltr'>debet</span> <span class='ocrx_word' id='word_1_227' title='bbox 2382 2098 2697 2158; x_wconf 83' lang='lat' dir='ltr'>evanidam</span> <span class='ocrx_word' id='word_1_228' title='bbox 2745 2100 2882 2157; x_wconf 90' lang='lat' dir='ltr'>red-</span> 
     </span>
     <span class='ocr_line' id='line_1_24' title="bbox 493 2176 2891 2253; baseline -0 -17"><span class='ocrx_word' id='word_1_229' title='bbox 493 2181 632 2236; x_wconf 88' lang='lat' dir='ltr'>dere</span> <span class='ocrx_word' id='word_1_230' title='bbox 660 2195 864 2235; x_wconf 84' lang='lat' dir='ltr'>veram</span> <span class='ocrx_word' id='word_1_231' title='bbox 903 2176 1318 2235; x_wconf 86' lang='lat' dir='ltr'>certitudinem</span> <span class='ocrx_word' id='word_1_232' title='bbox 1357 2178 1647 2249; x_wconf 86' lang='lat' dir='ltr'>fidelium,</span> <span class='ocrx_word' id='word_1_233' title='bbox 1677 2195 1812 2253; x_wconf 82' lang='lat' dir='ltr'>quae</span> <span class='ocrx_word' id='word_1_234' title='bbox 1840 2178 2195 2236; x_wconf 85' lang='lat' dir='ltr'>indubitatis</span> <span class='ocrx_word' id='word_1_235' title='bbox 2241 2177 2649 2235; x_wconf 84' lang='lat' dir='ltr'>fundamentis</span> <span class='ocrx_word' id='word_1_236' title='bbox 2690 2184 2752 2235; x_wconf 90' lang='lat' dir='ltr'>et</span> <span class='ocrx_word' id='word_1_237' title='bbox 2778 2178 2891 2235; x_wconf 91' lang='lat' dir='ltr'>cri-</span> 
     </span>
     <span class='ocr_line' id='line_1_25' title="bbox 492 2253 2893 2331; baseline -0.001 -17"><span class='ocrx_word' id='word_1_238' title='bbox 492 2257 656 2315; x_wconf 85' lang='lat' dir='ltr'>teriis</span> <span class='ocrx_word' id='word_1_239' title='bbox 717 2255 946 2313; x_wconf 88' lang='lat' dir='ltr'>nititur.</span> <span class='ocrx_word' id='word_1_240' title='bbox 1057 2253 1192 2312; x_wconf 86' lang='lat' dir='ltr'>Nec</span> <span class='ocrx_word' id='word_1_241' title='bbox 1241 2254 1293 2311; x_wconf 89' lang='lat' dir='ltr'>si</span> <span class='ocrx_word' id='word_1_242' title='bbox 1346 2256 1733 2325; x_wconf 84' lang='lat' dir='ltr'>characteres,</span> <span class='ocrx_word' id='word_1_243' title='bbox 1790 2258 1897 2331; x_wconf 90' lang='lat' dir='ltr'>qui</span> <span class='ocrx_word' id='word_1_244' title='bbox 1948 2256 2132 2315; x_wconf 88' lang='lat' dir='ltr'>falsas</span> <span class='ocrx_word' id='word_1_245' title='bbox 2184 2256 2595 2331; x_wconf 83' lang='lat' dir='ltr'>persuasiones</span> <span class='ocrx_word' id='word_1_246' title='bbox 2648 2274 2687 2313; x_wconf 92' lang='lat' dir='ltr'>a</span> <span class='ocrx_word' id='word_1_247' title='bbox 2739 2256 2893 2313; x_wconf 81' lang='lat' dir='ltr'>veris</span> 
     </span>
     <span class='ocr_line' id='line_1_26' title="bbox 490 2332 2895 2409; baseline 0 -18"><span class='ocrx_word' id='word_1_248' title='bbox 490 2334 887 2405; x_wconf 86' lang='lat' dir='ltr'>distinguunt,</span> <span class='ocrx_word' id='word_1_249' title='bbox 915 2350 1037 2391; x_wconf 90' lang='lat' dir='ltr'>non</span> <span class='ocrx_word' id='word_1_250' title='bbox 1064 2332 1239 2390; x_wconf 88' lang='lat' dir='ltr'>facile</span> <span class='ocrx_word' id='word_1_251' title='bbox 1268 2351 1588 2407; x_wconf 84' lang='lat' dir='ltr'>agnoscere</span> <span class='ocrx_word' id='word_1_252' title='bbox 1615 2352 1950 2409; x_wconf 88' lang='lat' dir='ltr'>possumus,</span> <span class='ocrx_word' id='word_1_253' title='bbox 1980 2334 2245 2409; x_wconf 88' lang='lat' dir='ltr'>sequitur</span> <span class='ocrx_word' id='word_1_254' title='bbox 2270 2334 2470 2391; x_wconf 89' lang='lat' dir='ltr'>minus</span> <span class='ocrx_word' id='word_1_255' title='bbox 2496 2350 2621 2391; x_wconf 88' lang='lat' dir='ltr'>esse</span> <span class='ocrx_word' id='word_1_256' title='bbox 2637 2350 2809 2391; x_wconf 83' lang='lat' dir='ltr'>veros</span> <span class='ocrx_word' id='word_1_257' title='bbox 2832 2340 2895 2391; x_wconf 84' lang='lat' dir='ltr'>et</span> 
     </span>
     <span class='ocr_line' id='line_1_27' title="bbox 489 2409 2893 2486; baseline -0 -17"><span class='ocrx_word' id='word_1_258' title='bbox 489 2412 693 2469; x_wconf 88' lang='lat' dir='ltr'>reales.</span> <span class='ocrx_word' id='word_1_259' title='bbox 779 2409 876 2468; x_wconf 81' lang='lat' dir='ltr'>Ex</span> <span class='ocrx_word' id='word_1_260' title='bbox 903 2410 1121 2484; x_wconf 87' lang='lat' dir='ltr'>quibus</span> <span class='ocrx_word' id='word_1_261' title='bbox 1150 2410 1238 2485; x_wconf 77' lang='lat' dir='ltr'>ita</span> <span class='ocrx_word' id='word_1_262' title='bbox 1261 2412 1467 2485; x_wconf 87' lang='lat' dir='ltr'>positis</span> <span class='ocrx_word' id='word_1_263' title='bbox 1493 2412 1704 2486; x_wconf 88' lang='lat' dir='ltr'>liquet,</span> <span class='ocrx_word' id='word_1_264' title='bbox 1734 2410 1931 2468; x_wconf 89' lang='lat' dir='ltr'>Deum</span> <span class='ocrx_word' id='word_1_265' title='bbox 1960 2430 2085 2469; x_wconf 90' lang='lat' dir='ltr'>non</span> <span class='ocrx_word' id='word_1_266' title='bbox 2110 2410 2371 2469; x_wconf 84' lang='lat' dir='ltr'>defuisse</span> <span class='ocrx_word' id='word_1_267' title='bbox 2396 2410 2459 2467; x_wconf 88' lang='lat' dir='ltr'>in</span> <span class='ocrx_word' id='word_1_268' title='bbox 2487 2412 2666 2469; x_wconf 91' lang='lat' dir='ltr'>rebus</span> <span class='ocrx_word' id='word_1_269' title='bbox 2696 2429 2893 2468; x_wconf 85' lang='lat' dir='ltr'>neces·</span> 
     </span>
     <span class='ocr_line' id='line_1_28' title="bbox 489 2488 2891 2560; baseline -0.001 -13"><span class='ocrx_word' id='word_1_270' title='bbox 489 2488 658 2547; x_wconf 87' lang='lat' dir='ltr'>sariis</span> <span class='ocrx_word' id='word_1_271' title='bbox 704 2488 999 2560; x_wconf 89' lang='lat' dir='ltr'>fidelibus,</span> <span class='ocrx_word' id='word_1_272' title='bbox 1039 2488 1180 2546; x_wconf 85' lang='lat' dir='ltr'>licet</span> <span class='ocrx_word' id='word_1_273' title='bbox 1226 2489 1655 2547; x_wconf 85' lang='lat' dir='ltr'>authoritatem</span> <span class='ocrx_word' id='word_1_274' title='bbox 1701 2488 2082 2547; x_wconf 84' lang='lat' dir='ltr'>infallibilem</span> <span class='ocrx_word' id='word_1_275' title='bbox 2124 2506 2195 2547; x_wconf 86' lang='lat' dir='ltr'>ac</span> <span class='ocrx_word' id='word_1_276' title='bbox 2240 2488 2540 2545; x_wconf 79' lang='lat' dir='ltr'>visibilem</span> <span class='ocrx_word' id='word_1_277' title='bbox 2582 2507 2701 2545; x_wconf 92' lang='lat' dir='ltr'>non</span> <span class='ocrx_word' id='word_1_278' title='bbox 2753 2488 2891 2545; x_wconf 88' lang='lat' dir='ltr'>reli-</span> 
     </span>
    </p>

    <p class='ocr_par' dir='ltr' id='par_1_4' title="bbox 487 2565 2893 3498">
     <span class='ocr_line' id='line_1_29' title="bbox 532 2565 2893 2643; baseline -0 -18"><span class='ocrx_word' id='word_1_279' title='bbox 532 2567 689 2625; x_wconf 88' lang='lat' dir='ltr'>ucrit</span> <span class='ocrx_word' id='word_1_280' title='bbox 729 2568 792 2625; x_wconf 90' lang='lat' dir='ltr'>in</span> <span class='ocrx_word' id='word_1_281' title='bbox 836 2566 1101 2643; x_wconf 83' lang='lat' dir='ltr'>Ecclesia</span> <span class='ocrx_word' id='word_1_282' title='bbox 1140 2568 1217 2624; x_wconf 88' lang='lat' dir='ltr'>ad</span> <span class='ocrx_word' id='word_1_283' title='bbox 1265 2569 1707 2642; x_wconf 88' lang='lat' dir='ltr'>componendas</span> <span class='ocrx_word' id='word_1_284' title='bbox 1754 2586 1957 2625; x_wconf 88' lang='lat' dir='ltr'>omnes</span> <span class='ocrx_word' id='word_1_285' title='bbox 2004 2565 2451 2625; x_wconf 83' lang='lat' dir='ltr'>controversias.</span> <span class='ocrx_word' id='word_1_286' title='bbox 2558 2566 2720 2633; x_wconf 80' lang='lat' dir='ltr'>Quia</span> <span class='ocrx_word' id='word_1_287' title='bbox 2761 2567 2893 2624; x_wconf 85' lang='lat' dir='ltr'>sola</span> 
     </span>
     <span class='ocr_line' id='line_1_30' title="bbox 490 2586 2889 2722; baseline -0.002 -17"><span class='ocrx_word' id='word_1_288' title='bbox 490 2586 803 2722; x_wconf 55' lang='lat' dir='ltr'>{criptura</span> <span class='ocrx_word' id='word_1_289' title='bbox 827 2651 1122 2720; x_wconf 89' lang='lat' dir='ltr'>tanquam</span> <span class='ocrx_word' id='word_1_290' title='bbox 1148 2663 1360 2703; x_wconf 87' lang='lat' dir='ltr'>norma</span> <span class='ocrx_word' id='word_1_291' title='bbox 1379 2644 1713 2703; x_wconf 85' lang='lat' dir='ltr'>infallibilis</span> <span class='ocrx_word' id='word_1_292' title='bbox 1747 2652 1948 2719; x_wconf 81' lang='lat' dir='ltr'>potest</span> <span class='ocrx_word' id='word_1_293' title='bbox 1973 2644 2117 2720; x_wconf 89' lang='lat' dir='ltr'>ipsis</span> <span class='ocrx_word' id='word_1_294' title='bbox 2138 2644 2429 2714; x_wconf 80' lang='lat' dir='ltr'>sufficere3</span> <span class='ocrx_word' id='word_1_295' title='bbox 2460 2642 2666 2702; x_wconf 87' lang='lat' dir='ltr'>sicum</span> <span class='ocrx_word' id='word_1_296' title='bbox 2688 2645 2889 2701; x_wconf 88' lang='lat' dir='ltr'>studio</span> 
     </span>
     <span class='ocr_line' id='line_1_31' title="bbox 487 2720 2892 2799; baseline -0 -18"><span class='ocrx_word' id='word_1_297' title='bbox 487 2723 550 2781; x_wconf 91' lang='lat' dir='ltr'>in</span> <span class='ocrx_word' id='word_1_298' title='bbox 580 2742 654 2781; x_wconf 89' lang='lat' dir='ltr'>ea</span> <span class='ocrx_word' id='word_1_299' title='bbox 678 2722 1027 2782; x_wconf 88' lang='lat' dir='ltr'>meditanda</span> <span class='ocrx_word' id='word_1_300' title='bbox 1055 2742 1166 2798; x_wconf 90' lang='lat' dir='ltr'>ope</span> <span class='ocrx_word' id='word_1_301' title='bbox 1196 2723 1454 2799; x_wconf 85' lang='lat' dir='ltr'>Spiritus</span> <span class='ocrx_word' id='word_1_302' title='bbox 1482 2723 1685 2782; x_wconf 89' lang='lat' dir='ltr'>Sancti</span> <span class='ocrx_word' id='word_1_303' title='bbox 1713 2731 2041 2781; x_wconf 82' lang='lat' dir='ltr'>versentur.</span> <span class='ocrx_word' id='word_1_304' title='bbox 2084 2722 2219 2781; x_wconf 85' lang='lat' dir='ltr'>Nec</span> <span class='ocrx_word' id='word_1_305' title='bbox 2244 2721 2381 2779; x_wconf 86' lang='lat' dir='ltr'>ideo</span> <span class='ocrx_word' id='word_1_306' title='bbox 2408 2720 2745 2794; x_wconf 86' lang='lat' dir='ltr'>dicendum,</span> <span class='ocrx_word' id='word_1_307' title='bbox 2778 2722 2892 2780; x_wconf 87' lang='lat' dir='ltr'>Ec-</span> 
     </span>
     <span class='ocr_line' id='line_1_32' title="bbox 488 2800 2890 2877; baseline -0.002 -16"><span class='ocrx_word' id='word_1_308' title='bbox 488 2802 730 2861; x_wconf 88' lang='lat' dir='ltr'>clesiam</span> <span class='ocrx_word' id='word_1_309' title='bbox 754 2801 946 2877; x_wconf 89' lang='lat' dir='ltr'>pejori</span> <span class='ocrx_word' id='word_1_310' title='bbox 971 2802 1107 2860; x_wconf 94' lang='grc'><strong>1000</strong></span> <span class='ocrx_word' id='word_1_311' title='bbox 1133 2802 1539 2871; x_wconf 83' lang='lat' dir='ltr'>constitutam,</span> <span class='ocrx_word' id='word_1_312' title='bbox 1569 2820 1753 2877; x_wconf 89' lang='lat' dir='ltr'>quam</span> <span class='ocrx_word' id='word_1_313' title='bbox 1780 2800 1931 2859; x_wconf 86' lang='lat' dir='ltr'>alias</span> <span class='ocrx_word' id='word_1_314' title='bbox 1958 2819 2161 2859; x_wconf 88' lang='lat' dir='ltr'>omnes</span> <span class='ocrx_word' id='word_1_315' title='bbox 2188 2800 2513 2869; x_wconf 75' lang='lat' dir='ltr'>societates,</span> <span class='ocrx_word' id='word_1_316' title='bbox 2542 2800 2686 2873; x_wconf 89' lang='lat' dir='ltr'>quia</span> <span class='ocrx_word' id='word_1_317' title='bbox 2710 2818 2890 2874; x_wconf 82' lang='lat' dir='ltr'>expo-</span> 
     </span>
     <span class='ocr_line' id='line_1_33' title="bbox 487 2876 2890 2945; baseline -0.002 -6"><span class='ocrx_word' id='word_1_318' title='bbox 487 2888 668 2939; x_wconf 86' lang='lat' dir='ltr'>natur</span> <span class='ocrx_word' id='word_1_319' title='bbox 695 2880 1116 2939; x_wconf 82' lang='lat' dir='ltr'>haereticorum</span> <span class='ocrx_word' id='word_1_320' title='bbox 1136 2887 1196 2938; x_wconf 89' lang='lat' dir='ltr'>et</span> <span class='ocrx_word' id='word_1_321' title='bbox 1223 2880 1745 2938; x_wconf 86' lang='lat' dir='ltr'>schismaticorum</span> <span class='ocrx_word' id='word_1_322' title='bbox 1786 2880 2169 2938; x_wconf 85' lang='lat' dir='ltr'>factionibus.</span> <span class='ocrx_word' id='word_1_323' title='bbox 2255 2878 2418 2945; x_wconf 81' lang='lat' dir='ltr'>Quia</span> <span class='ocrx_word' id='word_1_324' title='bbox 2461 2876 2689 2935; x_wconf 87' lang='lat' dir='ltr'>Paulus</span> <span class='ocrx_word' id='word_1_325' title='bbox 2716 2880 2890 2937; x_wconf 89' lang='lat' dir='ltr'>docet</span> 
     </span>
     <span class='ocr_line' id='line_1_34' title="bbox 487 2956 2889 3033; baseline -0.002 -16"><span class='ocrx_word' id='word_1_326' title='bbox 487 2978 722 3017; x_wconf 88' lang='lat' dir='ltr'>necesse</span> <span class='ocrx_word' id='word_1_327' title='bbox 765 2977 889 3017; x_wconf 89' lang='lat' dir='ltr'>esse</span> <span class='ocrx_word' id='word_1_328' title='bbox 916 2960 1168 3016; x_wconf 76' lang='lat' dir='ltr'>haereses</span> <span class='ocrx_word' id='word_1_329' title='bbox 1207 2976 1351 3029; x_wconf 88' lang='lat' dir='ltr'>esse,</span> <span class='ocrx_word' id='word_1_330' title='bbox 1384 2959 1416 3016; x_wconf 93' lang='lat'>1</span> <span class='ocrx_word' id='word_1_331' title='bbox 1451 2958 1583 3018; x_wconf 89' lang='lat' dir='ltr'>Cor.</span> <span class='ocrx_word' id='word_1_332' title='bbox 1615 2959 1697 3017; x_wconf 82' lang='lat' dir='ltr'>xi.</span> <span class='ocrx_word' id='word_1_333' title='bbox 1744 2958 1836 3029; x_wconf 87' lang='grc'>19,</span> <span class='ocrx_word' id='word_1_334' title='bbox 1869 2957 1951 3017; x_wconf 89' lang='lat' dir='ltr'>Et</span> <span class='ocrx_word' id='word_1_335' title='bbox 1975 2976 2067 3015; x_wconf 89' lang='lat' dir='ltr'>res</span> <span class='ocrx_word' id='word_1_336' title='bbox 2093 2957 2225 3033; x_wconf 89' lang='lat' dir='ltr'>ipsa</span> <span class='ocrx_word' id='word_1_337' title='bbox 2265 2957 2381 3014; x_wconf 89' lang='lat' dir='ltr'>hoc</span> <span class='ocrx_word' id='word_1_338' title='bbox 2406 2956 2641 3015; x_wconf 81' lang='lat' dir='ltr'>evincit.</span> <span class='ocrx_word' id='word_1_339' title='bbox 2724 2956 2889 3013; x_wconf 85' lang='lat' dir='ltr'>Nam</span> 
     </span>
     <span class='ocr_line' id='line_1_35' title="bbox 487 3036 2890 3108; baseline -0.002 -14"><span class='ocrx_word' id='word_1_340' title='bbox 487 3037 536 3094; x_wconf 91' lang='lat' dir='ltr'>si</span> <span class='ocrx_word' id='word_1_341' title='bbox 565 3040 686 3096; x_wconf 87' lang='lat' dir='ltr'>tale</span> <span class='ocrx_word' id='word_1_342' title='bbox 713 3038 1046 3095; x_wconf 89' lang='lat' dir='ltr'>remedium</span> <span class='ocrx_word' id='word_1_343' title='bbox 1072 3036 1387 3095; x_wconf 88' lang='lat' dir='ltr'>infallibile</span> <span class='ocrx_word' id='word_1_344' title='bbox 1415 3056 1453 3095; x_wconf 89' lang='lat' dir='ltr'>a</span> <span class='ocrx_word' id='word_1_345' title='bbox 1481 3036 1716 3095; x_wconf 90' lang='lat' dir='ltr'>Christo</span> <span class='ocrx_word' id='word_1_346' title='bbox 1744 3036 2087 3095; x_wconf 87' lang='lat' dir='ltr'>institutum</span> <span class='ocrx_word' id='word_1_347' title='bbox 2112 3042 2285 3108; x_wconf 87' lang='lat' dir='ltr'>esset,</span> <span class='ocrx_word' id='word_1_348' title='bbox 2308 3053 2414 3093; x_wconf 89' lang='lat' dir='ltr'>cur</span> <span class='ocrx_word' id='word_1_349' title='bbox 2442 3052 2585 3108; x_wconf 86' lang='lat' dir='ltr'>ergo</span> <span class='ocrx_word' id='word_1_350' title='bbox 2611 3036 2890 3093; x_wconf 86' lang='lat' dir='ltr'>effectum</span> 
     </span>
     <span class='ocr_line' id='line_1_36' title="bbox 488 3113 2889 3191; baseline -0.001 -20"><span class='ocrx_word' id='word_1_351' title='bbox 488 3133 666 3171; x_wconf 90' lang='lat' dir='ltr'>suum</span> <span class='ocrx_word' id='word_1_352' title='bbox 695 3134 819 3171; x_wconf 89' lang='lat' dir='ltr'>non</span> <span class='ocrx_word' id='word_1_353' title='bbox 855 3115 1132 3185; x_wconf 89' lang='lat' dir='ltr'>obtinuit,</span> <span class='ocrx_word' id='word_1_354' title='bbox 1163 3134 1268 3173; x_wconf 91' lang='lat' dir='ltr'>cur</span> <span class='ocrx_word' id='word_1_355' title='bbox 1295 3122 1356 3173; x_wconf 90' lang='lat' dir='ltr'>et</span> <span class='ocrx_word' id='word_1_356' title='bbox 1394 3115 1764 3190; x_wconf 86' lang='lat' dir='ltr'>temporibus</span> <span class='ocrx_word' id='word_1_357' title='bbox 1793 3116 2248 3191; x_wconf 87' lang='lat' dir='ltr'>Apostolorum,</span> <span class='ocrx_word' id='word_1_358' title='bbox 2290 3120 2353 3171; x_wconf 91' lang='lat' dir='ltr'>et</span> <span class='ocrx_word' id='word_1_359' title='bbox 2396 3114 2456 3169; x_wconf 91' lang='lat' dir='ltr'>in</span> <span class='ocrx_word' id='word_1_360' title='bbox 2508 3113 2889 3187; x_wconf 88' lang='lat' dir='ltr'>sequentibus</span> 
     </span>
     <span class='ocr_line' id='line_1_37' title="bbox 489 3190 2889 3267; baseline 0 -20"><span class='ocrx_word' id='word_1_361' title='bbox 489 3193 703 3249; x_wconf 87' lang='lat' dir='ltr'>seculis</span> <span class='ocrx_word' id='word_1_362' title='bbox 729 3192 982 3248; x_wconf 82' lang='lat' dir='ltr'>haereses</span> <span class='ocrx_word' id='word_1_363' title='bbox 1009 3200 1070 3249; x_wconf 90' lang='lat' dir='ltr'>et</span> <span class='ocrx_word' id='word_1_364' title='bbox 1095 3193 1413 3250; x_wconf 87' lang='lat' dir='ltr'>schismata</span> <span class='ocrx_word' id='word_1_365' title='bbox 1439 3211 1564 3249; x_wconf 90' lang='lat' dir='ltr'>non</span> <span class='ocrx_word' id='word_1_366' title='bbox 1591 3200 1734 3250; x_wconf 87' lang='lat' dir='ltr'>sunt</span> <span class='ocrx_word' id='word_1_367' title='bbox 1760 3194 2066 3267; x_wconf 65' lang='lat' dir='ltr'>repressa?</span> <span class='ocrx_word' id='word_1_368' title='bbox 2150 3190 2273 3249; x_wconf 91' lang='lat' dir='ltr'>Cur</span> <span class='ocrx_word' id='word_1_369' title='bbox 2302 3190 2569 3249; x_wconf 85' lang='lat' dir='ltr'>Ecclesia</span> <span class='ocrx_word' id='word_1_370' title='bbox 2598 3192 2809 3250; x_wconf 80' lang='lat' dir='ltr'>Graeca</span> <span class='ocrx_word' id='word_1_371' title='bbox 2828 3195 2889 3248; x_wconf 79' lang='lat' dir='ltr'>et</span> 
     </span>
     <span class='ocr_line' id='line_1_38' title="bbox 490 3267 2888 3344; baseline -0.001 -19"><span class='ocrx_word' id='word_1_372' title='bbox 490 3267 710 3325; x_wconf 89' lang='lat' dir='ltr'>Latina</span> <span class='ocrx_word' id='word_1_373' title='bbox 729 3268 907 3324; x_wconf 84' lang='lat' dir='ltr'>variis</span> <span class='ocrx_word' id='word_1_374' title='bbox 934 3268 1190 3326; x_wconf 86' lang='lat' dir='ltr'>dissidiis</span> <span class='ocrx_word' id='word_1_375' title='bbox 1216 3270 1490 3327; x_wconf 85' lang='lat' dir='ltr'>laceratae</span> <span class='ocrx_word' id='word_1_376' title='bbox 1519 3277 1661 3327; x_wconf 88' lang='lat' dir='ltr'>sunt</span> <span class='ocrx_word' id='word_1_377' title='bbox 1688 3278 1749 3327; x_wconf 93' lang='lat' dir='ltr'>et</span> <span class='ocrx_word' id='word_1_378' title='bbox 1774 3270 2043 3344; x_wconf 88' lang='lat' dir='ltr'>quotidie</span> <span class='ocrx_word' id='word_1_379' title='bbox 2069 3270 2409 3327; x_wconf 86' lang='lat' dir='ltr'>lacerantur</span> <span class='ocrx_word' id='word_1_380' title='bbox 2424 3272 2453 3328; x_wconf 71' lang='grc' dir='ltr'>Ρ</span> <span class='ocrx_word' id='word_1_381' title='bbox 2529 3268 2888 3327; x_wconf 83' lang='lat' dir='ltr'>Remedium</span> 
     </span>
     <span class='ocr_line' id='line_1_39' title="bbox 488 3346 2888 3422; baseline 0 -20"><span class='ocrx_word' id='word_1_382' title='bbox 488 3362 628 3402; x_wconf 87' lang='lat' dir='ltr'>sane</span> <span class='ocrx_word' id='word_1_383' title='bbox 655 3346 928 3418; x_wconf 89' lang='lat' dir='ltr'>ineptum</span> <span class='ocrx_word' id='word_1_384' title='bbox 953 3362 1079 3401; x_wconf 87' lang='lat' dir='ltr'>esse</span> <span class='ocrx_word' id='word_1_385' title='bbox 1107 3354 1358 3419; x_wconf 88' lang='lat' dir='ltr'>oportet,</span> <span class='ocrx_word' id='word_1_386' title='bbox 1387 3348 1549 3419; x_wconf 91' lang='lat' dir='ltr'>quod</span> <span class='ocrx_word' id='word_1_387' title='bbox 1577 3348 1873 3419; x_wconf 85' lang='lat' dir='ltr'>effectum,</span> <span class='ocrx_word' id='word_1_388' title='bbox 1904 3364 2083 3421; x_wconf 86' lang='lat' dir='ltr'>quem</span> <span class='ocrx_word' id='word_1_389' title='bbox 2108 3347 2436 3422; x_wconf 87' lang='lat' dir='ltr'>producere</span> <span class='ocrx_word' id='word_1_390' title='bbox 2476 3347 2695 3405; x_wconf 86' lang='lat' dir='ltr'>dicitur</span> <span class='ocrx_word' id='word_1_391' title='bbox 2733 3364 2888 3403; x_wconf 89' lang='lat' dir='ltr'>nun-</span> 
     </span>
     <span class='ocr_line' id='line_1_40' title="bbox 488 3422 1989 3498; baseline 0.003 -19"><span class='ocrx_word' id='word_1_392' title='bbox 488 3440 672 3497; x_wconf 84' lang='lat' dir='ltr'>quam</span> <span class='ocrx_word' id='word_1_393' title='bbox 697 3422 1000 3497; x_wconf 82' lang='lat' dir='ltr'>produxit.</span> <span class='ocrx_word' id='word_1_394' title='bbox 1085 3422 1168 3481; x_wconf 89' lang='lat' dir='ltr'>Et</span> <span class='ocrx_word' id='word_1_395' title='bbox 1192 3423 1267 3481; x_wconf 89' lang='lat' dir='ltr'>de</span> <span class='ocrx_word' id='word_1_396' title='bbox 1289 3423 1383 3481; x_wconf 89' lang='lat' dir='ltr'>his</span> <span class='ocrx_word' id='word_1_397' title='bbox 1410 3423 1655 3498; x_wconf 86' lang='lat' dir='ltr'>quidem</span> <span class='ocrx_word' id='word_1_398' title='bbox 1680 3426 1989 3483; x_wconf 87' lang='lat' dir='ltr'>hactenus.</span> 
     </span>
    </p>
   </div>
  </div>
 </body>
</html>
