3234 5192
6 0 3233 132 *ww-T*—

1829 158 1878 177 K

1911 202 1927 210 -ι
1990 224 2019 230 —
3100 206 3232 258 st

406 288 437 309 κ
2258 308 2290 317 “-
3042 283 3067 302 f

2344 327 2383 344 -,
2410 334 2495 365 ’'⁶‘=
2701 301 3039 399 mus—f

337 410 569 451 msPUT.
602 391 813 473 XXHL]
920 412 999 451 m:
1028 410 1509 453 sawlsFACTrouts
1538 410 1773 453 CHRISTI
1805 412 2228 454 PERFECTIONE.
2538 370 2752 461 κ’μῗὶνῷιῖ

335 550 491 611 Psal.
521 552 629 613 lxi.
652 575 667 629 3
718 552 1081 613 “Passiones
1112 552 1326 611 Christi
1352 572 1469 611 non
1497 553 1558 611 in
1603 553 1728 614 solo
1759 554 2006 631 Christo,
2038 555 2153 614 imo
2201 556 2500 633 passiones
2531 558 2745 619 Christi

331 633 563 691 nonnisi
592 632 651 691 in
682 633 909 691 Christo
932 654 947 708 ;
994 632 1045 690 si
1071 633 1225 690 enim
1246 632 1536 692 Christum
1566 633 1859 711 intelligas
1882 636 2068 713 Caput
2085 644 2144 694 et
2173 636 2410 713 Corpus,
2441 639 2742 715 passiones

332 711 548 771 Christi
576 712 805 771 nonnisi
832 713 893 770 in
923 712 1187 789 Christo;
1232 713 1282 772 si
1310 721 1504 772 autem
1533 714 1828 775 Christum
1848 715 2142 793 intelligas
2171 716 2356 775 solum
2385 726 2573 794 caput,
2605 739 2739 795 pas-

330 792 524 851 siones
546 793 763 851 Christi
789 812 906 851 non
933 793 993 850 in
1023 793 1147 851 solo
1177 793 1406 853 Christo
1426 795 1481 870 ;'’
1508 802 1660 853 etex
1681 814 1750 853 eo
1774 795 1976 855 Ansel.
2025 800 2059 830 ⁴·
2083 794 2310 855 Patitur
2329 796 2519 856 adhuc
2542 796 2736 857 Chris·

329 878 425 930 tus
452 872 770 948 passioneS,
802 892 918 932 non
946 873 1007 931 in
1036 893 1205 931 carne
1235 894 1340 932 sua
1366 874 1427 931 in
1455 894 1569 951 qua
1597 873 1860 934 ascendit
1887 876 1948 933 in
1977 876 2203 951 coelum,
2235 876 2339 935 sed
2379 877 2438 935 in
2456 896 2584 935 mea
2606 898 2735 955 quas

328 950 518 1010 adhuc
546 951 771 1011 laborat
795 953 857 1010 in
880 953 1092 1012 terra.'’
1136 954 1229 1014 Ita
1253 954 1519 1030 Lyranus
1566 955 1629 1013 in
1654 955 1713 1014 h.
1743 954 1805 1026 l.,
1857 958 1893 988 ‘⁴
1917 956 2224 1015 Passiones
2247 956 2462 1016 Christi
2490 956 2732 1034 duplic-i-

326 1038 416 1089 ter
443 1032 798 1109 accipiantur
822 1055 835 1093 ι
866 1053 981 1091 ιιιιο
1009 1033 1181 1092 modo
1211 1054 1315 1112 pro
1342 1034 1459 1093 illis
1479 1054 1626 1111 quas
1649 1035 1921 1095 sustinuit
1943 1035 2004 1093 in
2021 1035 2251 1115 proprio
2279 1056 2532 1114 corpore,
2565 1045 2622 1096 et
2650 1038 2734 1097 sie

328 1110 474 1169 nihil
500 1112 585 1170 ibi
612 1121 791 1171 restat
819 1112 895 1171 ad
941 1113 1338 1190 implendum;
1381 1114 1495 1174 alio
1544 1115 1717 1174 modo
1757 1136 1862 1193 pro
1903 1116 2019 1174 iUis
2057 1135 2202 1194 quas
2251 1117 2311 1174 in
2339 1117 2510 1175 finem
2549 1138 2732 1196 usque

328 1191 507 1249 seculi
535 1192 787 1269 patietur
812 1193 873 1251 in
901 1213 1138 1271 corpore
1181 1194 1447 1271 mystico,
1492 1203 1551 1253 et
1579 1196 1662 1254 sic
1691 1202 1911 1255 restant
1942 1196 2251 1255 multarum
2281 1197 2612 1275 passionum
2641 1218 2730 1258 re-

322 1270 517 1348 liquiae
546 1271 983 1349 adimplendae.’'
1029 1274 1227 1349 Atque
1255 1274 1367 1332 hue
1394 1273 1646 1350 pertinet
1691 1275 1910 1353 duplex
1933 1276 2145 1335 Christi
2173 1276 2356 1354 σχέο-ις,
2397 1278 2494 1337 vel
2520 1286 2588 1337 ut
2620 1280 2732 1338 Va·

323 1351 411 1409 dtis
438 1359 498 1409 et
523 1354 807 1427 sponsor-222
828 1354 928 1430 qui
956 1373 1058 1431 pro
1087 1354 1255 1413 nobis
1283 1354 1579 1429 satisfacit,
1612 1355 1709 1414 vel
1753 1365 1818 1415 ut
1849 1356 2066 1432 Capitis
2093 1359 2252 1433 qnod
2273 1359 2331 1415 in
2361 1358 2530 1417 nobis
2558 1357 2732 1419 debet

7 1390 10 1501 l
323 1432 565 1508 operari,
596 1440 662 1497 ut
688 1453 797 1493 nos
842 1434 952 1493 sibi
997 1434 1216 1493 similes
1263 1432 1503 1493 reddat:
1548 1434 1736 1494 Priori
1786 1456 1958 1495 sensu
2003 1438 2300 1514 passiones
2330 1438 2546 1497 Christi
2595 1448 2730 1499 sunt

7 1514 10 1591 Ι
321 1512 730 1587 satisfactoria,
763 1522 823 1573 et
848 1514 935 1572 illi
964 1514 1075 1572 soli
1102 1514 1357 1573 exclusis
1385 1515 1516 1573 aliis
1560 1523 1911 1593 competunt,
1947 1516 2064 1575 Sed
2111 1518 2418 1594 posteriori
2462 1526 2598 1578 sunt
2624 1540 2724 1577 ex·-

7 1592 9 1621 ⁵
321 1594 599 1667 emplares
625 1601 685 1652 et
712 1592 787 1651 ad
812 1593 1192 1653 imitationem
1222 1603 1638 1672 proponuntur.

404 1672 479 1731 V.
524 1678 580 1731 2.
626 1672 1066 1734 Observandum
1104 1694 1231 1733 eam
1280 1694 1407 1734 esse
1451 1674 1661 1735 debere
1709 1674 1858 1735 inter
1887 1675 2108 1755 Corpus
2139 1677 2354 1737 Christi
2379 1678 2640 1738 naturale
2669 1688 2730 1741 et

318 1753 646 1830 mysticum,
680 1754 867 1831 Caput
894 1762 953 1814 et
979 1755 1253 1831 membra,
1284 1755 1642 1815 harmoniam
1664 1764 1725 1817 et
1751 1756 2225 1835 conformitatem,
2255 1767 2322 1817 ut
2343 1759 2500 1837 quod
2527 1760 2728 1837 imple-

317 1840 442 1892 tum
472 1842 561 1893 est
588 1834 648 1892 in
676 1834 778 1893 illo
806 1835 1016 1894 debeat
1044 1835 1103 1893 in
1132 1836 1276 1911 istis,
1308 1844 1539 1895 servata
1565 1845 1758 1897 tamen
1805 1838 2192 1915 proportione,
2223 1838 2466 1917 impleri,
2497 1849 2730 1918 propte-

319 1931 418 1971 rea
446 1914 595 1971 enim
627 1914 1025 1992 praedestinari
1047 1914 1293 1975 dicimur
1321 1936 1356 1973 a
1379 1916 1561 1976 Paulo
1594 1920 1631 1951 ‘⁴
1648 1926 1715 1976 ut
1735 1917 1916 1976 simus
1946 1917 2269 1979 conformes
2310 1920 2550 1996 imagini
2579 1922 2722 1999 ejus,

321 1990 491 2052 Rom.
524 1994 645 2052 viii.
675 1997 772 2070 29,
804 2003 862 2053 et
890 1995 1061 2068 idem,
1092 2000 1129 2053 2
1162 1996 1293 2057 Cor.
1323 1996 1404 2054 iii.
1439 1999 1529 2071 18,
1562 2005 1808 2055 testatur
1838 1999 1872 2030 “
1895 2016 2002 2055 nos
2023 1998 2479 2075 contemplantes
2509 2000 2568 2057 in
2596 2020 2724 2077 spe·

317 2072 449 2132 culo
478 2072 623 2131 faeie
652 2082 869 2133 retecta
916 2074 1161 2150 gloriam
1192 2076 1443 2150 Domini,
1478 2076 1872 2133 transformari
1914 2076 1974 2132 in
2022 2076 2264 2134 eandem
2311 2078 2624 2154 imaginem
2652 2079 2726 2137 de

315 2150 504 2227 gloria
530 2152 593 2209 in
628 2153 873 2227 gloriam
921 2153 1083 2211 velut
1111 2173 1146 2211 a
1177 2154 1393 2229 Spiritu
1426 2154 1718 2213 Domini.’'
1804 2152 1962 2211 Hinc
2010 2155 2182 2211 toties
2225 2155 2301 2212 ad
2344 2155 2724 2215 imitationem

318 2229 531 2289 Christi
550 2231 886 2306 excitamur,
899 2231 1051 2307 Eph.
1076 2250 1132 2290 v.
1153 2236 1207 2307 2,
1243 2232 1393 2291 Phil.
1412 2232 1471 2290 ii.
1493 2234 1548 2307 5,
1565 2234 1619 2309 6,
1645 2236 1672 2289 1
1703 2230 1829 2290 Pet.
1851 2232 1912 2289 ii.
1931 2234 2027 2306 21,
2053 2236 2148 2305 22,
2173 2235 2270 2291 23.
2318 2234 2497 2292 Ροιϊο
2525 2244 2590 2294 ut
2612 2235 2725 2295 ista

314 2308 684 2368 conformitas
712 2312 773 2383 in
802 2310 965 2369 coelis
985 2310 1179 2369 futura
1206 2320 1294 2370 est
1322 2311 1383 2369 in
1412 2311 1597 2388 gloria
1631 2320 1688 2371 et
1710 2310 2002 2387 felicitate,
2036 2314 2065 2371 1
2098 2312 2141 2371 J
2144 2312 2237 2371 oh.
2261 2313 2342 2372 iii.
2368 2318 2423 2389 2,
2457 2314 2608 2373 Phil.
2629 2315 2720 2375 iii.

314 2392 409 2463 21,
444 2389 566 2449 Col.
596 2390 679 2449 iii.
708 2394 764 2467 4,
797 2390 892 2449 Ita
918 2391 977 2448 in
1004 2391 1173 2451 terris
1200 2390 1527 2451 inchoanda
1548 2401 1638 2451 est
1663 2412 1768 2470 per
1788 2392 2050 2469 gratiam,
2074 2392 2282 2470 partim
2307 2394 2374 2452 in
2395 2395 2718 2473 sanctitate,

313 2470 523 2547 partim
550 2471 610 2529 in
634 2491 818 2547 cruce,
852 2472 1021 2531 Rom.
1044 2472 1167 2532 viii.
1204 2475 1297 2532 17.
1341 2472 1842 2548 Quemadmodum
1864 2472 2018 2531 enim
2048 2472 2328 2551 Christus,
2360 2474 2498 2534 dum
2525 2476 2586 2533 in
2605 2486 2722 2537 ter-

310 2550 392 2609 ris
422 2560 686 2611 versatus
715 2560 820 2627 est,
851 2552 1099 2631 insignis
1147 2552 1257 2613 fuit
1302 2554 1670 2631 potissimum
1711 2562 1834 2614 tum
1877 2555 2170 2614 sanctitate
2211 2575 2326 2633 qua
2352 2576 2532 2634 purus
2559 2565 2619 2616 et
2646 2557 2721 2619 ab

307 2632 466 2689 omni
492 2634 714 2709 peccati
740 2633 872 2692 labe
900 2634 1173 2694 immunis
1218 2634 1329 2693 fuit
1351 2654 1484 2693 vere
1535 2644 1770 2695 sanetus
1801 2634 2052 2711 Domini,
2083 2643 2207 2694 tum
2249 2637 2568 2697 calamitate
2593 2646 2720 2697 tan-

310 2731 485 2789 quam
513 2711 605 2771 vir
625 2712 906 2789 dolorum,
940 2714 1055 2773 Isat
1084 2714 1191 2774 liii.
1223 2719 1277 2789 3,
1309 2715 1411 2792 qui
1432 2716 1758 2792 omnigenis
1797 2715 2066 2773 aerumnis
2115 2724 2174 2773 et
2199 2717 2565 2791 passionibus
2596 2737 2722 2777 sese

310 2792 557 2870 subjecit
585 2812 769 2869 usque
816 2793 893 2851 ad
939 2794 1409 2868 exinanitionem,
1444 2793 1594 2853 Phil.
1625 2794 1685 2851 ii.
1731 2796 1786 2867 6,
1838 2796 1870 2851 7
1896 2815 1909 2867 ;
1956 2793 2049 2851 Ita
2099 2793 2421 2853 Ecclesiam
2465 2816 2630 2853 snam
2658 2797 2719 2855 in

309 2870 467 2929 hisce
497 2872 725 2931 duobus
751 2872 1058 2930 assimilari
1104 2881 1163 2933 et
1210 2872 1561 2931 conformem
1608 2872 1772 2930 reddi
1810 2872 2014 2930 voluit.
2080 2871 2275 2930 Primo
2302 2874 2364 2930 in
2409 2876 2718 2950 sanctitate,

308 2949 463 3008 unde
486 2952 760 3027 jubemur
788 2951 972 3009 sancti
1010 2971 1137 3009 esse
1166 2952 1315 3011 sieut
1341 2951 1441 3009 ille
1470 2960 1706 3010 sanctus
1753 2958 1857 3025 est,
1894 2953 1923 3008 1
1959 2952 2084 3008 Pet.
2135 2951 2172 3007 i.
2208 2954 2300 3025 15,
2331 2960 2390 3011 et
2416 2954 2720 3028 purificare

310 3048 417 3087 nos
446 3039 510 3089 ut
532 3030 629 3087 ille
658 3050 837 3106 purus
864 3038 970 3104 est,
1007 3033 1038 3087 1
1069 3031 1112 3090 J
1116 3031 1209 3090 oh.
1250 3030 1334 3087 iii.
1365 3034 1421 3089 3.
1486 3030 1756 3089 Secundo
1803 3030 1864 3087 in
1899 3030 2256 3105 passionibus
2297 3039 2357 3089 et
2383 3051 2570 3105 cruce,
2600 3052 2718 3108 quo

311 3126 483 3168 sensu
513 3109 726 3168 dicitur
759 3109 1059 3186 reliquisse
1088 3110 1257 3169 nobis
1286 3110 1582 3187 exemplar
1610 3118 1676 3168 ut
1717 3128 2025 3185 sequamur
2067 3110 2194 3185 ejus
2221 3110 2487 3187 vestigia,
2523 3115 2554 3168 1
2590 3112 2716 3172 Pet.

310 3188 369 3247 ii.
407 3188 501 3265 21,
547 3198 607 3249 et
675 3188 1096 3249 communicare
1163 3189 1438 3249 dicuntur
1499 3189 1703 3248 fideles
1766 3188 2134 3267 passionibus
2191 3189 2422 3266 Christi,
2483 3193 2716 3269 quando

7 3244 10 3321 l
310 3268 386 3327 ad
412 3270 541 3346 ejus
570 3269 751 3328 instar
780 3276 837 3327 et
884 3270 1183 3347 exemplar
1228 3269 1541 3347 patiuntur,
1573 3290 1698 3347 cap.
1749 3268 1828 3328 iv.
1873 3272 1966 3329 13.
2015 3270 2098 3329 Ut
2141 3290 2279 3347 ergo
2311 3270 2576 3331 Christus
2610 3294 2716 3351 pro

7 3322 10 3427 Ι
308 3357 471 3427 parte
500 3369 607 3408 sua
632 3349 823 3408 varias
850 3349 1055 3407 habuit
1080 3350 1379 3427 passiones
1422 3350 1793 3428 perferendas
1829 3349 1905 3409 ad
1949 3370 2096 3427 opus
2125 3350 2564 3429 Redemptionis
2589 3374 2719 3431 per-

7 3428 10 3487 Ι
309 3428 637 3505 ficiendum,
692 3428 784 3488 Ita
833 3428 1097 3489 Christus
1138 3430 1421 3508 mysticus
1463 3452 1565 3491 seu
1596 3429 1860 3490 Ecclesia
1889 3438 1946 3489 et
1994 3430 2209 3508 singuli
2249 3430 2452 3491 fideles
2499 3432 2718 3494 habent

7 3524 10 3555 Ι
306 3510 553 3587 quisque
580 3530 683 3588 pro
712 3518 873 3588 parte
903 3529 1008 3567 sua
1036 3519 1255 3570 certum
1300 3511 1635 3570 demensum
1683 3511 2017 3588 passionum
2059 3510 2214 3587 quod
2243 3531 2278 3569 a
2306 3511 2435 3571 Deo
2477 3512 2596 3573 illis
2623 3534 2714 3573 as-

7 3604 10 3657 ι
308 3591 572 3667 signatur
597 3590 674 3649 ad
700 3590 1028 3668 exemplum
1058 3590 1280 3669 capitia,
1312 3591 1527 3669 singuli
1554 3590 1770 3650 debent
1790 3610 1866 3649 ex
1894 3592 2006 3649 isto
2043 3590 2220 3649 calice
2250 3590 2464 3667 bibere,
2497 3593 2716 3668 singuli

7 3662 10 3721 Ι
308 3689 535 3729 crucem
563 3678 695 3747 post
724 3670 1015 3729 Christum
1044 3670 1257 3731 debent
1284 3692 1447 3730 suam
1475 3680 1721 3749 gestare.
1768 3671 1969 3729 Donec
1997 3690 2137 3747 ergo
2177 3669 2380 3729 fideles
2425 3690 2494 3729 ea
2521 3672 2712 3731 subie-

305 3750 422 3809 rint
449 3750 778 3823 certamina,
810 3758 868 3809 ct
895 3770 1179 3810 aerumnas
1200 3750 1437 3810 tulerint
1477 3772 1607 3829 quae
1657 3750 1772 3808 illis
1802 3772 1838 3807 a
1867 3750 1991 3809 Deo
2022 3759 2156 3809 sunt
2183 3750 2482 3827 impositae,
2516 3770 2714 3827 super-

308 3837 399 3891 est
426 3849 651 3907 semper
678 3830 897 3907 aliquid
925 3830 1280 3909 implendum
1308 3831 1368 3888 in
1397 3829 1764 3907 passionibus
1793 3830 2008 3889 Christi
2032 3852 2045 3906 ;
2089 3850 2208 3889 non
2235 3828 2468 3906 quidem
2499 3830 2714 3889 Christi

307 3909 606 3985 naturalis,
636 3909 773 3987 quia
800 3911 927 3987 ejus
956 3910 1273 3971 satisfactio
1300 3908 1409 3969 fuit
1436 3910 1691 3988 perfecta
1725 3918 1787 3969 et
1831 3910 2098 3969 omnibus
2145 3909 2400 3968 numeris
2447 3909 2718 3971 absoluta

304 3990 367 4047 in
396 4010 581 4063 cruce,
613 3990 771 4067 quod
811 3990 933 4067 ipse
976 3997 1223 4050 testatus
1266 3998 1355 4047 cst
1402 4010 1534 4049 cum
1584 3989 2056 4049 consummatum
2101 4009 2228 4049 esse
2256 3990 2562 4065 clamavit3
2609 3990 2716 4051 sed

308 4070 525 4129 Christi
550 4069 799 4147 mystici,
831 4069 909 4128 id.
956 4070 1222 4148 Corporis
1266 4069 1465 4147 ipsius,
1498 4070 1666 4147 cujus
1713 4071 2012 4147 passiones
2057 4090 2187 4127 cum
2215 4089 2330 4127 non
2369 4078 2502 4128 ante
2539 4070 2715 4129 finem

307 4150 487 4209 seculi
516 4157 975 4210 consummatum
1002 4148 1075 4207 iri
1102 4158 1321 4209 certum
1350 4150 1443 4226 sit,
1474 4149 1734 4229 quotidie
1768 4150 1982 4209 debent
2023 4148 2248 4225 impleri
2265 4150 2325 4205 in
2353 4148 2714 4227 singulorum

306 4230 564 4289 fidelium
594 4229 1037 4291 calamitatibus

389 4310 499 4369 VI.
544 4311 743 4388 Atque
758 4312 873 4371 huc
898 4310 1186 4388 pertinent
1212 4310 1393 4368 verba
1412 4307 1588 4383 Petri,
1624 4312 1710 4365 1⁰.
1731 4326 1856 4384 cap.
1886 4326 1944 4364 v.
1976 4309 2032 4381 9,
2063 4326 2192 4383 quae
2214 4306 2470 4383 apprime
2498 4304 2718 4366 faciunt

306 4388 382 4447 ad
408 4409 531 4449 rem
558 4401 830 4465 nostram,
862 4410 993 4449 cum
1022 4391 1103 4449 ait
1133 4391 1169 4422 “
1187 4388 1420 4448 easdem
1460 4388 1798 4465 passiones’'
1829 4406 1958 4462 quae
1977 4386 2419 4464 imponebantur
2445 4385 2717 4445 fidelibus

307 4468 584 4547 dispersis
614 4471 690 4530 ad
717 4489 862 4546 quos
892 4470 1091 4527 scribit
1122 4468 1403 4546 “impleri
1430 4468 1492 4525 in
1520 4468 1794 4527 societate
1823 4464 2062 4523 fratrum
2091 4465 2377 4542 quierant
2403 4486 2506 4544 per
2531 4474 2717 4525 totum

309 4551 562 4627 orbem,”
592 4570 723 4628 quae
750 4548 1053 4608 manifeste
1082 4549 1358 4607 evincunt
1386 4547 1577 4605 Deum
1606 4554 1822 4605 aeterno
1851 4565 1956 4604 suo
1979 4546 2222 4606 consilio
2251 4545 2576 4605 decrevisse
2603 4566 2723 4606 non

308 4630 481 4691 modo
512 4650 657 4708 quas
684 4628 983 4707 passiones
1012 4629 1277 4690 Christus
1305 4628 1428 4705 ipse
1470 4628 1733 4700 in‚came
1775 4645 1880 4684 sua
1908 4626 2128 4685 subiret
2169 4644 2274 4705 pro
2305 4626 2724 4705 Redemptioue

309 4710 607 4787 Ecclesiae,
640 4710 744 4769 sed
772 4709 943 4767 etiam
996 4728 1141 4787 quas
1170 4708 1403 4786 singula
1450 4706 1730 4767 Ecclesiae
1781 4726 1899 4765 susc
1944 4708 2203 4766 membra
2247 4717 2441 4767 essent
2470 4707 2730 4766 subitura
