3234 5192
342 358 577 401 msrur.
606 342 816 425 nun]
921 360 999 400 nr:
1030 360 1521 402 suisncrloms
1550 360 1792 403 cums-ri
1823 363 2245 406 Psarsc‘rxoss.
2647 352 2761 408 703

348 524 465 563 non
494 524 633 563 vero
661 504 733 564 de
762 524 935 582 poena
960 502 1157 581 aliqua
1183 502 1566 563 satisfactoria
1592 512 1652 563 et
1681 503 1950 583 judiciali
1977 506 2053 565 ad
2081 506 2359 565 ultionem
2387 507 2612 584 peccati
2649 508 2759 567 sibi

350 584 427 643 im
472 585 639 645 osita.

432 606 686 724 ἕζΧΙῖΤ.
731 663 902 738 Quod
945 683 1083 722 vero
1128 662 1362 739 subjicit
1412 664 1686 723 Bellarm.
1731 664 1872 723 ibid.
1919 685 2042 743 cap.
2075 670 2130 739 2,
2177 666 2367 723 Deum
2395 676 2578 725 morte
2608 687 2762 745 saepe

350 746 602 825 plectere
630 744 781 802 filios
830 763 967 803 suos
1010 743 1085 802 ob
1130 752 1381 820 peccata,
1414 762 1531 803 non
1576 744 1778 821 utique
1824 743 1899 801 ad
1947 745 2424 820 emendationem,
2454 744 2762 807 ridiculum

354 827 508 885 enim
537 833 691 884 esset
718 824 909 882 dicere
936 832 1119 883 morte
1148 824 1337 900 puniri
1366 824 1628 883 homines
1657 832 1722 883 ut
1750 824 2021 902 deinceps
2050 825 2275 885 cautius
2304 824 2523 901 vivant,
2556 826 2658 884 sed
2687 828 2762 885 ad

356 905 839 980 satisfactionem3
873 903 1005 963 Non
1022 904 1259 980 majoris
1277 912 1365 962 est
1386 904 1676 982 ponderis.
1721 904 1964 982 Quippe,
1993 906 2044 963 1.
2077 905 2186 965 etsi
2203 924 2360 963 mors
2389 904 2464 963 ad
2491 905 2760 964 emenda·

354 985 571 1045 tionem
610 1004 728 1042 non
776 983 1151 1061 infligeretur,
1200 1004 1319 1042 non
1364 985 1625 1062 sequitur
1669 985 1862 1043 statim
1903 986 2122 1063 imponi
2167 985 2241 1044 ad
2290 984 2758 1063 satisfactionem,

355 1086 489 1124 nam
518 1074 727 1141 praeter
754 1064 901 1123 duos
929 1063 1071 1123 istos
1100 1064 1245 1122 fines
1272 1064 1417 1123 varii
1467 1073 1713 1142 possunt
1755 1066 1857 1123 alii
1892 1086 2019 1124 esse
2048 1086 2195 1143 quos
2224 1066 2506 1143 sapientia
2534 1066 2646 1123 Dei
2674 1068 2758 1124 in·

356 1145 545 1205 tendit
568 1146 629 1203 in
659 1164 892 1203 suorum
920 1152 1121 1202 morte.
1187 1144 1402 1218 Quidni
1430 1146 1583 1203 enim
1629 1144 1887 1205 dicemus
1916 1146 2048 1205 ideo
2076 1146 2220 1205 mori
2249 1154 2314 1204 ιιι
2339 1146 2598 1221 reliquiae
2626 1167 2759 1222 pec-

358 1227 473 1285 cati
499 1225 729 1303 penitus
777 1225 1132 1298 aboleantur,
1164 1232 1223 1283 et
1266 1224 1437 1283 horno
1484 1224 1676 1283 fidelis
1723 1246 1797 1285 ex
1844 1222 2000 1286 statu
2042 1235 2270 1286 terreno
2313 1233 2372 1283 et
2399 1226 2634 1283 animali
2661 1228 2762 1303 qui

358 1306 549 1364 carnis
577 1314 635 1364 et
660 1305 949 1382 sanquinis
976 1305 1205 1363 nomine
1235 1304 1383 1363 solet
1410 1304 1726 1381 indigitari,
1763 1309 1790 1363 1
1832 1306 1964 1364 Cor.
1993 1326 2095 1364 xv.
2127 1308 2222 1380 50,
2253 1304 2329 1364 ad
2355 1313 2568 1364 statum
2597 1306 2756 1383 spiri·

358 1386 573 1445 tualem
623 1394 681 1444 et
729 1386 1021 1445 coelestem
1070 1384 1207 1443 vitae
1256 1385 1440 1443 beatae
1483 1384 1835 1460 traducatur,
1881 1394 1941 1443 et
1985 1385 2070 1444 ita
2113 1405 2242 1462 quae
2279 1385 2590 1445 inferorum
2640 1396 2780 1446 erat·

360 1466 569 1525 atrium
600 1474 657 1524 et
683 1465 907 1543 peccati
932 1484 1105 1542 poena
1131 1484 1232 1541 per
1260 1482 1341 1538 se,
1370 1464 1473 1523 fiat
1490 1465 1615 1541 jam
1642 1464 1754 1523 Dei
1781 1464 2060 1524 beneficio
2087 1474 2255 1542 porta
2283 1464 2415 1523 eoeli
2443 1474 2502 1523 et
2527 1465 2760 1524 immor·

358 1546 599 1606 talitatis
626 1546 1069 1605 instrumentum
1090 1548 1119 1603 9
1162 1544 1377 1619 Quidni
1404 1564 1559 1603 mors
1579 1545 1766 1621 possit
1790 1546 1854 1603 in
1879 1546 2076 1605 multis
2105 1564 2232 1605 esse
2259 1546 2616 1605 Exercitatio
2635 1547 2760 1620 pie.-

360 1628 489 1685 tatis
517 1628 717 1703 quales
764 1626 1091 1702 Martyrum
1138 1633 1355 1684 mortes
1398 1624 1574 1700 fuere,
1604 1634 1665 1684 et
1713 1626 2000 1684 variorum
2045 1625 2304 1683 fidelium
2353 1626 2454 1702 qui
2481 1626 2760 1705 paulatim

360 1707 575 1766 morbis
602 1708 699 1766 vel
749 1706 909 1765 senio
953 1705 1199 1765 confecti
1244 1726 1319 1764 ex
1366 1706 1475 1763 hac
1520 1705 1644 1764 vita
1669 1705 2022 1765 discedunt?
2065 1704 2281 1779 Quidni
2308 1715 2610 1765 censeatur
2637 1726 2765 1765 esse

358 1788 557 1847 multis
584 1787 944 1867 beneficium,
994 1806 1142 1865 quos
1191 1786 1411 1845 scilicet
1456 1786 1619 1845 Deus
1662 1806 1766 1863 per
1793 1794 2032 1845 mortem
2063 1786 2270 1845 liberat
2297 1806 2332 1843 a
2367 1786 2516 1863 jugo
2543 1788 2768 1864 peccati

355 1876 422 1927 ut
446 1869 685 1946 propius
706 1868 815 1927 sibi
840 1868 1164 1943 admoveat,
1185 1866 1280 1925 vel
1301 1886 1447 1943 quos
1469 1866 1776 1925 immatura
1794 1873 1977 1925 morte
2000 1866 2201 1925 tollere
2230 1866 2373 1942 vult,
2404 1876 2470 1927 ut
2497 1867 2764 1943 infantes,

358 1968 432 2006 ne
459 1949 679 2007 malitia
706 1957 889 2007 mutet
918 1947 1275 2007 intellectum
1322 1966 1539 2023 eorum,
1571 1955 1636 2006 ut
1684 1947 1859 2005 habet
1887 1947 2096 2006 author
2145 1948 2394 2025 Sapien.,
2443 1967 2493 2006 c.
2545 1948 2644 2022 iv.,
2700 1957 2768 2007 ιιι

356 2028 685 2086 eximantur
712 2048 747 2085 a
774 2027 1189 2086 tentationibus
1216 2027 1418 2084 mundi
1459 2035 1518 2085 et
1560 2026 1807 2085 miseriis
1836 2027 1989 2101 vitae,
2021 2034 2080 2085 et
2107 2036 2454 2086 coronentur
2479 2036 2612 2085 ante
2642 2047 2763 2086 cer-

356 2118 548 2164 tamen
568 2110 597 2165 ‘P
642 2106 739 2164 Sic
760 2107 906 2165 bene
928 2105 1154 2165 dicetur
1172 2104 1405 2163 immitti
1432 2125 1551 2163 non
1579 2114 1696 2163 tam
1725 2105 1786 2162 in
1807 2106 2245 2180 castigationem
2271 2106 2563 2183 praeteriti,
2589 2126 2764 2182 quam

356 2185 433 2244 ad
460 2184 782 2243 cautionem
810 2184 1006 2258 futuri,
1038 2184 1110 2241 ad
1140 2182 1520 2258 praecavenda
1548 2183 1769 2242 scilicet
1791 2191 1849 2241 et
1869 2184 2108 2241 vitanda
2131 2193 2365 2260 peccata
2391 2204 2520 2261 quae
2549 2185 2764 2243 admis-

355 2264 474 2324 suri
502 2264 746 2323 fuissent
774 2263 824 2321 si
872 2263 1091 2322 diutius
1136 2262 1439 2321 vixissent.
1524 2266 1579 2319 2.
1629 2262 1793 2321 Licet
1839 2282 1994 2321 mors
2039 2272 2172 2321 actu
2208 2264 2332 2339 jam
2361 2262 2620 2321 immissa
2646 2284 2764 2323 non

354 2344 539 2423 possit
565 2344 640 2403 ad
682 2342 1140 2403 emendationem
1184 2342 1485 2419 respicere,
1534 2342 1765 2417 quando
1810 2350 1942 2419 post
1985 2351 2226 2403 mortem
2276 2343 2472 2401 nullus
2517 2345 2766 2421 amplius

354 2424 709 2502 poenitentiae
735 2425 901 2484 locus
928 2442 1055 2483 esse
1082 2431 1273 2501 potest
1296 2446 1309 2498 3
1357 2422 1571 2497 Quidni
1610 2422 1969 2483 denuntiatio
1997 2423 2096 2482 vel
2124 2424 2400 2501 cogitatio
2427 2425 2629 2484 mortis
2657 2425 2762 2483 im*

358 2505 631 2564 minentis
656 2504 841 2583 possit
868 2524 995 2563 esse
1023 2503 1487 2581 potentissimum
1516 2502 1591 2561 ad
1618 2504 1800 2563 vitam
1829 2503 2246 2563 emendandam
2275 2504 2709 2565 incitamentum
2735 2510 2764 2565 ἐ’

356 2594 421 2645 ιιι
448 2585 649 2646 fideles
677 2586 777 2663 qui
806 2584 1092 2644 incautius
1120 2583 1397 2644 vivebant
1441 2583 1503 2641 in
1547 2584 1770 2662 seipsos
1813 2584 2230 2645 descendentes
2278 2594 2338 2645 et
2383 2594 2619 2663 peccata
2661 2606 2766 2645 sua

356 2667 506 2727 seria
532 2665 873 2745 poenitentia
898 2665 1179 2725 deflentes
1228 2664 1355 2725 Deo
1398 2665 1859 2741 reconcilientur,
1889 2673 1950 2723 et
1995 2664 2138 2723 iram
2169 2674 2470 2725 venturam
2498 2665 2761 2743 fugiant3

360 2748 458 2807 Sic
484 2768 603 2806 non
628 2748 941 2825 punientur
964 2746 1229 2805 homines
1256 2752 1441 2803 morte
1468 2754 1533 2803 ut
1574 2744 1846 2820 deinceps
1873 2744 2097 2803 cautius
2127 2745 2345 2819 vivant,
2377 2745 2534 2821 quod
2560 2766 2766 2805 revera

354 2827 664 2886 ridiculum
692 2834 847 2885 esset
872 2845 1145 2897 asserere,
1178 2823 1281 2881 sed
1308 2823 1510 2881 mortis
1553 2823 1669 2881 illis
1697 2822 1992 2881 incumbet
2019 2824 2331 2883 necessitas
2359 2832 2425 2883 ιιι
2450 2826 2576 2883 haec
2605 2826 2762 2902 cogi-

356 2907 499 2964 tatio
528 2927 563 2963 a
588 2912 827 2983 peccato
856 2924 955 2963 eos
984 2904 1255 2976 retrahat,
1285 2910 1340 2960 et
1368 2902 1444 2960 ad
1472 2901 1836 2961 sanctitatem
1865 2904 2098 2961 excitet.

438 2984 654 3043 XXV.
702 2983 1032 3042 Secundum
1077 2980 1407 3059 exemplum
1456 2981 1613 3057 quod
1657 2980 1823 3039 affert
1867 2982 2140 3040 Bellarm.
2183 2982 2399 3059 petitur
2437 3001 2514 3041 ex
2565 2982 2758 3043 Exod.

356 3064 547 3123 xxxii.
576 3067 673 3137 28,
716 3063 818 3123 ubi
862 3063 975 3121 tria
1016 3061 1200 3120 millia
1256 3060 1645 3119 Israeliten-um
1699 3059 1970 3119 dicuntur
2023 3062 2323 3121 interfecta
2366 3070 2600 3139 propter
2627 3082 2756 3138 pec-

356 3152 549 3203 catum
577 3142 800 3203 adorati
844 3142 1015 3201 vituli
1039 3165 1054 3218 ς
1118 3142 1243 3200 Nec
1290 3149 1485 3200 tamen
1538 3140 1814 3199 credibile
1861 3148 1950 3199 est
1991 3160 2190 3200 omnes
2234 3141 2366 3200 illos
2413 3140 2474 3199 in
2521 3152 2760 3219 peceato

357 3232 614 3283 mortuos
643 3234 795 3297 esse:
818 3223 1023 3299 inquit,
1055 3242 1185 3281 cum
1217 3221 1502 3279 Dominus
1543 3228 1788 3279 testatus
1817 3220 1892 3278 sit
1921 3240 1982 3279 se
2013 3221 2086 3279 ob
2119 3222 2304 3281 Mosis
2328 3241 2528 3299 preces
2555 3242 2758 3299 pecca-

354 3313 479 3364 tum
527 3303 676 3364 illud
716 3302 1023 3361 dimisisse.
1111 3301 1228 3361 Sed
1267 3320 1455 3377 neque
1496 3300 1834 3376 exemplum
1874 3300 2030 3360 istud
2080 3301 2156 3359 ad
2197 3323 2319 3361 rem
2367 3300 2524 3363 facit.
2609 3304 2758 3363 Nam

356 3385 623 3462 quamvis
650 3383 875 3441 dicatur
905 3383 1067 3442 Deus
1092 3382 1361 3459 precibus
1384 3382 1449 3440 M
1453 3381 1571 3441 osis
1586 3382 1687 3439 irae
1709 3381 1985 3458 impetum
2007 3382 2370 3460 aliquatenus
2397 3384 2757 3462 repressisse,

356 3485 429 3525 ne
445 3465 720 3543 populum
742 3463 975 3541 penitus
996 3462 1231 3537 deleret,
1254 3483 1375 3521 ver.
1404 3466 1495 3537 14,
1526 3470 1722 3522 tamen
1743 3482 1850 3521 nec
1879 3461 2090 3522 dicitur
2117 3464 2405 3523 remisisse
2433 3472 2752 3542 peccatum,

356 3545 515 3622 quod
536 3544 717 3623 gratis
738 3543 1011 3621 supponit
1032 3542 1441 3617 Adversarius,
1472 3562 1622 3616 eum,
1643 3562 1764 3601 ver.
1788 3545 1884 3615 31,
1909 3563 2013 3620 pro
2042 3543 2168 3619 ejus
2195 3544 2532 3603 remissione
2557 3544 2760 3603 Moses

356 3633 498 3700 oret,
528 3644 635 3683 nec
664 3642 763 3683 eos
807 3643 910 3700 per
956 3624 1106 3682 hanc
1148 3642 1377 3701 poenam
1423 3622 1551 3682 Deo
1595 3622 1962 3682 satisfecisse.
2026 3622 2242 3682 Fateor
2267 3622 2582 3682 vindictam
2611 3624 2761 3683 hanc

356 3724 487 3781 quae
516 3725 551 3763 a
580 3703 804 3763 Levitis
832 3702 1019 3763 Mosis
1055 3704 1227 3780 jussu
1272 3712 1501 3779 sumpta
1545 3712 1636 3762 est
1676 3710 1941 3779 respectu
1970 3701 2277 3779 impiorum
2305 3702 2404 3780 qui
2432 3702 2493 3759 in
2519 3722 2758 3761 numero

355 3784 589 3844 fuerunt
616 3804 813 3843 veram
854 3792 915 3843 et
954 3783 1183 3862 proprie
1226 3782 1441 3842 dictam
1484 3802 1716 3859 poenam
1763 3782 1958 3857 fuisse,
2005 3791 2064 3841 et
2091 3781 2330 3841 dubium
2358 3802 2475 3841 non
2504 3792 2593 3841 est
2618 3782 2760 3859 quin

356 3864 591 3943 plurimi
621 3864 670 3923 si
698 3884 816 3923 non
860 3884 1061 3923 omnes
1107 3883 1183 3922 ex
1232 3864 1305 3921 iis
1352 3861 1580 3937 fuerint,
1611 3882 1792 3939 quum
1820 3861 2132 3921 verisimile
2161 3863 2238 3921 sit
2264 3863 2325 3920 in
2353 3861 2530 3921 duces
2558 3870 2616 3921 et
2642 3862 2757 3940 pri-

354 3945 567 4003 marios
584 3944 927 4004 idololatriae
946 3944 1217 4003 authores
1224 3943 1449 4019 justum
1474 3942 1808 4003 Levitarum
1832 3942 2081 4001 furorem
2101 3943 2404 4002 exarsisse.
2447 3941 2566 4000 Sed
2587 3942 2636 4000 si
2659 3943 2760 4020 qui

352 4022 559 4083 fideles
585 4031 645 4083 et
671 4024 753 4102 pii
780 4044 977 4084 eorum
1008 4023 1274 4100 exemplo
1302 4022 1537 4081 abducti
1554 4022 1815 4099 ejusdem
1837 4042 2022 4099 poenae
2043 4023 2183 4081 socii
2201 4022 2448 4096 fuerunt,
2477 4042 2594 4080 non
2623 4042 2752 4082 con-

353 4104 521 4163 tinuo
546 4123 749 4182 poenas
770 4104 1015 4182 justitiae
1040 4102 1236 4162 ultrici
1262 4102 1584 4163 exsolvisse
1612 4101 1724 4161 hac
1765 4110 1950 4161 morte
1987 4102 2261 4161 censendi
2288 4111 2440 4163 sunt.
2487 4101 2604 4161 Sed
2635 4111 2758 4161 tan·

352 4192 477 4242 tum
507 4184 945 4261 castigationem
972 4190 1269 4261 paternam
1298 4182 1373 4241 ad
1392 4182 1684 4260 propriam
1706 4182 1950 4241 salutem
1979 4190 2037 4241 et
2066 4191 2402 4241 caeterorum
2430 4183 2759 4258 exemplum

354 4264 636 4339 subiisse;
681 4264 797 4323 Vel
826 4263 875 4321 si
902 4281 1131 4340 poenam
1162 4282 1289 4322 esse
1318 4262 1427 4338 vis,
1446 4282 1617 4337 poena
1639 4262 1748 4321 erit
1773 4270 1996 4322 tantum
2017 4263 2255 4337 politica
2281 4261 2501 4321 inflicta
2527 4282 2562 4319 a
2591 4262 2759 4323 Mose

352 4351 421 4402 ut
450 4362 715 4421 supremo
747 4343 913 4420 Reip.
959 4342 1296 4401 Israeliticae
1323 4350 1545 4401 rectore
1592 4361 1669 4400 ex
1705 4342 1928 4418 Legum
1973 4342 2326 4419 praescriptO,
2359 4342 2460 4419 qui
2497 4361 2628 4401 cum
2657 4363 2758 4420 po-

352 4422 555 4500 pulum
582 4422 809 4482 videret
834 4421 1071 4481 immani
1120 4422 1335 4480 scelere
1379 4420 1846 4494 contaminatum,
1877 4441 1982 4498 pro
2011 4422 2264 4481 muneris
2293 4422 2382 4481 sui
2409 4420 2630 4481 ratione
2659 4444 2762 4483 ex-

354 4504 609 4581 emplum
635 4503 699 4561 in
724 4502 1087 4562 nocentiores
1114 4502 1484 4561 statuendum
1528 4500 1902 4562 existimavit.
1988 4501 2157 4575 Quod
2203 4522 2340 4561 vero
2369 4502 2532 4561 addit
2561 4502 2760 4561 Domi·

354 4604 482 4658 nus,
496 4604 617 4643 ver.
633 4586 729 4656 34,
745 4602 807 4641 se
821 4585 857 4616 “
870 4581 1237 4641 visitaturum
1254 4582 1316 4640 in
1334 4580 1427 4640 die
1446 4579 1684 4642 ultionis
1693 4588 1990 4658 peccatum
2009 4582 2326 4659 ipsorum,'’
2338 4582 2516 4643 infert
2525 4583 2758 4661 quidem

356 4664 545 4724 Deum
574 4664 685 4724 etsi
712 4662 1123 4723 intercessione
1154 4662 1339 4721 Mosis
1368 4670 1585 4721 motum
1632 4680 1864 4721 manum
1904 4669 2041 4722 tunc
2071 4664 2386 4725 retraheret
2412 4665 2488 4724 ad
2517 4672 2759 4741 tempus,
