3234 5192
322 314 552 356 msru'r.
582 292 715 377 xm]
934 314 1011 353 ns
1038 312 1241 354 ssrrsr
1252 312 1521 353 Acrroms
1548 310 1789 353 cunm-1
1818 313 2136 355 vamum-s.
2301 278 2308 287 ⁸
2627 300 2744 358 513

318 462 381 513 et
404 474 522 533 pax
549 474 653 533 per
678 455 742 514 id
784 455 953 514 nobis
996 454 1167 513 fuerit
1211 454 1511 532 acquisita,
1541 452 1700 530 quod
1727 453 1888 513 nulla
1913 456 2256 532 cujusquam
2283 457 2532 535 simplici
2561 458 2732 516 casti-

318 534 552 611 gatione
578 534 702 595 fieri
730 554 985 612 uuquam
1012 534 1218 613 potuit.
1304 533 1473 609 Quod
1513 552 1654 593 vero
1695 533 1919 593 addunt
1957 554 2160 595 vocem
2193 537 2358 613 pacis
2387 556 2594 615 eogere
2621 556 2730 597 nos

314 612 639 693 intelligere
669 616 987 693 simplicem
1028 614 1395 674 afflictionem
1437 614 1561 672 sine
1606 633 1796 691 poena‚
1826 614 1962 690 quia
1987 634 2105 673 non
2131 626 2222 675 est
2247 617 2550 676 antithesis
2577 615 2729 677 inter

314 712 515 771 paoem
543 704 605 755 et
642 696 1019 774 punitionem,
1048 693 1533 773 quemadmodum
1576 694 1728 751 inter
1767 712 1968 771 pacem
2009 704 2070 754 et
2109 694 2512 774 affiictionem3
2556 695 2726 757 inane

315 782 485 833 estet
504 775 836 851 absurdum,
860 796 995 834 nam
1017 776 1068 834 si
1086 794 1191 853 per
1208 794 1409 852 pacem
1426 772 1820 833 reconciliatio
1841 794 1974 832 cum
1997 775 2124 835 Deo
2145 777 2308 836 venit
2328 776 2723 854 intelligenda,

312 862 381 912 ut
406 855 679 932 primaria
703 856 827 915 haec
856 862 945 915 est
971 855 1097 933 ojus
1126 854 1469 931 significatio
1491 854 1553 911 in
1574 854 1686 912 hoc
1713 854 1966 931 negotio,
1997 875 2187 915 nonne
2215 858 2316 934 qui
2335 876 2533 935 pacem
2563 856 2722 915 illam

312 933 483 995 nobis
504 936 774 995 conciliat
794 936 1067 1014 supponit
1084 936 1227 993 iram
1252 934 1363 993 Dei
1384 932 1819 993 antecedentem
1839 954 1968 1011 quae
1989 935 2271 1013 placanda
2291 937 2401 996 fuit
2422 959 2437 1013 3
2469 945 2526 996 et
2547 956 2723 1014 quare

312 1014 497 1091 major
512 1024 601 1075 est
620 1016 908 1095 oppositio
930 1016 1081 1075 inter
1098 1034 1299 1093 pacem
1318 1022 1377 1072 et
1394 1012 1756 1072 afflictionem
1780 1033 1952 1091 quam
1975 1014 2124 1075 inter
2143 1036 2344 1094 pacem
2365 1025 2426 1076 et
2449 1036 2678 1095 poenam
2694 1020 2724 1076 P

310 1092 427 1151 imo
456 1096 623 1155 multi
652 1096 1013 1173 gravissimis
1040 1100 1284 1173 possunt
1312 1094 1566 1153 exerceri
1588 1092 1993 1153 afflictionibus
2020 1098 2121 1182 qui
2147 1116 2264 1155 non
2293 1097 2565 1156 desinunt
2591 1096 2719 1156 dul·

311 1172 543 1233 cissima
569 1195 711 1253 pace
739 1195 966 1253 semper
992 1176 1052 1232 in
1080 1174 1272 1234 animo
1300 1173 1431 1249 frui,
1454 1182 1521 1233 ut
1548 1173 1609 1231 in
1639 1173 1998 1251 Martyribus
2027 1175 2234 1236 visum.

392 1252 714 1314 XXVIII.
760 1256 893 1313 Non
918 1254 1127 1313 melius
1153 1273 1295 1312 vero
1342 1274 1403 1312 se
1443 1251 1763 1331 expediunt
1805 1262 2010 1330 quarta
2053 1275 2226 1333 quam
2259 1255 2480 1316 addunt
2507 1276 2715 1335 excep·

311 1331 467 1391 tione
496 1334 572 1392 ad
600 1354 719 1393 ver.
751 1337 805 1393 6.
894 1334 1019 1392 Imo
1048 1334 1319 1393 versatile
1336 1342 1395 1393 et
1417 1333 1682 1391 dolosum
1713 1352 1879 1393 suum
1909 1334 2206 1413 ingenium
2233 1337 2294 1394 in
2322 1336 2718 1413 detorquendo

313 1412 625 1491 Scripturas
654 1413 906 1491 genuino
949 1433 1122 1473 sensu
1164 1413 1353 1492 palam
1400 1411 1670 1491 produnt,
1715 1412 1855 1489 quid
1897 1416 2048 1473 enim
2089 1416 2250 1475 alind
2277 1416 2387 1475 sibi
2417 1416 2545 1474 vult
2570 1436 2716 1494 prse-

305 1500 537 1570 postera
562 1494 675 1553 ista
700 1494 815 1553 loci
842 1494 1151 1572 perversio,
1176 1514 1293 1571 qua
1313 1493 1670 1553 contendunt
1691 1492 1880 1551 Deum
1907 1494 2022 1554 dici
2051 1496 2366 1556 occurrisse
2393 1516 2496 1574 per
2523 1496 2716 1556 chrias

306 1580 430 1631 tum
458 1573 859 1651 iniquitatibus
900 1574 1129 1650 nostris,
1160 1594 1291 1633 cum
1318 1582 1512 1633 tamen
1540 1592 1659 1631 non
1699 1592 2000 1633 occursum
2046 1576 2260 1635 Christi
2297 1575 2716 1654 iniquitatibus,

308 1651 413 1711 sed
430 1672 729 1713 occursum
752 1654 1121 1731 iniquitatum
1142 1654 1201 1711 in
1220 1654 1513 1713 Christum
1530 1653 1710 1711 verba
1725 1662 1920 1731 aperte
1937 1654 2196 1731 innuant,
2217 1674 2384 1713 unum
2407 1675 2478 1715 va
2497 1676 2550 1711 aa
2571 1672 2715 1711 ’usn

310 1733 349 1765 “
370 1752 666 1793 occurrere
696 1734 832 1793 fecit
858 1735 919 1792 in
960 1734 1149 1811 ipsum
1189 1742 1427 1812 peccata
1458 1741 1656 1792 nostra
1678 1733 1735 1809 ;’'
1763 1733 1970 1793 Altera
1998 1737 2170 1795 etiam
2199 1756 2372 1815 quam
2401 1736 2720 1814 subjiciunt

306 1814 613 1891 expositio,
644 1815 741 1874 vel
768 1814 915 1873 nihil
952 1814 1111 1890 dicit,
1146 1814 1239 1873 vel
1277 1812 1618 1873 sententiam
1649 1820 1903 1873 nostram
1947 1816 2248 1876 confirmat
2273 1818 2540 1895 plenius:
2581 1836 2716 1877 nam

304 1891 448 1969 quid
475 1893 588 1953 sibi
614 1895 743 1953 vult
770 1894 1026 1953 omnium
1052 1902 1313 1953 nostrum
1354 1894 1690 1970 iniquitates
1731 1892 1962 1951 Christo
2003 1894 2234 1954 obviam
2261 1896 2443 1957 factas
2471 1914 2718 1975 eumque

305 1990 613 2049 aggressas
640 1994 770 2034 eum
800 1992 997 2033 earum
1045 1992 1219 2032 causa
1260 1980 1593 2045 moreretur,
1625 1972 1740 2029 nisi
1772 1980 2092 2033 statuamus
2119 1976 2430 2052 imputatas
2457 1978 2510 2035 ei
2539 1977 2718 2035 fuisse

304 2060 363 2111 et
382 2061 651 2130 proptera
671 2062 959 2112 mortuum
980 2056 1009 2110 ⁶?
1050 2052 1133 2111 sic
1158 2071 1363 2110 revera
1388 2050 1527 2109 fecit
1568 2049 1732 2108 Deus
1765 2058 1830 2109 nt
1857 2064 2220 2112 occurrerent
2245 2053 2308 2111 in
2337 2055 2628 2114 Christum
2657 2064 2717 2115 et

306 2132 582 2208 conjectae
628 2152 695 2191 ac
740 2132 1033 2190 translatae
1075 2130 1137 2188 in
1181 2150 1313 2189 eum
1359 2129 1573 2187 fuerint
1601 2150 1616 2205 ;
1677 2148 1795 2187 non
1838 2130 2034 2205 quoad
2077 2132 2322 2211 culpam,
2372 2134 2476 2192 sed
2517 2135 2715 2211 'quoad

302 2230 551 2288 pomam,
582 2230 770 2288 neque
798 2210 952 2269 enim
979 2210 1147 2268 aliter
1170 2209 1297 2269 fieri
1323 2209 1529 2287 potuit.

387 2290 647 2351 XXIX.
693 2290 787 2351 Ita
814 2288 1169 2349 satisfactum
1216 2298 1487 2369 putamus
1525 2288 1964 2367 exceptionibus
2011 2290 2129 2351 illis
2173 2310 2302 2369 quae
2331 2292 2716 2355 afferebantur

304 2368 585 2431 adversus
612 2370 895 2431 iUustrem
926 2370 1099 2429 Isa‘iae
1140 2370 1350 2429 locum.
1416 2370 1567 2445 Quia
1608 2390 1750 2429 vero
1792 2370 2143 2432 luculentius
2186 2374 2360 2431 etiam
2389 2374 2715 2435 confirmari

302 2457 497 2527 potest
521 2452 631 2511 hoc
660 2451 938 2530 quicquid
974 2460 1065 2510 est
1108 2451 1371 2529 mysterii
1417 2471 1493 2510 ex
1536 2450 1668 2509 loco
1711 2450 1894 2510 altero
1944 2452 2104 2512 Petri
2146 2453 2440 2531 paralle10,
2475 2458 2543 2514 1·
2571 2475 2621 2515 c.
2651 2455 2710 2515 ii.

304 2550 424 2590 ver.
455 2534 551 2607 24,
598 2532 741 2592 Ideo
788 2532 1045 2591 breviter
1087 2542 1395 2609 antequam
1436 2532 1613 2589 finem
1659 2530 1936 2591 faciamus
1985 2542 2044 2593 et
2090 2535 2496 2612 proponendus
2537 2544 2628 2595 est
2655 2544 2715 2595 et

301 2609 705 2673 vindicandus.
750 2612 1067 2690 Postquam
1086 2611 1293 2672 Petrus
1314 2613 1497 2671 multa
1516 2611 1589 2669 de
1610 2610 1824 2669 Christi
1845 2612 2122 2688 patientia
2149 2614 2474 2673 admirabili
2495 2616 2710 2689 retulit,

301 2690 465 2751 addit
492 2694 547 2757 ὃς
575 2695 679 2758 τὰς
708 2696 985 2771 ἁμαρτίας
1016 2693 1159 2761 ἡμῶν
1186 2694 1347 2757 αὐτὸς
1390 2692 1664 2767 ἀνήνεγκεν
1704 2692 1750 2747 ἒν
1777 2700 1854 2766 τῷ
1900 2694 2110 2761 σώματι
2139 2695 2303 2749 αὑτοῦ
2331 2694 2416 2749 ὄπ)
2444 2697 2503 2750 τὸ
2532 2692 2710 2769 ξύλον,

302 2772 385 2826 ἵνα.
413 2777 533 2836 ταῖς
562 2776 859 2850 ἁμαρτίαις
908 2774 1269 2847 ἀπογενόμενοι
1304 2774 1376 2848 τῇ
1422 2767 1714 2846 δικαιοσύνῃ
1761 2768 2012 2845 ζήσωμεν,
2053 2769 2110 2827 οὗ
2139 2774 2220 2847 τῷ
2245 2774 2481 2840 μώλωπι
2509 2772 2709 2845 ἰάθητε,

301 2852 339 2884 “
360 2850 461 2927 qui
488 2859 725 2927 peccata
750 2859 948 2909 nostra
973 2850 1099 2925 ipse
1128 2850 1363 2907 sustulit
1388 2849 1449 2906 in
1490 2866 1728 2925 corpore
1762 2866 1867 2905 suo
1896 2866 2066 2925 super
2093 2850 2334 2925 lignum,
2365 2860 2432 2909 ut
2457 2852 2712 2928 peccatis

297 2929 509 2987 mortui
554 2930 597 2989 J
600 2930 813 2988 ustitiae
850 2929 1155 3002 vivamus3
1199 2930 1367 3003 cujus
1413 2924 1605 2985 vibice
1649 2924 1838 2983 sanati
1880 2928 2022 2985 estis
2043 2928 2099 3003 ;''
2141 2927 2241 2987 ubi
2285 2928 2606 3006 Apostolus
2623 2932 2711 2989 ad

298 3007 516 3067 Isaiam
544 3008 627 3067 ita
651 3008 886 3085 respicit
911 3014 977 3065 ut
1004 3008 1135 3083 ejus
1159 3025 1390 3083 quoque
1417 3005 1670 3063 adducat
1695 3004 1874 3063 verba
1902 3013 1961 3063 et
1987 3006 2198 3065 clarius
2227 3007 2400 3066 etiam
2427 3009 2708 3088 interpre-

294 3094 466 3163 tetur,
496 3108 631 3145 nam
658 3087 816 3164 quod
844 3086 942 3145 ille
964 3085 1036 3144 de
1054 3085 1350 3145 doloribus
1371 3083 1615 3157 dixerat,
1640 3084 1892 3160 peccatis
1913 3085 2022 3145 iste
2043 3086 2409 3163 peculiariter
2435 3090 2704 3168 applicat,

294 3167 452 3246 quod
479 3167 551 3226 de
580 3167 857 3244 conjectis
884 3186 919 3225 a
948 3166 1077 3224 Deo
1098 3165 1159 3223 in
1182 3164 1473 3224 Christum
1502 3163 1904 3241 iniquitatibus
1930 3164 2120 3225 fixerat
2147 3166 2510 3245 vaticinatus,
2541 3169 2602 3229 id
2630 3172 2708 3230 ad

292 3248 481 3308 crucis
510 3247 854 3326 supplicium
882 3246 979 3305 vel
1005 3246 1198 3323 potius
1226 3243 1569 3303 sacrificium
1589 3243 2004 3306 accommodet.
2091 3247 2238 3306 Haec
2263 3256 2457 3309 autem
2486 3271 2604 3311 non
2631 3251 2704 3312 de

294 3328 544 3406 simplici
570 3328 861 3387 ablatione
904 3344 1075 3404 posse
1122 3323 1373 3403 intelligi
1418 3324 1523 3384 sed
1570 3324 1952 3401 gestationem
1998 3327 2172 3387 simul
2197 3327 2492 3390 includere
2519 3332 2705 3393 multa

291 3410 578 3487 probant:
614 3411 665 3467 1.
696 3408 833 3467 Vox
856 3408 983 3484 ipsa
1010 3406 1282 3484 ἀνήνεγκεν
1308 3424 1425 3483 qua
1443 3404 1642 3481 utitur,
1665 3423 1800 3463 nam
1822 3424 1954 3465 cum
1974 3407 2159 3484 primo
2180 3415 2239 3467 et
2264 3411 2492 3489 proprie
2521 3412 2702 3491 signi-

293 3490 428 3548 ficet
453 3492 679 3547 sustollo
708 3500 768 3546 et
800 3506 1021 3545 sursum
1051 3488 1209 3561 sero,
1255 3494 1379 3545 tum
1409 3506 1484 3545 ex
1510 3505 1581 3544 eo
1606 3488 1840 3563 perfero
1867 3494 1928 3545 et
1947 3488 2163 3563 patior,
2193 3488 2340 3547 nihil
2367 3510 2556 3550 causae
2583 3491 2700 3551 dici

292 3576 485 3646 potest
512 3589 616 3627 cur
642 3568 873 3645 propria
892 3566 1055 3625 vocis
1073 3565 1407 3643 acceptione
1424 3566 1628 3624 relieta
1653 3566 1826 3623 aliam
1851 3566 2044 3625 minus
2071 3567 2340 3627 usitatam
2371 3588 2698 3647 sequamur,

294 3648 547 3707 maxime
596 3668 725 3707 cum
774 3647 941 3725 plura
986 3665 1096 3704 nos
1142 3654 1356 3723 cogant
1396 3665 1511 3704 non
1554 3645 1724 3704 aliter
1769 3666 1896 3703 eam
1944 3647 2040 3705 hie
2095 3647 2391 3725 accipere3
2435 3670 2586 3725 nam,
2639 3656 2695 3710 2.

297 3727 411 3786 Illa
428 3727 607 3786 verba
628 3746 757 3805 quae
779 3736 1113 3804 sequuntur,
1138 3727 1196 3785 in
1224 3746 1459 3803 corpore
1481 3734 1539 3784 et
1556 3746 1730 3801 super
1749 3726 1976 3801 liquam,
1999 3727 2216 3785 nemini
2244 3748 2360 3786 non
2387 3731 2696 3805 persuade·

292 3808 441 3867 bunt
484 3826 657 3866 sensu
701 3808 933 3885 proprio
981 3806 1323 3866 sustollendi
1372 3824 1573 3865 vocem
1618 3806 1804 3881 accipi
1851 3806 2085 3864 omnino
2127 3805 2354 3883 debere,
2385 3828 2494 3869 nec
2530 3810 2700 3871 aliter

293 3904 481 3964 posse,
512 3886 595 3945 ita
621 3895 687 3947 ut
713 3906 831 3945 non
859 3887 1127 3964 loquatur
1176 3886 1383 3945 Petrus
1425 3884 1497 3943 de
1540 3884 1787 3961 simplici
1835 3884 2143 3960 ablatione,
2175 3886 2279 3945 sed
2305 3887 2378 3945 de
2405 3888 2696 3951 ablatione

290 3966 395 4025 tali
423 3985 539 4043 qua
564 3965 625 4023 in
644 3967 932 4026 oblatione
954 3966 1208 4045 corporis
1230 3965 1320 4024 sui
1335 3972 1573 4043 peccata
1587 3972 1786 4023 nostra
1811 3972 2085 4041 tanquam
2113 3984 2262 4025 onus
2289 3969 2696 4043 gravissimum

291 4054 351 4105 et
366 4045 535 4104 nobis
558 4047 903 4103 ἀῢάστακτοε
922 4047 981 4103 in
1004 4066 1064 4104 se
1082 4044 1411 4122 recipiendo
1432 4063 1660 4103 sursum
1689 4044 1748 4101 in
1771 4063 1998 4103 crucem
2025 4046 2176 4119 tulit,
2202 4064 2512 4125 secumque
2539 4052 2696 4111 cruci

290 4126 475 4184 affixit
498 4148 511 4201 ;
564 4129 620 4185 3.
666 4127 745 4185 Et
771 4126 834 4184 id
859 4126 1047 4203 ipsum
1076 4144 1287 4202 scopus
1304 4124 1468 4183 Petri
1482 4130 1542 4183 et
1566 4122 1878 4182 verborum
1909 4127 2272 4202 ἀλληλουχία
2297 4127 2530 4203 evincit,
2561 4149 2694 4190 nam

288 4206 553 4265 hortatur
598 4206 698 4265 ille
726 4205 927 4264 fideles
954 4214 1020 4263 ut
1062 4205 1346 4282 patienter
1387 4203 1576 4262 ferant
1617 4202 1935 4263 calumnias
1979 4212 2038 4262 et
2063 4204 2334 4279 convitia,
2366 4215 2425 4265 et
2452 4208 2692 4269 subsan-

288 4288 553 4346 nationes
609 4286 933 4364 impiorum,
982 4284 1121 4343 licet
1168 4284 1379 4362 injuste
1426 4280 1804 4342 traducantur
1830 4304 1844 4356 ;
1909 4292 2249 4358 argumento
2297 4286 2372 4343 ab
2424 4290 2692 4366 exemplo

287 4366 503 4427 Christi
531 4366 707 4426 ducto
750 4366 851 4443 qui
894 4384 1013 4423 non
1060 4383 1211 4439 suas,
1244 4362 1348 4423 sed
1392 4370 1622 4421 nostras
1649 4361 2006 4421 calamitates
2037 4363 2188 4435 tulit,
2220 4373 2278 4423 et
2305 4372 2496 4425 tamen
2525 4388 2690 4446 aequo

284 4448 478 4507 animo
506 4456 565 4506 et
592 4444 1009 4524 patientissime
1038 4444 1167 4503 illas
1213 4461 1437 4520 semper
1484 4440 1758 4500 sustinuit
1781 4463 1795 4515 3
1842 4440 1942 4499 Ad
1967 4442 2467 4519 amplificationem
2496 4456 2686 4509 autem

282 4528 577 4607 patientiae
607 4527 823 4587 Christi
863 4526 1117 4585 ostendit
1159 4522 1399 4583 ulterius
1441 4520 1720 4598 quidnam
1765 4520 2028 4581 Christus
2074 4523 2388 4600 pertulerit,
2419 4527 2688 4589 nimirum

281 4616 753 4713 peccata‘nostra,
779 4608 839 4666 id
867 4615 973 4681 est,
996 4624 1223 4683 poenam
1242 4602 1493 4681 peccatis
1514 4600 1728 4661 nostris
1749 4599 2019 4677 debitam,
2045 4605 2444 4745 metonquice,
2475 4616 2534 4668 et
2561 4609 2686 4687 qui-

2404 4705 2448 4747 x
