3234 5192
292 356 523 399 Disru'r.
554 333 761 417 xxm.]
846 355 923 395 ns
954 354 1437 397 sarrsracrmurs
1464 357 1704 398 cunrsrr
1734 358 2162 400 Pansae-nous.
2599 339 2712 397 697

301 524 409 580 τςον
438 497 595 575 quod
624 518 659 555 a
688 494 1011 555 Mediatore
1040 494 1165 555 dari
1195 496 1413 573 debuit,
1439 498 1543 559 sed
1558 499 1852 559 indicatur
1870 497 2122 559 hominis
2151 496 2420 573 officium,
2453 496 2576 556 sine
2606 516 2722 575 quo

309 580 425 639 tale
455 578 801 637 beneficium
830 575 940 633 sibi
968 576 1229 652 polliceri
1258 598 1375 637 non
1402 587 1611 656 potest.

389 658 544 717 XII:
565 662 623 717 4.
644 656 775 713 Non
799 656 1177 715 omittendum
1198 666 1288 716 est
1304 658 1425 717 vim
1443 660 1607 718 verbi
1637 680 1724 721 *una
1756 680 1872 737 quo
1891 659 2070 717 utitur
2097 657 2340 733 Sapiens
2358 676 2474 713 non
2499 676 2725 734 semper

308 738 385 798 ad
426 736 889 813 Redemptionem
934 737 1163 813 proprie
1212 737 1431 797 dictam
1482 740 1788 817 pertinere,
1837 738 1939 799 sed
1981 738 2193 815 saepius
2222 736 2298 795 ad
2325 736 2726 795 Remissionem

309 827 369 879 et
397 816 877 877 condonationem
907 836 1081 893 quam
1113 817 1273 876 Deus
1315 820 1605 896 peccatori
1651 818 1957 897 poenitenti
2000 817 2284 893 indulget.
2359 816 2456 875 Sic
2485 835 2638 893 saepe
2666 824 2727 874 et

312 898 505 959 Graeci
532 906 591 956 et
621 896 865 955 Latinus
893 895 1159 972 reddunt,
1190 906 1256 957 ut
1283 898 1438 976 apud
1488 899 1605 959 Isa.
1655 901 1801 959 xxii.
1837 904 1929 974 14,
1961 897 2118 975 quod
2144 898 2206 955 in
2237 896 2488 955 Hebraeo
2517 903 2608 953 est
2657 917 2722 957 na

309 984 401 1041 εὐ
433 1000 530 1038 ,ππ-τ
574 1000 685 1051 mn
736 998 864 1050 aar,
920 976 1113 1035 Graeci
1197 976 1279 1035 ita
1343 978 1612 1050 reddunt,
1684 986 1722 1039 α’
1797 983 1886 1039 οὐκ
1953 978 2246 1050 ἐφεθήσεται
2327 982 2440 1053 ὑμῖν
2508 975 2635 1039 αἷίτη
2700 976 2724 1037 vi

309 1062 560 1140 ὦμοιςτίιι,
588 1056 739 1117 Lati.
773 1059 809 1089 ‘⁴
828 1055 877 1115 si
907 1055 1230 1115 dimittetur
1255 1058 1531 1136 iniquitas
1560 1060 1686 1119 haec
1717 1061 1942 1121 vobis.''
1996 1060 2092 1119 Sic
2121 1080 2170 1117 c.
2203 1057 2389 1115 xxvii.
2421 1061 2476 1131 9,
2501 1080 2570 1131 γ.»
2615 1076 2725 1117 *ns*

312 1162 450 1216 apr»,
474 1140 665 1200 Graeci
686 1137 1079 1216 ιὶφαιςιθιίστται,
1102 1135 1251 1195 Lati.
1266 1139 1588 1198 dimittetur.
1622 1141 1716 1199 Ita
1724 1141 1933 1217 planus
1953 1140 2064 1198 erit
2073 1158 2305 1198 sensus:
2326 1136 2728 1195 Misericordia

314 1229 373 1279 et
394 1221 637 1279 veritate
656 1218 879 1291 redimi,
900 1217 977 1275 id.
1002 1216 1217 1275 remitti
1238 1226 1297 1277 et
1318 1217 1498 1277 deleri
1526 1220 1907 1298 iniquitatem,
1939 1220 2076 1296 quia
2104 1219 2204 1295 qui
2232 1216 2640 1275 misericordiae
2667 1226 2726 1275 et

312 1300 545 1360 veritati
574 1298 788 1372 studet,
818 1298 903 1355 ita
950 1297 1079 1355 Deo
1106 1305 1309 1373 gratus
1338 1307 1427 1357 est
1468 1306 1535 1357 ut
1576 1320 1696 1359 non
1723 1301 1910 1378 possit
1935 1319 2052 1357 non
2080 1298 2302 1375 peccati
2329 1296 2726 1354 remissionem

315 1380 593 1439 obtinere.
634 1381 690 1437 5.
717 1378 801 1437 Ut
821 1376 1063 1435 verbum
1092 1396 1179 1437 nn:
1202 1397 1319 1436 non
1341 1386 1564 1438 tantum
1588 1380 1664 1439 ad
1679 1381 2056 1439 remissionem
2074 1378 2296 1456 peccati
2325 1376 2427 1435 sed
2449 1376 2622 1435 etiam
2652 1376 2729 1433 ad

314 1462 647 1520 ablationem
666 1466 724 1517 et
740 1457 1117 1516 remotionem
1138 1458 1414 1517 moralem
1436 1458 1519 1517 rei
1540 1470 1734 1537 potest
1751 1458 1966 1535 referri,
1991 1468 2056 1518 ut
2077 1458 2191 1517 Isa.
2211 1457 2418 1515 xxviii.
2445 1458 2534 1530 18,
2559 1461 2594 1493 “
2611 1456 2726 1515 De-

312 1540 527 1599 lebitur
543 1538 734 1600 foedus
756 1546 1013 1595 vestrum
1034 1556 1167 1595 cum
1186 1538 1427 1611 morte,'’
1446 1538 1523 1597 id.
1538 1540 1930 1618 abrogabitur,
1955 1540 2014 1597 H
2018 1539 2108 1597 eb.
2128 1537 2456 1612 nes-‚Graeci
2479 1556 2581 1613 per
2601 1535 2725 1608 ἀφι-

320 1626 422 1679 λσῒι
448 1619 736 1693 reddunt;
781 1616 1081 1676 commode
1127 1626 1321 1691 potest
1367 1618 1463 1677 hic
1514 1638 1720 1679 sensus
1746 1620 2040 1697 applicari,
2071 1626 2136 1677 ut
2165 1637 2282 1677 non
2309 1626 2428 1676 tam
2457 1616 2600 1694 quid
2626 1636 2730 1693 per

316 1700 771 1759 miscricordiam
820 1704 879 1757 et
906 1696 1211 1755 veritatem
1240 1717 1343 1757 seu
1392 1700 1734 1759 exercitium
1783 1720 1978 1759 earum
2007 1698 2109 1758 fiat
2136 1718 2329 1756 coram
2358 1699 2504 1767 De0‚
2555 1716 2728 1774 quam

318 1781 463 1858 quid
488 1780 591 1839 fiat
620 1780 681 1838 in
707 1778 877 1852 nobis,
926 1776 1149 1837 scilicet
1170 1798 1367 1837 earum
1395 1778 1676 1839 virtutum
1709 1780 1900 1839 studio
1929 1780 2056 1838 fieri
2085 1788 2148 1838 ut
2177 1798 2250 1837 ex
2279 1778 2578 1836 hominum
2607 1778 2728 1835 ani-

316 1862 431 1921 mis
459 1870 519 1919 et
546 1860 669 1919 vita
694 1857 989 1917 auferatur
1016 1866 1075 1917 et
1120 1857 1489 1936 abstergatur
1534 1860 1828 1937 iniquitas.
1874 1860 1952 1919 Et
1979 1861 2090 1918 hoc
2119 1859 2332 1937 optime
2360 1857 2733 1935 respondebit

319 1941 515 1999 verbis
546 1937 922 2016 sequentibus
950 1936 1162 2014 quibus
1180 1938 1429 2015 additur,
1466 1942 1501 1972 ‘⁴
1520 1940 1593 1999 In
1616 1941 1824 1999 timore
1851 1940 1960 1999 Dei
1983 1938 2262 1999 declinari
2291 1957 2325 1996 a
2351 1937 2564 2012 ma10,''
2595 1938 2734 2014 quia

318 2020 493 2077 timor
522 2020 635 2077 Dei
664 2027 753 2077 est
782 2017 1023 2075 fraenum
1052 2019 1515 2094 potentiSsimum
1545 2040 1661 2096 quo
1697 2041 1732 2079 a
1757 2032 1996 2096 peccato
2027 2020 2378 2078 cohibemur.
2467 2018 2563 2075 lta
2589 2018 2730 2075 dua-

320 2098 431 2157 bus
458 2098 587 2157 istis
617 2096 937 2169 sententiis,
969 2104 1035 2153 ut
1063 2116 1217 2172 saepe
1244 2097 1304 2154 in
1339 2097 1449 2156 hoc
1496 2098 1648 2157 libro
1677 2100 1800 2157 ficri
1830 2100 1993 2171 solet,
2025 2118 2142 2156 una
2170 2098 2486 2172 eademque
2517 2096 2732 2155 veritas

318 2177 725 2251 continebitur,
757 2195 887 2254 quae
915 2174 1163 2233 Timoris
1184 2174 1368 2233 divini
1396 2185 1455 2235 et
1476 2178 1774 2236 charitatis
1801 2178 2056 2236 studium
2087 2186 2145 2235 et
2165 2176 2412 2235 fructum
2443 2194 2731 2233 common·

320 2257 516 2331 dabit3
562 2256 666 2315 sed
694 2253 838 2313 nihil
866 2274 971 2331 pro
990 2254 1484 2314 satisfactionibus
1509 2256 1778 2315 humanis
1806 2257 1940 2315 inde
1970 2256 2235 2333 exsculpi
2261 2254 2491 2333 poterit.

402 2336 594 2396 XIII.
640 2335 812 2393 Alter
855 2334 956 2411 qui
984 2354 1061 2392 ex
1107 2334 1351 2395 Daniele
1396 2336 1613 2413 petitur
1659 2336 1840 2413 locus,
1871 2338 2010 2396 licet
2055 2337 2210 2396 hunc
2253 2335 2497 2396 subinde
2524 2354 2733 2412 urgere

321 2416 562 2492 soleant,
594 2416 789 2474 minus
835 2414 1024 2472 adhuc
1050 2414 1229 2473 habet
1256 2416 1497 2493 roboris,
1530 2426 1588 2476 et
1615 2438 1789 2495 quem
1819 2438 1896 2477 ex
1921 2419 2030 2477 hac
2060 2438 2164 2476 sua
2189 2415 2500 2495 hypothesi
2527 2434 2600 2473 ne
2629 2435 2732 2473 ex-

318 2517 534 2575 ponere
580 2495 815 2576 quidem
864 2493 1164 2555 commode
1212 2504 1473 2574 possunt,
1524 2497 1738 2557 nedum
1767 2506 1832 2559 ut
1859 2519 1936 2557 ex
1963 2518 2032 2559 eo
2062 2499 2275 2575 dogma
2303 2516 2468 2556 suum
2489 2495 2734 2573 probare

322 2578 573 2637 valeant.
662 2580 716 2637 1.
748 2577 983 2636 Certum
1032 2583 1122 2635 est
1168 2596 1245 2635 ex
1293 2596 1491 2637 eorum
1520 2578 1807 2641 sententia
1837 2580 2257 2639 satisfactiones
2285 2577 2409 2635 fieri
2447 2584 2672 2635 tantum
2701 2596 2736 2635 a

304 2658 315 2669 ⁹
324 2657 436 2735 piis
465 2666 525 2719 et
544 2657 617 2717 iis
644 2658 747 2735 qui
774 2665 910 2716 sunt
927 2656 987 2713 in
1008 2656 1289 2731 Ecclesia,
1312 2657 1525 2733 quibus
1554 2659 1777 2719 scilicet
1804 2670 1862 2720 et
1881 2660 2050 2737 culpa
2077 2668 2135 2717 et
2161 2678 2333 2735 poena
2360 2664 2574 2715 aeterna
2607 2656 2734 2733 jam

322 2737 648 2799 condonata
675 2744 764 2797 est
795 2759 809 2811 ;
841 2736 928 2795 At
955 2736 1049 2795 hic
1072 2735 1205 2794 Rex
1234 2744 1300 2794 ut
1326 2746 1527 2796 notum
1558 2738 1844 2797 Ethnicus
1871 2740 1980 2797 fuit
2008 2738 2313 2796 idololatra
2341 2745 2399 2794 et
2426 2735 2500 2793 ab
2531 2735 2732 2794 Eccle-

322 2818 411 2877 sia
442 2818 555 2877 Dei
594 2816 818 2875 alienus
843 2838 857 2874 ε
903 2813 1205 2889 Quomodo
1236 2815 1323 2872 illi
1348 2835 1489 2873 vere
1514 2816 1758 2875 suadere
1785 2819 1974 2894 potuit
2001 2827 2065 2877 ut
2095 2816 2452 2877 satisfaceret
2477 2834 2582 2890 pro
2611 2834 2733 2890 poe-

320 2896 413 2955 nis
440 2894 871 2973 temporalibus,
903 2894 1006 2970 qui
1032 2894 1219 2971 poenis
1248 2894 1477 2953 aeternis
1504 2895 1696 2955 adhuc
1724 2907 1846 2955 erat
1873 2898 2158 2956 obnoxius
2175 2900 2204 2954 Ρ
2286 2899 2341 2953 2.
2377 2892 2733 2953 Satisfactio-

324 2996 455 3034 nem
485 2976 691 3033 volunt
737 2974 985 3049 positam
1034 2992 1161 3031 esse
1190 2972 1251 3031 in
1294 2974 1563 3050 operibus
1590 2976 1936 3053 quibusdam
1958 2974 2283 3053 poenalibus
2311 2983 2370 3031 et
2397 2972 2730 3051 laboriosis3

324 3055 411 3115 At
436 3054 534 3113 hic
562 3054 633 3113 de
661 3053 899 3112 Justitia
926 3052 1136 3129 agitur,
1162 3072 1295 3109 nam
1314 3053 1472 3129 quod
1492 3055 1684 3115 Graeci
1714 3064 1771 3115 et
1788 3056 1865 3114 V.
1895 3056 1972 3114 V.
2001 3054 2251 3114 reddunt
2279 3074 2382 3130 per
2408 3055 2731 3129 Eleemosy-

324 3155 459 3194 nam
486 3135 549 3193 in
598 3133 752 3191 Heb.
797 3141 887 3193 est
913 3154 1048 3207 rip-m
1074 3155 1089 3191 ε
1136 3131 1279 3207 Quis
1324 3153 1463 3192 vero
1509 3135 1724 3195 dixerit
1757 3135 2046 3213 justitiam
2084 3136 2232 3195 inter
2280 3133 2502 3211 peccati
2530 3153 2733 3209 poenas

324 3215 550 3275 censeri
576 3233 745 3292 posse
761 3215 790 3271 Ρ
832 3215 887 3271 3.
921 3212 1148 3272 Volunt
1174 3232 1277 3289 per
1294 3213 1716 3273 satisfactiones
1735 3236 1934 3293 poenas
1955 3216 2184 3275 demum
2209 3214 2554 3291 temporales
2583 3214 2735 3273 redi-

325 3296 424 3370 mi,
454 3315 573 3354 non
600 3293 845 3371 culpam,
876 3293 975 3351 vel
1002 3312 1231 3370 poenam
1262 3302 1533 3353 aeternam
1558 3318 1571 3371 ;
1604 3296 1690 3354 At
1711 3296 1856 3353 nihil
1877 3296 1990 3355 tale
2013 3316 2088 3355 ex
2107 3296 2218 3355 hoc
2245 3295 2375 3353 loco
2405 3294 2604 3372 colligi
2632 3314 2734 3372 po-

326 3384 459 3453 test,
489 3376 551 3434 in
579 3394 695 3453 quo
724 3393 840 3431 non
858 3393 1044 3449 poenae
1064 3372 1365 3450 cujusdam
1387 3375 1738 3453 temporalis,
1759 3376 1863 3435 sed
1889 3384 2112 3435 tantum
2143 3376 2496 3453 iniquitatum
2523 3386 2584 3435 et
2603 3396 2733 3451 pec·

326 3466 579 3515 catorum
609 3454 677 3513 fit
703 3454 938 3513 menti0.
986 3454 1080 3512 Ita
1108 3454 1175 3529 si,
1206 3453 1363 3531 quod
1386 3455 1752 3532 pertendunt,
1784 3466 2020 3534 peccata
2047 3455 2431 3531 eleemosynis
2460 3464 2731 3532 tanquam

326 3556 467 3595 vera
495 3534 886 3595 satisfactione
914 3534 1143 3611 proprie
1170 3533 1376 3593 redimi
1405 3535 1535 3595 vult
1562 3536 1869 3614 Propheta,
1891 3537 2150 3615 sequitur
2177 3544 2242 3595 ut
2269 3555 2386 3593 non
2413 3535 2586 3593 modo
2613 3556 2734 3612 poe-

328 3636 462 3675 nam
491 3614 883 3692 temporalem,
916 3614 1021 3673 sed
1049 3621 1108 3673 et
1136 3622 1426 3690 aeternam,
1458 3636 1575 3673 non
1603 3616 1776 3676 modo
1803 3638 2049 3695 poenam,
2081 3615 2182 3675 sed
2213 3623 2271 3675 et
2298 3616 2482 3692 ipsam
2505 3614 2734 3691 culpam

328 3696 551 3773 expiari
580 3696 926 3771 intelligant,
948 3693 1109 3753 nulla
1131 3694 1283 3753 enim
1304 3694 1652 3755 discriminis
1681 3717 1755 3755 ex
1787 3697 2090 3774 Prophetae
2113 3695 2307 3754 verbis
2329 3693 2517 3753 afferri
2546 3702 2740 3770 potest

326 3776 492 3850 rati0,
526 3796 657 3835 cum
685 3783 1051 3852 peccatorum
1078 3783 1303 3833 tantum
1332 3776 1656 3835 meminerit
1680 3798 1695 3835 ε
1738 3776 1823 3835 At
1861 3778 1972 3835 hoc
2013 3796 2129 3835 non
2157 3775 2413 3833 dixerint
2441 3772 2736 3833 Adversa·

329 3857 419 3916 rii.
506 3855 585 3915 Et
611 3856 722 3914 hoc
749 3856 1023 3931 Vasquez
1052 3874 1169 3913 non
1196 3853 1386 3931 potuit
1414 3854 1643 3913 diffiteri
1673 3856 1944 3933 quihunc
1974 3856 2165 3915 locum
2191 3860 2369 3930 negat
2394 3854 2509 3913 huc
2537 3853 2737 3912 referri

329 3936 559 3995 debere.
631 3935 874 3994 Frustra
901 3954 1041 3993 vero
1071 3934 1346 3993 Bellarm.
1374 3934 1475 3993 lib.
1508 3934 1587 3994 iv.
1639 3935 1712 3995 de
1743 3936 1926 3995 Poeni.
1958 3956 2080 4013 cap.
2114 3938 2168 4010 8,
2201 3944 2442 3994 conatur
2468 3933 2620 3992 elabi
2648 3933 2734 4001 di,-

329 4017 531 4091 cendo,
564 4016 875 4075 Peccatum
906 4034 1057 4091 saepe
1086 4014 1235 4073 sumi
1262 4032 1369 4091 pro
1394 4034 1568 4091 poena
1606 4016 1862 4092 peccati;
1907 4016 2056 4075 Nam
2085 4016 2220 4074 licet
2246 4034 2361 4073 non
2393 4012 2739 4073 diffiteamur

329 4107 629 4174 peccatum
678 4113 1093 4170 nonnunquam
1140 4114 1370 4171 poenam
1415 4094 1599 4171 ipsam
1631 4103 1958 4170 connotare,
1988 4114 2281 4172 nunquam
2309 4102 2505 4153 tamen
2531 4094 2643 4153 hoc
2671 4094 2738 4152 fit

330 4176 455 4236 sine
483 4177 677 4255 aliquo
722 4174 799 4234 ad
846 4194 1059 4233 noxam
1098 4182 1380 4251 respectu,
1411 4175 1493 4233 ita
1535 4184 1603 4234 ut
1629 4195 1761 4235 cum
1803 4175 2008 4235 redimi
2035 4176 2246 4233 dicitur
2291 4182 2591 4251 peccatum
2617 4193 2736 4232 non

328 4258 515 4333 possit
542 4276 712 4333 poena
740 4256 865 4313 sola
890 4253 1145 4331 intelligi
1172 4254 1297 4313 sine
1324 4255 1513 4331 culpa,
1542 4263 1609 4313 ut
1636 4275 1744 4313 nec
1772 4256 1942 4332 culpa
1971 4254 2094 4313 sine
2122 4274 2310 4332 poena.

410 4336 592 4395 XIV.
637 4339 691 4393 4.
738 4334 888 4401 Tota
930 4334 1025 4392 vis
1072 4334 1401 4411 argumenti
1426 4334 1632 4393 nititur
1659 4335 1839 4395 verbo
1883 4336 2222 4395 Redimendi
2245 4334 2402 4410 quod
2428 4353 2546 4391 non
2573 4341 2737 4394 extat

330 4416 391 4474 in
420 4424 587 4475 textu
616 4413 900 4491 originali,
932 4412 1036 4473 sed
1064 4413 1305 4473 verbum
1336 4434 1425 4489 pan
1455 4413 1613 4490 quod
1629 4416 1815 4491 prima
1831 4422 1890 4473 et
1910 4414 2287 4473 usitatissima
2314 4412 2735 4492 significatione

328 4496 476 4555 nihil
502 4494 659 4555 aliud
710 4500 799 4553 est
826 4513 999 4571 quam
1028 4494 1379 4569 abrumpere,
1426 4494 1752 4554 abstrahere
1779 4503 1838 4553 et
1863 4498 2182 4571 convellere,
2215 4514 2330 4571 quo
2359 4514 2531 4553 sensu
2559 4496 2735 4555 sumi--

330 4585 442 4653 tur,
464 4575 657 4637 Exod.
676 4574 865 4635 xxxii.
886 4579 942 4649 2,
964 4576 1001 4607 “
1023 4594 1155 4635 amn
1186 4570 1425 4647 warfaru>
1454 4579 1748 4653 separate’'
1766 4574 1846 4635 id.
1865 4576 2148 4636 detrahite
2170 4576 2456 4635 “inaures
2472 4577 2732 4649 aureos,’'

330 4656 407 4717 V.
430 4656 508 4718 V.
531 4654 821 4731 “tollite,'’
839 4654 965 4715 lxx.
986 4654 1273 4735 πιςιίλισθις
1298 4654 1382 4715 sic
1400 4654 1551 4715 Gen.
1574 4654 1760 4715 xxvii.
1781 4654 1924 4732 40,1
1950 4657 2099 4734 Reg.
2117 4656 2244 4715 xix.
2267 4658 2334 4715 11
2359 4678 2374 4732 3
2399 4655 2533 4715 inde
2561 4655 2735 4714 ducto
