3234 5192
478 331 593 386 314
1481 345 1555 386 m:
1590 347 1817 386 massis.
2453 325 2713 409 [msrc'r.
2765 347 2890 387 vm.

564 486 703 545 VII
712 487 761 544 1.
808 487 1085 545 Secunda
1112 487 1405 544 sententia
1430 506 1640 544 eorum
1689 495 1795 558 est,
1825 488 1930 561 qui
1959 488 2142 544 verba
2167 485 2274 542 illa
2299 495 2548 544 sumunt
2567 471 2888 563 ⁸indicative,

484 573 555 622 ut
582 565 928 640 designetur
955 567 1265 640 proprium
1294 585 1511 622 nomen
1540 568 1708 640 quod
1755 567 2060 622 derivetur
2089 584 2126 622 a
2151 565 2348 622 radice
2378 585 2471 620 rum
2501 587 2638 641 quae
2667 568 2892 642 signifi-

485 652 597 715 cat,
626 647 913 719 ordinare,
939 647 1282 718 constituere,
1306 667 1672 721 proeparare,
1697 652 1766 702 ut
1795 665 1850 715 m
1881 651 2106 702 resecta
2126 643 2340 701 ultima
2359 645 2607 702 radicali
2635 646 2792 704 idem
2817 645 2893 704 sit

486 727 647 798 quod
680 745 787 785 em,
812 746 973 801 pars,
998 727 1205 801 portic,
1238 729 1441 784 donum
1472 726 1696 782 scilicet
1723 743 1760 781 a
1788 724 1917 781 Deo
1947 725 2171 792 datum,
2201 723 2298 778 vel
2327 721 2546 780 cibusa
2573 725 2704 781 Deo
2735 726 2892 781 ordi-

486 809 661 859 natus
690 810 749 860 et
775 805 1095 879 dispositus
1123 824 1191 864 ac
1220 813 1461 879 paratus
1486 805 1611 860 sine
1640 805 1904 878 ipsorum
1933 803 2157 870 labore,
2185 801 2248 856 in
2277 801 2449 874 cujus
2477 819 2654 859 usum
2679 804 2895 862 Israel-

486 880 585 938 itae
615 901 723 938 nee
750 901 939 940 serere
967 885 1253 940 deberent
1280 902 1387 940 nec
1414 892 1652 940 metere.
1699 881 1796 940 Sic
1817 881 2084 938 sentiunt
2109 879 2383 936 hodierni
2416 879 2662 938 Hebraei
2693 882 2890 940 Rabbi

490 957 733 1016 Salomo
764 982 819 1032 τε
846 964 1201 1038 proeparate‘o
1230 964 1337 1020 cibi
1360 972 1441 1021 est
1464 983 1503 1020 a
1542 963 1707 1020 verbo
1737 979 1845 1022 ³:22,
1875 959 2018 1033 quia
2045 957 2420 1016 nesciverunt
2440 960 2588 1033 quid
2629 969 2798 1030 esset,
2827 961 2892 1017 id

486 1045 575 1094 est
616 1045 650 1070 “
674 1039 1051 1099 nesciverunt
1078 1043 1386 1099 nominare
1414 1042 1655 1098 nomine
1679 1039 1847 1108 sUO,’'
1893 1038 1990 1094 Sic
2020 1037 2194 1094 Aben
2236 1035 2384 1094 Esra
2445 1045 2481 1070 ‘⁴
2500 1060 2634 1096 man
2660 1039 2892 1096 deriva-

490 1122 592 1171 tur
620 1135 658 1174 a
684 1117 866 1175 verbo
907 1122 1060 1190 ψοζ’
1111 1123 1273 1178 unde
1316 1121 1469 1178 Dan.
1520 1121 1571 1177 1.
1617 1126 1652 1152 “
1688 1137 1798 1177 nze,
1829 1116 2137 1173 constituit
2183 1116 2484 1173 ordinarie
2525 1136 2720 1175 escam
2763 1135 2893 1174 ves-

488 1195 703 1266 tram,”
733 1195 891 1254 idem
940 1199 1119 1256 sentit
1146 1199 1219 1256 R.
1254 1200 1329 1257 D.
1359 1199 1437 1256 K.
1470 1199 1544 1256 R.
1587 1195 1831 1265 Bechai,
1859 1202 1920 1252 et
1945 1195 2063 1251 alii.
2149 1193 2316 1250 Licet
2370 1213 2511 1252 vero
2567 1215 2688 1253 non
2737 1197 2891 1252 mul-

490 1281 621 1328 tum
642 1273 860 1333 referat
888 1277 1177 1334 utramvis
1204 1278 1557 1336 sententiam
1584 1292 1921 1353 sequamur,
1943 1291 2078 1347 quae
2109 1273 2230 1329 suis
2258 1273 2586 1332 rationibus
2613 1293 2736 1332 non
2763 1276 2894 1332 des-

492 1351 751 1422 tituitur,
781 1357 1071 1428 posterior
1092 1363 1289 1414 tamen
1320 1358 1399 1414 ad
1425 1356 1512 1412 rei
1538 1357 1850 1412 veritatem
1879 1352 2124 1427 propius
2151 1351 2388 1409 videtur
2415 1355 2708 1410 accedere.

573 1429 691 1487 IX.
736 1432 937 1490 Tertio
964 1436 1155 1509 quaeri
1182 1442 1391 1511 potest,
1422 1453 1499 1492 an
1526 1435 1690 1492 istud
1729 1449 1952 1488 manna
1977 1430 2160 1487 fuerit
2187 1431 2480 1502 naturale,
2509 1451 2586 1488 an
2616 1449 2758 1490 vero
2781 1432 2894 1488 mi-

494 1511 834 1567 raculosum
858 1515 879 1569 3
984 1513 1228 1572 Certum
1270 1521 1359 1571 est
1406 1512 1537 1570 dari
1576 1529 1800 1570 manna
1854 1509 2147 1578 naturale,
2203 1510 2368 1583 quod
2421 1510 2578 1567 inter
2630 1517 2896 1568 meteora

490 1605 685 1660 aquea
702 1607 738 1644 a
754 1590 1123 1666 philosophis
1145 1593 1468 1665 reponitur,
1493 1593 1656 1665 quod
1679 1589 1948 1664 gignitur
1969 1607 2042 1644 ex
2063 1606 2197 1644 rore
2207 1589 2681 1662 temperatissimi
2703 1589 2818 1646 loci
2835 1596 2896 1645 et

490 1665 639 1734 coeli,
664 1667 769 1741 qui
820 1667 880 1723 in
912 1671 1194 1727 arborum
1222 1679 1281 1728 et
1308 1670 1591 1726 fruticum
1616 1669 1768 1726 folia
1793 1666 2029 1736 decidit,
2072 1667 2308 1741 illisque
2335 1669 2684 1726 adhaerescit
2711 1669 2898 1724 donec

490 1743 824 1818 colligatur.
912 1747 1089 1814 Quod
1118 1749 1186 1803 fit
1238 1748 1533 1823 praecipue
1561 1748 1624 1802 in
1642 1748 1832 1805 tribus
1859 1744 2218 1818 regionibuS,
2249 1745 2436 1818 Syria,
2471 1746 2809 1814 Germania,
2837 1755 2899 1804 et

494 1822 693 1892 Italia,
724 1826 884 1880 unde
913 1844 987 1882 ex
1034 1825 1349 1899 regionum
1397 1825 1750 1896 differentia,
1785 1823 2115 1897 Syriacum,
2149 1823 2588 1895 Germanicum,
2633 1833 2694 1882 et
2723 1825 2896 1882 Cala-

488 1901 720 1958 bricum
747 1904 1102 1978 appellatur,
1130 1907 1295 1979 quod
1338 1911 1705 1979 postremum
1733 1923 1854 1978 prae
1883 1902 2110 1960 caeteris
2137 1905 2596 1960 commendatur
2619 1903 2683 1960 in
2711 1903 2897 1960 medi-

491 1980 641 2050 cina,
664 1982 741 2037 ad
768 1983 965 2040 lenem
992 1982 1117 2040 sine
1160 1984 1399 2042 flatibus
1447 1983 1583 2039 bilis
1611 1991 1672 2040 et
1698 1981 1927 2058 pituitae
1971 1981 2406 2056 purgationem,
2435 1983 2510 2040 de
2547 2001 2668 2057 quo
2697 1981 2894 2038 Medi-

490 2077 699 2116 corum
726 2060 835 2118 filii
862 2063 1226 2120 consulendi.
1310 2061 1449 2119 Hoc
1474 2069 1714 2119 tantum
1755 2062 1829 2118 de
1860 2059 2168 2118 Calabrico
2197 2063 2650 2118 memorandum
2678 2059 2896 2117 referre

490 2157 610 2194 non
639 2138 869 2214 pigebit
894 2159 969 2197 ex
996 2142 1039 2201 J
1044 2149 1298 2199 onstono
1326 2141 1388 2198 in
1418 2142 1846 2214 Thaumatogr.
1877 2157 2004 2213 cap.
2039 2139 2130 2208 10,
2159 2157 2296 2196 cum
2344 2140 2546 2196 locum
2573 2141 2893 2214 quemdam

493 2216 814 2290 Oenotriae,
842 2219 904 2276 in
933 2239 1111 2294 quem
1140 2221 1393 2295 singulis
1414 2220 1720 2278 aestatibus
1747 2218 2158 2287 descendebat,
2189 2225 2250 2274 et
2289 2219 2364 2274 ab
2393 2219 2673 2276 omnibus
2699 2235 2895 2274 excer-

490 2297 759 2370 pebatur,
790 2316 956 2372 reges
984 2299 1374 2374 Neapolitani
1402 2299 1546 2355 olim
1574 2297 1976 2365 occlusissent‚
2007 2313 2082 2352 ne
2109 2295 2244 2372 quis
2273 2297 2398 2354 sine
2427 2297 2704 2372 vectigali
2733 2315 2896 2354 assu-

492 2381 696 2444 meret,
727 2377 965 2434 occluso
992 2379 1123 2435 loco
1152 2377 1391 2436 desiisse
1418 2395 1527 2434 nec
1554 2375 1939 2446 descendisse,
1983 2393 2054 2432 eo
2085 2393 2224 2431 vero
2253 2377 2502 2446 recluSO,
2531 2385 2592 2433 et
2617 2376 2896 2449 vectigali

494 2459 739 2523 remote,
785 2453 1005 2512 iterum
1046 2457 1399 2513 descendere
1442 2456 1700 2530 coepisse,
1747 2455 1911 2529 quod
1958 2472 2096 2510 cum
2139 2454 2318 2510 sem-el
2348 2453 2684 2528 iterumque
2713 2455 2898 2512 conti-

488 2531 687 2605 gisset,
716 2549 881 2607 reges
930 2543 1139 2610 postea
1183 2537 1383 2593 locum
1409 2535 1668 2592 liberum
1708 2532 2033 2607 reliquisse,
2065 2539 2124 2588 et
2160 2533 2438 2590 omnibus
2464 2534 2742 2606 colligere
2769 2551 2900 2608 per-

492 2610 751 2670 misisse:
799 2612 971 2670 Idem
999 2613 1197 2672 scribit
1228 2613 1447 2674 Caelius
1476 2613 1875 2686 Rhodiginus,
1905 2613 1945 2668 l.
1965 2611 2044 2668 ix.
2075 2629 2202 2685 cap.
2236 2612 2326 2681 12,
2350 2613 2426 2668 de
2448 2612 2744 2686 Tragaseo
2773 2613 2894 2670 sale

493 2689 555 2745 in
580 2688 782 2764 Epiro,
813 2693 908 2749 cui
936 2711 1073 2751 cum
1094 2694 1350 2768 vectigal
1368 2692 1748 2769 imposuisset
1769 2691 2180 2764 LysimachuS,
2203 2691 2466 2762 evanuit,
2483 2709 2624 2747 mox
2652 2693 2894 2765 dempto

494 2771 800 2829 succrevit.
886 2771 1081 2830 Datur
1106 2773 1287 2830 etiam
1316 2772 1547 2830 Manna
1569 2769 1923 2828 Polonicum
1951 2788 2072 2826 non
2101 2768 2188 2826 ita
2213 2769 2446 2843 pridem
2475 2776 2791 2843 repertum,
2821 2772 2896 2826 de

495 2867 616 2923 quo
641 2849 1145 2925 KeckermannuS,
1203 2852 1358 2908 libro
1378 2851 1455 2908 vi.
1504 2851 1756 2924 System.
1803 2847 2059 2922 Physici‚
2089 2847 2279 2921 capite
2311 2849 2404 2919 10,
2434 2856 2494 2906 et
2523 2848 2833 2906 Cornelius
2859 2866 2898 2905 a

498 2929 725 3003 Lepide
746 2930 807 2986 in
834 2929 1027 2989 Exod.
1056 2931 1195 3002 xvi„
1226 2932 1391 3005 quod
1408 2949 1608 2988 mense
1637 2929 1680 2986 J
1685 2927 1828 2984 unio
1847 2935 1906 2984 et
1931 2927 1974 2984 J
1981 2927 2104 2984 ulio
2133 2931 2308 2983 nocte
2335 2928 2585 3001 depluit,
2613 2935 2672 2983 et
2699 2926 2896 2984 herbis

497 3010 682 3066 instar
726 3009 874 3066 roris
916 3009 1224 3080 incumbit,
1264 3010 1425 3083 quod
1470 3009 1692 3082 butyro
1735 3023 2092 3081 saccaroque
2141 3005 2374 3063 modico
2419 3007 2730 3063 decoctum
2759 3024 2896 3063 cum

502 3089 799 3146 Italorum
843 3088 1273 3146 delicatissimis
1314 3087 1555 3145 ferculis
1602 3086 1822 3144 dicitur
1849 3092 2072 3142 certare
2099 3101 2286 3158 posse.
2371 3085 2476 3141 An
2504 3103 2646 3142 vero
2673 3103 2898 3142 manna

500 3167 895 3226 Israeliticum
940 3167 1209 3238 ejusdem
1234 3166 1415 3222 fuerit
1444 3175 1674 3223 naturae
1703 3183 1838 3222 cum
1879 3181 2100 3220 manna
2125 3163 2405 3233 naturali,
2433 3181 2554 3220 non
2585 3163 2710 3220 sine
2757 3163 2898 3221 rati-

500 3265 613 3302 one
632 3243 999 3316 disquiritur.
1085 3245 1405 3302 Affirmant
1426 3245 1546 3315 alii,
1572 3251 1642 3300 ut
1665 3241 2169 3300 Conimbricenses
2187 3241 2248 3296 in
2270 3241 2424 3299 libro
2442 3241 2694 3298 Meteor.
2727 3243 2899 3300 Aris-

496 3331 603 3380 tot.
636 3329 778 3378 tom.
808 3318 907 3376 vii.
922 3339 1048 3394 cap.
1083 3323 1175 3392 11,
1204 3331 1263 3378 et
1288 3322 1383 3378 Fr.
1411 3320 1720 3379 Vallesius
1740 3322 1813 3376 de
1835 3321 2214 3394 philosophia
2241 3338 2422 3394 sacra,
2455 3339 2578 3396 cap.
2610 3321 2704 3389 57,
2735 3323 2900 3396 quod

496 3421 570 3460 ex
598 3401 812 3469 colore,
838 3417 1061 3472 sapore,
1090 3409 1151 3457 et
1177 3399 1313 3458 aliis
1342 3399 1800 3457 circumstantiis
1827 3407 2120 3455 conantur
2146 3400 2538 3457 demonstare.
2601 3399 2732 3456 Alii
2757 3419 2900 3456 vero

498 3486 754 3553 negant3
798 3483 857 3534 et
904 3479 1120 3536 volunt
1166 3497 1291 3535 rem
1331 3477 1513 3535 fuisse
1556 3495 1797 3551 prorsus
1825 3495 2060 3548 novam,
2091 3495 2128 3534 a
2156 3476 2286 3534 Deo
2307 3497 2416 3552 pro
2445 3486 2604 3536 certo
2631 3486 2898 3552 tempore

499 3565 773 3627 creatam,
824 3573 1051 3630 suoque
1096 3564 1361 3631 tempore
1404 3574 1647 3631 prorsus
1693 3556 1972 3626 ablatam,
2018 3575 2200 3630 quam
2249 3557 2601 3614 sententiam
2629 3557 2898 3632 plerique

501 3639 903 3700 Hebraeorum
957 3641 1307 3710 sequuntur,
1358 3643 1429 3692 ut
1470 3636 1646 3694 Aben
1693 3634 1842 3692 Esra
1882 3641 1942 3691 et
1989 3633 2354 3710 Abarbanel,
2407 3635 2512 3711 qui
2553 3635 2729 3694 variis
2757 3637 2900 3692 rati-

499 3719 713 3778 onibus
740 3735 873 3774 eam
900 3715 1247 3772 confirmare
1269 3714 1495 3774 nititur.

578 3799 663 3857 X.
710 3793 989 3871 Quamvis
1015 3814 1155 3853 vero
1183 3803 1437 3852 nostram
1458 3795 1619 3854 litem
1641 3796 1790 3854 hanc
1823 3796 2073 3854 nolimus
2101 3795 2304 3870 facere,
2329 3815 2459 3872 quoe
2480 3796 2717 3872 propius
2739 3815 2900 3872 spee-

496 3889 583 3940 tat
609 3877 882 3956 physicos
910 3883 969 3934 et
1000 3874 1371 3952 Hippocratis
1398 3876 1565 3952 filios,
1610 3877 1810 3954 paucis
1839 3885 2030 3935 tamen
2059 3875 2450 3951 observamus,
2491 3876 2774 3935 veriorem
2805 3895 2900 3934 eo-

495 3981 623 4020 rum
652 3957 993 4016 sententiam
1022 3955 1191 4014 nobis
1236 3955 1436 4032 videri,
1487 3958 1587 4033 qui
1634 3958 1772 4016 licet
1815 3975 2084 4032 magnam
2113 3955 2446 4014 affinitatem
2475 3976 2602 4014 esse
2631 3966 2906 4014 censeant

496 4044 647 4100 inter
690 4047 995 4114 utrumque
1040 4055 1249 4094 manna
1292 4036 1485 4112 quoad
1528 4037 1788 4110 sormam,
1841 4039 2106 4110 colorem,
2159 4045 2216 4094 et
2245 4056 2524 4112 saporem,
2555 4057 2670 4094 non
2701 4047 2907 4113 putant

496 4132 693 4182 tamen
720 4137 890 4196 posse
918 4117 1034 4176 dici
1081 4116 1341 4194 ejusdem
1391 4118 1655 4195 generis3
1703 4117 1820 4176 Sed
1847 4136 2058 4174 manna
2089 4117 2468 4175 Israeliticum
2499 4117 2903 4174 miraculosum

496 4203 675 4262 fuisse
716 4208 774 4258 et
814 4197 1350 4257 extraordinarium.
1438 4199 1648 4273 Primo,
1695 4197 1830 4274 quia
1873 4198 1921 4255 si
1963 4196 2166 4255 fuisset
2205 4197 2482 4272 naturale,
2527 4217 2644 4255 non
2684 4197 2906 4274 potuis·

492 4293 581 4342 set
622 4281 736 4338 diei
778 4280 947 4355 plane
976 4279 1237 4356 ignotum
1270 4278 1564 4353 Israelitis,
1596 4298 1726 4336 cum
1755 4286 1948 4336 tamen
1975 4285 2220 4336 testetur
2249 4277 2461 4351 Moses,
2511 4281 2547 4310 “
2567 4296 2754 4354 neque
2785 4297 2902 4349 ece,

492 4381 681 4437 neque
726 4360 927 4418 Patres
968 4360 1219 4435 ipsorum
1264 4360 1373 4418 hoe
1417 4359 1819 4436 cognovisse,''
1868 4359 2038 4416 Dcut.
2091 4357 2211 4415 viii.
2274 4361 2328 4416 3.
2419 4357 2702 4430 Secundo,
2759 4357 2906 4415 nihil

494 4459 640 4518 opus
668 4439 869 4496 fuisset
910 4438 1057 4496 illud
1097 4439 1296 4515 reponi
1340 4439 1401 4496 in
1422 4459 1624 4498 urnam
1649 4459 1881 4497 auream
1917 4440 2091 4515 juxta
2114 4438 2326 4496 Aream
2369 4438 2444 4496 ad
2471 4438 2732 4496 miraculi
2783 4457 2902 4494 mo-

497 4524 853 4590 numentum,
886 4519 933 4574 si
962 4537 1053 4575 res
1094 4520 1373 4578 naturalis
1400 4520 1525 4578 fuit.
1610 4520 1824 4592 Tei-tic,
1867 4537 2080 4576 manna
2105 4517 2449 4576 medicinale
2475 4537 2594 4575 non
2621 4517 2778 4576 eadit
2804 4537 2908 4594 per

488 4610 677 4660 totum
706 4615 936 4667 annum,
968 4597 1067 4654 sed
1096 4607 1317 4655 tantum
1348 4599 1405 4655 in
1434 4599 1689 4656 maxima
1730 4599 1874 4656 aeris
1901 4607 1961 4656 et
2001 4597 2132 4656 coeli
2159 4598 2450 4675 temperie,
2481 4606 2624 4674 puta
2651 4609 2908 4674 tempore

494 4697 691 4751 verno,
722 4693 916 4731 mense
949 4675 1161 4732 Martio
1190 4685 1246 4732 et
1274 4677 1479 4752 Aprili.
1566 4679 1648 4736 At
1671 4699 1878 4735 manna
1911 4679 2016 4734 hoe
2047 4677 2288 4736 cadebat
2318 4678 2616 4754 aequaliter
2643 4678 2912 4736 omnibus
