3234 5192
805 1054 1436 1134 DISPUTATIO
1505 1055 2188 1147 THEOLOGIGA‚

355 1296 486 1385 DE
594 1296 1449 1393 SATISFAGTIONIS
1559 1297 1992 1391 CHRISTI
2100 1298 2646 1415 VERITATE,

1198 1557 1413 1625 PARS
1485 1556 1725 1625 NONA.
1797 1588 1806 1597 ·

1295 1786 1638 1794 ---—-——-——--

882 1961 1272 2036 Respondente
1303 1960 1509 2019 Panno
1539 1960 1796 2035 Covmz,
1841 1958 2097 2018 Meterm’.

381 2114 673 2191 Superiori
696 2116 1101 2194 Disputatione
1120 2116 1375 2175 vidimus
1401 2124 1461 2176 et
1486 2116 1868 2195 expendimus
1889 2116 2157 2192 rationes,
2187 2115 2398 2193 quibus
2427 2116 2696 2177 adversa·

294 2192 369 2251 rii
407 2194 649 2270 probare
696 2204 976 2254 conantur
1026 2196 1487 2255 Satisfaotionem
1534 2196 1949 2274 impossibilem
1993 2193 2170 2253 fuisse
2213 2215 2249 2253 a
2286 2206 2448 2273 parte
2497 2196 2616 2255 Det‘
2637 2204 2698 2256 et

301 2272 526 2348 Christi,
560 2284 821 2351 superest
846 2284 913 2334 ut
940 2274 1015 2333 ad
1042 2295 1282 2335 examen
1322 2295 1662 2335 revocemus
1689 2296 1788 2335 eas
1815 2275 2026 2353 quibus
2053 2275 2318 2334 evincere
2347 2284 2620 2353 satagunt
2659 2295 2697 2334 a

294 2360 457 2430 parte
469 2373 654 2428 poenae
680 2353 878 2432 ipsius,
910 2364 971 2415 et
1011 2355 1293 2415 hominum
1334 2374 1579 2430 reorum,
1611 2376 1729 2415 non
1755 2356 2011 2433 potuisse
2040 2374 2177 2413 vere
2205 2355 2348 2431 dari,
2379 2356 2539 2433 quod
2584 2356 2694 2415 hae

296 2432 703 2509 Disputatione
729 2434 984 2495 breviter
1010 2455 1139 2495 eum
1169 2436 1321 2494 bono
1352 2436 1477 2498 Deo
1504 2436 1897 2513 expediemus.
2569 2444 2576 2451 ’

374 2512 425 2571 Ι.
470 2504 859 2575 contendunt‘
894 2536 1035 2593 ergo
1087 2516 1308 2577 ratione
1346 2513 1539 2575 Paenoe
1580 2516 1994 2593 impossibilem
2023 2515 2200 2575 fuisse
2233 2514 2694 2575 Satisfaetionem

291 2591 403 2651 hae
430 2593 711 2670 imprimis
754 2596 973 2655 ratione
1010 2596 1188 2656 moti:
1232 2596 1342 2671 Qui
1392 2616 1509 2655 non
1546 2596 1723 2655 solvit
1749 2596 1812 2654 id
1837 2596 1994 2673 quod
2022 2617 2055 2654 a
2082 2594 2251 2655 nobis
2279 2595 2612 2668 debebatur,
2642 2594 2695 2653 is

291 2692 429 2731 vere
456 2692 560 2752 pro
588 2675 757 2733 nobis
804 2695 921 2735 non
970 2675 1283 2751 satisfecit3
1329 2677 1415 2736 At
1443 2675 1708 2735 Christus
1733 2694 1851 2733 non
1880 2675 2057 2734 solvit
2083 2673 2239 2750 quod
2267 2694 2302 2731 a
2328 2675 2496 2732 nobis
2516 2673 2691 2734 debe·

291 2751 476 2828 batur,
522 2754 841 2814 debebatur
867 2756 1020 2813 enim
1047 2776 1202 2815 mors
1231 2764 1445 2814 aeterua
1473 2775 1547 2812 ex
1568 2754 1800 2832 justitia
1828 2755 1972 2829 Dei;
2019 2754 2282 2812 Christus
2309 2762 2502 2812 autem
2529 2754 2690 2813 illam

291 2850 407 2889 non
435 2832 629 2907 subiit,
660 2834 765 2892 sed
791 2843 1016 2893 tantum
1044 2834 1451 2911 temporalem:
1480 2834 1684 2911 primo,
1709 2834 1845 2910 quia
1871 2852 2025 2892 mors
2047 2843 2260 2891 aeterna
2285 2852 2404 2891 non
2430 2842 2690 2909 pertran-

290 2910 451 2985 situr,
483 2920 543 2970 at
572 2912 835 2971 Christus
855 2915 1201 2989 resurrexit;
1248 2912 1517 2987 seeundo,
1546 2912 1698 2971 finiti
1733 2911 1809 2970 ad
1836 2913 2123 2971 infinitum
2150 2912 2312 2970 nulla
2339 2922 2428 2972 est
2454 2932 2692 2991 propor-

288 2989 386 3063 tio,
418 3009 608 3067 poenae
638 2991 853 3051 Christi
880 3002 1135 3069 tempore
1162 2992 1340 3050 finitae
1366 2991 1611 3068 fuerunt,
1645 3000 1842 3069 utpote
1875 3012 2030 3050 mors
2077 2991 2360 3069 triduana,
2391 3002 2452 3053 et
2479 3004 2691 3055 nostrae

288 3069 451 3128 nullo
478 3078 732 3147 tempore
760 3071 1029 3130 finiendae
1056 3080 1235 3131 eraut.

367 3149 455 3207 II.
499 3150 563 3208 Si
589 3160 832 3209 mortem
873 3161 1146 3211 aeternam
1198 3150 1581 3225 sustinuisset,
1634 3154 2016 3228 desperasset.-
2065 3152 2408 3230 Desperatio
2429 3153 2582 3213 enim
2629 3161 2691 3213 et

288 3229 652 3289 eonscientiae
682 3249 904 3290 morsus
932 3238 1022 3289 est
1048 3231 1276 3309 propria
1302 3230 1702 3290 damnatorum
1730 3252 1917 3309 poena,
1949 3232 2047 3291 vel
2073 3232 2532 3310 inseparabiliter
2559 3236 2692 3294 eum

288 3329 358 3367 ea
386 3329 663 3386 connexa,
697 3310 811 3368 Isa.
840 3310 985 3368 lxvi.
1015 3314 1110 3386 24,
1144 3318 1202 3369 et
1224 3311 1406 3370 Maro.
1452 3311 1531 3370 ix.
1562 3314 1661 3386 44,
1692 3331 1824 3388 quae
1851 3332 1887 3370 a
1913 3312 2143 3371 Christo
2171 3312 2509 3391 longissime
2539 3334 2686 3373 sem·

286 3408 391 3466 per
417 3390 618 3449 abfuit.
662 3391 869 3467 Itaque
918 3410 1103 3467 neque
1130 3390 1323 3467 quoad
1349 3392 1748 3469 quantitatem,
1772 3411 1961 3468 neque
1989 3392 2182 3470 quoad
2209 3393 2545 3470 qualitatem
2575 3393 2688 3453 sibi

285 3470 636 3547 respondent
664 3490 849 3547 poenae
896 3478 1109 3529 nostrae
1138 3479 1197 3531 et
1224 3470 1456 3530 Christi.
1505 3471 1854 3531 Palmarium
1882 3480 1972 3531 est
1999 3481 2401 3549 argumentum
2429 3494 2546 3550 quo
2577 3474 2684 3533 So-

287 3549 451 3608 oinus
478 3550 717 3628 ejusque
746 3550 889 3609 socii
916 3558 1191 3628 perpetuo
1210 3558 1469 3611 utuntur.
1531 3552 1778 3611 Socinus
1805 3550 1929 3611 fuse
1957 3552 2105 3611 illud
2131 3554 2510 3630 persequitur,
2539 3573 2597 3630 p.
2627 3554 2684 3628 3,

288 3648 337 3688 e.
368 3632 447 3703 ὃς
492 3629 759 3689 Ostorod.
789 3650 846 3707 p.
878 3634 933 3704 2,
965 3651 1015 3689 e.
1049 3633 1162 3707 143
1208 3631 1442 3690 Cateeb.
1474 3630 1716 3690 Raeovi.
1747 3630 1820 3690 de
1847 3640 2031 3691 morte
2062 3632 2294 3707 Christi,
2326 3652 2375 3691 e.
2405 3634 2463 3691 8.

366 3708 487 3766 ΙΙΙ.
531 3709 729 3786 Resp.‚
761 3709 951 3769 Multa
978 3718 1171 3769 tamen
1200 3718 1335 3769 sunt
1361 3730 1491 3787 quse
1518 3710 1593 3769 ad
1622 3711 1734 3769 hoc
1760 3719 2166 3789 argumentum
2192 3711 2393 3788 reponi
2421 3718 2684 3787 possunt.

291 3789 343 3846 1.
389 3786 491 3845 Ad
520 3788 803 3866 Majorem
850 3809 953 3867 per
994 3790 1415 3866 limitationem,
1449 3789 1563 3864 Qui
1608 3809 1728 3848 non
1775 3790 1952 3850 solvit
1998 3790 2156 3867 quod
2199 3790 2348 3849 alius
2375 3790 2548 3849 debet
2575 3810 2684 3851 nec

281 3868 476 3944 quoad
511 3870 881 3944 durationem,
910 3889 1017 3928 nee
1043 3868 1237 3947 quoad
1269 3871 1500 3946 pondus
1526 3878 1585 3929 et
1610 3873 1863 3929 valorem
1889 3869 2342 3947 aequipollenter,
2381 3870 2434 3928 is
2479 3888 2684 3928 revera

280 3966 385 4023 pro
413 3966 483 4005 eo
510 3967 627 4006 non
656 3949 950 4025 satisfacit,
974 3948 1246 4025 concedo,
1277 3949 1415 4025 quia
1441 3948 1756 4008 satisfactio
1785 3950 2057 4027 supponit
2093 3949 2520 4026 perpessionem
2560 3968 2682 4025 Ρω-

281 4045 371 4084 nae
398 4025 627 4103 debitae,
662 4028 780 4087 Sed
806 4028 908 4105 qui
954 4049 1072 4086 non
1117 4028 1293 4087 solvit
1339 4029 1499 4105 quod
1539 4027 1689 4087 alius
1736 4027 1912 4088 debet
1947 4026 2140 4104 quoad
2167 4028 2545 4103 durationem,
2577 4028 2681 4087 sed

280 4106 473 4183 quoad
499 4108 755 4167 valorem
785 4118 843 4167 et
869 4106 1182 4182 anamma,
1207 4128 1327 4166 non
1354 4107 1650 4182 satisfacit,
1671 4128 1841 4185 nege,
1873 4108 2011 4186 quia
2035 4108 2147 4167 etsi
2161 4127 2281 4165 non
2305 4107 2477 4182 idem,
2507 4106 2682 4167 modo

280 4186 620 4246 tantundem
674 4188 956 4247 habeatur
1008 4187 1235 4247 suffieit.
1319 4188 1458 4248 Jam
1498 4187 1575 4246 ad
1603 4188 1909 4246 Minorem.
1994 4186 2258 4245 Christus
2299 4186 2408 4246 etsi
2449 4196 2683 4247 mortem

278 4274 548 4325 aternam
574 4286 693 4325 non
740 4266 981 4327 subierit
1006 4268 1198 4345 quoad
1245 4268 1615 4343 durationem,
1645 4267 1783 4343 quia
1813 4286 1932 4325 non
1977 4266 2182 4343 potuit,
2212 4264 2682 4342 quandoquidem

274 4343 365 4403 illi
405 4347 731 4406 necessario
778 4348 1197 4425 resurgendum
1239 4345 1386 4421 fuit3
1430 4354 1491 4405 at
1534 4346 1777 4405 eandem
1823 4354 2020 4405 tamen
2061 4344 2195 4404 tulit
2243 4346 2678 4423 aequipollenter‚

276 4425 414 4501 quia
440 4446 698 4485 summos
725 4436 785 4486 et
828 4427 1251 4487 intensissimos
1299 4425 1528 4485 dolores
1576 4426 1727 4501 tulit,
1759 4426 1860 4502 qui
1889 4424 2026 4483 lieet
2057 4426 2402 4501 temporales
2431 4434 2489 4485 et
2531 4426 2682 4487 finiti

277 4504 491 4566 fuerint
536 4506 759 4567 ratione
802 4507 909 4583 sui,
958 4508 1249 4566 habebant
1292 4505 1668 4564 nibilominus
1709 4506 1966 4563 valorem
2011 4512 2070 4564 et
2115 4504 2344 4581 pondus
2390 4505 2680 4565 infinitum

274 4586 498 4647 ratione
538 4608 797 4665 personae
838 4586 1127 4665 patientis.
1223 4587 1347 4646 Nee
1402 4584 1555 4644 enim
1608 4584 1802 4662 passio
1855 4582 2020 4657 ψιλοῦ
2070 4586 2334 4665 ἀνδράσι-ου,
2382 4585 2494 4645 sed
2534 4587 2683 4645 21⁸9·

278 4666 483 4747 θςόπου,
532 4688 645 4729 non
691 4670 837 4727 meri
873 4668 1125 4745 hominis,
1176 4666 1281 4727 sed
1322 4666 1447 4727 veri
1482 4665 1615 4743 Dei,
1645 4664 1746 4746 qui
1774 4684 1878 4726 suo
1907 4664 2034 4743 sibi,
2047 4666 2328 4745 sanguiue
2357 4666 2683 4730 Ecclesiam
