3234 5192
501 280 618 338 608
1113 293 1194 334 ns
1223 293 1719 335 sarisraorloms
1746 292 1989 336 cums'rr
2018 292 2338 336 vnmrars.
2502 280 2763 352 [msru‘r.
2794 297 2921 340 xix.

503 437 630 496 Deo
659 435 720 494 in
747 455 980 496 servum
1005 443 1066 496 et
1093 436 1507 496 convenienter
1533 435 1893 513 dispositum
1912 435 1989 494 ad
2014 433 2337 494 faciendam
2380 435 2739 496 voluntatem
2768 439 2917 516 ejus,

501 516 564 576 id
591 525 696 594 est,
728 516 805 576 ad
832 537 977 594 opus
1005 516 1322 594 gloriosum
1352 515 1769 593 redemptionis
1790 523 2003 574 nostrae
2027 514 2425 652 peragendum
2442 535 2546 592 per
2572 517 2921 580 sacrificium

497 598 754 675 corporis
781 598 889 674 sui,
909 597 1064 658 unde
1085 599 1280 658 statim
1309 596 1563 674 subjicit,
1598 599 1635 628 ‘⁴
1660 597 1813 656 Ecce
1836 595 2009 654 venio
2050 604 2283 655 acturus
2312 595 2671 656 voluntatem
2692 601 2911 676 tuam,”

498 697 619 737 ver.
653 682 707 754 7,
738 677 905 755 quasi
931 677 1165 754 diceret,
1191 677 1341 753 Quia
1362 687 1428 738 tu
1447 695 1539 734 me
1557 675 1635 735 ad
1651 677 1762 736 hoc
1790 695 1937 754 opus
1954 675 2215 752 selegisti
2232 694 2407 753 supra
2422 695 2622 736 omnes
2644 677 2913 740 victimas

497 757 717 835 legales
733 766 792 818 et
809 757 1085 835 peculiari
1111 757 1364 834 quodam
1391 755 1563 816 modo
1591 763 1793 816 notare
1826 755 2077 832 voluisti,
2100 755 2305 814 adsum
2324 756 2497 814 etiam
2526 775 2910 834 responsurus

497 838 790 898 vocationi
816 847 950 915 tuae,
979 846 1039 897 et
1075 839 1358 916 meipsum
1385 837 1448 896 in
1474 835 1821 896 sacrificium
1846 835 2163 911 oblaturus,
2198 838 2234 868 ‘⁴
2256 835 2475 896 aufert''
2506 837 2660 896 enim
2688 840 2726 872 “
2746 840 2911 917 prius

497 917 882 979 sacerdotium
909 925 976 978 ιιι
1001 918 1288 996 posterius
1315 916 1587 992 stabiliat,
1595 915 1628 944 ''
1654 937 1774 976 ver.
1805 917 1860 976 9.
1906 916 2088 976 Porro
2125 914 2263 993 quia
2290 914 2521 976 videtur
2538 915 2699 978 Deus
2736 919 2905 980 abso-

494 999 617 1058 lute
637 999 878 1077 rejicere
905 1006 964 1058 et
990 998 1271 1076 abrogare
1291 998 1404 1058 ista
1421 995 1702 1056 sacrificia
1716 1017 1849 1056 cum
1870 995 1952 1056 ait
1969 995 2291 1074 Apostolus
2315 995 2504 1056 Deum
2520 997 2681 1074 prius
2701 999 2907 1062 tollere

493 1088 562 1140 ut
587 1078 876 1156 posterius
903 1078 1175 1154 stabiliat,
1200 1076 1613 1155 distinguenda
1642 1084 1777 1137 sunt
1804 1075 1921 1136 duo
1968 1075 2277 1138 intervalla
2302 1076 2620 1136 secundum
2648 1097 2777 1155 quae
2806 1081 2906 1140 vel

497 1160 684 1218 totalis
703 1159 799 1218 vel
817 1159 1090 1235 partialis
1129 1158 1477 1236 intelligitur
1501 1158 1736 1218 renwtt’o
1752 1181 1777 1231 ,·
1826 1157 1883 1216 N
1884 1176 1978 1216 am
2022 1155 2303 1216 sacrificia
2325 1157 2454 1216 haec
2496 1157 2595 1216 vel
2640 1168 2773 1219 ame
2818 1165 2909 1222 vel

485 1250 623 1316 post
644 1240 932 1300 chrestum
969 1239 1215 1318 spectari
1243 1245 1526 1318 possunt:
1553 1238 1701 1298 Ante
1732 1237 2017 1298 Christum
2064 1257 2267 1296 verum
2294 1245 2383 1296 est
2412 1237 2601 1296 Deum
2643 1239 2903 1300 noluisse

493 1339 603 1378 nec
629 1320 954 1398 postulasse
981 1320 1264 1392 victimas,
1295 1327 1356 1380 et
1395 1319 1737 1379 holocausta
1772 1317 1847 1376 ad
1888 1316 2211 1376 faciendam
2254 1315 2643 1394 expiationem
2671 1321 2903 1398 proprie

495 1400 712 1459 dictam
739 1421 842 1478 pro
871 1401 1140 1478 peccatis,
1172 1400 1309 1477 quia
1333 1400 1445 1459 hoc
1489 1419 1606 1458 non
1634 1405 1962 1476 potuerunt,
2009 1407 2076 1456 ut
2115 1397 2241 1474 jam
2269 1396 2487 1456 dictum
2514 1405 2621 1474 est,
2652 1399 2757 1458 sed
2784 1421 2905 1462 non

495 1500 701 1540 verum
729 1488 818 1540 est
849 1482 1039 1540 Deum
1065 1500 1184 1539 non
1211 1479 1582 1557 requisivisse
1638 1479 1919 1538 sacrificia
1946 1477 2021 1538 ad
2070 1476 2509 1556 significandam
2556 1478 2903 1558 redemptio-

496 1580 630 1620 nem
658 1569 716 1619 et
742 1560 1266 1620 reconciliationem
1289 1581 1304 1635 3
1349 1560 1463 1618 huc
1491 1559 1645 1618 enim
1673 1568 1831 1620 totus
1857 1558 1957 1620 ille
2006 1557 2415 1618 sacrificiorum
2462 1568 2771 1636 apparatus
2797 1581 2903 1639 po·

494 1641 784 1700 tissimum
811 1641 1142 1718 spectabat3
1187 1638 1291 1700 sed
1307 1649 1444 1716 post
1469 1639 1755 1698 Chri-smne.
1794 1659 1911 1698 non
1959 1645 2184 1700 tantum
2208 1641 2348 1696 ma
2384 1641 2435 1696 vl
2470 1639 2811 1716 rejiciuntur
2836 1649 2903 1702 ιιι

493 1720 724 1779 inutilia
775 1717 852 1778 ad
892 1719 1281 1798 expiationem
1328 1739 1525 1778 veram
1571 1719 2011 1796 procurandam,
2042 1717 2147 1778 sed
2192 1719 2457 1779 absolute
2486 1720 2659 1778 etiam
2706 1721 2903 1798 quoad

493 1819 664 1860 usum
693 1807 752 1858 et
778 1797 1156 1875 durationem,
1187 1799 1326 1876 quia
1360 1807 1645 1876 praesente
1672 1818 1911 1876 corpore
1954 1799 2175 1859 umbrae
2202 1807 2573 1875 evanescunt,
2612 1808 2673 1860 et
2696 1801 2903 1878 figuris

491 1900 608 1938 non
635 1879 884 1958 amplius
911 1899 1058 1958 opus
1085 1887 1176 1940 est
1210 1879 1312 1939 ubi
1339 1877 1554 1938 veritas
1601 1878 1729 1956 ipsa
1755 1879 2017 1940 exhibita
2043 1886 2165 1955 est;
2212 1879 2525 1938 Posteriori
2566 1881 2677 1940 hoc
2724 1900 2903 1942 sensu

492 1961 702 2039 Apost.
731 1960 990 2038 loquitur
1015 1959 1090 2020 de
1117 1958 1414 2020 sacrificiis
1439 1959 1729 2037 legalibus
1756 1967 1824 2020 ut
1848 1959 2145 2037 abrogatis
2172 1967 2233 2018 et
2258 1958 2522 2020 sublatis.

570 2041 823 2102 XXVI.
868 2041 966 2100 Ex
991 2040 1204 2119 quibus
1230 2041 1360 2100 luce
1399 2039 1717 2100 meridiana
1760 2039 1973 2100 clarius
1998 2039 2199 2116 liquet,
2230 2038 2511 2099 sacrificia
2536 2039 2649 2100 ista
2675 2040 2899 2104 nullam

486 2142 687 2182 veram
713 2129 772 2182 et
799 2122 1012 2182 realem
1041 2120 1272 2200 proprie
1298 2119 1582 2182 dictorum
1628 2127 1995 2198 peccatorum
2020 2139 2299 2198 peragere
2326 2119 2584 2197 potuisse
2610 2121 2897 2198 expiatio-

486 2222 616 2262 nem
643 2226 657 2278 ;
702 2202 807 2262 sed
833 2223 950 2262 non
981 2202 1174 2260 minus
1201 2209 1395 2262 tamen
1417 2201 1633 2262 Christi
1654 2199 2103 2260 satisfactionem
2124 2208 2183 2259 et
2204 2199 2339 2259 inde
2366 2200 2766 2276 promanantia
2792 2201 2895 2262 be·

485 2283 692 2342 neficia
719 2281 1094 2342 adumbrasse
1114 2282 1239 2358 jam
1267 2280 1691 2340 ostendendum
1716 2288 1823 2341 est.
1908 2280 2043 2340 Hoc
2089 2298 2228 2340 vero
2256 2300 2334 2340 ex
2360 2288 2496 2340 ante
2522 2280 2695 2340 dictis
2722 2280 2897 2342 facile

484 2361 778 2438 colligitur
805 2369 864 2420 et
891 2381 968 2419 ex
993 2369 1202 2420 natura
1227 2360 1311 2419 rei
1340 2380 1456 2418 non
1483 2361 1727 2420 obscure
1748 2359 2011 2435 elicitur;
2058 2359 2207 2418 Nam
2236 2380 2369 2420 cum
2397 2360 2558 2418 nulla
2584 2360 2661 2420 sit
2686 2361 2899 2424 horum

483 2442 698 2500 rituum
727 2440 1042 2500 carnalium
1069 2439 1364 2518 proportio
1395 2440 1490 2501 vel
1517 2460 1648 2499 cum
1694 2449 1900 2500 natura
1926 2441 2057 2516 Dei,
2087 2441 2185 2499 vel
2214 2460 2347 2500 cum
2372 2440 2624 2500 hominis
2650 2451 2895 2519 peccato

483 2519 790 2598 expiandO,
822 2520 921 2578 vel
947 2539 1079 2578 cum
1107 2519 1294 2578 salute
1321 2519 1745 2597 consequenda,
1770 2539 1889 2578 non
1914 2528 2227 2599 potuerunt
2253 2541 2356 2598 per
2382 2539 2445 2580 se
2473 2521 2534 2579 in
2560 2540 2693 2580 eum
2720 2521 2901 2582 finem

480 2601 724 2676 institui,
755 2619 873 2660 non
899 2599 1088 2678 potuit
1115 2606 1310 2659 tamen
1341 2601 1502 2660 Deus
1539 2599 1999 2678 sapientissimus
2035 2600 2227 2678 legem
2253 2601 2405 2660 hanc
2432 2610 2551 2662 tam
2578 2601 2897 2664 solenniter

480 2681 848 2760 promulgare
875 2687 936 2740 et
963 2681 1186 2741 sancire
1211 2680 1274 2738 i'n
1299 2680 1513 2758 populo
1541 2681 1655 2740 nisi
1702 2681 2063 2740 memorabili
2090 2681 2287 2758 aliqua
2312 2689 2373 2741 et
2398 2681 2567 2759 gravi
2597 2681 2669 2740 de
2698 2701 2893 2760 causa,

481 2781 746 2840 quaenam
775 2769 968 2821 autem
1014 2781 1142 2822 esse
1185 2762 1376 2840 potuit
1415 2761 1534 2820 nisi
1575 2760 1899 2820 futurorum
1939 2760 2222 2821 bonorum
2267 2769 2327 2820 et
2354 2761 2758 2839 mysteriorum
2786 2782 2895 2840 per

482 2843 775 2903 Christum
828 2841 1252 2921 implendorum
1305 2841 1791 2920 praesignificatio,
1838 2850 1905 2902 ut
1952 2841 2061 2902 sub
2104 2842 2263 2901 hisce
2312 2842 2495 2902 veluti
2542 2841 2785 2920 picturis
2832 2851 2895 2904 et

479 2923 700 3000 figuris,
731 2924 980 3002 populus
1005 2923 1168 2982 rudis
1209 2921 1286 2982 ad
1327 2929 1619 2984 tantorum
1666 2921 1951 2982 bonorum
1996 2921 2172 2982 fidem
2218 2922 2497 2999 paulatim
2538 2921 2891 2982 manuduce-

479 3013 638 3062 retur
655 3007 685 3062 Ῥ
727 3004 886 3062 Hinc
913 3003 1014 3062 lex
1041 3011 1301 3078 vocatur,
1333 3011 1398 3062 ut
1441 3002 1716 3078 diximus,
1748 3003 1949 3062 umbra
1992 3001 2159 3079 cujus
2196 3021 2403 3080 corpus
2432 3009 2523 3062 est
2548 3001 2613 3060 in
2640 3001 2891 3079 Christo,

483 3083 608 3141 Col.
637 3084 716 3156 ii.‚
749 3085 1022 3162 σιςιβσλὺ
1053 3102 1155 3142 seu
1183 3091 1358 3161 typus
1402 3082 1478 3142 ad
1505 3082 1729 3143 instans
1756 3089 1985 3160 tempus
2015 3081 2167 3140 Nov.
2197 3083 2355 3143 Test.
2378 3082 2697 3156 institutus,
2730 3082 2891 3144 Heb.

481 3162 566 3220 ix.
596 3163 651 3236 9,
699 3163 778 3220 Et
817 3160 1210 3222 sanctuarium
1237 3161 1592 3222 mundanum
1619 3164 1882 3222 ἀπή-υτον
1908 3165 2001 3221 rii·
2026 3165 2270 3238 ἑληθινὸι,
2304 3183 2422 3222 ver.
2454 3166 2551 3237 24,
2584 3160 2889 3240 ὑτέὶιιγμι,

481 3259 604 3298 ver.
635 3244 729 3315 23,
773 3259 906 3298 nam
935 3249 1000 3300 ut
1026 3241 1382 3301 caeremonias
1410 3251 1697 3319 quatenus
1726 3253 1889 3303 erant
1916 3242 2263 3321 appendices
2290 3243 2439 3321 legis
2468 3251 2688 3302 reatum
2716 3243 2889 3302 doce·

481 3320 625 3378 bant
651 3327 710 3379 et
737 3319 974 3396 picturae
1023 3330 1187 3380 erant
1233 3321 1479 3380 miseriae
1521 3331 1752 3397 nostrae,
1784 3323 1867 3382 ita
1902 3331 2189 3400 quatenus
2216 3323 2658 3383 subserviebant
2685 3322 2893 3382 foederi

485 3400 842 3477 Evangelico
889 3407 951 3458 et
993 3408 1158 3460 erant
1203 3400 1552 3478 appendices
1601 3402 1819 3479 gratiss,
1867 3401 2041 3484 λῦτςον
2084 3402 2481 3480 proponebant
2520 3411 2581 3464 et
2621 3403 2893 3480 symbola

479 3489 646 3540 erant
671 3479 912 3540 remedii
954 3488 1013 3540 et
1059 3479 1468 3540 satisfactionis
1511 3501 1614 3558 per
1643 3481 1859 3544 Christi
1906 3481 2247 3560 sanguinem
2288 3482 2678 3561 procurandae,
2708 3483 2891 3561 priori

480 3560 654 3620 modo
682 3570 1041 3639 opponuntur
1069 3560 1316 3636 christo,
1345 3562 1653 3640 posteriori
1692 3565 2150 3638 subordinantur,
2179 3563 2317 3622 hinc
2361 3562 2681 3626 locutiones
2707 3563 2889 3628 varias

479 3639 554 3700 de
582 3641 700 3701 illis
726 3642 1028 3718 habentur,
1060 3662 1190 3720 quse
1230 3641 1502 3704 videntur
1544 3643 2020 3720 contradictoriae,
2066 3642 2204 3703 dum
2226 3643 2371 3704 alias
2399 3643 2718 3704 detrahitur
2744 3643 2895 3721 ipsis

481 3731 848 3800 peccatorum
874 3723 1136 3783 remissio
1164 3732 1224 3783 et
1269 3722 1543 3802 expiatio,
1573 3725 1720 3784 alias
1750 3744 1887 3784 vero
1932 3723 2141 3784 iisdem
2168 3723 2553 3799 adscribitur3
2584 3722 2690 3782 sed
2714 3723 2891 3786 facile

481 3804 672 3880 posita
697 3803 806 3862 hac
833 3803 1202 3864 distinctione
1230 3803 1550 3881 solvuntur,
1581 3803 1904 3882 denegatur
1946 3803 2087 3882 ipsis
2134 3803 2391 3882 expiatio
2430 3813 2716 3882 quatenus
2742 3804 2803 3862 iu
2826 3825 2893 3864 se

483 3883 920 3943 considerantur
947 3893 1006 3944 et
1030 3887 1208 3944 relate
1233 3886 1320 3944 ad
1341 3887 1531 3962 kyem,
1571 3885 1676 3944 sed
1710 3885 1920 3944 iisdem
1960 3884 2232 3944 tribuitur
2271 3892 2555 3962 quatenus
2582 3884 2643 3942 in
2668 3883 2893 3944 foedere

485 3964 686 4040 gratiae
715 3967 1008 4041 conjuncta
1035 3985 1160 4025 cum
1190 3965 1413 4025 Christo
1455 3973 1787 4042 spectantur
1822 3973 1883 4025 et
1920 3968 2098 4024 relate
2124 3967 2208 4024 ad
2230 3965 2581 4042 Evanqdica
2621 3965 2892 4040 mysteria

483 4063 728 4121 quorum
757 4053 920 4103 erant
950 4042 1300 4122 &arduinam-a
1326 4054 1385 4105 et
1413 4045 1685 4104 dnh-vern.
2252 4083 2259 4092 ·

564 4124 852 4184 XXVII.
899 4123 1016 4184 Sed
1059 4125 1154 4184 hic
1198 4125 1428 4185 obstare
1471 4125 1703 4185 videtur
1730 4122 2075 4184 Adversarii
2100 4124 2481 4199 ratiocinatio,
2513 4144 2645 4202 quae
2670 4143 2749 4182 ex
2774 4123 2889 4186 hac

483 4205 792 4264 collatione
817 4225 936 4264 non
963 4205 1152 4266 solum
1177 4205 1402 4266 nullum
1429 4213 1835 4283 argumentum
1881 4223 1987 4282 pro
2016 4204 2404 4266 satisfactione
2432 4203 2557 4264 dari
2584 4224 2753 4282 posse
2782 4203 2886 4264 de·

481 4293 780 4360 monstrat,
811 4285 916 4345 sed
943 4285 1117 4345 etiam
1145 4305 1417 4364 expresse
1445 4305 1572 4344 eam
1615 4306 1691 4345 ex
1736 4285 1847 4344 hac
1872 4285 2003 4363 ipsa
2028 4286 2157 4345 vult
2184 4285 2367 4344 everti
2390 4307 2404 4360 ;
2450 4285 2599 4344 Nam
2628 4283 2679 4343 si
2707 4283 2887 4344 sacri-

481 4362 616 4421 ficia
637 4363 741 4422 illa
767 4373 966 4425 vetera
991 4373 1052 4425 et
1071 4367 1322 4426 victimae
1339 4367 1559 4444 legales
1581 4365 1910 4428 satisfacere
1932 4385 2049 4424 non
2070 4373 2379 4442 potuerunt
2397 4365 2643 4441 justitias
2670 4363 2889 4424 divinae

482 4461 590 4500 nec
617 4443 796 4502 ullam
843 4446 1231 4522 expiationem
1280 4447 1500 4524 peccati
1547 4447 1777 4524 proprie
1824 4444 1966 4506 dicti
2012 4465 2335 4524 procurare,
2366 4464 2506 4522 ergo
2534 4464 2642 4504 nec
2670 4443 2887 4504 Christi

483 4520 826 4581 sacrificium
849 4524 1128 4584 satisfecit
1145 4526 1328 4586 visua
1353 4536 1414 4587 et
1441 4526 1734 4604 expiavit;
1762 4533 1823 4586 at
1842 4526 2003 4604 prius
2021 4546 2223 4586 verum
2250 4545 2327 4584 ex
2344 4523 2607 4586 anteced.
2628 4546 2645 4584 ι
2664 4543 2807 4602 ergo
2826 4533 2889 4584 et

479 4601 784 4682 posterius.
869 4603 1042 4662 Ratio
1071 4624 1300 4683 conseq.
1331 4606 1470 4683 quia
1495 4607 1684 4685 figura
1710 4616 1771 4667 et
1800 4607 1995 4686 imago
2037 4606 2210 4669 debet
2250 4604 2597 4686 respondere
2632 4603 2887 4682 veritati,
