3234 5192
332 314 567 359 msrur.
596 294 670 376 ι.]
1296 311 1377 352 nn
1404 310 1579 355 meno
1606 310 1791 353 vim..
2634 298 2750 359 209

318 457 477 517 Psal.
496 454 643 531 xix„
666 450 770 511 ubi
790 468 909 509 non
926 448 1115 509 solum
1140 458 1243 531 bap,
1274 470 1377 511 seu
1405 471 1526 511 vox
1552 459 1613 511 et
1635 470 1829 529 sonus,
1849 454 2126 513 creaturis
2141 454 2430 531 tribuitur,
2451 456 2556 519 sed
2575 457 2752 518 etiam

324 558 395 613 ψ,
432 536 722 615 seujlinea,
748 529 939 609 qualis
974 549 1181 610 nempe
1210 530 1345 590 duci
1390 533 1538 592 solet
1580 532 1644 590 in
1691 532 1858 591 libris
1901 534 2236 611 scribendis,
2264 536 2379 595 Isa.
2409 538 2617 598 xxviii.
2653 542 2746 599 13.

320 616 495 679 Unde
534 615 811 675 dicuntur
850 610 984 670 coeli
1024 630 1245 673 eas-mee
1290 621 1624 671 enarrantes
1652 611 1896 690 gloriam
1928 613 2056 691 Dei,
2098 615 2235 691 quia
2261 616 2321 673 in
2351 616 2556 693 seipsis
2584 618 2750 677 velut

318 698 383 757 in
408 697 573 771 libro,
604 695 707 773 qui
734 716 825 756 ste
854 690 1083 767 dicitur,
1106 690 1345 750 laudum
1375 690 1704 751 divinarum
1731 693 2030 751 materiam
2055 693 2226 753 nobis
2265 696 2650 773 suppeditant,
2683 708 2749 759 ut

318 778 417 836 hic
442 794 647 835 revera
674 779 953 833 creaturae
981 772 1097 830 sint
1113 771 1295 830 instar
1320 770 1616 846 librorum,
1649 791 1797 851 quae,
1827 780 1960 833 utut
1995 782 2169 833 mutae
2192 773 2514 851 videantur,
2537 776 2600 835 in
2617 778 2746 854 qui—

320 858 433 917 bus
458 876 565 915 nec
592 851 828 933 loquela
846 870 955 909 nec
976 870 1163 911 sermo
1192 851 1285 925 sit,
1310 869 1511 912 omnes
1532 860 1728 911 tamen
1747 853 1980 912 vocales
1999 854 2115 914 sint
2131 854 2336 931 reipsa,
2368 876 2612 933 quarum
2631 878 2746 917 vox

322 938 519 1014 ubique
544 936 841 1007 audiatur,
896 929 1050 990 Psal.
1079 930 1205 989 xix.
1250 934 1305 1005 3,
1352 950 1459 989 nec
1508 950 1738 991 sursum
1782 940 2008 992 tantum
2051 934 2187 993 coeli
2234 935 2478 1013 gloriam
2517 937 2742 1015 opificis

320 1016 653 1095 praedicent,
678 1014 783 1075 sed
811 1019 872 1071 et
912 1010 1181 1070 deorsum
1220 1018 1390 1087 terra,
1422 1010 1483 1069 in
1530 1030 1648 1089 qua
1673 1012 2042 1089 magnificum
2072 1014 2198 1092 ejus
2225 1034 2436 1075 nomen
2463 1017 2746 1097 conspici-

322 1105 434 1173 tur,
464 1096 580 1154 imo
607 1098 952 1173 praesentem
980 1090 1192 1149 clamat
1219 1090 1491 1167 quaelibct
1519 1090 1700 1149 herba
1728 1092 1937 1151 Deum.

934 1169 1049 1229 VI.
1094 1169 1188 1228 Ita
1217 1169 1377 1229 Deus
1404 1170 1468 1229 in
1494 1171 1696 1229 schola
1721 1179 1942 1231 naturae
1957 1171 2238 1249 homines,
2269 1192 2387 1233 non
2415 1176 2612 1251 verbo,
2637 1176 2743 1237 sed

321 1234 369 1281 ²·
429 1234 807 1338 uffa-⁸⁰¹⁴?
848 1269 1020 1327 opere
1048 1248 1275 1309 erudire
1303 1249 1507 1324 voluit,
1539 1258 1599 1310 et
1625 1258 1692 1309 ut
1720 1251 1868 1311 bene
1897 1251 2158 1327 Tertull.,
2207 1255 2243 1286 ‘⁴
2267 1253 2554 1315 Praemisit
2575 1266 2742 1315 natu-

846 1350 972 1388 ram
1000 1330 1353 1407 magistram,
1386 1330 1780 1389 submissurus
1823 1338 1882 1389 et
1931 1330 2318 1409 Prophetiam,
2370 1353 2486 1411 quo
2515 1334 2742 1395 facilius

328 1410 535 1469 credas
564 1408 885 1487 Prophetiae
902 1409 1221 1488 discipulus
1248 1410 1530 1469 naturae.'¹
1590 1408 1810 1470 Verum
1839 1409 1976 1487 quia
2002 1410 2150 1469 liber
2175 1411 2286 1469 iste
2312 1432 2418 1489 per
2441 1423 2743 1491 peccatum

329 1490 541 1549 mirum
568 1488 629 1547 in
656 1489 889 1548 modum
918 1489 1276 1565 obscuratus,
1301 1496 1361 1547 et
1386 1497 1613 1549 tantum
1639 1508 1758 1548 non
1785 1489 2012 1548 deletus
2039 1488 2166 1566 fuit,
2197 1490 2280 1551 ita
2301 1500 2366 1551 ut
2391 1492 2468 1553 ad
2497 1493 2742 1555 salutem

327 1568 587 1629 sufficere
614 1576 879 1647 nequeat,
924 1568 1150 1630 addidit
1198 1569 1361 1628 Deus
1410 1570 1613 1629 librum
1641 1569 1886 1629 alterum
1913 1570 2240 1646 Scripturas,
2273 1571 2334 1629 in
2363 1592 2478 1649 quo
2501 1573 2654 1633 clare
2683 1582 2743 1634 et

328 1650 621 1725 distincte,
650 1668 771 1707 non
796 1648 970 1708 modo
1022 1649 1297 1727 potentiae
1354 1656 1415 1709 et
1468 1647 1792 1709 divinitatis
1827 1650 2178 1711 lineamenta
2219 1652 2388 1711 nobis
2431 1655 2724 1731 expressit

329 1730 435 1789 sed
488 1729 727 1806 insuper
780 1728 1099 1787 voluntatis
1146 1738 1206 1789 et
1254 1729 1455 1806 gratiae
1500 1730 1831 1789 testimonia
1890 1729 2215 1789 indubitata
2268 1732 2518 1809 reliquit,
2589 1734 2744 1794 unde

326 1806 544 1889 passim
597 1809 748 1867 liber
818 1807 947 1883 Dei,
1004 1808 1153 1867 liber
1208 1807 1404 1887 Legis,
1456 1808 1603 1867 liber
1658 1809 1907 1887 foederis,
1969 1809 2120 1869 liber
2185 1810 2420 1871 Domini
2485 1822 2743 1887 vocatur,

328 1890 482 1948 Exo.
538 1887 703 1948 xxiv.
742 1891 799 1964 7,
836 1886 989 1946 Heb.
1038 1888 1119 1947 ix.
1154 1890 1247 1964 19,
1300 1890 1417 1947 Isa.
1464 1888 1672 1948 xxxiv.
1728 1892 1820 1949 16.
1927 1890 2254 1967 Utrumque
2313 1890 2525 1951 librum
2573 1894 2744 1953 nobis

328 1968 513 2046 aperit
541 1968 785 2043 Psaltes,
817 1966 973 2026 Psal.
1002 1967 1149 2045 xix.,
1199 1975 1266 2027 ut
1294 1968 1576 2043 ostendat,
1606 1977 1850 2046 utraque
1904 1969 2003 2027 via
2048 1968 2237 2029 Deum
2283 1988 2345 2030 se
2389 1972 2557 2031 nobis
2583 1980 2744 2050 pate-

326 2048 550 2123 fecisse,
601 2055 662 2108 et
687 2066 725 2106 a
770 2054 1159 2107 creaturarum
1200 2048 1682 2124 contemplatione
1732 2048 1807 2106 ad
1842 2048 2008 2107 verbi
2041 2049 2348 2108 lectionem
2389 2070 2516 2111 esse
2557 2061 2744 2112 trans·

326 2128 600 2202 eundum,
648 2134 717 2187 ut
768 2126 1025 2204 cognitio
1076 2126 1189 2186 Dei
1232 2127 1499 2187 salutaris
1552 2128 1738 2205 possit
1791 2128 2009 2187 haberi.
2114 2129 2326 2187 Fateor
2386 2130 2742 2208 Scripturam

327 2216 389 2267 et
441 2207 655 2266 librum
718 2206 833 2265 Dei
890 2206 1169 2285 singulari
1238 2207 1461 2266 ratione
1522 2207 1720 2266 vocari
1768 2226 1940 2285 posse
2006 2207 2234 2268 tabulas
2291 2207 2438 2285 illas,
2499 2210 2562 2269 in
2617 2212 2746 2288 qui-

326 2286 439 2347 bus
478 2286 725 2365 propriis
782 2286 984 2362 digitis
1027 2287 1246 2364 Legem
1288 2306 1452 2345 suam
1492 2306 1732 2347 exarare
1785 2287 1987 2363 voluit,
2034 2306 2165 2365 quse
2200 2292 2390 2351 ιιι-ὡκ
2409 2302 2576 2366 ubre,
2608 2310 2748 2369 opus

328 2368 460 2441 Dei,
492 2374 551 2427 et
577 2370 769 2428 =⁸fl²>n
790 2387 945 2443 enee,
977 2366 1281 2443 Scriptura
1307 2368 1439 2442 Dei,
1473 2368 1625 2427 Erro,
1653 2368 1842 2426 xxxii·
1878 2370 1970 2443 16,
2001 2376 2298 2429 vocantur.
2347 2369 2464 2429 Sed
2491 2371 2602 2429 hoc
2628 2391 2748 2433 non

326 2448 539 2522 obstat,
582 2446 893 2523 quominus
930 2446 1171 2505 verbum
1197 2444 1361 2522 illud,
1392 2447 1549 2525 quod
1578 2446 1815 2526 speciali
1843 2447 1955 2507 Dei
1977 2448 2148 2525 jussu
2163 2456 2224 2509 et
2242 2448 2616 2527 inspiratione
2646 2472 2750 2530 per

326 2528 485 2585 viros
510 2530 859 2592 Sammo-rave
888 2526 1117 2604 scriptis
1147 2526 1549 2605 consignatum
1572 2536 1678 2603 est,
1712 2528 1850 2587 liber
1865 2529 1984 2587 Dei
2013 2529 2310 2588 verissime
2339 2529 2579 2607 dicatur,
2611 2534 2750 2609 quia

327 2608 455 2685 ejus
483 2608 641 2667 solus
669 2615 871 2667 auctor
890 2616 979 2667 est
1004 2616 1064 2667 et
1091 2624 1265 2666 causa
1290 2606 1642 2687 principalis,
1671 2607 1810 2667 licet
1835 2626 1975 2667 usus
2004 2608 2080 2667 sit
2104 2608 2401 2669 hominum
2429 2610 2750 2671 ministerio

328 2688 393 2746 in
420 2706 491 2747 eo
516 2686 962 2767 promulgando.

939 2766 1086 2827 VII.
1129 2765 1359 2825 Tertius
1410 2766 1561 2825 liber
1602 2774 1882 2826 externus
1925 2774 2016 2826 est
2078 2766 2216 2825 liber
2269 2767 2628 2844 conscientia,
2685 2769 2747 2827 in

857 2866 972 2925 qno
1004 2847 1164 2905 Deus
1184 2848 1309 2924 jam
1337 2846 1413 2905 ab
1455 2846 1622 2905 initio
1661 2846 2050 2925 cognitionem
2093 2846 2186 2905 sui
2232 2852 2292 2905 et
2345 2846 2535 2922 legem
2578 2856 2744 2906 natu-

855 2926 1036 2985 ralem
1055 2926 1362 3004 impressit,
1386 2934 1447 2985 et
1467 2926 1624 3003 quod
1645 2926 1736 2985 sui
1753 2924 1905 3002 juris
1926 2932 2016 2983 est
2035 2931 2095 2983 et
2114 2924 2296 2982 nostri
2318 2924 2490 2983 officii
2511 2925 2706 2985 docuit
2729 2951 2745 3005 ς

330 3005 415 3065 ita
432 3015 499 3066 ut
520 3005 753 3084 singuli,
774 3008 823 3067 si
844 3026 975 3066 eum
994 3006 1191 3065 audire
1214 3015 1274 3066 et
1293 3013 1509 3063 attente
1526 3004 1852 3081 expendere
1874 3003 2074 3079 velint,
2097 3002 2266 3061 facile
2285 3021 2402 3061 non
2425 3012 2542 3062 tam
2561 3005 2747 3064 homi-

331 3104 482 3163 nem,
513 3105 687 3164 qnam
718 3088 907 3146 Deum
936 3086 1125 3163 ipsum
1153 3087 1486 3161 loquentem
1528 3082 2010 3143 animadvertant.
2094 3082 2168 3141 In
2193 3091 2344 3142 statu
2371 3084 2614 3144 instincto
2641 3106 2747 3144 na·-

330 3175 491 3243 turae,
532 3166 681 3225 liber
732 3166 843 3225 iste
896 3166 1123 3243 integer
1148 3164 1259 3225 fuit
1300 3170 1359 3223 et
1384 3163 1545 3221 nulla
1569 3164 1746 3222 litura
1787 3172 2038 3224 notatus.
2124 3163 2196 3221 In
2225 3164 2479 3223 destituto
2506 3168 2746 3243 peceati,

330 3252 637 3323 corruptus
664 3244 899 3325 quidem
926 3246 1034 3305 fuit
1063 3252 1121 3303 et
1147 3243 1308 3303 miris
1336 3242 1525 3302 modis
1550 3241 1818 3319 foedatus,
1867 3242 1970 3303 sed
2007 3244 2219 3303 mansit
2237 3252 2432 3305 tamen
2459 3247 2535 3304 ad
2559 3247 2748 3305 homi-

330 3325 425 3385 nis
452 3325 873 3385 convictionem
900 3334 959 3385 et
1002 3325 1365 3399 κακολογῶν,
1398 3325 1436 3357 “
1459 3322 1680 3383 Gentes
1707 3323 1862 3381 enim
1879 3323 2192 3384 ostendunt
2209 3344 2354 3403 opus
2372 3327 2550 3403 Legis
2569 3328 2747 3405 scrip-

332 3412 457 3464 tum
484 3406 547 3463 in
574 3406 845 3464 cordibus
874 3405 1011 3482 suis,
1042 3404 1435 3465 testimonium
1462 3402 1740 3462 reddente
1768 3404 2120 3463 conscientia
2139 3405 2412 3498 ipsorum,
2442 3414 2502 3465 et
2529 3407 2747 3484 cogita-

330 3484 589 3544 tionibus
614 3484 873 3545 vicissim
914 3484 1321 3544 accusantibus
1364 3490 1423 3543 et
1462 3482 1934 3559 excusantibus,'’
1966 3485 2136 3543 Rom.
2165 3484 2225 3543 ri.
2260 3488 2352 3544 15.
2399 3486 2471 3543 In
2497 3488 2748 3546 restituto

326 3566 537 3640 qratia
560 3573 871 3625 renovatur
898 3572 956 3624 et
981 3564 1324 3626 reformatur
1349 3563 1411 3621 in
1436 3562 1707 3621 fidelibus
1733 3582 1838 3640 per
1884 3562 2177 3639 Spiritum,
2209 3565 2284 3623 ad
2311 3584 2507 3623 eorum
2537 3568 2747 3625 sancti-

330 3644 675 3719 ficationem,
707 3645 919 3722 quippe
941 3644 1041 3722 qui
1072 3643 1289 3721 Legem
1318 3642 1504 3721 digito
1546 3660 1654 3701 suo
1691 3660 1808 3701 non
1834 3640 1897 3699 in
1923 3642 2138 3701 tabulis
2183 3644 2444 3721 lapideis,
2475 3652 2542 3703 ut
2588 3646 2745 3721 olim,

333 3742 465 3800 quae
492 3722 779 3801 confringi
806 3724 1047 3802 possint,
1079 3724 1182 3786 sed
1210 3724 1431 3783 carneis
1459 3720 1652 3782 cordis
1676 3720 1958 3797 inscribit,
2003 3724 2040 3780 2
2071 3722 2199 3781 Cor.
2223 3722 2304 3780 iii.
2335 3725 2390 3797 3,
2426 3724 2590 3781 'uxta
2616 3744 2747 3800 pro-

334 3803 667 3863 missionem
694 3802 897 3863 foederi
924 3823 1080 3862 novo
1108 3822 1411 3878 annexam,
1446 3805 1481 3836 ‘⁴
1505 3801 1828 3861 Inscribam
1853 3803 2044 3877 legem
2087 3820 2276 3859 meam
2297 3820 2396 3861 cor
2436 3801 2566 3860 ibus
2595 3802 2746 3879 ipso·

334 3902 480 3958 rum,
512 3888 571 3942 et
598 3902 697 3941 ero
729 3883 889 3943 Deus
916 3883 1165 3959 illorum,
1196 3891 1254 3943 et
1274 3882 1361 3941 illi
1378 3890 1547 3941 erunt
1562 3882 1708 3941 mihi
1727 3880 1787 3938 in
1807 3880 2138 3958 populum,’'
2169 3882 2212 3941 J
2215 3900 2292 3939 er.
2323 3880 2490 3939 xxxi.
2521 3884 2617 3940 33.
2677 3882 2749 3940 In

336 3968 491 4021 statu
518 3962 769 4041 denique
800 3963 1118 4039 proestituto
1166 3963 1369 4039 qlorioe
1405 3962 1553 4021 liber
1599 3962 1710 4021 iste
1735 3960 2064 4039 perficietur
2090 3961 2150 4019 in
2171 3959 2373 4035 beatis,
2405 3978 2577 4037 super
2603 3980 2750 4037 quos

334 4042 649 4119 amptum
676 4042 889 4102 dicitur
916 4042 1180 4102 Christus
1208 4062 1405 4101 nomen
1432 4042 1550 4101 Dei
1572 4043 1676 4119 sui,
1708 4050 1774 4101 ut
1801 4040 1988 4101 sciant
2035 4060 2097 4100 se
2141 4058 2268 4100 esse
2307 4040 2438 4116 ejus
2456 4038 2626 4115 filios,
2649 4060 2748 4099 no-

336 4140 463 4181 men
490 4122 885 4201 civitatis-Dei
915 4123 1237 4182 Jerusalem
1258 4122 1501 4199 eoelestis,
1524 4130 1591 4181 ut
1617 4122 1812 4181 norint
1841 4140 1902 4181 se
1924 4140 2050 4181 esse
2078 4120 2204 4199 ejus
2231 4120 2452 4178 incolas
2473 4126 2532 4177 et
2553 4118 2710 4179 cives
2733 4142 2748 4197 ς

336 4210 397 4261 et
423 4220 623 4262 nomen
642 4222 805 4261 suam
832 4222 1053 4279 novum,
1074 4210 1142 4261 ut
1168 4210 1557 4280 agnoscantur
1584 4202 1711 4279 ejus
1737 4200 2013 4274 membra,
2039 4200 2226 4278 Apoc.
2245 4198 2327 4256 iii.
2361 4202 2453 4255 12.

414 4280 600 4341 VIII.
648 4281 747 4342 Sic
773 4281 1007 4341 fuerunt
1035 4281 1168 4341 libri
1185 4282 1408 4340 externi
1434 4280 1564 4339 Dei.
1659 4281 1783 4337 Alii
1813 4286 1948 4339 sunt
1975 4280 2196 4354 interni,
2227 4278 2328 4354 qui
2356 4276 2437 4335 ita
2459 4276 2746 4355 dicuntur,

336 4376 455 4419 non
481 4361 731 4439 proprie,
755 4362 924 4438 quasi
954 4362 1132 4437 Deus,
1163 4361 1263 4438 qui
1302 4360 1495 4418 omnia
1514 4378 1632 4417 uno
1654 4360 1868 4417 intuitu
1893 4359 1955 4414 in
1983 4358 2174 4434 seipso
2201 4356 2456 4433 disponit
2483 4366 2542 4417 et
2569 4358 2749 4433 videt,

338 4458 483 4517 opus
507 4440 721 4501 habeat
744 4440 910 4501 libris
956 4442 1031 4500 ad
1078 4442 1261 4499 instar
1286 4440 1599 4513 hominum,
1626 4436 1722 4496 vel
1749 4437 1825 4495 ad
1867 4438 2158 4495 memoriae
2185 4434 2524 4513 subsidium,
2555 4439 2650 4497 vel
2681 4439 2756 4499 ad

339 4538 527 4579 rerum
546 4520 949 4581 certitudinem
987 4518 1454 4592 confirmandam,
1501 4517 1605 4576 sed
1631 4520 2015 4597 ιιδςυποπαθός
2058 4526 2118 4577 et
2163 4516 2408 4596 figurate
2457 4520 2532 4578 ad
2576 4519 2753 4579 deno-

346 4599 581 4659 tandam
608 4619 799 4660 rerum
838 4602 1111 4679 omnium,
1163 4608 1286 4660 tum
1333 4596 1772 4677 praefinitionem
1815 4596 2210 4675 certissimam,
2242 4607 2364 4658 tum
2391 4598 2754 4661 infallibilem

2317 4698 2355 4737 o

355 2832 402 2879 3.
453 2832 600 2879 Liber
648 2832 778 2881 Con-

445 2894 677 2939 scientio.
