3234 5192
269 334 507 377 msrur.
539 316 751 399 xx11¹.]
920 334 999 374 m:
1028 332 1517 375 sumne-rmum
1544 332 1788 377 cnnrsn
1818 332 2248 375 κηποι-1οη.
2569 318 2684 377 705

356 477 679 537 XXVIII.
722 476 971 537 Addunt
1000 475 1341 535 Adversarii
1368 476 1660 535 Judicium
1706 474 1818 535 Dei
1855 476 2028 537 etiam
2052 476 2310 536 exemeri
2335 477 2398 535 in
2425 476 2682 555 Fideles,

276 557 405 617 Imo
433 576 509 617 ex
540 558 729 632 Petro,
762 578 811 616 c.
841 558 920 615 iv.
946 559 1037 630 17,
1075 559 1156 632 1·,
1203 556 1511 635 “incipere
1540 577 1575 615 a
1595 556 1770 615 domo
1800 555 1971 630 Dei‚''
1999 555 2302 615 «Iudicium
2331 564 2524 616 autem
2552 567 2685 636 post

276 656 337 695 se
365 638 691 697 necessario
719 637 945 695 trahere
974 636 1225 712 aliquam
1246 656 1496 714 poenam.
1541 636 1739 713 Resp.‚
1764 635 1807 694 J
1810 633 2066 695 udicium
2095 634 2314 713 duplex
2336 655 2490 695 esse:
2521 638 2684 697 aliud

271 718 529 775 vindictae
549 716 705 794 quod
734 717 807 776 ab
835 717 981 775 irato
1009 716 1052 775 J
1057 716 1223 775 udice
1250 716 1649 793 proficiscitur,
1681 714 1840 774 aliud
1875 716 2252 792 castigationis
2280 716 2437 793 quod
2465 724 2554 775 est
2580 716 2684 775 be-

270 796 467 855 nevoli
498 797 704 856 Patris.
751 795 863 855 Illo
895 796 1057 855 Deus
1077 795 1341 855 inimicos
1370 816 1506 856 suos
1522 815 1688 874 perse
1730 794 1886 854 uitur
1911 795 1987 854 ad
2014 795 2343 871 interitum3
2375 795 2500 855 Isto
2528 795 2680 855 filios

270 885 329 934 et
356 876 573 935 amicos
600 884 833 936 exercet
849 876 923 934 ad
945 876 1207 936 salutem.
1254 876 1413 936 Illud
1440 886 1529 936 est
1544 876 1694 935 male
1740 874 2262 953 ‘ctionissignum3
2295 876 2427 934 Hoc
2445 876 2677 935 amoris.

272 956 357 1014 Ut
383 956 426 1015 J
430 955 585 1013 udex
612 976 791 1032 quum
819 955 1204 1015 facinorosum
1230 956 1414 1034 punit,
1446 956 1505 1015 in
1543 957 1733 1035 ipsum
1761 955 2036 1016 delictum
2063 955 2486 1030 animadvertit,
2519 964 2578 1015 et
2605 956 2678 1015 de

269 1035 521 1093 facinore
550 1036 677 1113 ipso
706 1055 935 1113 poenam
964 1036 1217 1113 expetit:
1266 1036 1384 1095 Sed
1414 1036 1587 1097 Pater
1613 1056 1744 1095 cum
1765 1034 1948 1095 filium
1987 1036 2246 1098 severius
2275 1036 2528 1113 corrigit,
2558 1055 2676 1094 non

270 1115 381 1175 hoc
410 1116 534 1192 agit
550 1125 616 1174 ut
636 1116 895 1175 vindicet
915 1124 1016 1175 aut
1042 1116 1300 1190 mulctet,
1321 1115 1425 1175 sed
1446 1118 1634 1194 magis
1653 1124 1721 1176 ut
1737 1115 1958 1193 doceat,
1979 1124 2039 1175 et
2066 1116 2378 1176 cautiorem
2405 1116 2468 1173 in
2483 1124 2674 1193 poste-

271 1213 397 1253 rum
425 1195 647 1255 reddat.
696 1196 903 1255 Petrus
942 1216 1061 1254 non
1102 1195 1175 1254 de
1214 1197 1401 1273 primo
1441 1197 1715 1273 loquitur,
1741 1195 1846 1255 sed
1882 1196 1954 1254 de
1977 1196 2248 1272 secund0,
2277 1195 2432 1254 unde
2471 1196 2678 1255 Graeca

272 1274 492 1332 scholia
532 1274 679 1335 bene
720 1282 923 1334 notant
962 1277 1125 1356 224⁸*
1148 1275 1245 1333 hic
1284 1276 1566 1353 usurpari,
1612 1296 1728 1335 non
1770 1280 1880 1334 ἀντὶ
1924 1280 2319 1357 κατεκείμην,
2369 1274 2473 1336 sed
2513 1276 2674 1348 itm-

272 1358 406 1429 σ-ἷις,
451 1355 740 1431 quomodo
788 1367 1099 1433 usurpatur
1124 1356 1316 1432 etiam,
1351 1358 1380 1414 1
1416 1357 1546 1415 Cor.
1575 1355 1658 1415 xi.
1701 1358 1797 1432 31,
1846 1356 2070 1431 “Quod
2110 1356 2160 1415 si
2187 1375 2294 1413 nos
2321 1355 2479 1434 ipsos
2521 1356 2674 1433 diju-

272 1434 610 1511 dicaremus,
640 1456 757 1494 non
786 1436 985 1512 utique
1014 1434 1285 1516 ἃςυέμιοι
1302 1436 1698 1513 judicaremur
1715 1436 1772 1511 ;'’
1825 1435 1912 1496 Ut
1947 1455 2087 1495 vero
2137 1435 2404 1495 ostendat
2451 1455 2514 1495 se
2557 1454 2675 1494 non

270 1514 341 1573 de
370 1515 413 1573 J
415 1513 608 1574 udicio
635 1516 926 1593 vindictae,
958 1516 1061 1574 sed
1088 1525 1342 1593 paternas
1370 1515 1767 1593 castigationis
1809 1516 1970 1593 loqui
2011 1516 2206 1575 statim
2255 1515 2432 1590 addit,
2469 1518 2505 1550 “
2520 1516 2674 1598 ngard-

266 1596 402 1670 μυσί
421 1591 473 1652 3·
498 1615 629 1655 cum
649 1595 981 1673 judicamur
1006 1604 1200 1655 autem
1228 1616 1265 1655 a
1294 1596 1543 1655 Domino
1588 1595 1943 1673 corripimur,
1983 1616 2057 1654 ne
2085 1616 2214 1654 cum
2259 1595 2476 1655 mundo
2514 1596 2677 1657 dam-

270 1676 532 1734 nemur.''
578 1674 680 1734 Ad
706 1694 877 1752 quem
905 1676 1097 1735 locum
1120 1676 1335 1753 optime
1354 1676 1673 1755 chrysost„
1715 1678 1822 1735 οὔκ
1844 1677 1982 1751 ils-u,
2013 1682 2051 1735 εἰ
2079 1676 2373 1753 inaug-pun
2392 1677 2606 1751 ἔκυπῦς,
2637 1682 2677 1735 εἰ

271 1754 641 1836 ἔτιμοςοῦμιθι,
671 1758 820 1815 ἀλλὰ
860 1756 997 1830 μένοι
1034 1762 1072 1815 ti
1108 1757 1362 1828 ἔπιφῧναι
1402 1759 1471 1815 τὸ
1498 1758 1846 1838 ἅμαῃῆμκτα
1876 1758 2207 1833 ὅβουλῆδιμσν,
2246 1763 2284 1815 u’
2330 1756 2676 1815 κατεδικάσω

269 1839 483 1909 δικ-οὖς,
524 1844 562 1895 ri
596 1840 911 1908 καταγνὸναιι
948 1841 1039 1895 τῶν
1088 1837 1585 1914 πτλημμιλημὶνω,
1627 1839 1997 1915 ἀπηλλάγημεν
2026 1836 2084 1897 ἅν
2108 1842 2200 1899 καὶ
2226 1844 2307 1903 τῖς
2339 1840 2556 1913 ἐνταῦθα,
2586 1842 2677 1897 ιιι)

268 1923 353 1982 τὶῐς
382 1918 527 1975 ἐκεῖσε
563 1925 816 1998 τιμοςίας,
848 1917 979 1976 Non
1008 1917 1175 1993 dixit,
1206 1918 1259 1976 si
1295 1919 1712 1995 castigaremus
1739 1938 1846 1977 nos
1892 1920 2067 1997 ipsos,
2099 1920 2151 1977 si
2191 1919 2542 1996 puniremus,
2575 1920 2679 1978 sed

271 1997 457 2054 solum
487 1998 536 2055 si
554 1997 837 2055 vellemus
858 2016 1171 2072 agnoscere
1193 2005 1446 2074 peccata,
1472 1998 1523 2055 si
1550 1998 1832 2074 nosipsos
1851 1998 2250 2072 condemnare,
2275 2000 2326 2057 si
2354 1999 2426 2056 de
2448 1998 2677 2057 delictis

270 2074 417 2133 ferre
446 2076 807 2149 sententiam,
837 2076 1213 2134 liberaremur
1240 2077 1314 2133 ab
1342 2096 1412 2133 eo
1439 2075 1598 2151 quod
1626 2084 1685 2134 et
1711 2077 1806 2135 hie
1827 2085 1888 2135 et
1912 2078 2032 2135 illic
2061 2086 2149 2136 est
2178 2077 2512 2153 supplici0.’'
2581 2077 2678 2135 Ita

272 2154 549 2213 Claudius
579 2153 928 2213 Guillaudus
955 2173 1032 2211 ex
1054 2152 1441 2229 AdversariiS,
1477 2157 1512 2187 ‘⁴
1532 2154 1689 2212 Dum
1709 2155 2056 2231 judicamur,
2081 2175 2196 2213 non
2218 2156 2360 2213 dicit
2385 2154 2672 2231 punimur,

268 2253 389 2291 non
414 2252 615 2309 poenas
645 2233 865 2308 damus,
896 2232 1001 2291 sed
1028 2233 1367 2309 corripimur
1392 2240 1452 2291 et
1478 2232 1789 2309 erudimur,
1819 2241 1886 2292 ut
1911 2234 2180 2293 ostendat
2204 2234 2311 2292 has
2339 2234 2676 2294 afflictiones

275 2312 511 2391 (quibus
558 2312 653 2371 hic
694 2312 947 2391 judicari
971 2332 1010 2371 a
1039 2311 1290 2371 Domino
1334 2312 1594 2388 dicimur,
1635 2312 2046 2373 admonitionis
2093 2334 2220 2373 esse
2264 2314 2469 2391 magis,
2499 2334 2676 2390 quam

272 2392 677 2468 damnationis,
721 2392 1023 2452 medicinae
1065 2412 1238 2471 quam
1284 2393 1569 2471 supplicii,
1600 2392 1971 2455 correctionis
2015 2413 2188 2473 quam
2236 2398 2474 2472 poenoe.”
2519 2394 2678 2453 Hinc

272 2484 363 2533 est
404 2473 563 2551 quod
605 2474 648 2533 J
652 2473 907 2532 udicium
950 2473 1175 2533 dicatur
1225 2474 1530 2551 “incipere
1578 2492 1615 2532 a
1660 2473 1835 2534 domo
1886 2474 1992 2533 Dei
2020 2476 2076 2552 ;’'
2121 2474 2270 2550 Quia
2315 2473 2452 2535 licet
2497 2476 2678 2534 totius

272 2554 477 2612 mundi
523 2555 566 2614 J
568 2554 726 2614 udex
755 2555 831 2614 sit
860 2554 1039 2629 Deus,
1070 2554 1395 2633 specialiter
1421 2563 1615 2614 tamen
1658 2554 2082 2633 providentiam
2119 2575 2282 2615 suam
2323 2557 2386 2615 in
2417 2556 2682 2615 Ecclesia

271 2635 402 2693 vult
430 2635 684 2713 agnosci,
718 2636 799 2694 ita
823 2642 891 2693 ut
918 2634 1185 2694 videatur
1211 2633 1636 2712 quodammodo
1664 2635 1924 2713 reprobis
1961 2655 2212 2713 parcere,
2244 2644 2414 2712 prout
2440 2636 2501 2693 in
2528 2637 2678 2695 elec·

268 2722 363 2773 tos
391 2735 628 2775 severus
656 2724 777 2791 est;
824 2714 908 2773 Ut
934 2713 1347 2791 paterfamilias
1372 2715 1434 2771 in
1456 2732 1591 2773 suos
1618 2716 1813 2790 potius
1829 2733 2076 2791 quorum
2103 2715 2452 2790 singularem
2481 2736 2678 2774 curam

271 2795 464 2870 habet,
496 2815 670 2872 quam
695 2795 757 2851 in
786 2813 985 2853 servos
1013 2801 1072 2853 et
1098 2794 1317 2852 alienos
1344 2791 1753 2851 animadvertit
1777 2816 1792 2852 ε
1835 2794 1930 2851 Ita
1959 2793 2120 2851 Deus
2140 2794 2363 2869 judicia
2401 2813 2506 2853 sua
2531 2803 2678 2853 tem·-

248 2882 451 2951 ·perat,
474 2881 541 2932 ut
568 2872 843 2949 reprobos
870 2872 971 2948 qui
998 2872 1153 2931 servi
1182 2880 1317 2931 sunt
1347 2871 1581 2929 Diaboli
1597 2878 1659 2929 et
1677 2872 1900 2948 peccati
1926 2871 2216 2947 relinquat
2231 2890 2384 2949 saepe
2406 2872 2530 2931 sine
2560 2873 2675 2931 dis-

272 2952 485 3029 ciplina
512 2960 571 3011 et
597 2952 780 3010 multa
807 2970 1005 3009 eorum
1034 2951 1251 3009 scelera
1276 2951 1485 3009 toleret
1510 2957 1571 3008 et
1608 2948 1686 3007 ad
1713 2969 1784 3008 ea
1809 2951 1994 3009 veluti
2021 2951 2345 3026 conniveat,
2381 2951 2500 3010 Sed
2525 2950 2678 3010 filios

270 3050 406 3091 suos
428 3050 573 3109 quos
609 3051 729 3108 prae
772 3030 997 3089 caeteris
1043 3029 1253 3107 diligit,
1302 3030 1623 3107 promptius
1667 3029 1841 3089 etiam
1889 3030 2138 3107 corripit,
2169 3048 2286 3088 non
2313 3030 2486 3090 modo
2541 3032 2680 3108 quia

267 3120 577 3189 peccantes
625 3110 905 3170 adversus
950 3110 1225 3187 majorem
1269 3110 1476 3181 lucem,
1521 3108 1711 3186 magis
1754 3107 1928 3167 etiam
1959 3109 2147 3169 Deum
2195 3108 2528 3187 offendunt;
2572 3112 2678 3170 sed

273 3192 445 3250 etiam
474 3191 613 3269 quia
638 3210 785 3268 quos
811 3190 1065 3250 tenerius
1092 3196 1249 3249 amat
1276 3208 1375 3249 eos
1403 3188 1741 3265 diligentius
1785 3189 2069 3267 castigare
2109 3190 2258 3249 solet
2282 3198 2349 3249 ut
2375 3191 2452 3250 ad
2476 3192 2678 3250 melio·

271 3291 395 3330 rem
420 3271 649 3349 frugem
674 3269 929 3345 redeant,
960 3277 1020 3330 et
1061 3270 1383 3329 sanctitatis
1431 3286 1550 3327 suae
1592 3268 1738 3327 fiant
1761 3268 2088 3347 participes,
2120 3269 2275 3331 Heb.
2303 3271 2409 3331 xii.
2455 3273 2547 3348 10,
2582 3274 2676 3347 11,

272 3351 532 3429 nihilque
560 3352 622 3410 in
650 3351 821 3410 domo
853 3350 964 3411 Dei
1008 3357 1271 3411 occurrat
1312 3348 1470 3428 quod
1496 3348 1645 3409 tanti
1673 3348 1944 3410 Numinis
1983 3350 2220 3429 puritati
2247 3360 2307 3411 et
2333 3352 2534 3430 gloriae
2561 3372 2680 3411 non

270 3452 365 3491 res
404 3432 633 3492 ondeat.
1298 3474 1327 3491 ,

354 3453 615 3572 {XIX
669 3512 929 3571 Vindicta
954 3530 1125 3589 porro
1169 3510 1273 3571 illa
1298 3510 1373 3571 de
1398 3531 1516 3589 qua
1559 3511 1818 3589 loquitur
1861 3512 2090 3591 Apost.,
2122 3517 2159 3572 2
2190 3512 2320 3572 Cor.
2361 3512 2464 3571 vii.
2498 3514 2590 3587 11,
2621 3522 2681 3573 et

272 3611 445 3669 quam
474 3592 624 3651 inter
649 3593 872 3651 fruetus
898 3592 1168 3651 salutaris
1194 3592 1547 3669 poenitentiae
1574 3592 1766 3667 refert,
1798 3594 2142 3653 sententiam
2172 3591 2674 3667 Adversariorum,

272 3680 339 3731 ut
364 3672 657 3749 pertendit
684 3672 977 3749 Bellarm„
1008 3672 1345 3731 confirmare
1371 3691 1489 3730 non
1516 3675 1753 3749 potest?
1793 3673 1944 3731 Nam
1993 3672 2116 3731 sive
2157 3671 2550 3748 intelligamus
2576 3691 2682 3749 per

273 3772 399 3810 eam
432 3750 617 3831 (quod
641 3752 781 3811 facit
806 3754 991 3829 major
1036 3772 1171 3830 pars
1216 3752 1622 3829 Interpretum,
1653 3770 1786 3810 cum
1814 3750 2153 3889 Veteribusz
2201 3752 2680 3811 Excommunica·

274 3832 437 3891 rioms
462 3832 789 3891 sententiam
816 3851 947 3909 quse
976 3852 1013 3891 a
1040 3832 1353 3893 Corinthiis
1379 3831 1441 3890 in
1468 3830 1856 3890 incestuosum
1900 3852 1975 3890 ex
2006 3830 2128 3891 Pau
2154 3831 2175 3889 i
2201 3829 2534 3909 praescripto
2559 3830 2683 3890 lata

273 3911 493 3987 fuerat3
538 3912 681 3987 sive,
712 3911 871 3989 quod
897 3911 998 3970 alii
1039 3912 1263 3987 volunt,
1291 3912 1605 3970 referamus
1650 3929 1778 3969 eam
1811 3911 1888 3970 ad
1915 3912 2238 3971 exercitium
2255 3911 2594 3988 pernitentiis
2623 3919 2684 3971 et

274 3992 655 4065 contritionis,
686 4012 800 4069 qua
826 3992 1002 4051 homo
1020 4000 1289 4070 peccator
1315 3990 1427 4051 sibi
1461 3990 1732 4050 irascitur
1755 3999 1816 4051 et
1839 3991 1904 4050 in
1951 3992 2204 4069 seipsum
2256 3990 2682 4069 quodammodo

274 4072 445 4131 saevit
472 4072 546 4129 ob
574 4072 791 4130 crimen
838 4071 1153 4130 admissum
1178 4093 1193 4145 3
1252 4070 1414 4129 nulla
1456 4070 1554 4129 hic
1605 4070 2028 4131 Satisfactionis
2075 4070 2287 4148 poterit
2339 4088 2467 4129 esse
2515 4071 2681 4131 ratio.

274 4150 425 4209 Nam
452 4160 719 4229 respectu
744 4151 952 4228 prioris
998 4150 1137 4210 licet
1164 4151 1704 4210 Exeommunicatio
1737 4170 1974 4228 pennam
2009 4151 2218 4210 inferat
2248 4150 2594 4211 Canonicam
2623 4159 2683 4211 et

276 4230 745 4290 Ecclesiasticam
774 4231 850 4289 ad
878 4230 1137 4290 scandali
1162 4230 1579 4308 reparationem
1607 4239 1668 4291 et
1693 4232 2042 4309 exemplum,
2080 4250 2198 4289 non
2235 4238 2428 4307 potest
2462 4232 2686 4290 censeri

272 4319 467 4370 tamen
488 4330 660 4389 poena
688 4310 1069 4371 satisfactoria
1084 4318 1349 4388 respectu
1377 4310 1508 4385 Dei,
1527 4310 1599 4369 de
1622 4330 1737 4389 qua
1757 4312 2033 4388 quaeritur
2054 4332 2068 4387 3
2115 4309 2266 4384 Quia
2285 4309 2598 4370 satisfactio
2619 4310 2688 4371 fit

273 4411 379 4469 pro
406 4399 645 4468 peccato
674 4392 841 4470 cujus
860 4392 986 4468 jam
1034 4390 1277 4449 remissa
1320 4397 1409 4449 est
1456 4390 1660 4467 culpa;
1707 4391 1793 4451 At
1839 4390 2324 4450 excommunicati
2370 4391 2542 4468 culpa
2567 4410 2686 4451 non

274 4470 587 4532 remittitur
634 4471 818 4531 donec
865 4468 1479 4530 excommunicationis
1532 4470 1784 4529 vinculis
1827 4472 2122 4531 solvatur:
2164 4472 2315 4530 Tum
2369 4470 2686 4531 satisfactio

274 4552 487 4612 dicitur
515 4572 661 4630 opus
686 4551 1039 4611 laboriosum
1069 4569 1106 4609 a
1130 4556 1431 4629 peccatore
1476 4558 1680 4626 sponte
1709 4560 2040 4629 susceptum
2084 4552 2158 4611 ad
2187 4550 2537 4629 expiandum
2565 4572 2686 4629 poe-

274 4652 407 4691 nam
437 4632 830 4711 temporalem,
861 4629 1017 4709 quod
1045 4630 1119 4691 de
1140 4628 1734 4689 excommunicatione
1755 4651 1926 4691 nemo
1947 4631 2178 4693 dixerit.
2263 4632 2396 4691 Non
2423 4642 2690 4711 respectu

2255 4712 2374 4769 ΞΥ
