3234 5192
298 314 531 357 msrur.
562 290 725 375 xum]
960 313 1037 353 nr.
1068 311 1549 353 sarrsrsc'rmms
1576 312 1815 355 cums-n
1843 313 2162 355 venture.
2597 294 2712 360 463

296 477 409 536 que
438 456 550 516 sibi
580 455 828 514 invicem
857 452 1097 513 uniendi
1122 462 1285 513 erant
1316 452 1373 511 in
1402 474 1582 513 unum
1610 473 1820 531 corpus
1847 454 2158 531 mysticum
2185 461 2251 515 ut
2277 465 2516 533 possent
2541 459 2714 518 ambo

303 538 466 597 velut
494 538 555 595 in
580 554 761 595 unum
790 554 999 611 corpus
1040 534 1324 611 compacti
1356 534 1481 596 Deo
1524 554 1627 612 per
1656 534 1870 593 Christi
1912 555 2140 595 crucem
2181 536 2573 614 reconciliari;
2621 539 2718 600 Ita

305 617 518 677 eximie
550 616 765 675 Paulus
794 635 953 673 more
982 634 1087 673 suo
1126 613 1385 673 ordinem
1414 622 1473 673 et
1499 614 1736 673 modum
1773 615 1940 675 istius
1981 616 2463 677 reconciliationis
2504 618 2716 677 utrius·-

306 718 419 776 que
449 704 629 755 notat.
714 695 910 754 Primo
940 695 1093 753 enim
1122 694 1293 753 docet
1319 694 1609 771 quomodo
1640 694 1904 753 Christus
1942 695 2194 773 seipsum
2224 697 2350 756 Deo
2381 696 2439 755 in
2469 697 2718 757 hostiam

304 778 499 835 vivam
531 784 588 835 et
616 784 872 835 sanctam
914 773 1208 835 offerendo
1250 773 1545 833 sacrificiis
1587 774 1856 834 omnibus
1885 776 2164 835 Mosai‘eis
2203 776 2378 835 finem
2424 776 2717 855 imposuit,

309 856 657 933 umbrasque
684 855 1075 932 praecedentes
1104 854 1162 912 in
1186 873 1441 931 corpore,
1467 862 1640 931 typos
1663 854 1722 913 in
1751 855 2012 930 veritate,
2037 856 2385 933 terminavit,
2409 857 2566 935 quod
2594 858 2720 936 ipse

312 938 419 997 sub
447 936 637 1014 ipsum
666 935 867 993 mortis
896 934 1201 995 articulum
1232 942 1352 992 tum
1382 953 1527 992 voce
1564 942 1686 993 tum
1718 933 1870 995 facto
1899 944 2142 995 testatus
2171 945 2276 1011 est,
2321 958 2452 997 cum
2481 946 2539 999 et
2571 939 2718 999 Con-

310 1025 645 1076 summatum
672 1036 787 1075 esse
808 1013 959 1073 dixit
986 1023 1045 1073 et
1073 1014 1133 1073 vi
1162 1034 1267 1073 sua
1294 1013 1495 1073 divina
1514 1013 1715 1091 templi
1738 1014 1984 1075 aulaeum
2006 1035 2042 1075 a
2062 1036 2286 1075 summo
2307 1018 2382 1075 ad
2403 1018 2582 1077 imum
2605 1019 2721 1081 dis-

312 1097 559 1174 cerpsit3
592 1095 818 1154 Deinde
848 1094 1075 1154 sublato
1097 1093 1199 1152 illo
1226 1094 1445 1171 pariete
1465 1094 1736 1153 mediano
1753 1094 1852 1171 qui
1870 1096 1910 1155 J
1915 1096 2114 1157 udaeos
2141 1116 2178 1154 a
2199 1098 2488 1157 Gentibus
2515 1098 2722 1159 dister-

311 1176 587 1253 minabat,
618 1185 891 1251 utrosque
920 1175 1083 1234 velut
1110 1174 1171 1231 in
1198 1194 1374 1233 unum
1406 1193 1646 1251 gregem
1673 1183 1733 1233 et
1757 1174 1818 1231 in
1847 1195 2024 1235 unum
2044 1196 2252 1253 corpus
2281 1177 2342 1235 in
2369 1178 2560 1255 seipso
2587 1199 2723 1239 eon-

303 1256 507 1333 junxit
534 1264 705 1333 atque
734 1255 1057 1331 compegit3
1106 1253 1372 1331 Denique
1402 1254 1485 1312 sic
1514 1254 1571 1311 in
1602 1253 1728 1331 ipso
1757 1255 2094 1333 conjunctos
2125 1257 2253 1315 Deo
2285 1256 2442 1315 Patri
2470 1260 2724 1319 reconci-

310 1335 515 1409 liavit3
560 1335 745 1411 quue
772 1342 839 1393 ut
864 1334 1127 1413 proxime
1156 1334 1395 1412 subjicit
1411 1353 1525 1409 per
1550 1354 1768 1393 crucem
1789 1354 1950 1393 suam
1971 1335 2050 1393 id.
2079 1355 2182 1412 per
2209 1336 2550 1397 sacrificium
2576 1338 2726 1397 illud

316 1418 577 1474 ἱλαπιιὶι
603 1414 665 1471 in
692 1434 860 1473 cruce
890 1413 1164 1489 oblatum,
1199 1433 1375 1473 unam
1416 1433 1624 1491 nempe
1661 1414 1954 1473 victimam
1983 1436 2087 1491 pro
2115 1416 2382 1479 omnibus
2411 1417 2722 1493 offerendo,

316 1516 434 1554 uno
462 1514 663 1553 omnes
700 1493 885 1571 pretio
926 1493 1128 1553 mortis
1171 1493 1392 1553 scilicet
1434 1512 1553 1553 suae
1594 1494 1799 1553 merito
1839 1494 2209 1571 redimendo;
2256 1496 2534 1571 Quamvis
2571 1499 2724 1561 enim

316 1576 443 1634 haec
497 1573 814 1651 redemptio
869 1581 927 1634 et
1006 1573 1399 1633 reconciliatio
1452 1593 1573 1632 non
1628 1574 1800 1633 simul
1855 1575 2122 1634 omnibus
2175 1576 2379 1637 eodem
2433 1586 2739 1639 momento·

318 1656 738 1716 communicata
763 1654 936 1715 fuerit
962 1662 1135 1731 atque
1172 1654 1402 1731 collata,
1446 1654 1930 1731 quemadmodum
1973 1675 2079 1715 nec
2121 1676 2321 1717 omnes
2359 1656 2532 1717 simul
2560 1659 2730 1719 electi

316 1736 378 1795 in
406 1736 622 1794 mundo
650 1734 959 1809 vivebant3
1011 1735 1137 1793 haec
1174 1734 1368 1793 omnia
1405 1742 1601 1793 tamen
1645 1734 1816 1795 simul
1842 1755 1958 1795 uno
2001 1734 2318 1813 eodemque
2347 1744 2480 1797 actu
2509 1746 2728 1815 tempo·-

317 1816 511 1893 risque
539 1822 830 1875 momento
870 1814 933 1873 in
974 1834 1173 1875 eorum
1216 1814 1461 1891 gratiam
1490 1834 1526 1874 a
1554 1814 1784 1875 Christo
1825 1815 2084 1893 praestita
2119 1824 2180 1877 et
2218 1825 2452 1894 peracta
2477 1816 2727 1880 fuerunt.

318 1896 443 1955 Nec
471 1894 851 1955 omittendum
889 1893 1047 1971 quod
1086 1893 1249 1955 addit
1290 1893 1365 1952 ad
1403 1895 1682 1971 majorem
1721 1894 1881 1953 modi
1921 1895 2090 1955 istius
2131 1896 2576 1959 declarationem
2617 1899 2730 1959 hoc

317 1976 533 2035 factum
562 1994 707 2051 esse,
729 1975 1039 2053 peremptis
1066 1973 1125 2033 in
1152 1995 1221 2033 ea
1239 1973 1461 2033 scilicet
1478 1993 1648 2032 cruce
1665 1974 1978 2049 inimicitiis,
2000 1972 2078 2035 id‘.
2108 1978 2360 2053 peccatis
2387 1978 2602 2037 nostris
2628 1998 2732 2056 per

318 2056 659 2133 sanguinem
688 2074 857 2113 suum
885 2053 1133 2134 expiatis
1202 2072 1291 2125 uae
1318 2052 1649 2111 inimicitias
1690 2053 1823 2113 illas
1859 2054 2009 2115 inter
2037 2056 2226 2116 Deum
2255 2065 2316 2117 et
2341 2058 2603 2117 homines
2631 2079 2728 2134 pe-

318 2143 539 2213 perant,
554 2134 625 2193 de
643 2134 716 2193 iis
744 2134 957 2211 quippe
984 2073 1375 2209 loquiffipost.
1394 2152 1487 2191 res
1508 2131 1636 2208 ipsa
1656 2140 1714 2191 et
1730 2132 2040 2198 verborum
2057 2134 2236 2196 series
2257 2135 2446 2211 docet,
2456 2138 2732 2213 quemad-

317 2214 551 2273 modum
583 2214 755 2289 enim,
785 2232 906 2270 ver.
940 2213 1031 2287 15,
1063 2210 1297 2271 modum
1328 2211 1658 2274 ostenderat
1685 2232 1800 2289 quo
1827 2232 1945 2291 pax
1975 2213 2124 2273 inter
2139 2214 2386 2277 Judaeos
2411 2223 2730 2294 gentesque

320 2293 626 2354 conciliata
652 2293 858 2369 fuerat,
888 2299 1108 2353 remoto
1158 2290 1379 2353 scilicet
1419 2292 1833 2369 impedimento
1875 2302 2154 2372 septoque
2195 2294 2410 2357 rituum
2456 2296 2732 2374 legalium

320 2374 429 2433 hos
457 2374 529 2431 ab
559 2372 675 2433 illis
698 2371 1000 2434 dirimente
1019 2370 1177 2450 quod
1198 2374 1406 2450 Apost.
1428 2382 1601 2433 vocat
1619 2374 1808 2455 ἔχθραν,
1831 2373 1912 2435 ita
1931 2374 2028 2434 hic
2045 2375 2254 2437 modus
2269 2376 2596 2437 declaratur
2616 2398 2732 2454 quo

320 2476 424 2535 per
452 2453 685 2514 unicum
714 2453 859 2512 illud
890 2452 1107 2513 Christi
1134 2452 1477 2513 sacrificium
1506 2474 1623 2531 pax
1651 2456 1802 2515 inter
1831 2454 2020 2515 Deum
2050 2464 2108 2518 et
2135 2457 2398 2519 homines
2427 2457 2736 2519 conciliata

322 2536 413 2611 sit,
446 2534 570 2594 scil.
600 2555 675 2593 ex
716 2534 849 2593 iatis
877 2534 978 2593 illo
1008 2534 1287 2599 sacrificio
1316 2534 1664 2612 abolitisque
1703 2556 1939 2613 prorsus
1977 2537 2232 2599 omnium
2261 2537 2574 2599 electorum
2599 2558 2732 2615 pec-

323 2616 469 2675 catis
498 2637 627 2693 quse
698 2615 865 2685 ebilis
892 2616 1049 2675 illius
1078 2614 1314 2674 divortii
1343 2623 1401 2674 et
1426 2614 1858 2675 inimicitiarum
1887 2637 2060 2677 eausa
2087 2618 2421 2677 extiterunt.
2483 2618 2580 2679 Ex
2607 2619 2733 2694 qui-

322 2696 432 2755 bus
460 2704 618 2774 patet
645 2715 942 2773 perperam
986 2694 1377 2757 adversarium
1422 2715 1457 2753 a
1496 2696 1782 2771 positione
1810 2696 1985 2755 unius
2022 2697 2506 2757 reconciliationis
2533 2697 2608 2755 ad
2636 2718 2733 2757 ne-

323 2777 615 2855 gationem
646 2775 883 2833 alterius
924 2774 1333 2851 argumentari,
1378 2794 1509 2833 cum
1550 2774 1966 2852 inseparabiles
1993 2775 2108 2833 sint
2137 2784 2196 2834 et
2223 2776 2297 2834 ab
2327 2775 2614 2851 Apostolo
2643 2776 2738 2837 hic

322 2864 753 2915 connectantur.

408 2934 536 2991 LV.
585 2933 701 2991 Sed
727 2952 843 2990 non
871 2931 1097 2991 felicius
1124 2951 1245 2990 rem
1273 2932 1582 3008 exequitur
1608 2950 1682 2989 ex
1711 2930 1948 2990 alterius
1975 2931 2090 2991 loci
2137 2932 2400 3007 paralleli
2435 2931 2511 2991 ad
2541 2932 2663 2993 Col.
2693 2934 2734 2993 i.

326 3014 405 3072 20
434 3011 907 3087 consideratione,
940 3031 1111 3087 quem
1140 3010 1212 3069 de
1241 3008 1708 3069 reconciliatione
1736 3010 2034 3068 hominum
2077 3031 2208 3071 cum
2238 3012 2464 3089 angelis
2492 3012 2736 3089 aliisque

328 3090 604 3152 creaturis
632 3110 747 3149 non
775 3110 915 3149 vero
944 3111 1077 3149 cum
1107 3090 1233 3149 Deo
1262 3108 1434 3167 agere
1462 3090 1751 3166 pertendit
1773 3089 1946 3149 etiam
1975 3110 2050 3149 ex
2078 3100 2405 3154 nostrorum
2433 3094 2736 3157 sententia.

330 3172 563 3232 Certum
592 3168 855 3249 equidem
904 3170 999 3229 hic
1029 3170 1089 3232 in
1117 3168 1281 3229 varia
1328 3168 1484 3227 abire
1534 3170 1912 3247 interpretes:
1958 3170 2250 3245 Quosdam
2279 3172 2354 3231 ad
2404 3174 2736 3233 reconcilia·

327 3254 541 3313 tionem
586 3272 717 3311 cum
758 3250 983 3329 angelis
1031 3250 1155 3309 haec
1200 3249 1381 3309 verba
1432 3248 1662 3327 referre,
1709 3249 1854 3309 alios
1899 3250 2157 3311 divinam
2197 3253 2370 3316 etiam
2413 3255 2737 3332 complecti.

335 3333 449 3395 Sed
473 3342 537 3393 ut
564 3332 708 3392 nihil
736 3332 997 3391 dicamus
1028 3330 1101 3388 de
1130 3330 1201 3389 iis
1228 3331 1329 3407 qui
1356 3350 1483 3389 eam
1512 3330 1963 3409 interpretantur
1983 3331 2056 3391 de
2086 3334 2549 3395 reconciliatione
2579 3356 2736 3397 crea·

330 3423 587 3475 turarum
617 3414 871 3473 omnium
908 3418 1032 3469 tum
1060 3410 1424 3470 rationalium
1454 3418 1573 3471 tum
1604 3411 1828 3470 ratione
1871 3410 2278 3473 destitutarum
2325 3435 2454 3475 cum
2487 3416 2631 3493 De0‚
2657 3417 2740 3477 ita

332 3503 398 3555 ut
425 3494 521 3553 hic
550 3514 665 3553 non
692 3492 957 3553 homines
985 3499 1209 3551 tantum
1239 3490 1343 3551 sed
1388 3500 1445 3551 et
1475 3492 1740 3570 Angelos
1769 3492 1885 3551 imo
1914 3500 1973 3551 et
2005 3500 2190 3555 totum
2219 3493 2498 3554 mundum
2539 3516 2738 3557 recon-

331 3574 563 3633 ciliasse
591 3575 817 3632 dicatur
846 3572 973 3631 Deo
1003 3571 1283 3647 ChristuS,
1317 3571 1602 3633 Homines
1644 3572 1876 3649 quidem
1917 3574 2158 3651 proprie
2205 3574 2462 3635 tollendo
2509 3576 2742 3638 illorum

330 3662 567 3731 peccata
594 3662 653 3712 et
684 3653 791 3711 Dei
822 3652 965 3710 iram
995 3660 1179 3711 ortam
1207 3672 1281 3710 ex
1310 3660 1563 3730 peccate,
1598 3650 1865 3730 Angelos
1885 3654 2178 3731 analoyice
2206 3655 2462 3714 tollendo
2491 3656 2740 3732 possibi-

330 3732 555 3791 litatem
583 3732 817 3791 labendi
845 3742 904 3791 et
932 3731 1261 3793 incurrendi
1296 3733 1439 3791 iram
1462 3732 1738 3809 divinam,
1787 3732 2061 3793 Universi
2079 3734 2256 3811 hujus
2277 3734 2598 3793 machinam
2630 3756 2740 3793 me-

334 3814 620 3889 taphorice
646 3812 946 3871 liberando
975 3832 1101 3871 eam
1130 3832 1165 3871 a
1194 3812 1471 3871 servitute
1500 3810 1886 3889 corruptionis
1915 3820 1974 3871 et
2001 3814 2358 3873 restituendo
2385 3814 2599 3873 nativae
2621 3835 2741 3881 sum

332 3892 652 3969 integritati
680 3900 739 3951 ct
766 3892 1197 3969 pulchritudini,
1230 3892 1400 3950 Rom.
1446 3892 1567 3951 viii.
1599 3895 1696 3966 20,
1748 3894 1844 3967 21,
1899 3890 2054 3971 (quae
2103 3902 2296 3953 tamen
2345 3895 2646 3969 sententia,
2679 3905 2746 3955 ut

334 3971 520 4031 obiter
548 3972 692 4029 illud
721 3972 997 4048 dicamne,
1028 3992 1217 4048 neque
1250 3971 1559 4049 Scripturas
1592 3970 1791 4049 phrasi
1817 3991 2006 4049 neque
2021 3972 2157 4031 huic
2183 3974 2312 4032 loco
2341 3974 2573 4033 videtur
2601 3975 2742 4035 satis

331 4052 680 4110 commodari
710 4069 897 4129 posse,
928 4072 1061 4111 nam
1092 4071 1220 4110 curn
1261 4052 1650 4111 reconciliatio
1694 4059 1754 4110 et
1799 4052 2122 4129 pacificatio
2159 4054 2482 4111 necessario
2531 4073 2746 4113 conno-

334 4139 458 4190 tent
492 4131 881 4192 ·offensionem
926 4140 985 4191 et
1026 4130 1385 4189 inimicitiam
1426 4130 1878 4205 antecedentem,
1927 4130 2146 4209 Angeli
2171 4140 2362 4191 autem
2399 4131 2550 4191 beati
2595 4133 2744 4195 nihil

332 4212 643 4289 quicquam
697 4210 813 4271 tale
870 4230 1124 4289 unquam
1180 4210 1541 4285 admiserint,
1584 4218 1807 4271 caeterae
1857 4229 1996 4271 vero
2053 4220 2328 4271 creaturae
2375 4211 2642 4270 inanimae
2683 4222 2743 4273 et

332 4292 517 4351 brutae
546 4292 721 4370 hujus
748 4311 866 4350 non
908 4291 1025 4350 sint
1066 4290 1389 4367 subjectum
1418 4287 1649 4363 ὃιιιτικὶι,
1689 4289 1792 4346 vix
1821 4297 1911 4347 est
1952 4289 2065 4348 nisi
2105 4288 2416 4349 admodum
2443 4316 2740 4373 aurumne-

330 4376 474 4438 ταῦς
504 4380 569 4433 ut
595 4371 951 4431 reconciliari
985 4370 1285 4429 dicantur:
1327 4378 1710 4447 praeterquam
1748 4368 1904 4446 quod
1937 4365 2232 4448 Scriptura
2274 4370 2566 4431 Christum
2595 4393 2741 4433 sem-

332 4474 436 4529 per
462 4453 697 4531 quidem
726 4452 1041 4525 hominum,
1089 4468 1381 4527 nunquam
1427 4469 1567 4508 vero
1618 4447 1980 4525 Angelorum
2031 4448 2412 4511 Mediatorem
2457 4453 2672 4529 statuit,
2709 4458 2740 4514 1

334 4532 483 4593 Tim.
515 4534 573 4593 ii.
607 4535 661 4607 5,
695 4532 851 4591 ch.
882 4532 962 4592 ix.
997 4528 1119 4611 15‚)
1150 4537 1216 4589 ut
1262 4528 1425 4606 nihil,
1477 4530 1730 4605 inquam,
1781 4549 1935 4589 nunc
1976 4530 2210 4607 quidem
2230 4530 2473 4593 ulterius
2514 4532 2586 4593 de
2633 4535 2744 4597 hac

333 4614 589 4673 virorum
640 4613 941 4673 doctorum
984 4610 1269 4671 sententia
1310 4608 1609 4671 dicamus:
1655 4608 1799 4685 Quis
1839 4610 2024 4671 nescit
2064 4631 2182 4671 non
2222 4632 2437 4689 paucos
2483 4614 2656 4676 etiam
2685 4624 2745 4677 et
