3234 5192
498 326 619 382 414
1046 341 1127 382 na
1154 338 1634 385 sarrsracnoms
1659 339 1897 384 cnara-n
1923 339 2342 384 messan-ra.
2507 319 2788 403 [maru-r..
2800 341 2908 388 111.

490 479 723 558 justitia
736 477 983 556 laeditur,
1003 487 1069 540 ut
1096 482 1219 560 ipse
1244 481 1535 560 loquitur;
1566 501 1746 562 quam
1773 504 1912 562 ergo
1929 485 2363 561 responsionem
2375 481 2662 560 suggerit,
2693 503 2766 544 ea
2783 483 2908 562 ipse

498 568 708 636 utatur,
760 560 1030 620 nimirum
1056 562 1168 621 etsi
1194 562 1411 621 nemini
1437 563 1654 623 faceret
1679 564 1951 644 injuriam
1977 572 2145 624 extra
2171 583 2251 639 se,
2283 562 2497 622 faceret
2523 563 2755 640 legibus
2781 584 2820 623 a
2845 585 2907 625 se

496 639 647 716 latis,
679 640 894 700 faceret
914 641 1159 718 justitiae
1208 661 1327 702 suae
1372 663 1548 720 quam
1590 644 1826 721 impune
1855 643 2070 705 offendi
2115 643 2452 720 neutiquam
2479 641 2664 720 decet,
2694 643 2909 704 faceret

496 720 651 781 bono
676 720 911 798 publico
940 722 1108 795 cujus
1134 729 1293 781 tutor
1318 730 1407 781 est
1434 731 1494 782 et
1520 723 1948 784 administrator
1995 725 2173 783 Deus.
2259 723 2436 783 Dices
2457 723 2542 782 sic
2571 722 2763 782 Deum
2791 733 2906 783 sta-

497 800 584 858 tui
632 799 881 860 ὑπιῖιθωου
908 808 968 860 et
996 805 1091 860 ὕει-ὃ
1119 801 1253 878 ripen
1280 803 1448 880 quasi
1490 803 1599 863 sub
1647 804 1838 863 aliena
1879 812 2162 881 potestate
2207 804 2556 863 constitutus
2600 802 2677 862 sit
2703 805 2805 881 qui
2831 824 2910 864 ex

499 879 747 939 formula
766 881 1030 959 judicare
1052 880 1295 942 debeat:
1328 883 1505 960 Resp.
1536 883 1686 960 Neg.
1717 883 1822 943 sed
1847 883 1984 943 licet
1999 883 2223 943 nullum
2245 892 2526 961 agnoscat
2554 885 2906 961 superiorem

499 959 577 1018 ad
603 978 775 1037 quem
824 960 901 1019 sit
946 961 1298 1038 provocatio,
1348 971 1544 1020 tamen
1587 982 1720 1022 eum
1765 965 1887 1041 ipse
1915 963 2028 1022 sibi
2055 963 2133 1023 sit
2181 963 2326 1039 Lex,
2357 971 2424 1022 ut
2454 982 2558 1040 per
2583 965 2906 1023 naturalem

500 1057 664 1098 suam
682 1039 971 1117 justitiam
1000 1060 1118 1099 non
1163 1049 1356 1118 potest
1395 1061 1511 1101 non
1558 1042 1723 1119 leges
1764 1063 1978 1120 ponere
2021 1049 2298 1102 creaturae
2341 1042 2693 1120 inteUigenti
2732 1044 2908 1119 juxta

499 1137 645 1198 quas
672 1120 855 1178 vitam
882 1127 941 1179 et
966 1137 1157 1180 mores
1182 1121 1278 1198 pie
1306 1128 1364 1180 et
1390 1122 1632 1180 honeste
1660 1123 1941 1198 instituat,
1973 1123 2057 1182 sic
2085 1143 2186 1200 per
2213 1122 2455 1181 eandem
2482 1141 2602 1180 non
2627 1131 2820 1200 potest
2844 1123 2906 1182 in

500 1199 621 1258 suis
641 1199 881 1277 judiciis
907 1220 944 1258 a
968 1199 1202 1278 legibus
1230 1201 1409 1260 semel
1432 1200 1569 1263 latis
1597 1202 1774 1280 abire,
1813 1203 1912 1263 vel
1939 1203 2098 1281 quod
2123 1201 2337 1262 insidet
2373 1201 2622 1281 justitiae
2651 1202 2906 1263 tribunal

500 1279 754 1358 seipsum
780 1280 1125 1359 abnegando
1154 1281 1436 1341 deserere.

580 1359 773 1418 XIII.
815 1357 917 1418 Ad
944 1361 1279 1438 secundum,
1313 1361 1569 1440 Disting.
1598 1364 1860 1439 homines,
1891 1362 2016 1422 Alii
2055 1371 2190 1422 sunt
2209 1362 2441 1439 privati,
2465 1362 2566 1421 alii
2593 1362 2654 1422 in
2671 1363 2904 1439 publica

498 1440 837 1498 authoritate
862 1442 1154 1517 constituti,
1184 1441 1399 1520 privati
1436 1461 1556 1501 non
1594 1449 1821 1502 tantum
1861 1451 2120 1520 possunt,
2165 1443 2271 1502 sed
2309 1450 2370 1501 et
2407 1443 2623 1502 debent
2661 1443 2904 1521 injurias

499 1519 612 1578 sibi
637 1520 831 1579 illatas
856 1521 1182 1580 condonare
1201 1544 1216 1598 ;
1258 1541 1379 1580 non
1399 1521 1482 1581 sic
1502 1522 1721 1599 judicis
1743 1529 1802 1582 et
1821 1523 2193 1600 magistratus
2214 1521 2316 1601 qui
2335 1542 2410 1581 ex
2429 1522 2614 1581 officio
2634 1530 2906 1582 tenentur

500 1619 562 1658 se
588 1599 851 1660 vindices
878 1608 938 1660 et
964 1601 1235 1662 custodes
1260 1602 1459 1679 legum
1499 1601 1774 1679 profiteri.
1859 1601 2139 1676 Quamvis
2186 1621 2327 1680 ergo
2361 1621 2624 1679 personae
2652 1603 2904 1678 privatoe

496 1677 671 1737 liceat
696 1679 792 1737 hic
820 1679 893 1739 de
913 1679 1047 1758 jure
1074 1700 1181 1740 suo
1209 1681 1413 1740 cedere
1454 1681 1612 1758 quod
1659 1681 1996 1759 plerumque
2025 1690 2115 1742 cst
2141 1683 2430 1741 charitatis
2447 1705 2473 1757 ;
2513 1681 2599 1740 At
2633 1699 2902 1755 personoe

496 1759 733 1834 publicoe
758 1758 1094 1818 renunciare
1113 1760 1237 1838 juri
1263 1780 1369 1819 suo
1391 1760 1549 1839 quod
1565 1767 1656 1820 est
1675 1761 1975 1838 reqimim's,
2006 1762 2320 1839 prasertim
2343 1761 2394 1820 si
2409 1759 2762 1820 renunciatio
2783 1759 2900 1819 ista

498 1837 622 1896 ullo
648 1836 823 1896 modo
852 1839 1020 1898 cedat
1047 1838 1109 1898 in
1136 1839 1411 1898 damnum
1437 1839 1577 1899 boni
1604 1840 1842 1917 publici,
1872 1859 1991 1900 non
2016 1841 2170 1900 licet.
2227 1845 2284 1899 2.
2330 1841 2464 1900 Non
2489 1839 2646 1899 valet
2665 1858 2901 1918 conseq.

498 1916 573 1976 ab
620 1917 952 1977 hominibus
994 1918 1071 1977 ad
1120 1918 1327 1995 Deum,
1377 1919 1644 1979 homines
1691 1920 1844 1979 enim
1891 1921 2157 1980 conservi
2201 1928 2337 1979 sunt
2383 1920 2622 1979 fratrum
2651 1937 2904 1996 suorum,

501 1996 664 2056 Deus
691 2005 885 2057 autem
914 1997 1181 2058 dominus
1206 2007 1267 2058 et
1284 1999 1510 2077 juder-3
1546 2001 1649 2077 jus
1677 2008 1871 2060 autem
1896 1999 2176 2078 puniendi
2223 1999 2311 2059 uti
2358 1999 2614 2058 diximus
2654 2018 2774 2057 non
2815 2007 2908 2059 est

498 2077 680 2153 partis
708 2075 940 2136 offensae
969 2099 1085 2156 qua
1110 2079 1262 2155 talis,
1314 2078 1419 2138 sed
1467 2099 1748 2158 supremae
1779 2085 2020 2161 ὑπιςοχὶῖς
2061 2088 2120 2139 et
2161 2079 2542 2154 authoritatis,
2573 2078 2726 2138 unde
2755 2086 2909 2138 recte

501 2157 785 2234 Laetant,
818 2160 857 2194 ‘⁴
882 2157 1184 2236 Surgimus
1228 2158 1303 2217 ad
1338 2159 1675 2235 vindictam,
1705 2179 1823 2219 non
1845 2163 1982 2239 quia
2001 2159 2128 2218 laesi
2149 2178 2366 2236 sumus,
2388 2159 2493 2218 sed
2519 2166 2584 2217 ut
2605 2157 2912 2236 disciplina

498 2245 777 2313 servetur,
808 2257 997 2298 mores
1024 2239 1403 2316 corrigantur,
1430 2239 1669 2298 licentia
1695 2239 2143 2318 comprimatur:
2191 2239 2338 2298 Haec
2365 2247 2456 2297 est
2481 2239 2568 2296 ira
2586 2237 2750 2315 justa
2775 2257 2906 2315 quae

502 2316 653 2376 sicut
680 2317 741 2374 in
766 2318 999 2376 homine
1020 2318 1345 2377 necessaria
1366 2326 1469 2393 est,
1496 2319 1580 2376 sic
1598 2319 1801 2397 utique
1822 2321 1884 2377 in
1906 2311 2034 2378 Deo
2055 2339 2092 2377 a
2108 2338 2223 2396 quo
2240 2318 2316 2377 ad
2331 2317 2623 2377 hominem
2643 2318 2908 2410 pervenit

498 2396 884 2473 exemplum.'’
940 2396 1108 2454 Laeso
1130 2395 1366 2474 quidem
1386 2405 1445 2456 et
1461 2396 1681 2456 offenso
1700 2398 1944 2458 debetur
1963 2397 2157 2458 damni
2174 2397 2321 2458 illati
2341 2398 2440 2457 vel
2455 2396 2516 2455 in
2534 2397 2704 2456 bonis
2725 2396 2819 2455 vel
2842 2397 2904 2455 in

498 2475 655 2533 fama
674 2474 980 2550 restitutiO,
1004 2475 1107 2534 sed
1135 2495 1252 2534 non
1280 2494 1452 2554 poena
1472 2475 1817 2537 offendentis
1834 2497 2008 2555 quam
2031 2478 2189 2538 solus
2207 2478 2441 2555 exigere
2469 2484 2663 2555 potest
2691 2476 2901 2554 magis—

496 2562 717 2631 tratus;
766 2553 909 2614 Ideo
936 2554 1198 2614 remissio
1226 2556 1351 2613 haec
1377 2555 1606 2633 proprie
1633 2557 1868 2634 respicit
1895 2577 2108 2616 noxam
2135 2577 2254 2616 non
2281 2558 2528 2635 culpam,
2559 2562 2618 2616 et
2643 2556 2905 2633 privatus

498 2653 629 2697 cum
652 2634 957 2711 condonat,
987 2634 1135 2694 nihil
1161 2635 1389 2713 proprie
1418 2635 1555 2695 facit
1580 2655 1755 2714 quam
1784 2637 2070 2715 deponere
2099 2657 2329 2697 sensum
2359 2655 2426 2696 ac
2451 2636 2787 2696 memoriam
2813 2636 2902 2694 in·-

490 2714 662 2793 juriae
691 2723 959 2794 acceptae,
988 2723 1057 2774 ut
1082 2714 1181 2774 vel
1209 2715 1401 2774 odisse
1430 2714 1673 2792 desinat,
1704 2716 1803 2776 vel
1842 2717 2046 2777 ulcisci
2073 2717 2321 2794 amplius
2347 2716 2510 2792 nolit,
2563 2716 2667 2776 sed
2709 2723 2903 2776 tamen

497 2814 614 2854 non
641 2802 833 2873 potest
879 2796 1280 2874 impunitatem
1327 2803 1601 2874 praestare
1629 2796 1726 2855 vel
1755 2817 1790 2855 a
1814 2805 1978 2874 parte
2009 2789 2121 2855 Dei
2148 2796 2246 2856 vel
2273 2817 2308 2855 a
2334 2803 2497 2873 parte
2527 2795 2904 2872 magistratus

496 2875 590 2953 cuj
598 2894 665 2934 us
692 2883 783 2935 est
802 2875 865 2934 in
892 2875 1111 2936 scelera
1131 2875 1605 2954 animadvertere,
1631 2875 1880 2936 offensas
1900 2895 2041 2954 ergo
2062 2875 2304 2936 remittit
2330 2875 2447 2953 ille,
2472 2875 2576 2936 sed
2593 2876 2757 2935 salvo
2763 2879 2904 2953 jure

498 2956 664 3030 tertii,
688 2956 801 3015 hoc
828 2963 920 3017 est
946 2955 1305 3034 superiorum
1334 2963 1393 3015 et
1416 2955 1547 3014 Dei.

578 3035 761 3096 XIV.
806 3034 907 3095 Ad
934 3037 1170 3096 tertium
1210 3036 1387 3114 Resp.
1439 3037 1491 3095 1.
1520 3039 1677 3096 lcum)
1701 3038 1757 3096 τὶ
1783 3038 1960 3114 βίαιον,
1993 3036 2078 3097 Ut
2103 3035 2392 3114 principes
2418 3043 2550 3095 utut
2575 3032 2902 3094 clementis·

497 3115 630 3174 simi
653 3135 773 3174 non
800 3125 1043 3192 possunt
1070 3123 1266 3175 tamen
1307 3134 1416 3175 nec
1463 3115 1680 3176 debent
1727 3118 1946 3176 scelera
1986 3115 2236 3194 plurima
2281 3115 2564 3194 impunita
2591 3115 2898 3189 dimittere,

496 3213 556 3252 v.
586 3213 644 3269 g.
675 3193 916 3253 crimina
940 3196 1097 3254 laesae
1123 3195 1462 3272 majestatis,
1494 3195 1605 3255 &m
1635 3198 1718 3255 ita
1743 3217 1852 3256 nec
1883 3197 2062 3258 Deus·
2145 3200 2202 3254 2.
2250 3195 2314 3254 Si
2339 3193 2628 3272 principes
2655 3193 2903 3271 gratiam

494 3271 684 3331 facere
709 3281 955 3350 possunt
980 3273 1342 3350 quorundam
1387 3273 1746 3351 delictorum,
1797 3295 1996 3335 eorum
2043 3282 2134 3334 est
2180 3283 2402 3335 tantum
2431 3294 2561 3352 quae
2589 3271 2904 3333 condonari

495 3359 741 3427 possunt
760 3351 979 3429 absque
1000 3351 1211 3428 injuria
1230 3352 1370 3412 boni
1384 3354 1619 3429 publici,
1645 3354 1728 3412 ita
1753 3363 1820 3414 ut
1846 3355 2165 3414 authoritas
2191 3354 2389 3432 legum
2407 3363 2638 3412 maneat
2657 3352 2900 3427 illibata,

495 3429 603 3490 sed
622 3429 853 3507 justitia
878 3449 995 3489 non
1022 3431 1241 3508 patitur
1266 3439 1331 3490 ut
1351 3433 1700 3492 extendatur
1719 3435 1872 3492 ultra
1887 3435 2084 3511 legum
2107 3435 2486 3512 positivamm
2505 3433 2898 3506 violationem,

494 3509 591 3568 vel
620 3529 721 3568 eos
752 3529 921 3570 casus
948 3517 1049 3569 aut
1076 3510 1356 3588 analogos
1382 3511 1595 3588 quibus
1623 3513 1798 3572 urbes
1839 3513 2054 3591 refugii
2081 3514 2189 3573 sub
2217 3515 2295 3573 V.
2325 3513 2394 3572 Τ.
2424 3531 2713 3572 concessae
2761 3511 2902 3571 olim

496 3589 780 3649 Israelitis
806 3589 1049 3665 fuerant,
1092 3608 1227 3650 nam
1266 3609 1345 3649 ex
1385 3589 1558 3650 officii
1598 3593 1953 3652 conscientia
1979 3601 2248 3653 tenentur
2272 3593 2478 3653 ulcisci
2505 3591 2744 3651 crimina
2770 3609 2901 3668 quse

493 3670 824 3764 impingunt
849 3670 911 3729 in
937 3670 1101 3748 leges
1126 3669 1417 3730 naturales
1445 3679 1505 3730 et
1530 3671 1778 3731 divinas.
1864 3676 1920 3733 3.
1965 3673 2180 3751 Dispar
2219 3681 2309 3732 est
2351 3671 2462 3732 Dei
2491 3680 2549 3731 et
2575 3671 2900 3749 priheipum

492 3757 658 3827 ratio,
714 3750 927 3829 quippe
970 3749 1034 3808 hi
1080 3757 1350 3809 tenentur
1396 3751 1686 3810 interdum
1731 3752 2095 3812 clementiam
2140 3772 2427 3826 exercere,
2457 3772 2532 3810 ne
2560 3751 2700 3810 dum
2727 3770 2903 3828 supra

493 3831 730 3890 modum
752 3831 902 3909 justi
928 3829 1117 3890 videri
1143 3829 1366 3906 volunt,
1414 3831 1679 3891 crudeles
1727 3841 2086 3906 censeantur,
2119 3830 2409 3910 addatque
2435 3832 2650 3891 saevitia
2675 3839 2743 3890 ut
2775 3829 2900 3890 Sal-

494 3911 631 3971 lust.
660 3911 723 3970 in
750 3911 793 3972 J
799 3911 1029 3987 ugurth.
1072 3918 1286 3987 monet,
1315 3912 1449 3989 plus
1477 3912 1694 3970 timoris
1735 3933 1905 3990 quam
1924 3911 2191 3988 potentiae
2210 3935 2235 3984 ;
2276 3919 2335 3971 at
2381 3912 2492 3988 ipsi
2536 3911 2901 3970 clementiam

494 4011 614 4050 non
638 3999 883 4070 possunt
911 4009 1180 4051 exercere
1200 3991 1343 4067 quin
1371 3991 1593 4068 aliquid
1618 3993 1918 4052 remittant
1945 3987 2018 4050 de
2039 3991 2305 4069 justitia3
2352 3991 2456 4050 sed
2495 3991 2664 4049 aliter
2703 4009 2766 4049 se
2807 4008 2900 4048 res

492 4071 669 4131 habet
696 4071 852 4152 apud
881 4071 1071 4131 Deum
1100 4070 1199 4148 qui
1222 4071 1305 4130 sic
1330 4071 1784 4131 misericordiam
1805 4091 2075 4131 exercere
2103 4079 2294 4149 potest
2313 4079 2380 4130 ut
2399 4091 2436 4129 a
2455 4070 2688 4148 justitia
2707 4077 2900 4128 tamen

494 4171 612 4210 non
640 4151 917 4212 discedat.
1002 4153 1059 4209 4.
1105 4149 1403 4228 Principes
1432 4152 1780 4230 quandoque
1826 4150 1960 4228 plus
2005 4150 2116 4209 sibi
2143 4150 2405 4210 tribuunt
2431 4151 2505 4210 de
2548 4150 2700 4208 facto
2728 4167 2902 4226 quam

494 4231 567 4291 de
590 4232 725 4309 jure
748 4232 904 4308 licet,
936 4249 1069 4289 nam
1100 4229 1150 4290 si
1176 4232 1533 4292 consulimus
1578 4232 1692 4291 Dei
1720 4231 1964 4290 verbum
2011 4230 2312 4289 constituti
2341 4238 2476 4290 sunt
2501 4237 2568 4289 ut
2595 4235 2908 4288 exerceant

484 4310 774 4388 judicium
801 4319 861 4371 et
878 4311 1186 4390 justitiam,
1218 4312 1256 4344 “
1278 4311 1510 4388 gladius
1536 4311 1682 4389 ipsis
1703 4331 1740 4371 a
1769 4311 1896 4370 Deo
1925 4309 2269 4369 commissus
2296 4318 2364 4369 ut
2400 4311 2516 4369 sint
2541 4309 2806 4367 vindices
2827 4307 2904 4366 ad

494 4391 638 4448 iram
686 4411 883 4450 eorum
926 4391 1027 4471 qui
1072 4390 1226 4450 male
1274 4389 1586 4469 fecerunt,'’
1635 4391 1803 4451 Rom.
1834 4391 1958 4450 xiii.
1989 4393 2046 4448 4.
2131 4390 2338 4467 Itaque
2387 4391 2581 4466 legum
2631 4387 2908 4448 custodes

494 4478 631 4528 sunt
656 4476 717 4527 et
743 4470 1020 4546 vindices,
1050 4490 1167 4530 non
1194 4479 1261 4529 ut
1288 4470 1360 4529 de
1388 4473 1461 4530 iis
1486 4472 1798 4550 disponant
1824 4479 1884 4529 et
1909 4470 2246 4547 dispensent
2267 4489 2370 4546 pro
2387 4470 2558 4528 libitu
2587 4468 2690 4528 sed
2716 4476 2782 4528 ut
2805 4486 2910 4526 eas

494 4548 791 4606 observari
817 4558 1034 4625 curent,
1058 4551 1235 4627 juxta
1254 4548 1400 4609 illud
1421 4551 1751 4626 Theodosii,
1779 4549 1882 4608 lib.
1905 4550 1987 4609 iv.
2011 4549 2175 4608 Codi.
2202 4549 2292 4608 De
2317 4549 2520 4632 Legib.
2545 4557 2604 4608 ct
2633 4547 2901 4622 Constit„

494 4629 532 4660 ‘⁴
556 4626 753 4702 Digna
780 4646 899 4685 vox
926 4636 1015 4686 est
1040 4629 1341 4707 majestate
1368 4631 1666 4706 regnantis
1691 4629 1924 4705 legibus
1960 4629 2262 4706 alligatum
2291 4647 2353 4688 se
2381 4629 2698 4707 principem
2725 4627 2904 4706 profi-
