3234 5192
477 337 554 394 58
1243 353 1323 394 m:
1353 353 1714 395 Necessariis
1744 350 2093 393 ssesssmxs
2499 325 2759 409 [ms-Pur.
2794 349 2879 392 ιη.

471 516 549 556 ex
576 515 692 572 qua
717 494 820 555 fiat
845 504 910 555 ut
938 495 1317 556 coadorentur
1349 496 1626 573 legitime,
1656 503 1941 572 quatenus
1962 492 2038 551 ad
2064 511 2244 552 unum
2270 489 2413 568 quid
2440 490 2879 569 apprehendun-

471 585 568 636 tur
594 576 1000 652 cnm-Christe,
1023 585 1083 636 et
1107 597 1286 636 unum
1315 577 1462 636 fiunt
1487 597 1620 636 cum
1647 577 1774 653 ipso
1804 573 2184 652 suppositum.
2268 571 2401 630 Non
2427 571 2615 648 magis
2643 570 2781 631 facit
2808 572 2883 630 ad

473 677 613 732 rem,
649 665 710 717 et
749 657 1120 716 falsissimum
1150 665 1256 716 est.
1302 657 1435 716 Non
1462 677 1744 734 negamus
1772 653 2007 732 quidem
2032 653 2159 712 dari
2184 651 2456 710 unionem
2484 651 2775 730 quandam
2820 652 2881 710 in

475 747 834 798 sacramento
889 737 1038 796 inter
1075 738 1340 814 symbola
1383 747 1443 798 et
1475 757 1596 796 rem
1639 735 2039 812 significatam,
2086 731 2189 792 sed
2228 732 2500 792 unionem
2526 733 2699 790 istam
2727 751 2883 792 mere

473 820 702 893 σχιτιιὲι
729 826 788 878 et
812 821 1277 876 sacramentalem
1304 837 1432 876 esse
1467 816 1879 894 pertendimus,
1910 834 2028 873 non
2067 833 2208 871 vero
2236 813 2333 870 vel
2348 812 2662 889 physicam,
2692 813 2883 890 qualis

473 907 564 958 est
589 898 838 975 partium
867 899 1018 956 inter
1045 915 1107 957 se
1135 897 1210 956 ad
1256 896 1723 957 constituendum
1770 895 2005 972 aliquod
2048 892 2447 971 compositum,
2478 892 2575 951 vel
2622 893 2880 968 hyposta-

475 980 659 1052 ticam,
707 977 896 1054 qualis
943 986 1032 1036 est
1079 987 1412 1036 naturarum
1467 978 1531 1036 in
1585 977 1834 1036 Christe.
1930 975 2139 1052 Itaque
2185 973 2352 1052 panis
2400 980 2461 1034 et
2506 972 2708 1032 vinum
2752 993 2883 1033 cum

474 1078 712 1136 corpore
759 1065 819 1116 et
861 1057 1144 1133 sanguine
1173 1057 1388 1118 Christi
1427 1058 1787 1116 constituunt
1812 1055 2046 1133 quidem
2086 1075 2267 1114 unum
2308 1061 2749 1129 sacramentum,
2780 1053 2884 1113 sed

475 1156 840 1214 nequaquam
868 1157 1046 1195 unum
1077 1137 1456 1216 suppositum,
1499 1137 1639 1216 quia
1677 1157 1783 1196 nee
1826 1136 2209 1196 essentialiter
2234 1155 2342 1193 nee
2368 1135 2747 1212 hypostatice,
2780 1134 2882 1194 sed

471 1217 714 1277 relative
743 1225 966 1276 tantum
996 1239 1126 1276 eum
1153 1239 1226 1278 eo
1253 1219 1545 1278 uniuntur.
1631 1222 1687 1276 2.
1732 1217 1886 1292 Quid
1914 1215 2071 1294 quod
2114 1216 2165 1274 si
2205 1213 2526 1274 accidentia
2550 1213 2718 1294 panis
2746 1235 2880 1273 con-

473 1299 783 1360 stituerunt
809 1318 989 1358 unum
1029 1319 1160 1358 cum
1205 1299 1433 1358 Christo
1483 1299 1861 1376 suppositum,
1892 1299 1990 1356 vel
2031 1305 2199 1356 erunt
2225 1294 2545 1354 accidentia
2571 1293 2755 1372 panis,
2785 1295 2882 1352 vel

471 1377 791 1440 accidentia
823 1379 1084 1456 eorporis
1122 1379 1354 1440 Christi.
1438 1380 1571 1438 Non
1607 1379 1785 1456 prius,
1833 1378 1971 1456 quia
2010 1397 2087 1436 ex
2128 1377 2357 1435 illorum
2398 1374 2725 1454 hypothesi,
2756 1395 2883 1434 esse

469 1459 774 1538 physicum
803 1460 970 1536 panis
1017 1468 1206 1520 cessat
1233 1461 1293 1518 vi
1336 1460 1801 1535 consecrationis,
1826 1459 1951 1537 jam
1981 1458 2272 1516 destructo
2320 1455 2703 1514 accidentium
2746 1455 2877 1514 sub-

463 1541 640 1617 ject0,
672 1539 746 1598 ab
774 1540 875 1599 illo
917 1559 1034 1599 non
1077 1540 1325 1617 amplius
1366 1539 1889 1598 denominationem
1936 1547 2180 1616 possunt
2216 1537 2493 1614 accipere.
2578 1535 2710 1593 Non
2744 1555 2879 1612 pos-

471 1619 668 1690 teriuS,
697 1619 834 1695 quia
859 1621 971 1678 hoe
997 1628 1167 1696 pacto
1190 1639 1396 1697 corpus
1427 1619 1642 1678 Christi
1668 1619 1969 1678 contrariis
1996 1617 2391 1677 accidentibus
2418 1615 2719 1689 substabit,
2744 1634 2880 1674 nam

469 1699 702 1757 visibile
729 1699 840 1758 erit
874 1707 934 1759 et
973 1699 1282 1773 invisibile,
1315 1697 1444 1775 ἄπα,
1474 1698 1623 1758 illud
1671 1697 1987 1758 secundum
2034 1698 2369 1772 accidentia,
2415 1697 2527 1756 hoc
2564 1693 2879 1756 seeundum

469 1787 733 1838 naturam
762 1787 820 1837 et
847 1786 1060 1837 statum
1098 1779 1160 1836 in
1187 1800 1304 1857 quo
1331 1787 1436 1855 est,
1467 1779 1625 1856 quod
1666 1799 1835 1838 nemo
1871 1798 1989 1838 non
2017 1778 2178 1836 videt
2218 1797 2343 1837 esse
2386 1775 2880 1836 absurdissimum.

472 1862 530 1920 3.
562 1858 827 1935 Denique
856 1877 933 1918 ex
960 1858 1070 1918 hoc
1113 1859 1547 1919 Pontificiorum
1575 1859 1886 1937 hypothesi
1912 1859 1985 1918 de
2026 1858 2409 1918 accidentium
2457 1857 2797 1916 inhaerentia
2822 1856 2883 1916 in

469 1939 772 2016 hypostasi
811 1938 1042 2015 Christi,
1085 1959 1244 1998 error
1290 1940 1472 2000 oritur
1499 1941 1907 2015 crassissimus,
1948 1939 2344 2013 incarnationi,
2376 1958 2505 2016 quae
2528 1937 2637 1997 suit
2662 1945 2883 1996 naturae

467 2019 736 2078 humanae
763 2019 1018 2096 gratiosa
1065 2019 1126 2078 in
1169 2020 1510 2099 hypostasin
1538 2020 1721 2079 Verbi
1762 2020 2097 2098 assumptiO,
2128 2020 2441 2079 accessisse
2480 2037 2695 2076 novam
2731 2017 2881 2076 acei-

469 2095 728 2158 dentium
745 2099 936 2237 lpanis-
965 2099 1026 2157 in
1055 2119 1216 2159 sacra
1244 2121 1408 2162 coena
1449 2100 1781 2176 iuva-berum,
1814 2110 2015 2160 contra
2042 2101 2220 2160 totius
2266 2099 2577 2178 Scripturas
2604 2097 2779 2158 fidem
2822 2106 2883 2156 et

470 2179 709 2238 rationis
769 2200 959 2240 umen.

551 2259 705 2317 XII.
753 2260 1020 2338 Denique
1064 2261 1140 2319 ad
1187 2262 1516 2339 exemplum
1565 2283 1669 2322 seu
1712 2262 2163 2336 similitudinem,
2214 2279 2329 2337 qua
2372 2259 2555 2320 utitur
2602 2259 2879 2318 Bellarm.

466 2340 718 2398 vestium
741 2340 971 2414 Christi,
1003 2361 1133 2418 quae
1160 2361 1292 2400 cum
1321 2343 1550 2402 Christo
1595 2342 2019 2420 quodammodo
2040 2341 2441 2415 adorabantur,
2486 2359 2543 2398 n.
2573 2339 2885 2400 salsissima

469 2439 601 2478 eum
629 2420 736 2478 niti
777 2421 1104 2498 hypothesi,
1157 2421 1322 2498 quasi
1359 2423 1460 2499 qui
1497 2422 1818 2482 adorabant
1846 2423 2155 2498 Christum,
2208 2420 2425 2480 Christi
2464 2429 2659 2480 vestes
2708 2419 2883 2480 etiam

469 2499 852 2560 adoraverint.
939 2501 1123 2560 Aliud
1164 2510 1254 2560 est
1299 2501 1552 2562 salutare
1592 2523 1791 2579 regem
1838 2523 2091 2581 purpura
2128 2501 2411 2576 indutum,
2442 2499 2603 2560 aliud
2630 2499 2884 2561 salutare

466 2580 652 2656 ipsam
699 2600 1028 2658 purpuram.
1112 2579 1299 2640 Aliud
1344 2583 1583 2642 adorare
1634 2583 1925 2642 Christum
1955 2583 2247 2657 vestitum,
2278 2579 2437 2640 aliud
2473 2582 2630 2660 ipsas
2668 2589 2880 2642 vestes.

470 2660 782 2737 Distingue
831 2662 1178 2720 adorationis
1205 2663 1486 2738 offlectam,
1518 2662 1673 2740 quod
1713 2671 1803 2722 est
1832 2663 2095 2723 Christus
2120 2664 2439 2744 &drogon-x,
2471 2671 2531 2722 et
2556 2662 2751 2739 objecti
2774 2665 2879 2720 ad-

451 2743 714 2816 junctam
755 2741 1162 2816 extrinsecum,
1194 2741 1353 2818 quod
1391 2743 1623 2802 fuerunt
1649 2751 1861 2802 vestes.
1914 2743 2026 2818 Qui
2050 2744 2341 2804 Christum
2369 2743 2645 2802 vestitum
2674 2741 2875 2801 adora·

466 2821 624 2896 bant,
653 2841 770 2880 non
799 2821 1031 2899 quidem
1053 2822 1338 2899 jubebant
1366 2843 1498 2883 eum
1526 2823 1787 2884 vestibus
1814 2821 2039 2899 nudari,
2070 2823 2279 2901 quibus
2301 2823 2537 2882 indutus
2564 2822 2691 2898 fuit,
2720 2830 2880 2880 ante·

467 2921 640 2979 quam
669 2901 974 2963 adorarent
995 2924 1012 2980 3
1041 2903 1270 2962 interim
1298 2903 1693 2964 adorationem
1714 2925 1877 2965 suam
1904 2924 2022 2963 non
2044 2903 2427 2964 terminabant
2446 2903 2523 2961 ad
2542 2911 2753 2978 vesteS,
2778 2901 2883 2961 sed

466 2982 542 3041 ad
591 2981 884 3043 Christum
930 2992 1174 3046 tantum.
1270 2984 1368 3044 Sic
1416 2985 1527 3046 etsi
1575 2993 1994 3064 supponeretur
2040 2983 2366 3044 adorandus
2413 2984 2475 3042 in
2524 2989 2882 3042 sacramento

465 3062 754 3140 quomodo
801 3065 1153 3140 pertendunt
1181 3065 1488 3142 Pontifieii,
1519 3085 1637 3126 non
1664 3075 1859 3126 tamen
1888 3067 2080 3144 ipsum
2122 3073 2541 3124 sacramentum
2580 3071 2885 3142 propterea

465 3150 622 3200 esset
668 3141 1043 3202 adorandum.
1129 3144 1319 3219 Quum
1346 3167 1486 3205 vero
1515 3147 1611 3205 hic
1640 3147 1875 3222 quidam
1912 3146 1989 3204 ad
2015 3165 2243 3205 earnem
2274 3143 2488 3203 Christi
2517 3143 2879 3280 eonfuffgiunt,

465 3220 632 3295 quasi
677 3221 876 3278 eadem
907 3223 984 3281 sit
1005 3224 1150 3281 ratio
1179 3225 1496 3299 specierum
1526 3234 1586 3284 et
1613 3227 1819 3300 carnis,
1850 3246 1980 3302 quae
2009 3225 2349 3284 coadoratur
2377 3223 2593 3298 Verbo,
2618 3223 2677 3282 bi
2702 3223 2881 3282 ariam

462 3307 734 3376 peccant:
787 3302 837 3357 1.
870 3299 1020 3371 Quia
1058 3320 1175 3358 non
1219 3311 1309 3360 est
1351 3323 1454 3378 par
1480 3303 1618 3362 unio
1668 3305 1985 3380 utriusque,
2016 3323 2149 3360 nam
2198 3310 2463 3380 respectu
2512 3303 2700 3360 carnis
2748 3322 2881 3360 eum

467 3376 665 3435 Verbo
695 3385 784 3435 est
823 3377 961 3437 unio
989 3379 1370 3456 hypostatica,
1401 3382 1505 3440 scd
1545 3391 1811 3458 respectu
1861 3382 2255 3458 symbolorum
2283 3390 2341 3440 et
2380 3379 2611 3456 Christi,
2654 3389 2880 3441 tantum

466 3457 898 3516 sacramentalis
924 3467 984 3516 et
1010 3459 1270 3534 relativa,
1301 3479 1430 3537 quse
1457 3460 1699 3537 proinde
1728 3481 1843 3520 non
1861 3469 2053 3538 potest
2079 3460 2265 3520 facere
2292 3481 2472 3520 unum
2500 3461 2879 3539 suppositum,

465 3546 532 3596 ut
571 3536 698 3613 jam
726 3536 965 3597 dictum.
1050 3543 1106 3598 2.
1141 3539 1496 3617 Supponitur
1543 3560 1773 3599 earnem
1816 3561 1941 3600 esse
1990 3540 2287 3618 proprium
2334 3541 2627 3618 objectum
2674 3541 2878 3602 adora-

465 3617 657 3692 tionis,
689 3617 846 3695 quod
885 3617 1003 3677 dici
1041 3639 1160 3679 non
1200 3628 1406 3697 potest,
1437 3620 1670 3698 quando
1698 3621 1844 3680 nihil
1872 3629 2127 3681 creatum
2174 3641 2277 3699 per
2324 3641 2387 3680 se
2430 3631 2519 3681 est
2566 3621 2879 3682 adorabile.

467 3697 724 3757 Persona
748 3700 976 3776 proprie
1004 3700 1277 3760 adoratur
1299 3722 1312 3776 ;
1345 3721 1518 3760 eausa
1545 3709 1779 3780 propter
1798 3722 1971 3780 quam
2000 3701 2271 3761 adoratur
2298 3711 2387 3762 est
2408 3701 2717 3780 divinitas3
2748 3723 2881 3762 caro

465 3786 554 3838 est
575 3777 721 3837 illud
749 3778 874 3838 sine
903 3799 1018 3858 quo
1045 3801 1161 3840 non
1193 3779 1480 3842 adoratur.

545 3859 736 3920 XIII.
767 3859 1026 3920 Tertium
1045 3860 1322 3938 effugium
1341 3862 1801 3922 adversariorum
1822 3865 2037 3942 petitur
2054 3883 2091 3924 a
2105 3865 2417 3941 praesentia
2442 3863 2656 3925 Christi
2678 3865 2737 3922 in
2756 3865 2880 3922 Eu-

463 3941 752 4000 charistia.
791 3941 912 4000 Ubi
935 3941 1218 4018 Christus,
1245 3941 1530 4020 inquiunt,-
1555 3952 1646 4002 est
1672 3945 1903 4004 realiter
1922 3965 2192 4023 praesens,
2218 3945 2297 4003 ibi
2317 3953 2407 4004 est
2424 3943 2769 4003 adorandus.
2794 3943 2880 4004 At

464 4021 728 4081 Christus
768 4031 858 4082 est
898 4022 1129 4082 realiter
1169 4043 1420 4100 praesens
1449 4025 1508 4082 in
1539 4024 1921 4084 Eucharistia,
1995 4026 2171 4102 Ergo.
2256 4025 2449 4102 Major
2486 4044 2604 4084 non
2651 4023 2883 4082 videtur

461 4121 634 4178 posse
682 4102 898 4178 negari,
922 4102 1155 4181 quando
1178 4112 1398 4164 certum
1426 4113 1516 4164 est
1547 4105 1673 4164 Deo
1702 4125 1841 4164 vero
1865 4105 2061 4164 deberi
2090 4104 2481 4164 adorationem
2510 4104 2710 4164 Iatriae.
2794 4102 2881 4162 At

463 4181 744 4258 Christus,
767 4191 832 4243 ut
859 4184 1024 4244 estin
1055 4184 1436 4261 Eucharistia,
1461 4185 1588 4244 sive
1613 4184 1675 4242 in
1701 4204 1829 4259 usu,
1854 4186 1979 4244 sive
2001 4194 2183 4262 extra,
2214 4194 2304 4246 est
2325 4203 2496 4244 verus
2518 4185 2697 4259 Deus,
2726 4183 2881 4242 unde

462 4261 724 4336 sequitur
747 4263 1010 4339 protinus
1037 4263 1394 4325 adorandum
1421 4283 1567 4324 esse.
1641 4264 1837 4324 Minor
1856 4265 2047 4340 etiam,
2079 4265 2237 4342 quod
2260 4266 2522 4326 Christus
2551 4265 2627 4325 sit
2651 4263 2883 4324 realiter

459 4357 714 4415 praesens
741 4341 800 4398 in
825 4343 1204 4419 Eucharistia,
1235 4365 1351 4404 non
1379 4354 1570 4423 potest
1595 4345 1812 4422 negari,
1845 4345 1981 4420 quia
2022 4344 2193 4404 datur
2231 4347 2293 4405 in
2320 4355 2676 4406 sacramento
2709 4344 2882 4404 realis

463 4419 787 4478 communio
817 4421 1044 4498 Christi,
1076 4443 1205 4501 quae
1233 4425 1598 4501 praesentiam
1626 4425 1753 4501 ejus
1781 4425 1994 4484 real-em
2010 4426 2335 4486 necessario
2364 4426 2652 4504 supponit.
2676 4446 2731 4484 R.
2762 4425 2879 4484 Ar·

461 4507 800 4574 gumentum
827 4499 938 4558 hoe
965 4521 1082 4559 non
1128 4524 1244 4562 una
1285 4514 1448 4583 parte
1474 4505 1717 4564 laborat.
1783 4509 1834 4562 1.
1880 4505 2093 4566 Peccat
2120 4507 2467 4583 ignoratione
2510 4506 2731 4580 elenchi,
2772 4525 2881 4566 nec

461 4577 755 4636 concludit
782 4577 939 4653 quod
975 4589 1065 4638 est
1112 4580 1172 4638 in
1220 4585 1554 4659 quaestione.
1603 4585 1698 4644 Ex
1733 4586 2046 4663 praemissis
2092 4585 2351 4664 sequitur
2394 4595 2635 4661 tantum,
2685 4586 2881 4645 Chris-

460 4666 581 4717 tum
624 4657 686 4716 in
729 4657 1096 4718 Eucharistia,
1137 4660 1512 4724 adorandum.
1617 4663 1705 4724 At
1741 4687 1853 4724 non
1884 4667 2164 4745 quaeritur
2195 4667 2339 4745 jam,
2383 4686 2461 4735 an,
2501 4667 2763 4728 Christus
2806 4666 2883 4725 sit
