<?xml version="1.0" encoding="UTF-8"?>
<!DOCTYPE html PUBLIC "-//W3C//DTD XHTML 1.0 Transitional//EN"
    "http://www.w3.org/TR/xhtml1/DTD/xhtml1-transitional.dtd">
<html xmlns="http://www.w3.org/1999/xhtml" xml:lang="en" lang="en">
 <head>
  <title>
</title>
<meta http-equiv="Content-Type" content="text/html;charset=utf-8" />
  <meta name='ocr-system' content='tesseract 3.04.00' />
  <meta name='ocr-capabilities' content='ocr_page ocr_carea ocr_par ocr_line ocrx_word'/>
</head>
<body>
  <div class='ocr_page' id='page_1' title='image "./denecessariasec00turrgoog_0408.png"; bbox 0 0 3234 5192; ppageno 0'>
   <div class='ocr_carea' id='block_1_1' title="bbox 511 343 2930 424">
    <p class='ocr_par' dir='ltr' id='par_1_1' title="bbox 511 343 2930 424">
     <span class='ocr_line' id='line_1_1' title="bbox 511 343 2930 424; baseline 0 -20"><span class='ocrx_word' id='word_1_1' title='bbox 511 346 629 404; x_wconf 78' lang='lat'><strong>360</strong></span> <span class='ocrx_word' id='word_1_2' title='bbox 1399 365 1478 404; x_wconf 77' lang='lat' dir='ltr'><strong>ns·</strong></span> <span class='ocrx_word' id='word_1_3' title='bbox 1508 365 1704 405; x_wconf 67' lang='lat' dir='ltr'><strong>Perna</strong></span> <span class='ocrx_word' id='word_1_4' title='bbox 1732 364 2000 406; x_wconf 76' lang='lat' dir='ltr'><strong>cnmsm.</strong></span> <span class='ocrx_word' id='word_1_5' title='bbox 2553 343 2812 424; x_wconf 73' lang='lat' dir='ltr'><strong>[msrtrr.</strong></span> <span class='ocrx_word' id='word_1_6' title='bbox 2843 363 2930 404; x_wconf 73' lang='lat' dir='ltr'><strong>rx.</strong></span> 
     </span>
    </p>
   </div>
   <div class='ocr_carea' id='block_1_2' title="bbox 502 502 2934 4744">
    <p class='ocr_par' dir='ltr' id='par_1_2' title="bbox 513 502 2928 645">
     <span class='ocr_line' id='line_1_2' title="bbox 513 502 2928 643; baseline -0.001 -79"><span class='ocrx_word' id='word_1_7' title='bbox 513 502 669 564; x_wconf 82' lang='lat' dir='ltr'><strong>Mosi</strong></span> <span class='ocrx_word' id='word_1_8' title='bbox 695 511 929 643; x_wconf 56' lang='lat' dir='ltr'><strong>prqpter</strong></span> <span class='ocrx_word' id='word_1_9' title='bbox 955 505 1143 583; x_wconf 88' lang='lat' dir='ltr'><strong>ipsum</strong></span> <span class='ocrx_word' id='word_1_10' title='bbox 1167 527 1181 583; x_wconf 67' lang='grc' dir='ltr'><strong><em>ς</em></strong></span> <span class='ocrx_word' id='word_1_11' title='bbox 1224 507 1335 564; x_wconf 91' lang='lat' dir='ltr'><strong>hoc</strong></span> <span class='ocrx_word' id='word_1_12' title='bbox 1363 525 1479 564; x_wconf 88' lang='lat' dir='ltr'><strong>non</strong></span> <span class='ocrx_word' id='word_1_13' title='bbox 1509 506 1701 566; x_wconf 80' lang='lat' dir='ltr'><strong>obstat</strong></span> <span class='ocrx_word' id='word_1_14' title='bbox 1727 507 2036 584; x_wconf 81' lang='lat' dir='ltr'>quominus</span> <span class='ocrx_word' id='word_1_15' title='bbox 2056 513 2288 584; x_wconf 90' lang='lat' dir='ltr'><strong>propter</strong></span> <span class='ocrx_word' id='word_1_16' title='bbox 2305 503 2599 584; x_wconf 88' lang='lat' dir='ltr'><strong>proprium</strong></span> <span class='ocrx_word' id='word_1_17' title='bbox 2625 511 2928 582; x_wconf 89' lang='lat' dir='ltr'><strong>peccatum</strong></span> 
     </span>
     <span class='ocr_line' id='line_1_3' title="bbox 552 585 966 645; baseline 0.007 -4"><span class='ocrx_word' id='word_1_18' title='bbox 552 585 749 644; x_wconf 88' lang='lat' dir='ltr'><strong>unitus</strong></span> <span class='ocrx_word' id='word_1_19' title='bbox 800 586 966 645; x_wconf 90' lang='lat' dir='ltr'><strong>uerit.</strong></span> 
     </span>
    </p>

    <p class='ocr_par' dir='ltr' id='par_1_3' title="bbox 510 603 2924 2004">
     <span class='ocr_line' id='line_1_4' title="bbox 510 603 2923 744; baseline 0.001 -22"><span class='ocrx_word' id='word_1_20' title='bbox 510 603 552 663; x_wconf 72' lang='lat' dir='ltr'>P</span> <span class='ocrx_word' id='word_1_21' title='bbox 594 665 717 724; x_wconf 89' lang='lat' dir='ltr'><strong>IX.</strong></span> <span class='ocrx_word' id='word_1_22' title='bbox 762 665 893 724; x_wconf 92' lang='lat' dir='ltr'><strong>Non</strong></span> <span class='ocrx_word' id='word_1_23' title='bbox 930 665 1138 724; x_wconf 90' lang='lat' dir='ltr'><strong>melius</strong></span> <span class='ocrx_word' id='word_1_24' title='bbox 1193 666 1309 742; x_wconf 90' lang='lat' dir='ltr'><strong>alii,</strong></span> <span class='ocrx_word' id='word_1_25' title='bbox 1366 675 1434 725; x_wconf 88' lang='lat' dir='ltr'><strong>ut</strong></span> <span class='ocrx_word' id='word_1_26' title='bbox 1496 667 1852 742; x_wconf 85' lang='lat' dir='ltr'><strong>Abarbanel,</strong></span> <span class='ocrx_word' id='word_1_27' title='bbox 1907 666 2257 744; x_wconf 89' lang='lat' dir='ltr'><strong>pertendunt</strong></span> <span class='ocrx_word' id='word_1_28' title='bbox 2309 664 2545 744; x_wconf 87' lang='lat' dir='ltr'><strong>quidem</strong></span> <span class='ocrx_word' id='word_1_29' title='bbox 2593 665 2821 724; x_wconf 86' lang='lat' dir='ltr'><strong>Mosem</strong></span> <span class='ocrx_word' id='word_1_30' title='bbox 2861 671 2923 724; x_wconf 90' lang='lat' dir='ltr'><strong>et</strong></span> 
     </span>
     <span class='ocr_line' id='line_1_5' title="bbox 512 743 2920 824; baseline 0 -22"><span class='ocrx_word' id='word_1_31' title='bbox 512 743 807 803; x_wconf 79' lang='lat' dir='ltr'><strong>Aaronem</strong></span> <span class='ocrx_word' id='word_1_32' title='bbox 849 746 1083 822; x_wconf 88' lang='lat' dir='ltr'><strong>punitos</strong></span> <span class='ocrx_word' id='word_1_33' title='bbox 1130 745 1310 805; x_wconf 85' lang='lat' dir='ltr'><strong>fuisse</strong></span> <span class='ocrx_word' id='word_1_34' title='bbox 1352 755 1587 824; x_wconf 87' lang='lat' dir='ltr'><strong>propter</strong></span> <span class='ocrx_word' id='word_1_35' title='bbox 1632 755 1870 824; x_wconf 85' lang='lat' dir='ltr'><strong>peccata</strong></span> <span class='ocrx_word' id='word_1_36' title='bbox 1914 766 2035 822; x_wconf 85' lang='lat' dir='ltr'><strong>sua,</strong></span> <span class='ocrx_word' id='word_1_37' title='bbox 2084 747 2188 806; x_wconf 90' lang='lat' dir='ltr'><strong>sed</strong></span> <span class='ocrx_word' id='word_1_38' title='bbox 2232 745 2525 804; x_wconf 80' lang='lat' dir='ltr'><strong>Aaronem</strong></span> <span class='ocrx_word' id='word_1_39' title='bbox 2555 745 2786 822; x_wconf 88' lang='lat' dir='ltr'><strong>quidem</strong></span> <span class='ocrx_word' id='word_1_40' title='bbox 2843 745 2920 803; x_wconf 87' lang='lat' dir='ltr'><strong>ob</strong></span> 
     </span>
     <span class='ocr_line' id='line_1_6' title="bbox 510 825 2920 906; baseline 0 -24"><span class='ocrx_word' id='word_1_41' title='bbox 510 835 811 901; x_wconf 88' lang='lat' dir='ltr'><strong>peccatum</strong></span> <span class='ocrx_word' id='word_1_42' title='bbox 860 825 1047 901; x_wconf 83' lang='lat' dir='ltr'><strong>vituli,</strong></span> <span class='ocrx_word' id='word_1_43' title='bbox 1100 825 1328 884; x_wconf 83' lang='lat' dir='ltr'><strong>Mosam</strong></span> <span class='ocrx_word' id='word_1_44' title='bbox 1368 845 1508 885; x_wconf 83' lang='lat' dir='ltr'><strong>vero</strong></span> <span class='ocrx_word' id='word_1_45' title='bbox 1536 835 1771 906; x_wconf 88' lang='lat' dir='ltr'><strong>propter</strong></span> <span class='ocrx_word' id='word_1_46' title='bbox 1817 827 2114 904; x_wconf 84' lang='lat' dir='ltr'><strong>negotium</strong></span> <span class='ocrx_word' id='word_1_47' title='bbox 2163 827 2592 904; x_wconf 79' lang='lat' dir='ltr'><strong>exploratorum</strong></span> <span class='ocrx_word' id='word_1_48' title='bbox 2613 833 2780 885; x_wconf 79' lang='lat' dir='ltr'><strong>terrae</strong></span> <span class='ocrx_word' id='word_1_49' title='bbox 2809 825 2920 883; x_wconf 86' lang='lat' dir='ltr'><strong>Ca-</strong></span> 
     </span>
     <span class='ocr_line' id='line_1_7' title="bbox 511 904 2917 984; baseline 0 -22"><span class='ocrx_word' id='word_1_50' title='bbox 511 924 679 981; x_wconf 86' lang='lat' dir='ltr'><strong>naan,</strong></span> <span class='ocrx_word' id='word_1_51' title='bbox 712 905 848 982; x_wconf 89' lang='lat' dir='ltr'><strong>quia</strong></span> <span class='ocrx_word' id='word_1_52' title='bbox 877 905 1074 963; x_wconf 87' lang='lat' dir='ltr'><strong>Moses</strong></span> <span class='ocrx_word' id='word_1_53' title='bbox 1100 905 1235 964; x_wconf 90' lang='lat' dir='ltr'><strong>illos</strong></span> <span class='ocrx_word' id='word_1_54' title='bbox 1262 906 1595 980; x_wconf 87' lang='lat' dir='ltr'><strong>emittend0,</strong></span> <span class='ocrx_word' id='word_1_55' title='bbox 1629 907 1701 965; x_wconf 92' lang='lat' dir='ltr'><strong>de</strong></span> <span class='ocrx_word' id='word_1_56' title='bbox 1730 927 1835 965; x_wconf 88' lang='lat' dir='ltr'><strong>suo</strong></span> <span class='ocrx_word' id='word_1_57' title='bbox 1864 907 2104 981; x_wconf 80' lang='lat' dir='ltr'><strong>addidit,</strong></span> <span class='ocrx_word' id='word_1_58' title='bbox 2135 927 2264 984; x_wconf 82' lang='lat' dir='ltr'><strong>quae</strong></span> <span class='ocrx_word' id='word_1_59' title='bbox 2293 925 2399 966; x_wconf 88' lang='lat' dir='ltr'><strong>nee</strong></span> <span class='ocrx_word' id='word_1_60' title='bbox 2431 905 2712 965; x_wconf 62' lang='lat' dir='ltr'><strong>Israelitae</strong></span> <span class='ocrx_word' id='word_1_61' title='bbox 2739 904 2917 982; x_wconf 87' lang='lat' dir='ltr'><strong>petie·</strong></span> 
     </span>
     <span class='ocr_line' id='line_1_8' title="bbox 510 985 2922 1064; baseline 0.001 -22"><span class='ocrx_word' id='word_1_62' title='bbox 510 992 658 1059; x_wconf 87' lang='lat' dir='ltr'><strong>rant,</strong></span> <span class='ocrx_word' id='word_1_63' title='bbox 706 1004 813 1042; x_wconf 90' lang='lat' dir='ltr'><strong>nec</strong></span> <span class='ocrx_word' id='word_1_64' title='bbox 864 985 1024 1044; x_wconf 91' lang='lat' dir='ltr'><strong>Deus</strong></span> <span class='ocrx_word' id='word_1_65' title='bbox 1070 985 1463 1062; x_wconf 83' lang='lat' dir='ltr'><strong>mandaverat,</strong></span> <span class='ocrx_word' id='word_1_66' title='bbox 1517 989 1553 1020; x_wconf 78' lang='lat'><strong>‘⁴</strong></span> <span class='ocrx_word' id='word_1_67' title='bbox 1579 987 1664 1046; x_wconf 91' lang='lat' dir='ltr'><strong>Ut</strong></span> <span class='ocrx_word' id='word_1_68' title='bbox 1707 987 2135 1046; x_wconf 78' lang='lat' dir='ltr'><strong>considerarent</strong></span> <span class='ocrx_word' id='word_1_69' title='bbox 2173 986 2467 1064; x_wconf 90' lang='lat' dir='ltr'><strong>populum,</strong></span> <span class='ocrx_word' id='word_1_70' title='bbox 2517 985 2618 1062; x_wconf 91' lang='lat' dir='ltr'><strong>qui</strong></span> <span class='ocrx_word' id='word_1_71' title='bbox 2658 985 2720 1042; x_wconf 88' lang='lat' dir='ltr'><strong>in</strong></span> <span class='ocrx_word' id='word_1_72' title='bbox 2767 993 2922 1044; x_wconf 79' lang='lat' dir='ltr'><strong>terra</strong></span> 
     </span>
     <span class='ocr_line' id='line_1_9' title="bbox 511 1063 2922 1144; baseline 0.001 -23"><span class='ocrx_word' id='word_1_73' title='bbox 511 1063 827 1139; x_wconf 80' lang='lat' dir='ltr'><strong>habitabat,</strong></span> <span class='ocrx_word' id='word_1_74' title='bbox 856 1073 1051 1123; x_wconf 88' lang='lat' dir='ltr'><strong>utrum</strong></span> <span class='ocrx_word' id='word_1_75' title='bbox 1079 1065 1243 1124; x_wconf 88' lang='lat' dir='ltr'><strong>fortis</strong></span> <span class='ocrx_word' id='word_1_76' title='bbox 1272 1075 1424 1125; x_wconf 88' lang='lat' dir='ltr'><strong>esset</strong></span> <span class='ocrx_word' id='word_1_77' title='bbox 1451 1087 1525 1124; x_wconf 92' lang='lat' dir='ltr'><strong>an</strong></span> <span class='ocrx_word' id='word_1_78' title='bbox 1554 1067 1779 1141; x_wconf 90' lang='lat' dir='ltr'><strong>debilis,</strong></span> <span class='ocrx_word' id='word_1_79' title='bbox 1815 1085 2033 1144; x_wconf 87' lang='lat' dir='ltr'><strong>paucus</strong></span> <span class='ocrx_word' id='word_1_80' title='bbox 2061 1087 2135 1124; x_wconf 85' lang='lat' dir='ltr'><strong>an</strong></span> <span class='ocrx_word' id='word_1_81' title='bbox 2162 1067 2394 1141; x_wconf 78' lang='lat' dir='ltr'><strong>multae,</strong></span> <span class='ocrx_word' id='word_1_82' title='bbox 2420 1074 2478 1124; x_wconf 90' lang='lat' dir='ltr'><strong>et</strong></span> <span class='ocrx_word' id='word_1_83' title='bbox 2506 1066 2706 1142; x_wconf 87' lang='lat' dir='ltr'><strong>quales</strong></span> <span class='ocrx_word' id='word_1_84' title='bbox 2747 1065 2922 1124; x_wconf 85' lang='lat' dir='ltr'><strong>urbes</strong></span> 
     </span>
     <span class='ocr_line' id='line_1_10' title="bbox 513 1143 2921 1223; baseline 0.002 -23"><span class='ocrx_word' id='word_1_85' title='bbox 513 1143 575 1201; x_wconf 89' lang='lat' dir='ltr'><strong>in</strong></span> <span class='ocrx_word' id='word_1_86' title='bbox 603 1144 813 1220; x_wconf 89' lang='lat' dir='ltr'><strong>quibus</strong></span> <span class='ocrx_word' id='word_1_87' title='bbox 840 1144 1238 1221; x_wconf 85' lang='lat' dir='ltr'><strong>habitabant,”</strong></span> <span class='ocrx_word' id='word_1_88' title='bbox 1291 1144 1416 1221; x_wconf 76' lang='lat' dir='ltr'><strong>&amp;c.,</strong></span> <span class='ocrx_word' id='word_1_89' title='bbox 1478 1147 1652 1206; x_wconf 89' lang='lat' dir='ltr'><strong>Num.</strong></span> <span class='ocrx_word' id='word_1_90' title='bbox 1701 1147 1826 1206; x_wconf 85' lang='lat' dir='ltr'><strong>xiii.</strong></span> <span class='ocrx_word' id='word_1_91' title='bbox 1857 1150 1912 1223; x_wconf 88' lang='lat'><strong>3,</strong></span> <span class='ocrx_word' id='word_1_92' title='bbox 1949 1149 2042 1223; x_wconf 85' lang='lat'><strong>19,</strong></span> <span class='ocrx_word' id='word_1_93' title='bbox 2073 1148 2171 1206; x_wconf 82' lang='lat'><strong>20.</strong></span> <span class='ocrx_word' id='word_1_94' title='bbox 2255 1147 2404 1222; x_wconf 85' lang='lat' dir='ltr'><strong>Quia</strong></span> <span class='ocrx_word' id='word_1_95' title='bbox 2439 1147 2550 1204; x_wconf 91' lang='lat' dir='ltr'><strong>hoc</strong></span> <span class='ocrx_word' id='word_1_96' title='bbox 2595 1153 2685 1204; x_wconf 89' lang='lat' dir='ltr'><strong>est</strong></span> <span class='ocrx_word' id='word_1_97' title='bbox 2725 1153 2921 1222; x_wconf 77' lang='lat' dir='ltr'><strong>aperte</strong></span> 
     </span>
     <span class='ocr_line' id='line_1_11' title="bbox 513 1223 2919 1306; baseline 0 -24"><span class='ocrx_word' id='word_1_98' title='bbox 513 1223 751 1302; x_wconf 90' lang='lat' dir='ltr'><strong>obloqui</strong></span> <span class='ocrx_word' id='word_1_99' title='bbox 809 1224 1049 1302; x_wconf 86' lang='lat' dir='ltr'><strong>Spiritui</strong></span> <span class='ocrx_word' id='word_1_100' title='bbox 1108 1225 1337 1302; x_wconf 88' lang='lat' dir='ltr'><strong>Sancto,</strong></span> <span class='ocrx_word' id='word_1_101' title='bbox 1389 1228 1489 1305; x_wconf 93' lang='lat' dir='ltr'><strong>qui</strong></span> <span class='ocrx_word' id='word_1_102' title='bbox 1544 1227 1772 1306; x_wconf 90' lang='lat' dir='ltr'><strong>quoties</strong></span> <span class='ocrx_word' id='word_1_103' title='bbox 1820 1228 2014 1305; x_wconf 86' lang='lat' dir='ltr'><strong>agitur</strong></span> <span class='ocrx_word' id='word_1_104' title='bbox 2077 1227 2150 1286; x_wconf 90' lang='lat' dir='ltr'><strong>de</strong></span> <span class='ocrx_word' id='word_1_105' title='bbox 2204 1226 2317 1286; x_wconf 88' lang='lat' dir='ltr'><strong>ista</strong></span> <span class='ocrx_word' id='word_1_106' title='bbox 2369 1246 2557 1305; x_wconf 86' lang='lat' dir='ltr'><strong>poena,</strong></span> <span class='ocrx_word' id='word_1_107' title='bbox 2619 1232 2919 1302; x_wconf 84' lang='lat' dir='ltr'><strong>peccatum</strong></span> 
     </span>
     <span class='ocr_line' id='line_1_12' title="bbox 514 1304 2920 1386; baseline 0 -24"><span class='ocrx_word' id='word_1_108' title='bbox 514 1304 701 1364; x_wconf 88' lang='lat' dir='ltr'><strong>Mosis</strong></span> <span class='ocrx_word' id='word_1_109' title='bbox 730 1313 788 1364; x_wconf 88' lang='lat' dir='ltr'><strong>et</strong></span> <span class='ocrx_word' id='word_1_110' title='bbox 816 1306 1070 1366; x_wconf 87' lang='lat' dir='ltr'><strong>Aaronis</strong></span> <span class='ocrx_word' id='word_1_111' title='bbox 1098 1321 1368 1385; x_wconf 81' lang='lat' dir='ltr'><strong>expresse</strong></span> <span class='ocrx_word' id='word_1_112' title='bbox 1416 1307 1590 1367; x_wconf 78' lang='lat' dir='ltr'><strong>refert</strong></span> <span class='ocrx_word' id='word_1_113' title='bbox 1633 1307 1710 1367; x_wconf 86' lang='lat' dir='ltr'><strong>ad</strong></span> <span class='ocrx_word' id='word_1_114' title='bbox 1750 1327 1929 1385; x_wconf 85' lang='lat' dir='ltr'><strong>aquas</strong></span> <span class='ocrx_word' id='word_1_115' title='bbox 1970 1307 2171 1386; x_wconf 88' lang='lat' dir='ltr'><strong>jurgii,</strong></span> <span class='ocrx_word' id='word_1_116' title='bbox 2194 1317 2260 1366; x_wconf 91' lang='lat' dir='ltr'><strong>ut</strong></span> <span class='ocrx_word' id='word_1_117' title='bbox 2296 1308 2498 1366; x_wconf 84' lang='lat' dir='ltr'><strong>innuat</strong></span> <span class='ocrx_word' id='word_1_118' title='bbox 2551 1305 2920 1365; x_wconf 89' lang='lat' dir='ltr'><strong>commissum</strong></span> 
     </span>
     <span class='ocr_line' id='line_1_13' title="bbox 512 1386 2916 1465; baseline 0 -22"><span class='ocrx_word' id='word_1_119' title='bbox 512 1405 641 1444; x_wconf 88' lang='lat' dir='ltr'><strong>esse</strong></span> <span class='ocrx_word' id='word_1_120' title='bbox 668 1386 779 1445; x_wconf 88' lang='lat' dir='ltr'><strong>hac</strong></span> <span class='ocrx_word' id='word_1_121' title='bbox 806 1388 1123 1462; x_wconf 88' lang='lat' dir='ltr'><strong>occasione,</strong></span> <span class='ocrx_word' id='word_1_122' title='bbox 1154 1407 1273 1446; x_wconf 91' lang='lat' dir='ltr'><strong>non</strong></span> <span class='ocrx_word' id='word_1_123' title='bbox 1300 1387 1414 1446; x_wconf 87' lang='lat' dir='ltr'><strong>alia</strong></span> <span class='ocrx_word' id='word_1_124' title='bbox 1455 1389 1680 1465; x_wconf 87' lang='lat' dir='ltr'><strong>quavis,</strong></span> <span class='ocrx_word' id='word_1_125' title='bbox 1729 1389 1902 1446; x_wconf 88' lang='lat' dir='ltr'><strong>Num.</strong></span> <span class='ocrx_word' id='word_1_126' title='bbox 1949 1408 2052 1448; x_wconf 87' lang='lat' dir='ltr'><strong>xx.</strong></span> <span class='ocrx_word' id='word_1_127' title='bbox 2081 1393 2173 1464; x_wconf 82' lang='lat'><strong>12,</strong></span> <span class='ocrx_word' id='word_1_128' title='bbox 2221 1396 2281 1447; x_wconf 90' lang='lat' dir='ltr'><strong>et</strong></span> <span class='ocrx_word' id='word_1_129' title='bbox 2323 1387 2508 1445; x_wconf 81' lang='lat' dir='ltr'><strong>xxvii.</strong></span> <span class='ocrx_word' id='word_1_130' title='bbox 2555 1387 2728 1444; x_wconf 90' lang='lat' dir='ltr'><strong>Deut.</strong></span> <span class='ocrx_word' id='word_1_131' title='bbox 2751 1386 2790 1443; x_wconf 87' lang='lat' dir='ltr'><strong>i.</strong></span> <span class='ocrx_word' id='word_1_132' title='bbox 2821 1388 2916 1461; x_wconf 78' lang='lat'><strong>37,</strong></span> 
     </span>
     <span class='ocr_line' id='line_1_14' title="bbox 512 1465 2922 1546; baseline -0.001 -22"><span class='ocrx_word' id='word_1_133' title='bbox 512 1474 573 1524; x_wconf 90' lang='lat' dir='ltr'><strong>et</strong></span> <span class='ocrx_word' id='word_1_134' title='bbox 598 1465 680 1524; x_wconf 87' lang='lat' dir='ltr'><strong>iii.</strong></span> <span class='ocrx_word' id='word_1_135' title='bbox 711 1469 911 1542; x_wconf 85' lang='lat' dir='ltr'><strong>26,·et</strong></span> <span class='ocrx_word' id='word_1_136' title='bbox 938 1469 1125 1525; x_wconf 85' lang='lat' dir='ltr'><strong>xxxii.</strong></span> <span class='ocrx_word' id='word_1_137' title='bbox 1157 1471 1253 1526; x_wconf 86' lang='lat'><strong>51.</strong></span> <span class='ocrx_word' id='word_1_138' title='bbox 1338 1467 1463 1525; x_wconf 88' lang='lat' dir='ltr'><strong>Alii</strong></span> <span class='ocrx_word' id='word_1_139' title='bbox 1502 1469 1695 1527; x_wconf 89' lang='lat' dir='ltr'><strong>minus</strong></span> <span class='ocrx_word' id='word_1_140' title='bbox 1723 1477 1876 1527; x_wconf 89' lang='lat' dir='ltr'><strong>recte</strong></span> <span class='ocrx_word' id='word_1_141' title='bbox 1923 1477 2224 1546; x_wconf 88' lang='lat' dir='ltr'><strong>peccatum</strong></span> <span class='ocrx_word' id='word_1_142' title='bbox 2269 1468 2330 1525; x_wconf 90' lang='lat' dir='ltr'><strong>in</strong></span> <span class='ocrx_word' id='word_1_143' title='bbox 2357 1487 2427 1526; x_wconf 94' lang='lat' dir='ltr'><strong>eo</strong></span> <span class='ocrx_word' id='word_1_144' title='bbox 2475 1467 2777 1541; x_wconf 85' lang='lat' dir='ltr'><strong>collocant,</strong></span> <span class='ocrx_word' id='word_1_145' title='bbox 2823 1465 2922 1524; x_wconf 77' lang='lat' dir='ltr'><strong>vel</strong></span> 
     </span>
     <span class='ocr_line' id='line_1_15' title="bbox 510 1545 2920 1624; baseline 0 -21"><span class='ocrx_word' id='word_1_146' title='bbox 510 1545 669 1624; x_wconf 92' lang='lat' dir='ltr'><strong>quod</strong></span> <span class='ocrx_word' id='word_1_147' title='bbox 696 1549 1082 1623; x_wconf 79' lang='lat' dir='ltr'><strong>percusserint</strong></span> <span class='ocrx_word' id='word_1_148' title='bbox 1108 1556 1345 1624; x_wconf 87' lang='lat' dir='ltr'><strong>petram,</strong></span> <span class='ocrx_word' id='word_1_149' title='bbox 1376 1567 1494 1606; x_wconf 89' lang='lat' dir='ltr'><strong>non</strong></span> <span class='ocrx_word' id='word_1_150' title='bbox 1520 1568 1660 1607; x_wconf 86' lang='lat' dir='ltr'><strong>vero</strong></span> <span class='ocrx_word' id='word_1_151' title='bbox 1687 1556 1912 1607; x_wconf 88' lang='lat' dir='ltr'><strong>tantum</strong></span> <span class='ocrx_word' id='word_1_152' title='bbox 1939 1548 2015 1606; x_wconf 89' lang='lat' dir='ltr'><strong>ad</strong></span> <span class='ocrx_word' id='word_1_153' title='bbox 2041 1568 2170 1606; x_wconf 88' lang='lat' dir='ltr'><strong>eam</strong></span> <span class='ocrx_word' id='word_1_154' title='bbox 2196 1547 2420 1624; x_wconf 89' lang='lat' dir='ltr'><strong>loquuti</strong></span> <span class='ocrx_word' id='word_1_155' title='bbox 2444 1545 2576 1622; x_wconf 87' lang='lat' dir='ltr'><strong>sint,</strong></span> <span class='ocrx_word' id='word_1_156' title='bbox 2627 1555 2692 1604; x_wconf 88' lang='lat' dir='ltr'><strong>ut</strong></span> <span class='ocrx_word' id='word_1_157' title='bbox 2731 1547 2920 1623; x_wconf 84' lang='lat' dir='ltr'><strong>jusse-</strong></span> 
     </span>
     <span class='ocr_line' id='line_1_16' title="bbox 513 1625 2923 1704; baseline 0.001 -22"><span class='ocrx_word' id='word_1_158' title='bbox 513 1633 603 1683; x_wconf 87' lang='lat' dir='ltr'><strong>rat</strong></span> <span class='ocrx_word' id='word_1_159' title='bbox 628 1625 940 1702; x_wconf 86' lang='lat' dir='ltr'><strong>Dominus;</strong></span> <span class='ocrx_word' id='word_1_160' title='bbox 974 1627 1122 1700; x_wconf 87' lang='lat' dir='ltr'><strong>Quia</strong></span> <span class='ocrx_word' id='word_1_161' title='bbox 1148 1647 1265 1686; x_wconf 93' lang='lat' dir='ltr'><strong>non</strong></span> <span class='ocrx_word' id='word_1_162' title='bbox 1294 1628 1407 1685; x_wconf 86' lang='lat' dir='ltr'><strong>alia</strong></span> <span class='ocrx_word' id='word_1_163' title='bbox 1434 1628 1506 1685; x_wconf 93' lang='lat' dir='ltr'><strong>de</strong></span> <span class='ocrx_word' id='word_1_164' title='bbox 1536 1647 1711 1686; x_wconf 87' lang='lat' dir='ltr'><strong>causa</strong></span> <span class='ocrx_word' id='word_1_165' title='bbox 1739 1628 1966 1686; x_wconf 87' lang='lat' dir='ltr'><strong>dixerat</strong></span> <span class='ocrx_word' id='word_1_166' title='bbox 1995 1628 2166 1702; x_wconf 89' lang='lat' dir='ltr'><strong>Mosi,</strong></span> <span class='ocrx_word' id='word_1_167' title='bbox 2203 1626 2420 1704; x_wconf 81' lang='lat' dir='ltr'><strong>Accipe</strong></span> <span class='ocrx_word' id='word_1_168' title='bbox 2442 1627 2687 1704; x_wconf 86' lang='lat' dir='ltr'><strong>virgam,</strong></span> <span class='ocrx_word' id='word_1_169' title='bbox 2717 1626 2832 1684; x_wconf 89' lang='lat' dir='ltr'><strong>nisi</strong></span> <span class='ocrx_word' id='word_1_170' title='bbox 2857 1634 2923 1684; x_wconf 91' lang='lat' dir='ltr'><strong>ut</strong></span> 
     </span>
     <span class='ocr_line' id='line_1_17' title="bbox 512 1704 2924 1784; baseline 0.001 -22"><span class='ocrx_word' id='word_1_171' title='bbox 512 1704 860 1780; x_wconf 86' lang='lat' dir='ltr'><strong>alloquendo</strong></span> <span class='ocrx_word' id='word_1_172' title='bbox 888 1713 1227 1782; x_wconf 87' lang='lat' dir='ltr'><strong>percuteret.</strong></span> <span class='ocrx_word' id='word_1_173' title='bbox 1313 1707 1427 1765; x_wconf 91' lang='lat' dir='ltr'><strong>Vel</strong></span> <span class='ocrx_word' id='word_1_174' title='bbox 1456 1707 1613 1783; x_wconf 91' lang='lat' dir='ltr'><strong>quod</strong></span> <span class='ocrx_word' id='word_1_175' title='bbox 1640 1726 1756 1764; x_wconf 92' lang='lat' dir='ltr'><strong>non</strong></span> <span class='ocrx_word' id='word_1_176' title='bbox 1784 1727 1860 1765; x_wconf 89' lang='lat' dir='ltr'><strong>ex</strong></span> <span class='ocrx_word' id='word_1_177' title='bbox 1905 1707 2126 1784; x_wconf 75' lang='lat' dir='ltr'><strong>seipsiS,</strong></span> <span class='ocrx_word' id='word_1_178' title='bbox 2179 1715 2237 1764; x_wconf 90' lang='lat' dir='ltr'><strong>et</strong></span> <span class='ocrx_word' id='word_1_179' title='bbox 2266 1716 2468 1784; x_wconf 85' lang='lat' dir='ltr'><strong>sponte</strong></span> <span class='ocrx_word' id='word_1_180' title='bbox 2509 1707 2799 1765; x_wconf 86' lang='lat' dir='ltr'><strong>edixerint</strong></span> <span class='ocrx_word' id='word_1_181' title='bbox 2824 1725 2924 1783; x_wconf 87' lang='lat' dir='ltr'><strong>pe·-</strong></span> 
     </span>
     <span class='ocr_line' id='line_1_18' title="bbox 512 1784 2920 1864; baseline 0.001 -22"><span class='ocrx_word' id='word_1_182' title='bbox 512 1793 633 1858; x_wconf 79' lang='lat' dir='ltr'><strong>trae,</strong></span> <span class='ocrx_word' id='word_1_183' title='bbox 666 1792 731 1841; x_wconf 93' lang='lat' dir='ltr'><strong>ut</strong></span> <span class='ocrx_word' id='word_1_184' title='bbox 759 1784 921 1842; x_wconf 86' lang='lat' dir='ltr'><strong>daret</strong></span> <span class='ocrx_word' id='word_1_185' title='bbox 950 1805 1129 1862; x_wconf 88' lang='lat' dir='ltr'><strong>aquas</strong></span> <span class='ocrx_word' id='word_1_186' title='bbox 1158 1805 1329 1862; x_wconf 83' lang='lat' dir='ltr'><strong>suas;</strong></span> <span class='ocrx_word' id='word_1_187' title='bbox 1383 1787 1531 1844; x_wconf 89' lang='lat' dir='ltr'><strong>Nam</strong></span> <span class='ocrx_word' id='word_1_188' title='bbox 1562 1806 1689 1845; x_wconf 89' lang='lat' dir='ltr'><strong>cum</strong></span> <span class='ocrx_word' id='word_1_189' title='bbox 1721 1787 1832 1844; x_wconf 89' lang='lat' dir='ltr'><strong>hoc</strong></span> <span class='ocrx_word' id='word_1_190' title='bbox 1859 1787 2048 1864; x_wconf 88' lang='lat' dir='ltr'><strong>ipsum</strong></span> <span class='ocrx_word' id='word_1_191' title='bbox 2090 1807 2165 1844; x_wconf 88' lang='lat' dir='ltr'><strong>ex</strong></span> <span class='ocrx_word' id='word_1_192' title='bbox 2205 1787 2478 1845; x_wconf 89' lang='lat' dir='ltr'><strong>mandato</strong></span> <span class='ocrx_word' id='word_1_193' title='bbox 2509 1787 2622 1846; x_wconf 92' lang='lat' dir='ltr'><strong>Dei</strong></span> <span class='ocrx_word' id='word_1_194' title='bbox 2663 1787 2920 1860; x_wconf 86' lang='lat' dir='ltr'><strong>fecerint,</strong></span> 
     </span>
     <span class='ocr_line' id='line_1_19' title="bbox 511 1863 2923 1945; baseline 0.002 -25"><span class='ocrx_word' id='word_1_195' title='bbox 511 1863 801 1941; x_wconf 90' lang='lat' dir='ltr'><strong>quomodo</strong></span> <span class='ocrx_word' id='word_1_196' title='bbox 829 1864 946 1922; x_wconf 90' lang='lat' dir='ltr'><strong>illis</strong></span> <span class='ocrx_word' id='word_1_197' title='bbox 974 1865 1353 1942; x_wconf 88' lang='lat' dir='ltr'><strong>imputaretur</strong></span> <span class='ocrx_word' id='word_1_198' title='bbox 1378 1867 1439 1924; x_wconf 92' lang='lat' dir='ltr'><strong>in</strong></span> <span class='ocrx_word' id='word_1_199' title='bbox 1460 1875 1760 1943; x_wconf 90' lang='lat' dir='ltr'><strong>peccatum</strong></span> <span class='ocrx_word' id='word_1_200' title='bbox 1781 1870 1811 1925; x_wconf 73' lang='lat' dir='ltr'><em>P</em></span> <span class='ocrx_word' id='word_1_201' title='bbox 1893 1867 2022 1925; x_wconf 89' lang='lat' dir='ltr'><strong>Imo</strong></span> <span class='ocrx_word' id='word_1_202' title='bbox 2049 1875 2388 1945; x_wconf 78' lang='lat' dir='ltr'><strong>peccassent</strong></span> <span class='ocrx_word' id='word_1_203' title='bbox 2431 1868 2703 1944; x_wconf 87' lang='lat' dir='ltr'><strong>graviter,</strong></span> <span class='ocrx_word' id='word_1_204' title='bbox 2735 1867 2786 1924; x_wconf 90' lang='lat' dir='ltr'><strong>si</strong></span> <span class='ocrx_word' id='word_1_205' title='bbox 2811 1867 2923 1924; x_wconf 89' lang='lat' dir='ltr'><strong>hoc</strong></span> 
     </span>
     <span class='ocr_line' id='line_1_20' title="bbox 516 1943 1392 2004; baseline 0.002 -3"><span class='ocrx_word' id='word_1_206' title='bbox 516 1943 662 2002; x_wconf 84' lang='lat' dir='ltr'><strong>citra</strong></span> <span class='ocrx_word' id='word_1_207' title='bbox 686 1943 1024 2003; x_wconf 88' lang='lat' dir='ltr'><strong>mandatum</strong></span> <span class='ocrx_word' id='word_1_208' title='bbox 1051 1953 1392 2004; x_wconf 85' lang='lat' dir='ltr'><strong>tentassent.</strong></span> 
     </span>
    </p>

    <p class='ocr_par' dir='ltr' id='par_1_4' title="bbox 502 2023 2930 3698">
     <span class='ocr_line' id='line_1_21' title="bbox 592 2023 2921 2102; baseline 0.001 -22"><span class='ocrx_word' id='word_1_209' title='bbox 592 2023 678 2082; x_wconf 89' lang='lat' dir='ltr'><strong>X.</strong></span> <span class='ocrx_word' id='word_1_210' title='bbox 726 2023 964 2084; x_wconf 85' lang='lat' dir='ltr'><strong>Rectius</strong></span> <span class='ocrx_word' id='word_1_211' title='bbox 993 2043 1131 2102; x_wconf 87' lang='lat' dir='ltr'><strong>ergo</strong></span> <span class='ocrx_word' id='word_1_212' title='bbox 1158 2034 1455 2102; x_wconf 89' lang='lat' dir='ltr'><strong>peccatum</strong></span> <span class='ocrx_word' id='word_1_213' title='bbox 1486 2025 1596 2084; x_wconf 90' lang='lat' dir='ltr'><strong>hoc</strong></span> <span class='ocrx_word' id='word_1_214' title='bbox 1626 2027 1869 2087; x_wconf 86' lang='lat' dir='ltr'><strong>refertur</strong></span> <span class='ocrx_word' id='word_1_215' title='bbox 1895 2026 1972 2086; x_wconf 85' lang='lat' dir='ltr'><strong>ad</strong></span> <span class='ocrx_word' id='word_1_216' title='bbox 1997 2027 2437 2086; x_wconf 81' lang='lat' dir='ltr'><strong>incredulitatem</strong></span> <span class='ocrx_word' id='word_1_217' title='bbox 2461 2034 2519 2084; x_wconf 92' lang='lat' dir='ltr'><strong>et</strong></span> <span class='ocrx_word' id='word_1_218' title='bbox 2541 2027 2921 2100; x_wconf 67' lang='lat' dir='ltr'><strong>diffidentiam,</strong></span> 
     </span>
     <span class='ocr_line' id='line_1_22' title="bbox 512 2105 2921 2186; baseline 0.001 -24"><span class='ocrx_word' id='word_1_219' title='bbox 512 2123 687 2180; x_wconf 90' lang='lat' dir='ltr'><strong>quam</strong></span> <span class='ocrx_word' id='word_1_220' title='bbox 709 2105 901 2164; x_wconf 88' lang='lat' dir='ltr'><strong>animo</strong></span> <span class='ocrx_word' id='word_1_221' title='bbox 924 2113 1277 2183; x_wconf 86' lang='lat' dir='ltr'><strong>conceptam,</strong></span> <span class='ocrx_word' id='word_1_222' title='bbox 1310 2106 1567 2165; x_wconf 86' lang='lat' dir='ltr'><strong>exterius</strong></span> <span class='ocrx_word' id='word_1_223' title='bbox 1596 2107 1765 2186; x_wconf 87' lang='lat' dir='ltr'><strong>signo</strong></span> <span class='ocrx_word' id='word_1_224' title='bbox 1787 2108 1999 2185; x_wconf 88' lang='lat' dir='ltr'><strong>aliquo,</strong></span> <span class='ocrx_word' id='word_1_225' title='bbox 2025 2109 2121 2167; x_wconf 85' lang='lat' dir='ltr'><strong>vel</strong></span> <span class='ocrx_word' id='word_1_226' title='bbox 2143 2108 2328 2182; x_wconf 82' lang='lat' dir='ltr'><strong>vultu,</strong></span> <span class='ocrx_word' id='word_1_227' title='bbox 2350 2108 2446 2166; x_wconf 84' lang='lat' dir='ltr'><strong>vel</strong></span> <span class='ocrx_word' id='word_1_228' title='bbox 2469 2116 2656 2182; x_wconf 89' lang='lat' dir='ltr'><strong>gestu,</strong></span> <span class='ocrx_word' id='word_1_229' title='bbox 2682 2114 2784 2164; x_wconf 91' lang='lat' dir='ltr'><strong>aut</strong></span> <span class='ocrx_word' id='word_1_230' title='bbox 2805 2125 2921 2164; x_wconf 89' lang='lat' dir='ltr'><strong>ser-</strong></span> 
     </span>
     <span class='ocr_line' id='line_1_23' title="bbox 512 2185 2924 2264; baseline 0.001 -24"><span class='ocrx_word' id='word_1_231' title='bbox 512 2201 683 2243; x_wconf 89' lang='lat' dir='ltr'><strong>mone</strong></span> <span class='ocrx_word' id='word_1_232' title='bbox 709 2185 1085 2262; x_wconf 87' lang='lat' dir='ltr'><strong>prodiderint.</strong></span> <span class='ocrx_word' id='word_1_233' title='bbox 1172 2186 1305 2244; x_wconf 89' lang='lat' dir='ltr'><strong>Non</strong></span> <span class='ocrx_word' id='word_1_234' title='bbox 1332 2195 1453 2245; x_wconf 89' lang='lat' dir='ltr'><strong>tam</strong></span> <span class='ocrx_word' id='word_1_235' title='bbox 1495 2187 1652 2263; x_wconf 88' lang='lat' dir='ltr'><strong>quod</strong></span> <span class='ocrx_word' id='word_1_236' title='bbox 1681 2188 2000 2247; x_wconf 87' lang='lat' dir='ltr'><strong>dubitarint</strong></span> <span class='ocrx_word' id='word_1_237' title='bbox 2021 2188 2092 2246; x_wconf 92' lang='lat' dir='ltr'><strong>de</strong></span> <span class='ocrx_word' id='word_1_238' title='bbox 2116 2189 2374 2264; x_wconf 87' lang='lat' dir='ltr'><strong>potentia</strong></span> <span class='ocrx_word' id='word_1_239' title='bbox 2401 2187 2617 2262; x_wconf 78' lang='lat' dir='ltr'><strong>divina,</strong></span> <span class='ocrx_word' id='word_1_240' title='bbox 2647 2205 2821 2262; x_wconf 87' lang='lat' dir='ltr'><strong>quam</strong></span> <span class='ocrx_word' id='word_1_241' title='bbox 2851 2185 2924 2243; x_wconf 90' lang='lat' dir='ltr'><strong>de</strong></span> 
     </span>
     <span class='ocr_line' id='line_1_24' title="bbox 506 2263 2924 2344; baseline 0 -23"><span class='ocrx_word' id='word_1_242' title='bbox 506 2264 807 2323; x_wconf 77' lang='lat' dir='ltr'><strong>voluntate</strong></span> <span class='ocrx_word' id='word_1_243' title='bbox 836 2276 895 2325; x_wconf 89' lang='lat' dir='ltr'><strong>et</strong></span> <span class='ocrx_word' id='word_1_244' title='bbox 922 2263 1147 2324; x_wconf 86' lang='lat' dir='ltr'><strong>affectu.</strong></span> <span class='ocrx_word' id='word_1_245' title='bbox 1233 2265 1333 2324; x_wconf 91' lang='lat' dir='ltr'><strong>An</strong></span> <span class='ocrx_word' id='word_1_246' title='bbox 1364 2267 1524 2325; x_wconf 89' lang='lat' dir='ltr'><strong>Deus</strong></span> <span class='ocrx_word' id='word_1_247' title='bbox 1552 2267 1730 2325; x_wconf 83' lang='lat' dir='ltr'><strong>vellet</strong></span> <span class='ocrx_word' id='word_1_248' title='bbox 1757 2277 1876 2325; x_wconf 87' lang='lat' dir='ltr'><strong>tam</strong></span> <span class='ocrx_word' id='word_1_249' title='bbox 1895 2266 2099 2326; x_wconf 89' lang='lat' dir='ltr'><strong>rebelli</strong></span> <span class='ocrx_word' id='word_1_250' title='bbox 2124 2268 2338 2344; x_wconf 91' lang='lat' dir='ltr'><strong>populo</strong></span> <span class='ocrx_word' id='word_1_251' title='bbox 2367 2286 2546 2344; x_wconf 87' lang='lat' dir='ltr'><strong>aquas</strong></span> <span class='ocrx_word' id='word_1_252' title='bbox 2575 2266 2745 2338; x_wconf 88' lang='lat' dir='ltr'><strong>dare;</strong></span> <span class='ocrx_word' id='word_1_253' title='bbox 2779 2265 2924 2323; x_wconf 89' lang='lat' dir='ltr'><strong>Cum</strong></span> 
     </span>
     <span class='ocr_line' id='line_1_25' title="bbox 508 2343 2925 2421; baseline -0.001 -19"><span class='ocrx_word' id='word_1_254' title='bbox 508 2351 704 2402; x_wconf 79' lang='lat' dir='ltr'><strong>tamen</strong></span> <span class='ocrx_word' id='word_1_255' title='bbox 734 2345 895 2402; x_wconf 89' lang='lat' dir='ltr'><strong>Deus</strong></span> <span class='ocrx_word' id='word_1_256' title='bbox 924 2353 1078 2403; x_wconf 88' lang='lat' dir='ltr'><strong>certo</strong></span> <span class='ocrx_word' id='word_1_257' title='bbox 1108 2353 1166 2403; x_wconf 86' lang='lat' dir='ltr'><strong>et</strong></span> <span class='ocrx_word' id='word_1_258' title='bbox 1193 2344 1472 2418; x_wconf 87' lang='lat' dir='ltr'><strong>absolute,</strong></span> <span class='ocrx_word' id='word_1_259' title='bbox 1498 2364 1614 2403; x_wconf 90' lang='lat' dir='ltr'><strong>non</strong></span> <span class='ocrx_word' id='word_1_260' title='bbox 1637 2347 2025 2404; x_wconf 87' lang='lat' dir='ltr'><strong>conditionate</strong></span> <span class='ocrx_word' id='word_1_261' title='bbox 2053 2345 2164 2403; x_wconf 91' lang='lat' dir='ltr'><strong>hoc</strong></span> <span class='ocrx_word' id='word_1_262' title='bbox 2183 2346 2559 2421; x_wconf 86' lang='lat' dir='ltr'><strong>promisisset.</strong></span> <span class='ocrx_word' id='word_1_263' title='bbox 2645 2343 2925 2401; x_wconf 86' lang='lat' dir='ltr'><strong>Diffiden-</strong></span> 
     </span>
     <span class='ocr_line' id='line_1_26' title="bbox 508 2422 2918 2500; baseline -0.002 -19"><span class='ocrx_word' id='word_1_264' title='bbox 508 2422 593 2481; x_wconf 86' lang='lat' dir='ltr'><strong>tia</strong></span> <span class='ocrx_word' id='word_1_265' title='bbox 618 2441 757 2481; x_wconf 81' lang='lat' dir='ltr'><strong>vero</strong></span> <span class='ocrx_word' id='word_1_266' title='bbox 784 2423 899 2482; x_wconf 86' lang='lat' dir='ltr'><strong>ista</strong></span> <span class='ocrx_word' id='word_1_267' title='bbox 924 2423 1211 2482; x_wconf 87' lang='lat' dir='ltr'><strong>indicatur</strong></span> <span class='ocrx_word' id='word_1_268' title='bbox 1256 2433 1379 2482; x_wconf 88' lang='lat' dir='ltr'><strong>tum</strong></span> <span class='ocrx_word' id='word_1_269' title='bbox 1410 2424 1597 2500; x_wconf 89' lang='lat' dir='ltr'><strong>dictis,</strong></span> <span class='ocrx_word' id='word_1_270' title='bbox 1630 2434 1754 2484; x_wconf 90' lang='lat' dir='ltr'><strong>tum</strong></span> <span class='ocrx_word' id='word_1_271' title='bbox 1789 2424 1975 2499; x_wconf 89' lang='lat' dir='ltr'><strong>factis,</strong></span> <span class='ocrx_word' id='word_1_272' title='bbox 2022 2425 2181 2483; x_wconf 77' lang='lat' dir='ltr'><strong>dictis</strong></span> <span class='ocrx_word' id='word_1_273' title='bbox 2207 2423 2458 2500; x_wconf 89' lang='lat' dir='ltr'><strong>quidem,</strong></span> <span class='ocrx_word' id='word_1_274' title='bbox 2483 2441 2662 2499; x_wconf 86' lang='lat' dir='ltr'><strong>quum</strong></span> <span class='ocrx_word' id='word_1_275' title='bbox 2691 2422 2772 2478; x_wconf 86' lang='lat' dir='ltr'><strong>ait</strong></span> <span class='ocrx_word' id='word_1_276' title='bbox 2799 2439 2918 2477; x_wconf 83' lang='lat' dir='ltr'><strong>ver.</strong></span> 
     </span>
     <span class='ocr_line' id='line_1_27' title="bbox 514 2499 2920 2581; baseline -0.001 -22"><span class='ocrx_word' id='word_1_277' title='bbox 514 2503 606 2577; x_wconf 87' lang='lat'><strong>10,</strong></span> <span class='ocrx_word' id='word_1_278' title='bbox 653 2503 689 2535; x_wconf 76' lang='lat'><strong>‘⁴</strong></span> <span class='ocrx_word' id='word_1_279' title='bbox 724 2502 963 2578; x_wconf 87' lang='lat' dir='ltr'><strong>Audite,</strong></span> <span class='ocrx_word' id='word_1_280' title='bbox 989 2524 1024 2562; x_wconf 93' lang='lat' dir='ltr'><strong>o</strong></span> <span class='ocrx_word' id='word_1_281' title='bbox 1064 2503 1327 2579; x_wconf 75' lang='lat' dir='ltr'><strong>rebelleS,</strong></span> <span class='ocrx_word' id='word_1_282' title='bbox 1375 2505 1530 2562; x_wconf 88' lang='lat' dir='ltr'><strong>Num</strong></span> <span class='ocrx_word' id='word_1_283' title='bbox 1578 2505 1651 2564; x_wconf 90' lang='lat' dir='ltr'><strong>de</strong></span> <span class='ocrx_word' id='word_1_284' title='bbox 1695 2512 1858 2581; x_wconf 86' lang='lat' dir='ltr'><strong>petra</strong></span> <span class='ocrx_word' id='word_1_285' title='bbox 1903 2503 2014 2562; x_wconf 87' lang='lat' dir='ltr'><strong>hac</strong></span> <span class='ocrx_word' id='word_1_286' title='bbox 2057 2503 2368 2561; x_wconf 88' lang='lat' dir='ltr'><strong>educemus</strong></span> <span class='ocrx_word' id='word_1_287' title='bbox 2410 2501 2580 2559; x_wconf 84' lang='lat' dir='ltr'><strong>vobis</strong></span> <span class='ocrx_word' id='word_1_288' title='bbox 2629 2518 2836 2578; x_wconf 87' lang='lat' dir='ltr'><strong>aquam</strong></span> <span class='ocrx_word' id='word_1_289' title='bbox 2853 2499 2920 2556; x_wconf 81' lang='lat'><strong>?’&#39;</strong></span> 
     </span>
     <span class='ocr_line' id='line_1_28' title="bbox 508 2579 2920 2660; baseline -0.001 -20"><span class='ocrx_word' id='word_1_290' title='bbox 508 2601 640 2659; x_wconf 82' lang='lat' dir='ltr'><strong>quae</strong></span> <span class='ocrx_word' id='word_1_291' title='bbox 668 2582 847 2641; x_wconf 84' lang='lat' dir='ltr'><strong>verba</strong></span> <span class='ocrx_word' id='word_1_292' title='bbox 891 2593 1025 2642; x_wconf 88' lang='lat' dir='ltr'><strong>sunt</strong></span> <span class='ocrx_word' id='word_1_293' title='bbox 1068 2583 1403 2660; x_wconf 84' lang='lat' dir='ltr'><strong>dubitantis,</strong></span> <span class='ocrx_word' id='word_1_294' title='bbox 1437 2603 1567 2643; x_wconf 90' lang='lat' dir='ltr'><strong>cum</strong></span> <span class='ocrx_word' id='word_1_295' title='bbox 1613 2584 1876 2642; x_wconf 89' lang='lat' dir='ltr'><strong>absolute</strong></span> <span class='ocrx_word' id='word_1_296' title='bbox 1923 2591 1983 2642; x_wconf 90' lang='lat' dir='ltr'><strong>et</strong></span> <span class='ocrx_word' id='word_1_297' title='bbox 2011 2581 2348 2659; x_wconf 89' lang='lat' dir='ltr'><strong>simpliciter</strong></span> <span class='ocrx_word' id='word_1_298' title='bbox 2385 2581 2577 2639; x_wconf 87' lang='lat' dir='ltr'><strong>dicere</strong></span> <span class='ocrx_word' id='word_1_299' title='bbox 2607 2579 2920 2654; x_wconf 85' lang='lat' dir='ltr'><strong>debuisset,</strong></span> 
     </span>
     <span class='ocr_line' id='line_1_29' title="bbox 502 2659 2920 2741; baseline -0.002 -20"><span class='ocrx_word' id='word_1_300' title='bbox 502 2669 677 2741; x_wconf 82' lang='lat' dir='ltr'><strong>petra</strong></span> <span class='ocrx_word' id='word_1_301' title='bbox 724 2665 804 2722; x_wconf 83' lang='lat' dir='ltr'><strong>da</strong></span> <span class='ocrx_word' id='word_1_302' title='bbox 846 2683 1045 2741; x_wconf 66' lang='lat' dir='ltr'><strong>aquas.</strong></span> <span class='ocrx_word' id='word_1_303' title='bbox 1133 2664 1274 2722; x_wconf 90' lang='lat' dir='ltr'><strong>Ideo</strong></span> <span class='ocrx_word' id='word_1_304' title='bbox 1322 2665 1476 2724; x_wconf 89' lang='lat' dir='ltr'><strong>Psal.</strong></span> <span class='ocrx_word' id='word_1_305' title='bbox 1508 2664 1620 2723; x_wconf 85' lang='lat' dir='ltr'><strong>cvi.</strong></span> <span class='ocrx_word' id='word_1_306' title='bbox 1673 2667 1768 2739; x_wconf 85' lang='lat'><strong>33,</strong></span> <span class='ocrx_word' id='word_1_307' title='bbox 1800 2663 2012 2722; x_wconf 88' lang='lat' dir='ltr'><strong>dicitur</strong></span> <span class='ocrx_word' id='word_1_308' title='bbox 2039 2662 2355 2721; x_wconf 51' lang='lat' dir='ltr'><strong>distinxisse</strong></span> <span class='ocrx_word' id='word_1_309' title='bbox 2383 2661 2542 2719; x_wconf 75' lang='lat' dir='ltr'><strong>labiis</strong></span> <span class='ocrx_word' id='word_1_310' title='bbox 2563 2661 2692 2735; x_wconf 56' lang='lat' dir='ltr'><strong>sutis,</strong></span> <span class='ocrx_word' id='word_1_311' title='bbox 2722 2659 2787 2717; x_wconf 93' lang='lat' dir='ltr'><strong>id</strong></span> <span class='ocrx_word' id='word_1_312' title='bbox 2813 2667 2920 2734; x_wconf 87' lang='lat' dir='ltr'><strong>est,</strong></span> 
     </span>
     <span class='ocr_line' id='line_1_30' title="bbox 507 2739 2927 2822; baseline -0.002 -21"><span class='ocrx_word' id='word_1_313' title='bbox 507 2743 677 2802; x_wconf 88' lang='lat' dir='ltr'><strong>aliter</strong></span> <span class='ocrx_word' id='word_1_314' title='bbox 702 2745 1011 2820; x_wconf 86' lang='lat' dir='ltr'><strong>protulisse</strong></span> <span class='ocrx_word' id='word_1_315' title='bbox 1038 2743 1220 2804; x_wconf 87' lang='lat' dir='ltr'><strong>verba</strong></span> <span class='ocrx_word' id='word_1_316' title='bbox 1268 2745 1397 2820; x_wconf 91' lang='lat' dir='ltr'><strong>Dei,</strong></span> <span class='ocrx_word' id='word_1_317' title='bbox 1430 2764 1603 2821; x_wconf 86' lang='lat' dir='ltr'><strong>quam</strong></span> <span class='ocrx_word' id='word_1_318' title='bbox 1633 2743 1972 2822; x_wconf 86' lang='lat' dir='ltr'><strong>proferenda</strong></span> <span class='ocrx_word' id='word_1_319' title='bbox 1999 2751 2178 2818; x_wconf 88' lang='lat' dir='ltr'><strong>erant,</strong></span> <span class='ocrx_word' id='word_1_320' title='bbox 2203 2741 2522 2800; x_wconf 86' lang='lat' dir='ltr'><strong>dubitando</strong></span> <span class='ocrx_word' id='word_1_321' title='bbox 2551 2741 2623 2799; x_wconf 92' lang='lat' dir='ltr'><strong>de</strong></span> <span class='ocrx_word' id='word_1_322' title='bbox 2652 2759 2738 2816; x_wconf 83' lang='lat' dir='ltr'><strong>ee,</strong></span> <span class='ocrx_word' id='word_1_323' title='bbox 2770 2739 2927 2817; x_wconf 89' lang='lat' dir='ltr'><strong>quod</strong></span> 
     </span>
     <span class='ocr_line' id='line_1_31' title="bbox 510 2820 2928 2902; baseline -0.002 -20"><span class='ocrx_word' id='word_1_324' title='bbox 510 2843 710 2883; x_wconf 89' lang='lat' dir='ltr'><strong>secure</strong></span> <span class='ocrx_word' id='word_1_325' title='bbox 739 2825 917 2884; x_wconf 89' lang='lat' dir='ltr'><strong>asseri</strong></span> <span class='ocrx_word' id='word_1_326' title='bbox 947 2824 1150 2884; x_wconf 87' lang='lat' dir='ltr'><strong>debuit</strong></span> <span class='ocrx_word' id='word_1_327' title='bbox 1188 2833 1464 2902; x_wconf 86' lang='lat' dir='ltr'><strong>tanquam</strong></span> <span class='ocrx_word' id='word_1_328' title='bbox 1486 2845 1521 2883; x_wconf 87' lang='lat' dir='ltr'><strong>a</strong></span> <span class='ocrx_word' id='word_1_329' title='bbox 1550 2825 1678 2883; x_wconf 91' lang='lat' dir='ltr'><strong>Deo</strong></span> <span class='ocrx_word' id='word_1_330' title='bbox 1706 2825 2068 2902; x_wconf 88' lang='lat' dir='ltr'><strong>promissum.</strong></span> <span class='ocrx_word' id='word_1_331' title='bbox 2155 2822 2382 2880; x_wconf 90' lang='lat' dir='ltr'><strong>Deinde</strong></span> <span class='ocrx_word' id='word_1_332' title='bbox 2393 2822 2587 2895; x_wconf 75' lang='lat' dir='ltr'><strong>sactis,</strong></span> <span class='ocrx_word' id='word_1_333' title='bbox 2633 2821 2694 2878; x_wconf 90' lang='lat' dir='ltr'><strong>in</strong></span> <span class='ocrx_word' id='word_1_334' title='bbox 2721 2820 2928 2878; x_wconf 80' lang='lat' dir='ltr'><strong>iterata</strong></span> 
     </span>
     <span class='ocr_line' id='line_1_32' title="bbox 508 2898 2928 2982; baseline -0.002 -20"><span class='ocrx_word' id='word_1_335' title='bbox 508 2913 687 2982; x_wconf 78' lang='lat' dir='ltr'><strong>petrae</strong></span> <span class='ocrx_word' id='word_1_336' title='bbox 714 2905 1100 2982; x_wconf 81' lang='lat' dir='ltr'><strong>percussione,</strong></span> <span class='ocrx_word' id='word_1_337' title='bbox 1150 2905 1309 2982; x_wconf 88' lang='lat' dir='ltr'><strong>quod</strong></span> <span class='ocrx_word' id='word_1_338' title='bbox 1350 2905 1774 2964; x_wconf 73' lang='lat' dir='ltr'><strong>haesitationem</strong></span> <span class='ocrx_word' id='word_1_339' title='bbox 1803 2904 1988 2963; x_wconf 87' lang='lat' dir='ltr'><strong>Mosis</strong></span> <span class='ocrx_word' id='word_1_340' title='bbox 2031 2901 2368 2976; x_wconf 79' lang='lat' dir='ltr'><strong>testabatur,</strong></span> <span class='ocrx_word' id='word_1_341' title='bbox 2399 2909 2459 2959; x_wconf 89' lang='lat' dir='ltr'><strong>et</strong></span> <span class='ocrx_word' id='word_1_342' title='bbox 2485 2900 2632 2960; x_wconf 85' lang='lat' dir='ltr'><strong>forte</strong></span> <span class='ocrx_word' id='word_1_343' title='bbox 2662 2901 2826 2958; x_wconf 92' lang='lat' dir='ltr'><strong>Deus</strong></span> <span class='ocrx_word' id='word_1_344' title='bbox 2852 2898 2928 2956; x_wconf 89' lang='lat' dir='ltr'><strong>ad</strong></span> 
     </span>
     <span class='ocr_line' id='line_1_33' title="bbox 506 2979 2924 3062; baseline -0.002 -19"><span class='ocrx_word' id='word_1_345' title='bbox 506 2984 682 3044; x_wconf 80' lang='lat' dir='ltr'><strong>tidem</strong></span> <span class='ocrx_word' id='word_1_346' title='bbox 730 3005 929 3045; x_wconf 88' lang='lat' dir='ltr'><strong>eorum</strong></span> <span class='ocrx_word' id='word_1_347' title='bbox 976 2986 1391 3062; x_wconf 86' lang='lat' dir='ltr'><strong>explorandam</strong></span> <span class='ocrx_word' id='word_1_348' title='bbox 1420 3005 1537 3043; x_wconf 90' lang='lat' dir='ltr'><strong>non</strong></span> <span class='ocrx_word' id='word_1_349' title='bbox 1580 2985 1776 3044; x_wconf 87' lang='lat' dir='ltr'><strong>statim</strong></span> <span class='ocrx_word' id='word_1_350' title='bbox 1824 3003 2006 3062; x_wconf 88' lang='lat' dir='ltr'><strong>aquas</strong></span> <span class='ocrx_word' id='word_1_351' title='bbox 2045 2983 2282 3040; x_wconf 82' lang='lat' dir='ltr'><strong>dederat</strong></span> <span class='ocrx_word' id='word_1_352' title='bbox 2323 2979 2398 3039; x_wconf 83' lang='lat' dir='ltr'><strong>ad</strong></span> <span class='ocrx_word' id='word_1_353' title='bbox 2424 2981 2667 3058; x_wconf 87' lang='lat' dir='ltr'><strong>primam</strong></span> <span class='ocrx_word' id='word_1_354' title='bbox 2694 2999 2924 3058; x_wconf 85' lang='lat' dir='ltr'><strong>percus-</strong></span> 
     </span>
     <span class='ocr_line' id='line_1_34' title="bbox 511 3060 2927 3142; baseline -0.003 -19"><span class='ocrx_word' id='word_1_355' title='bbox 511 3065 751 3125; x_wconf 87' lang='lat' dir='ltr'><strong>sionem.</strong></span> <span class='ocrx_word' id='word_1_356' title='bbox 838 3065 1127 3142; x_wconf 88' lang='lat' dir='ltr'><strong>Quicquid</strong></span> <span class='ocrx_word' id='word_1_357' title='bbox 1176 3066 1267 3142; x_wconf 92' lang='lat' dir='ltr'><strong>sit,</strong></span> <span class='ocrx_word' id='word_1_358' title='bbox 1299 3074 1519 3125; x_wconf 89' lang='lat' dir='ltr'><strong>certum</strong></span> <span class='ocrx_word' id='word_1_359' title='bbox 1562 3072 1654 3124; x_wconf 90' lang='lat' dir='ltr'><strong>est</strong></span> <span class='ocrx_word' id='word_1_360' title='bbox 1703 3066 1929 3123; x_wconf 89' lang='lat' dir='ltr'><strong>Mosem</strong></span> <span class='ocrx_word' id='word_1_361' title='bbox 1959 3062 2202 3140; x_wconf 86' lang='lat' dir='ltr'><strong>gloriam</strong></span> <span class='ocrx_word' id='word_1_362' title='bbox 2233 3062 2360 3120; x_wconf 90' lang='lat' dir='ltr'><strong>Deo</strong></span> <span class='ocrx_word' id='word_1_363' title='bbox 2389 3081 2503 3119; x_wconf 91' lang='lat' dir='ltr'><strong>non</strong></span> <span class='ocrx_word' id='word_1_364' title='bbox 2533 3060 2779 3135; x_wconf 84' lang='lat' dir='ltr'><strong>dedisse,</strong></span> <span class='ocrx_word' id='word_1_365' title='bbox 2809 3079 2927 3118; x_wconf 89' lang='lat' dir='ltr'><strong>non</strong></span> 
     </span>
     <span class='ocr_line' id='line_1_35' title="bbox 510 3141 2928 3223; baseline -0.002 -23"><span class='ocrx_word' id='word_1_366' title='bbox 510 3144 683 3202; x_wconf 90' lang='lat' dir='ltr'><strong>modo</strong></span> <span class='ocrx_word' id='word_1_367' title='bbox 710 3144 915 3221; x_wconf 86' lang='lat' dir='ltr'><strong>lingua</strong></span> <span class='ocrx_word' id='word_1_368' title='bbox 941 3153 1001 3203; x_wconf 88' lang='lat' dir='ltr'><strong>et</strong></span> <span class='ocrx_word' id='word_1_369' title='bbox 1028 3165 1217 3222; x_wconf 90' lang='lat' dir='ltr'><strong>opere,</strong></span> <span class='ocrx_word' id='word_1_370' title='bbox 1248 3146 1352 3204; x_wconf 88' lang='lat' dir='ltr'><strong>sed</strong></span> <span class='ocrx_word' id='word_1_371' title='bbox 1372 3145 1660 3223; x_wconf 74' lang='lat' dir='ltr'><strong>praecipue</strong></span> <span class='ocrx_word' id='word_1_372' title='bbox 1699 3145 1887 3218; x_wconf 89' lang='lat' dir='ltr'><strong>corde,</strong></span> <span class='ocrx_word' id='word_1_373' title='bbox 1933 3143 1994 3201; x_wconf 87' lang='lat' dir='ltr'><strong>in</strong></span> <span class='ocrx_word' id='word_1_374' title='bbox 2021 3163 2137 3221; x_wconf 90' lang='lat' dir='ltr'><strong>quo</strong></span> <span class='ocrx_word' id='word_1_375' title='bbox 2162 3143 2440 3201; x_wconf 86' lang='lat' dir='ltr'><strong>latentem</strong></span> <span class='ocrx_word' id='word_1_376' title='bbox 2467 3141 2928 3200; x_wconf 85' lang='lat' dir='ltr'><strong>incredulitatem</strong></span> 
     </span>
     <span class='ocr_line' id='line_1_36' title="bbox 514 3219 2924 3300; baseline -0.001 -21"><span class='ocrx_word' id='word_1_377' title='bbox 514 3223 703 3279; x_wconf 89' lang='lat' dir='ltr'><strong>Deum</strong></span> <span class='ocrx_word' id='word_1_378' title='bbox 726 3224 1051 3299; x_wconf 88' lang='lat' dir='ltr'><strong>respexisse</strong></span> <span class='ocrx_word' id='word_1_379' title='bbox 1081 3224 1333 3284; x_wconf 84' lang='lat' dir='ltr'><strong>dubitari</strong></span> <span class='ocrx_word' id='word_1_380' title='bbox 1358 3225 1579 3300; x_wconf 86' lang='lat' dir='ltr'><strong>nequit.</strong></span> <span class='ocrx_word' id='word_1_381' title='bbox 1625 3225 1823 3300; x_wconf 87' lang='lat' dir='ltr'><strong>Atque</strong></span> <span class='ocrx_word' id='word_1_382' title='bbox 1852 3226 1935 3282; x_wconf 88' lang='lat' dir='ltr'><strong>ita</strong></span> <span class='ocrx_word' id='word_1_383' title='bbox 1961 3223 2234 3281; x_wconf 87' lang='lat' dir='ltr'><strong>dicuntur</strong></span> <span class='ocrx_word' id='word_1_384' title='bbox 2258 3241 2376 3279; x_wconf 90' lang='lat' dir='ltr'><strong>non</strong></span> <span class='ocrx_word' id='word_1_385' title='bbox 2401 3222 2777 3298; x_wconf 56' lang='lat' dir='ltr'><strong>sanctificasse</strong></span> <span class='ocrx_word' id='word_1_386' title='bbox 2807 3219 2924 3277; x_wconf 89' lang='lat' dir='ltr'><strong>Do-</strong></span> 
     </span>
     <span class='ocr_line' id='line_1_37' title="bbox 512 3299 2928 3380; baseline -0 -21"><span class='ocrx_word' id='word_1_387' title='bbox 512 3301 731 3359; x_wconf 89' lang='lat' dir='ltr'><strong>minum</strong></span> <span class='ocrx_word' id='word_1_388' title='bbox 776 3320 965 3358; x_wconf 86' lang='lat' dir='ltr'><strong>coram</strong></span> <span class='ocrx_word' id='word_1_389' title='bbox 1014 3303 1151 3361; x_wconf 88' lang='lat' dir='ltr'><strong>filiis</strong></span> <span class='ocrx_word' id='word_1_390' title='bbox 1197 3303 1394 3378; x_wconf 72' lang='lat' dir='ltr'><strong>Israe&#39;l,</strong></span> <span class='ocrx_word' id='word_1_391' title='bbox 1444 3304 1524 3361; x_wconf 89' lang='lat' dir='ltr'><strong>id.</strong></span> <span class='ocrx_word' id='word_1_392' title='bbox 1570 3305 1785 3380; x_wconf 88' lang='lat' dir='ltr'><strong>populo</strong></span> <span class='ocrx_word' id='word_1_393' title='bbox 1833 3303 2062 3360; x_wconf 85' lang='lat' dir='ltr'><strong>dedisse</strong></span> <span class='ocrx_word' id='word_1_394' title='bbox 2107 3319 2340 3360; x_wconf 85' lang='lat' dir='ltr'><strong>causam</strong></span> <span class='ocrx_word' id='word_1_395' title='bbox 2369 3300 2671 3360; x_wconf 85' lang='lat' dir='ltr'><strong>dubitandi</strong></span> <span class='ocrx_word' id='word_1_396' title='bbox 2699 3300 2771 3357; x_wconf 93' lang='lat' dir='ltr'><strong>de</strong></span> <span class='ocrx_word' id='word_1_397' title='bbox 2799 3299 2928 3376; x_wconf 87' lang='lat' dir='ltr'><strong>ejus</strong></span> 
     </span>
     <span class='ocr_line' id='line_1_38' title="bbox 512 3379 2930 3458; baseline 0.001 -22"><span class='ocrx_word' id='word_1_398' title='bbox 512 3379 771 3458; x_wconf 85' lang='lat' dir='ltr'><strong>potentia</strong></span> <span class='ocrx_word' id='word_1_399' title='bbox 807 3387 865 3437; x_wconf 89' lang='lat' dir='ltr'><strong>et</strong></span> <span class='ocrx_word' id='word_1_400' title='bbox 908 3381 1189 3456; x_wconf 80' lang='lat' dir='ltr'><strong>veritate3</strong></span> <span class='ocrx_word' id='word_1_401' title='bbox 1234 3401 1365 3441; x_wconf 90' lang='lat' dir='ltr'><strong>cum</strong></span> <span class='ocrx_word' id='word_1_402' title='bbox 1410 3382 1738 3440; x_wconf 84' lang='lat' dir='ltr'><strong>revocando</strong></span> <span class='ocrx_word' id='word_1_403' title='bbox 1765 3382 1853 3439; x_wconf 89' lang='lat' dir='ltr'><strong>illi</strong></span> <span class='ocrx_word' id='word_1_404' title='bbox 1879 3382 1940 3440; x_wconf 92' lang='lat' dir='ltr'><strong>in</strong></span> <span class='ocrx_word' id='word_1_405' title='bbox 1967 3381 2300 3440; x_wconf 88' lang='lat' dir='ltr'><strong>memoriam</strong></span> <span class='ocrx_word' id='word_1_406' title='bbox 2323 3381 2614 3458; x_wconf 75' lang='lat' dir='ltr'><strong>praeterita</strong></span> <span class='ocrx_word' id='word_1_407' title='bbox 2651 3379 2930 3438; x_wconf 80' lang='lat' dir='ltr'><strong>miracula</strong></span> 
     </span>
     <span class='ocr_line' id='line_1_39' title="bbox 512 3457 2929 3536; baseline 0 -20"><span class='ocrx_word' id='word_1_408' title='bbox 512 3457 855 3517; x_wconf 87' lang='lat' dir='ltr'><strong>debuissent</strong></span> <span class='ocrx_word' id='word_1_409' title='bbox 900 3459 1095 3536; x_wconf 91' lang='lat' dir='ltr'><strong>potius</strong></span> <span class='ocrx_word' id='word_1_410' title='bbox 1133 3479 1232 3518; x_wconf 89' lang='lat' dir='ltr'><strong>eos</strong></span> <span class='ocrx_word' id='word_1_411' title='bbox 1269 3460 1606 3520; x_wconf 87' lang='lat' dir='ltr'><strong>confirmare</strong></span> <span class='ocrx_word' id='word_1_412' title='bbox 1663 3461 1724 3518; x_wconf 92' lang='lat' dir='ltr'><strong>in</strong></span> <span class='ocrx_word' id='word_1_413' title='bbox 1777 3460 1893 3519; x_wconf 90' lang='lat' dir='ltr'><strong>fide</strong></span> <span class='ocrx_word' id='word_1_414' title='bbox 1951 3461 2099 3520; x_wconf 87' lang='lat' dir='ltr'><strong>tanti</strong></span> <span class='ocrx_word' id='word_1_415' title='bbox 2142 3461 2422 3520; x_wconf 87' lang='lat' dir='ltr'><strong>miraculi.</strong></span> <span class='ocrx_word' id='word_1_416' title='bbox 2523 3461 2688 3519; x_wconf 89' lang='lat' dir='ltr'><strong>Licet</strong></span> <span class='ocrx_word' id='word_1_417' title='bbox 2735 3469 2929 3518; x_wconf 88' lang='lat' dir='ltr'><strong>autem</strong></span> 
     </span>
     <span class='ocr_line' id='line_1_40' title="bbox 514 3537 2929 3618; baseline -0 -20"><span class='ocrx_word' id='word_1_418' title='bbox 514 3539 715 3598; x_wconf 86' lang='lat' dir='ltr'><strong>Aaron</strong></span> <span class='ocrx_word' id='word_1_419' title='bbox 758 3537 906 3596; x_wconf 90' lang='lat' dir='ltr'><strong>nihil</strong></span> <span class='ocrx_word' id='word_1_420' title='bbox 944 3539 1042 3597; x_wconf 92' lang='lat' dir='ltr'><strong>hic</strong></span> <span class='ocrx_word' id='word_1_421' title='bbox 1082 3539 1320 3615; x_wconf 88' lang='lat' dir='ltr'><strong>dixisse,</strong></span> <span class='ocrx_word' id='word_1_422' title='bbox 1380 3540 1477 3598; x_wconf 82' lang='lat' dir='ltr'><strong>vel</strong></span> <span class='ocrx_word' id='word_1_423' title='bbox 1534 3539 1740 3599; x_wconf 87' lang='lat' dir='ltr'><strong>fecisse</strong></span> <span class='ocrx_word' id='word_1_424' title='bbox 1781 3540 2168 3618; x_wconf 88' lang='lat' dir='ltr'><strong>perhibeatur,</strong></span> <span class='ocrx_word' id='word_1_425' title='bbox 2211 3541 2272 3598; x_wconf 91' lang='lat' dir='ltr'><strong>in</strong></span> <span class='ocrx_word' id='word_1_426' title='bbox 2312 3541 2536 3618; x_wconf 88' lang='lat' dir='ltr'><strong>peccati</strong></span> <span class='ocrx_word' id='word_1_427' title='bbox 2577 3541 2929 3599; x_wconf 87' lang='lat' dir='ltr'><strong>consortium</strong></span> 
     </span>
     <span class='ocr_line' id='line_1_41' title="bbox 513 3617 2928 3698; baseline -0.001 -16"><span class='ocrx_word' id='word_1_428' title='bbox 513 3627 708 3682; x_wconf 79' lang='lat' dir='ltr'><strong>tamen</strong></span> <span class='ocrx_word' id='word_1_429' title='bbox 724 3617 887 3678; x_wconf 84' lang='lat' dir='ltr'><strong>venit</strong></span> <span class='ocrx_word' id='word_1_430' title='bbox 904 3637 1035 3678; x_wconf 91' lang='lat' dir='ltr'><strong>cum</strong></span> <span class='ocrx_word' id='word_1_431' title='bbox 1054 3618 1243 3695; x_wconf 86' lang='lat' dir='ltr'><strong>fratre,</strong></span> <span class='ocrx_word' id='word_1_432' title='bbox 1265 3620 1402 3696; x_wconf 88' lang='lat' dir='ltr'><strong>quia</strong></span> <span class='ocrx_word' id='word_1_433' title='bbox 1417 3620 1614 3696; x_wconf 86' lang='lat' dir='ltr'><strong>tacuit,</strong></span> <span class='ocrx_word' id='word_1_434' title='bbox 1639 3639 1746 3679; x_wconf 89' lang='lat' dir='ltr'><strong>nec</strong></span> <span class='ocrx_word' id='word_1_435' title='bbox 1767 3620 1954 3697; x_wconf 88' lang='lat' dir='ltr'><strong>ipsum</strong></span> <span class='ocrx_word' id='word_1_436' title='bbox 1973 3628 2306 3698; x_wconf 86' lang='lat' dir='ltr'><strong>peccantem</strong></span> <span class='ocrx_word' id='word_1_437' title='bbox 2329 3621 2515 3679; x_wconf 88' lang='lat' dir='ltr'><strong>erexit</strong></span> <span class='ocrx_word' id='word_1_438' title='bbox 2535 3629 2594 3680; x_wconf 93' lang='lat' dir='ltr'><strong>et</strong></span> <span class='ocrx_word' id='word_1_439' title='bbox 2613 3620 2928 3697; x_wconf 86' lang='lat' dir='ltr'><strong>redarguit.</strong></span> 
     </span>
    </p>

    <p class='ocr_par' dir='ltr' id='par_1_5' title="bbox 512 3699 2934 4744">
     <span class='ocr_line' id='line_1_42' title="bbox 596 3699 2929 3778; baseline 0 -20"><span class='ocrx_word' id='word_1_440' title='bbox 596 3699 717 3760; x_wconf 88' lang='lat' dir='ltr'><strong>XI.</strong></span> <span class='ocrx_word' id='word_1_441' title='bbox 765 3699 881 3758; x_wconf 88' lang='lat' dir='ltr'><strong>Sed</strong></span> <span class='ocrx_word' id='word_1_442' title='bbox 908 3709 974 3759; x_wconf 91' lang='lat' dir='ltr'><strong>ut</strong></span> <span class='ocrx_word' id='word_1_443' title='bbox 1018 3699 1095 3758; x_wconf 86' lang='lat' dir='ltr'><strong>ad</strong></span> <span class='ocrx_word' id='word_1_444' title='bbox 1137 3700 1475 3777; x_wconf 83' lang='lat' dir='ltr'><strong>mysterium</strong></span> <span class='ocrx_word' id='word_1_445' title='bbox 1521 3719 1847 3778; x_wconf 87' lang='lat' dir='ltr'><strong>pergamus,</strong></span> <span class='ocrx_word' id='word_1_446' title='bbox 1879 3701 2034 3778; x_wconf 91' lang='lat' dir='ltr'><strong>quod</strong></span> <span class='ocrx_word' id='word_1_447' title='bbox 2063 3701 2348 3778; x_wconf 78' lang='lat' dir='ltr'><strong>praecipue</strong></span> <span class='ocrx_word' id='word_1_448' title='bbox 2376 3700 2471 3759; x_wconf 89' lang='lat' dir='ltr'><strong>hic</strong></span> <span class='ocrx_word' id='word_1_449' title='bbox 2500 3702 2796 3760; x_wconf 87' lang='lat' dir='ltr'><strong>attendere</strong></span> <span class='ocrx_word' id='word_1_450' title='bbox 2822 3719 2929 3759; x_wconf 89' lang='lat' dir='ltr'><strong>nos</strong></span> 
     </span>
     <span class='ocr_line' id='line_1_43' title="bbox 514 3779 2927 3858; baseline -0 -18"><span class='ocrx_word' id='word_1_451' title='bbox 514 3781 644 3840; x_wconf 82' lang='lat' dir='ltr'><strong>vult</strong></span> <span class='ocrx_word' id='word_1_452' title='bbox 677 3779 925 3858; x_wconf 88' lang='lat' dir='ltr'><strong>Spiritus</strong></span> <span class='ocrx_word' id='word_1_453' title='bbox 974 3781 1052 3854; x_wconf 88' lang='lat' dir='ltr'><strong>S.,</strong></span> <span class='ocrx_word' id='word_1_454' title='bbox 1100 3780 1517 3857; x_wconf 88' lang='lat' dir='ltr'><strong>Inquirendum</strong></span> <span class='ocrx_word' id='word_1_455' title='bbox 1550 3781 1676 3856; x_wconf 84' lang='lat' dir='ltr'><strong>jam</strong></span> <span class='ocrx_word' id='word_1_456' title='bbox 1705 3787 1810 3856; x_wconf 89' lang='lat' dir='ltr'><strong>est,</strong></span> <span class='ocrx_word' id='word_1_457' title='bbox 1841 3781 2133 3858; x_wconf 87' lang='lat' dir='ltr'><strong>quodnam</strong></span> <span class='ocrx_word' id='word_1_458' title='bbox 2161 3782 2271 3840; x_wconf 88' lang='lat' dir='ltr'><strong>sub</strong></span> <span class='ocrx_word' id='word_1_459' title='bbox 2297 3781 2410 3838; x_wconf 86' lang='lat' dir='ltr'><strong>hoc</strong></span> <span class='ocrx_word' id='word_1_460' title='bbox 2437 3782 2648 3840; x_wconf 88' lang='lat' dir='ltr'><strong>cortice</strong></span> <span class='ocrx_word' id='word_1_461' title='bbox 2675 3781 2927 3840; x_wconf 87' lang='lat' dir='ltr'><strong>latuerit.</strong></span> 
     </span>
     <span class='ocr_line' id='line_1_44' title="bbox 516 3857 2927 3942; baseline -0 -23"><span class='ocrx_word' id='word_1_462' title='bbox 516 3861 636 3919; x_wconf 89' lang='lat' dir='ltr'><strong>Hic</strong></span> <span class='ocrx_word' id='word_1_463' title='bbox 664 3861 817 3920; x_wconf 89' lang='lat' dir='ltr'><strong>enim</strong></span> <span class='ocrx_word' id='word_1_464' title='bbox 840 3859 1063 3939; x_wconf 86' lang='lat' dir='ltr'><strong>aliquid</strong></span> <span class='ocrx_word' id='word_1_465' title='bbox 1090 3860 1268 3919; x_wconf 83' lang='lat' dir='ltr'><strong>fuisse</strong></span> <span class='ocrx_word' id='word_1_466' title='bbox 1292 3857 1614 3942; x_wconf 58' lang='lat' dir='ltr'><strong>pvmgeaffie</strong></span> <span class='ocrx_word' id='word_1_467' title='bbox 1635 3860 1684 3920; x_wconf 90' lang='lat' dir='ltr'><strong>si</strong></span> <span class='ocrx_word' id='word_1_468' title='bbox 1715 3861 1932 3920; x_wconf 85' lang='lat' dir='ltr'><strong>Paulus</strong></span> <span class='ocrx_word' id='word_1_469' title='bbox 1961 3879 2231 3938; x_wconf 85' lang='lat' dir='ltr'><strong>expresse</strong></span> <span class='ocrx_word' id='word_1_470' title='bbox 2259 3879 2378 3918; x_wconf 90' lang='lat' dir='ltr'><strong>non</strong></span> <span class='ocrx_word' id='word_1_471' title='bbox 2405 3860 2655 3936; x_wconf 86' lang='lat' dir='ltr'><strong>doceret,</strong></span> <span class='ocrx_word' id='word_1_472' title='bbox 2681 3862 2822 3920; x_wconf 85' lang='lat' dir='ltr'><strong>satis</strong></span> <span class='ocrx_word' id='word_1_473' title='bbox 2843 3868 2927 3918; x_wconf 88' lang='lat' dir='ltr'><strong>ta·</strong></span> 
     </span>
     <span class='ocr_line' id='line_1_45' title="bbox 514 3939 2930 4019; baseline -0.002 -18"><span class='ocrx_word' id='word_1_474' title='bbox 514 3961 648 4001; x_wconf 90' lang='lat' dir='ltr'><strong>men</strong></span> <span class='ocrx_word' id='word_1_475' title='bbox 696 3941 824 4019; x_wconf 85' lang='lat' dir='ltr'><strong>ipsa</strong></span> <span class='ocrx_word' id='word_1_476' title='bbox 866 3961 1057 4000; x_wconf 88' lang='lat' dir='ltr'><strong>rerum</strong></span> <span class='ocrx_word' id='word_1_477' title='bbox 1116 3949 1541 4018; x_wconf 82' lang='lat' dir='ltr'><strong>eventuumque</strong></span> <span class='ocrx_word' id='word_1_478' title='bbox 1588 3950 1798 4000; x_wconf 84' lang='lat' dir='ltr'><strong>natura</strong></span> <span class='ocrx_word' id='word_1_479' title='bbox 1841 3941 2213 4000; x_wconf 86' lang='lat' dir='ltr'><strong>demonstrat.</strong></span> <span class='ocrx_word' id='word_1_480' title='bbox 2299 3941 2448 3998; x_wconf 86' lang='lat' dir='ltr'><strong>Nam</strong></span> <span class='ocrx_word' id='word_1_481' title='bbox 2500 3941 2550 4000; x_wconf 88' lang='lat' dir='ltr'><strong>si</strong></span> <span class='ocrx_word' id='word_1_482' title='bbox 2593 3941 2737 3999; x_wconf 87' lang='lat' dir='ltr'><strong>nihil</strong></span> <span class='ocrx_word' id='word_1_483' title='bbox 2771 3939 2930 3998; x_wconf 88' lang='lat' dir='ltr'><strong>aliud</strong></span> 
     </span>
     <span class='ocr_line' id='line_1_46' title="bbox 516 4019 2928 4100; baseline -0.002 -19"><span class='ocrx_word' id='word_1_484' title='bbox 516 4023 680 4081; x_wconf 91' lang='lat' dir='ltr'><strong>Deus</strong></span> <span class='ocrx_word' id='word_1_485' title='bbox 734 4021 830 4080; x_wconf 92' lang='lat' dir='ltr'><strong>hic</strong></span> <span class='ocrx_word' id='word_1_486' title='bbox 886 4021 999 4080; x_wconf 87' lang='lat' dir='ltr'><strong>sibi</strong></span> <span class='ocrx_word' id='word_1_487' title='bbox 1050 4023 1461 4099; x_wconf 88' lang='lat' dir='ltr'><strong>proposuisset,</strong></span> <span class='ocrx_word' id='word_1_488' title='bbox 1492 4041 1668 4100; x_wconf 89' lang='lat' dir='ltr'><strong>quam</strong></span> <span class='ocrx_word' id='word_1_489' title='bbox 1707 4023 1985 4099; x_wconf 89' lang='lat' dir='ltr'><strong>populum</strong></span> <span class='ocrx_word' id='word_1_490' title='bbox 2036 4039 2202 4079; x_wconf 88' lang='lat' dir='ltr'><strong>suum</strong></span> <span class='ocrx_word' id='word_1_491' title='bbox 2254 4019 2470 4080; x_wconf 86' lang='lat' dir='ltr'><strong>salubri</strong></span> <span class='ocrx_word' id='word_1_492' title='bbox 2507 4029 2650 4099; x_wconf 82' lang='lat' dir='ltr'><strong>potu</strong></span> <span class='ocrx_word' id='word_1_493' title='bbox 2677 4021 2928 4095; x_wconf 86' lang='lat' dir='ltr'><strong>reficere,</strong></span> 
     </span>
     <span class='ocr_line' id='line_1_47' title="bbox 512 4099 2932 4180; baseline -0.002 -17"><span class='ocrx_word' id='word_1_494' title='bbox 512 4119 705 4163; x_wconf 81' lang='lat' dir='ltr'><strong>nonne</strong></span> <span class='ocrx_word' id='word_1_495' title='bbox 732 4108 958 4180; x_wconf 88' lang='lat' dir='ltr'><strong>poterat</strong></span> <span class='ocrx_word' id='word_1_496' title='bbox 1000 4102 1097 4160; x_wconf 80' lang='lat' dir='ltr'><strong>vel</strong></span> <span class='ocrx_word' id='word_1_497' title='bbox 1130 4121 1311 4179; x_wconf 87' lang='lat' dir='ltr'><strong>aquas</strong></span> <span class='ocrx_word' id='word_1_498' title='bbox 1340 4103 1567 4162; x_wconf 86' lang='lat' dir='ltr'><strong>coelitus</strong></span> <span class='ocrx_word' id='word_1_499' title='bbox 1606 4103 1931 4176; x_wconf 87' lang='lat' dir='ltr'><strong>immittere,</strong></span> <span class='ocrx_word' id='word_1_500' title='bbox 1987 4101 2084 4160; x_wconf 85' lang='lat' dir='ltr'><strong>vel</strong></span> <span class='ocrx_word' id='word_1_501' title='bbox 2111 4100 2275 4158; x_wconf 87' lang='lat' dir='ltr'><strong>illum</strong></span> <span class='ocrx_word' id='word_1_502' title='bbox 2316 4099 2378 4158; x_wconf 90' lang='lat' dir='ltr'><strong>in</strong></span> <span class='ocrx_word' id='word_1_503' title='bbox 2429 4101 2622 4160; x_wconf 89' lang='lat' dir='ltr'><strong>locum</strong></span> <span class='ocrx_word' id='word_1_504' title='bbox 2677 4101 2932 4160; x_wconf 86' lang='lat' dir='ltr'><strong>fontibus</strong></span> 
     </span>
     <span class='ocr_line' id='line_1_48' title="bbox 514 4179 2934 4260; baseline -0.003 -16"><span class='ocrx_word' id='word_1_505' title='bbox 514 4191 574 4244; x_wconf 87' lang='lat' dir='ltr'><strong>et</strong></span> <span class='ocrx_word' id='word_1_506' title='bbox 622 4183 789 4260; x_wconf 88' lang='lat' dir='ltr'><strong>aquis</strong></span> <span class='ocrx_word' id='word_1_507' title='bbox 832 4181 1109 4260; x_wconf 86' lang='lat' dir='ltr'><strong>irriguum</strong></span> <span class='ocrx_word' id='word_1_508' title='bbox 1153 4182 1437 4242; x_wconf 87' lang='lat' dir='ltr'><strong>deducere</strong></span> <span class='ocrx_word' id='word_1_509' title='bbox 1452 4186 1482 4242; x_wconf 79' lang='lat'><strong>⁴?</strong></span> <span class='ocrx_word' id='word_1_510' title='bbox 1563 4181 1716 4257; x_wconf 90' lang='lat' dir='ltr'><strong>Quid</strong></span> <span class='ocrx_word' id='word_1_511' title='bbox 1745 4201 1890 4260; x_wconf 88' lang='lat' dir='ltr'><strong>opus</strong></span> <span class='ocrx_word' id='word_1_512' title='bbox 1919 4187 2056 4256; x_wconf 86' lang='lat' dir='ltr'><strong>erat,</strong></span> <span class='ocrx_word' id='word_1_513' title='bbox 2081 4180 2178 4240; x_wconf 81' lang='lat' dir='ltr'><strong>vel</strong></span> <span class='ocrx_word' id='word_1_514' title='bbox 2207 4180 2440 4238; x_wconf 87' lang='lat' dir='ltr'><strong>Petram</strong></span> <span class='ocrx_word' id='word_1_515' title='bbox 2465 4181 2831 4259; x_wconf 87' lang='lat' dir='ltr'><strong>peculiariter</strong></span> <span class='ocrx_word' id='word_1_516' title='bbox 2857 4179 2934 4237; x_wconf 86' lang='lat' dir='ltr'><strong>ad</strong></span> 
     </span>
     <span class='ocr_line' id='line_1_49' title="bbox 513 4259 2934 4342; baseline -0.002 -19"><span class='ocrx_word' id='word_1_517' title='bbox 513 4263 626 4323; x_wconf 81' lang='lat' dir='ltr'><strong>hoc</strong></span> <span class='ocrx_word' id='word_1_518' title='bbox 656 4263 916 4338; x_wconf 87' lang='lat' dir='ltr'><strong>seligere,</strong></span> <span class='ocrx_word' id='word_1_519' title='bbox 949 4263 1044 4322; x_wconf 89' lang='lat' dir='ltr'><strong>vel</strong></span> <span class='ocrx_word' id='word_1_520' title='bbox 1072 4262 1241 4342; x_wconf 84' lang='lat' dir='ltr'><strong>virga</strong></span> <span class='ocrx_word' id='word_1_521' title='bbox 1286 4264 1372 4324; x_wconf 83' lang='lat' dir='ltr'><strong>uti</strong></span> <span class='ocrx_word' id='word_1_522' title='bbox 1400 4263 1473 4321; x_wconf 90' lang='lat' dir='ltr'><strong>ad</strong></span> <span class='ocrx_word' id='word_1_523' title='bbox 1502 4281 1630 4321; x_wconf 88' lang='lat' dir='ltr'><strong>eam</strong></span> <span class='ocrx_word' id='word_1_524' title='bbox 1659 4259 2104 4339; x_wconf 88' lang='lat' dir='ltr'><strong>percutiendam,</strong></span> <span class='ocrx_word' id='word_1_525' title='bbox 2135 4269 2202 4320; x_wconf 87' lang='lat' dir='ltr'><strong>ut</strong></span> <span class='ocrx_word' id='word_1_526' title='bbox 2229 4279 2393 4338; x_wconf 86' lang='lat' dir='ltr'><strong>aquae</strong></span> <span class='ocrx_word' id='word_1_527' title='bbox 2422 4282 2498 4320; x_wconf 85' lang='lat' dir='ltr'><strong>ex</strong></span> <span class='ocrx_word' id='word_1_528' title='bbox 2525 4281 2594 4320; x_wconf 88' lang='lat' dir='ltr'><strong>ca</strong></span> <span class='ocrx_word' id='word_1_529' title='bbox 2615 4261 2886 4320; x_wconf 89' lang='lat' dir='ltr'><strong>exilirent</strong></span> <span class='ocrx_word' id='word_1_530' title='bbox 2905 4262 2934 4318; x_wconf 69' lang='grc' dir='ltr'>Ρ</span> 
     </span>
     <span class='ocr_line' id='line_1_50' title="bbox 518 4341 2928 4420; baseline -0.002 -18"><span class='ocrx_word' id='word_1_531' title='bbox 518 4347 574 4402; x_wconf 81' lang='lat'><strong>2.</strong></span> <span class='ocrx_word' id='word_1_532' title='bbox 608 4342 760 4416; x_wconf 91' lang='lat' dir='ltr'><strong>Quid</strong></span> <span class='ocrx_word' id='word_1_533' title='bbox 788 4342 944 4418; x_wconf 91' lang='lat' dir='ltr'><strong>quod</strong></span> <span class='ocrx_word' id='word_1_534' title='bbox 972 4342 1032 4401; x_wconf 91' lang='lat' dir='ltr'><strong>id</strong></span> <span class='ocrx_word' id='word_1_535' title='bbox 1067 4343 1272 4420; x_wconf 87' lang='lat' dir='ltr'><strong>ipsum,</strong></span> <span class='ocrx_word' id='word_1_536' title='bbox 1305 4343 1461 4420; x_wconf 91' lang='lat' dir='ltr'><strong>quod</strong></span> <span class='ocrx_word' id='word_1_537' title='bbox 1490 4343 1648 4402; x_wconf 88' lang='lat' dir='ltr'><strong>Mosi</strong></span> <span class='ocrx_word' id='word_1_538' title='bbox 1674 4342 1980 4419; x_wconf 88' lang='lat' dir='ltr'><strong>pollicetur</strong></span> <span class='ocrx_word' id='word_1_539' title='bbox 2007 4360 2068 4400; x_wconf 88' lang='lat' dir='ltr'><strong>se</strong></span> <span class='ocrx_word' id='word_1_540' title='bbox 2097 4360 2271 4418; x_wconf 85' lang='lat' dir='ltr'><strong>supra</strong></span> <span class='ocrx_word' id='word_1_541' title='bbox 2291 4349 2510 4418; x_wconf 86' lang='lat' dir='ltr'><strong>petram</strong></span> <span class='ocrx_word' id='word_1_542' title='bbox 2529 4341 2928 4414; x_wconf 89' lang='lat' dir='ltr'><strong>constiturum,</strong></span> 
     </span>
     <span class='ocr_line' id='line_1_51' title="bbox 516 4421 2932 4502; baseline -0.002 -22"><span class='ocrx_word' id='word_1_543' title='bbox 516 4441 703 4498; x_wconf 87' lang='lat' dir='ltr'><strong>usque</strong></span> <span class='ocrx_word' id='word_1_544' title='bbox 722 4421 860 4480; x_wconf 88' lang='lat' dir='ltr'><strong>dum</strong></span> <span class='ocrx_word' id='word_1_545' title='bbox 882 4423 1220 4482; x_wconf 85' lang='lat' dir='ltr'><strong>miraculum</strong></span> <span class='ocrx_word' id='word_1_546' title='bbox 1242 4430 1533 4502; x_wconf 86' lang='lat' dir='ltr'><strong>peractum</strong></span> <span class='ocrx_word' id='word_1_547' title='bbox 1574 4430 1744 4497; x_wconf 89' lang='lat' dir='ltr'><strong>esset,</strong></span> <span class='ocrx_word' id='word_1_548' title='bbox 1771 4423 1910 4482; x_wconf 86' lang='lat' dir='ltr'><strong>satis</strong></span> <span class='ocrx_word' id='word_1_549' title='bbox 1931 4423 2085 4481; x_wconf 86' lang='lat' dir='ltr'><strong>clare</strong></span> <span class='ocrx_word' id='word_1_550' title='bbox 2109 4421 2377 4496; x_wconf 87' lang='lat' dir='ltr'><strong>ostendit,</strong></span> <span class='ocrx_word' id='word_1_551' title='bbox 2407 4441 2525 4480; x_wconf 91' lang='lat' dir='ltr'><strong>non</strong></span> <span class='ocrx_word' id='word_1_552' title='bbox 2553 4422 2729 4480; x_wconf 83' lang='lat' dir='ltr'><strong>alium</strong></span> <span class='ocrx_word' id='word_1_553' title='bbox 2757 4439 2932 4497; x_wconf 85' lang='lat' dir='ltr'><strong>quam</strong></span> 
     </span>
     <span class='ocr_line' id='line_1_52' title="bbox 524 4500 2934 4579; baseline -0.002 -17"><span class='ocrx_word' id='word_1_554' title='bbox 524 4502 635 4562; x_wconf 80' lang='lat' dir='ltr'><strong>Dei</strong></span> <span class='ocrx_word' id='word_1_555' title='bbox 676 4501 906 4575; x_wconf 87' lang='lat' dir='ltr'><strong>Filium,</strong></span> <span class='ocrx_word' id='word_1_556' title='bbox 947 4503 1049 4579; x_wconf 91' lang='lat' dir='ltr'><strong>qui</strong></span> <span class='ocrx_word' id='word_1_557' title='bbox 1089 4503 1211 4561; x_wconf 90' lang='lat' dir='ltr'><strong>dux</strong></span> <span class='ocrx_word' id='word_1_558' title='bbox 1260 4511 1384 4562; x_wconf 89' lang='lat' dir='ltr'><strong>erat</strong></span> <span class='ocrx_word' id='word_1_559' title='bbox 1436 4503 1653 4579; x_wconf 90' lang='lat' dir='ltr'><strong>populi,</strong></span> <span class='ocrx_word' id='word_1_560' title='bbox 1705 4503 1815 4561; x_wconf 90' lang='lat' dir='ltr'><strong>hoc</strong></span> <span class='ocrx_word' id='word_1_561' title='bbox 1891 4521 2038 4579; x_wconf 89' lang='lat' dir='ltr'><strong>opus</strong></span> <span class='ocrx_word' id='word_1_562' title='bbox 2086 4509 2269 4561; x_wconf 89' lang='lat' dir='ltr'><strong>totum</strong></span> <span class='ocrx_word' id='word_1_563' title='bbox 2325 4501 2637 4578; x_wconf 87' lang='lat' dir='ltr'><strong>peregisse,</strong></span> <span class='ocrx_word' id='word_1_564' title='bbox 2696 4521 2804 4558; x_wconf 89' lang='lat' dir='ltr'><strong>nec</strong></span> <span class='ocrx_word' id='word_1_565' title='bbox 2857 4500 2934 4557; x_wconf 89' lang='lat' dir='ltr'><strong>ad</strong></span> 
     </span>
     <span class='ocr_line' id='line_1_53' title="bbox 520 4579 2930 4658; baseline -0.002 -16"><span class='ocrx_word' id='word_1_566' title='bbox 520 4581 697 4643; x_wconf 81' lang='lat' dir='ltr'><strong>alium</strong></span> <span class='ocrx_word' id='word_1_567' title='bbox 739 4597 911 4655; x_wconf 89' lang='lat' dir='ltr'><strong>quam</strong></span> <span class='ocrx_word' id='word_1_568' title='bbox 940 4579 1013 4638; x_wconf 90' lang='lat' dir='ltr'><strong>ad</strong></span> <span class='ocrx_word' id='word_1_569' title='bbox 1033 4581 1219 4657; x_wconf 86' lang='lat' dir='ltr'><strong>ipsum</strong></span> <span class='ocrx_word' id='word_1_570' title='bbox 1260 4583 1385 4641; x_wconf 78' lang='lat' dir='ltr'><strong>haec</strong></span> <span class='ocrx_word' id='word_1_571' title='bbox 1427 4583 1619 4640; x_wconf 87' lang='lat' dir='ltr'><strong>omnia</strong></span> <span class='ocrx_word' id='word_1_572' title='bbox 1659 4583 2001 4658; x_wconf 87' lang='lat' dir='ltr'><strong>respexisse.</strong></span> <span class='ocrx_word' id='word_1_573' title='bbox 2087 4583 2141 4639; x_wconf 88' lang='lat'><strong>3.</strong></span> <span class='ocrx_word' id='word_1_574' title='bbox 2189 4581 2452 4654; x_wconf 87' lang='lat' dir='ltr'><strong>Accedit,</strong></span> <span class='ocrx_word' id='word_1_575' title='bbox 2497 4581 2655 4657; x_wconf 85' lang='lat' dir='ltr'><strong>quod</strong></span> <span class='ocrx_word' id='word_1_576' title='bbox 2697 4599 2828 4638; x_wconf 89' lang='lat' dir='ltr'><strong>cum</strong></span> <span class='ocrx_word' id='word_1_577' title='bbox 2857 4599 2930 4636; x_wconf 87' lang='lat' dir='ltr'><strong>ex</strong></span> 
     </span>
     <span class='ocr_line' id='line_1_54' title="bbox 516 4657 2930 4744; baseline -0.002 -24"><span class='ocrx_word' id='word_1_578' title='bbox 516 4665 643 4744; x_wconf 82' lang='lat' dir='ltr'><strong>ipsa</strong></span> <span class='ocrx_word' id='word_1_579' title='bbox 705 4657 1045 4720; x_wconf 76' lang='lat' dir='ltr'><strong>Judaeorum</strong></span> <span class='ocrx_word' id='word_1_580' title='bbox 1098 4661 1381 4720; x_wconf 81' lang='lat' dir='ltr'><strong>sententia</strong></span> <span class='ocrx_word' id='word_1_581' title='bbox 1422 4661 1686 4720; x_wconf 75' lang='lat' dir='ltr'><strong>Christus</strong></span> <span class='ocrx_word' id='word_1_582' title='bbox 1729 4661 1803 4722; x_wconf 83' lang='lat' dir='ltr'><strong>sit</strong></span> <span class='ocrx_word' id='word_1_583' title='bbox 1857 4661 1987 4721; x_wconf 74' lang='lat' dir='ltr'><strong>fluis</strong></span> <span class='ocrx_word' id='word_1_584' title='bbox 2029 4669 2088 4720; x_wconf 89' lang='lat' dir='ltr'><strong>et</strong></span> <span class='ocrx_word' id='word_1_585' title='bbox 2129 4679 2337 4739; x_wconf 84' lang='lat' dir='ltr'><strong>scopus</strong></span> <span class='ocrx_word' id='word_1_586' title='bbox 2379 4661 2557 4720; x_wconf 88' lang='lat' dir='ltr'><strong>totius</strong></span> <span class='ocrx_word' id='word_1_587' title='bbox 2603 4661 2930 4739; x_wconf 74' lang='lat' dir='ltr'><strong>Scripturas,</strong></span> 
     </span>
    </p>
   </div>
  </div>
 </body>
</html>
