3234 5192
288 372 519 415 meror.
548 349 710 435 xxa]
928 362 1005 403 ns
1034 365 1235 407 sarxsr
1249 364 1515 407 Ac'rloms
1544 362 1782 405 cuais'rx
1809 360 2128 403 vanu-Ars.
2575 349 2694 407 653

290 535 489 654 '132'ssss
490 506 1652 671 }„?;303222¹2¹:1¹303⁹322ffiff¹23'2.3
1655 504 2696 666 ⁸23„;¹¹.;.1¹„³<;.53‡.¹¹.¹.535¹.¹m221¹³f?.;f

291 674 396 733 liii.
444 678 498 749 6,
540 673 625 732 sic
672 674 933 750 gustavit
976 678 1220 731 mortem
1247 687 1351 745 pro
1392 665 1676 740 omnibus,
1717 674 1782 724 ut
1817 687 1920 743 per
1945 677 2186 727 mortem
2216 669 2536 729 destrueret
2563 692 2694 731 eum

292 754 395 831 qui
420 754 671 813 habebat
697 753 998 829 imperium
1028 749 1247 824 mortis,
1278 755 1338 807 et
1362 747 1635 805 liberaret
1660 754 1946 825 quotquot
1971 756 2126 807 metu
2155 749 2358 807 mortis
2383 769 2488 826 per
2513 759 2694 810 totam

292 836 477 894 vitam
504 832 743 893 obnoxii
770 840 935 891 erant
960 828 1265 903 servituti3
1310 827 1464 887 Heb.
1486 826 1547 885 ii.
1576 829 1668 903 14,
1697 827 1789 887 15.
1878 828 1960 887 Ut
1987 828 2058 887 E.
2087 848 2164 887 ex
2194 827 2410 887 Adami
2438 838 2694 909 peccato,

296 912 424 973 Deo
451 913 533 973 ita
560 912 879 987 ordinante,
911 930 1111 971 omnes
1137 917 1197 968 et
1225 907 1441 984 singuli
1466 907 1730 966 homines
1757 908 1842 965 rei
1886 906 2024 967 facti
2071 916 2208 967 sunt
2253 917 2482 967 aetcrnse
2531 910 2693 970 dam-

294 994 563 1067 nationis,
596 994 631 1026 “
654 991 911 1051 damnati
938 1000 1247 1069 antequam
1276 987 1448 1063 nati,'’
1476 994 1544 1046 ut
1570 988 1714 1046 scite
1761 987 2018 1064 loquitur
2045 988 2394 1064 Bernardus,
2423 1008 2532 1049 nec
2559 991 2694 1051 toti-

296 1074 429 1133 dem
457 1072 769 1132 infinitates
798 1070 1085 1130 distinctae
1128 1070 1191 1127 in
1238 1088 1355 1127 una
1396 1067 1567 1144 primi
1611 1067 1862 1125 hominis
1909 1069 2366 1145 transgressione
2395 1078 2530 1129 sunt
2557 1091 2694 1130 con-

296 1152 603 1213 stituendae
631 1171 763 1229 quse
788 1151 866 1210 ad
892 1171 999 1211 nos
1026 1150 1359 1221 dimanent3
1404 1146 1499 1205 Ita
1540 1147 1603 1205 in
1649 1146 1864 1206 Christi
1893 1146 2223 1207 obedientia
2261 1158 2475 1208 temere
2505 1150 2696 1211 infini-

298 1240 447 1292 tates
490 1232 815 1291 debitorum
865 1239 1189 1291 nostrorum
1234 1226 1607 1305 separaveris,
1640 1247 1770 1285 cum
1817 1247 1932 1285 una
1975 1247 2080 1287 sua
2121 1228 2388 1305 passione
2429 1238 2488 1288 et
2513 1240 2700 1291 morte

296 1332 597 1389 poenarum
622 1320 948 1371 nostrarum
996 1308 1395 1384 infinitatibus,
1426 1307 1476 1365 si
1524 1308 1609 1365 ita
1649 1308 1812 1383 loqui
1859 1307 2012 1383 licet,
2063 1308 2292 1367 abunde
2337 1310 2696 1370 satisfecerit.

301 1390 474 1452 Unde
503 1392 836 1468 scrupulose
862 1392 925 1449 in
948 1388 1375 1468 proportionem
1419 1387 1659 1445 istarum
1687 1406 1984 1464 poenarum
2013 1407 2130 1446 non
2158 1397 2246 1448 est
2273 1389 2694 1468 inquirendum,

300 1470 509 1531 sufficit
534 1472 645 1529 hoc
672 1479 987 1545 teneamus,
1021 1470 1229 1543 Deum,
1262 1486 1595 1545 sponsorem
1643 1486 1774 1526 eum
1821 1487 1926 1544 pro
1973 1467 2142 1526 nobis
2190 1468 2456 1528 omnibus
2483 1471 2699 1529 consti-

300 1552 481 1613 tuisse
506 1559 573 1609 ut
600 1570 741 1628 pace
767 1570 871 1628 per
898 1549 1239 1627 sanguinem
1268 1548 1397 1625 ejus
1418 1546 1587 1621 facta,
1610 1546 1804 1605 omnia
1825 1547 1936 1606 sibi
1956 1546 2366 1623 reconciliaret,
2393 1549 2517 1609 Col.
2539 1552 2578 1609 i.
2599 1554 2698 1611 20.

382 1630 642 1689 XXIII.
687 1630 885 1708 Atque
938 1630 1021 1689 ita
1065 1628 1255 1688 soluta
1297 1634 1433 1686 sunt
1458 1626 1715 1685 breviter
1754 1646 1884 1704 quae
1913 1626 2256 1686 Adversarii
2282 1628 2484 1688 afferre
2513 1631 2702 1690 solent

301 1718 501 1769 contra
532 1710 953 1769 Satisfactionis
980 1710 1301 1781 veritatem,
1332 1714 1391 1765 et
1417 1706 1491 1765 ad
1532 1706 2058 1783 impossibilitatem
2107 1708 2234 1784 ejus
2281 1708 2701 1771 evincendam:

304 1790 581 1868 Superest
626 1798 691 1849 ut
737 1789 1016 1849 Absurda
1053 1788 1332 1847 nonnulla
1372 1786 1788 1864 expendamus,
1816 1786 2028 1863 quibus
2073 1788 2418 1848 sententiam
2445 1798 2700 1849 nostram

302 1870 615 1929 obnoxiam
642 1890 769 1929 esse
796 1869 1161 1948 pertendunt.
1248 1871 1326 1926 1⁰.
1377 1865 1634 1925 Absurd.
1682 1866 1746 1927 Si
1787 1866 2051 1925 Christus
2075 1886 2180 1944 pro
2207 1869 2378 1927 nobis
2405 1869 2700 1947 satisfecit,

298 1950 433 2027 plus
460 1951 571 2027 ipsi
597 1949 938 2008 deberemus
964 1968 1137 2025 quam
1188 1946 1349 2007 Patri
1376 1946 1599 2006 coelesti
1625 1946 1726 2023 qui
1769 1946 1918 2004 nihil
1943 1946 2060 2005 tale
2086 1967 2192 2024 pro
2217 1948 2388 2007 nobis
2415 1951 2700 2026 praestitit,

300 2030 488 2107 major
514 2037 667 2088 esset
697 2028 911 2089 Christi
938 2046 1100 2085 amor
1126 2036 1183 2085 et
1203 2026 1595 2084 misericordia
1623 2044 1764 2102 erga
1801 2044 1910 2084 nos
1937 2046 2108 2103 quam
2140 2026 2347 2102 Patris,
2378 2029 2516 2106 quia
2541 2030 2640 2089 ille
2668 2050 2704 2089 a

300 2108 529 2167 nemine
558 2108 867 2185 quicquam
894 2106 1231 2183 postulavit,
1264 2104 1367 2163 sed
1397 2104 1629 2163 Patrem
1671 2105 1905 2181 insuper
1931 2106 2131 2180 movit,
2165 2116 2230 2164 ut
2257 2108 2442 2165 nostri
2467 2108 2702 2168 misere-

302 2194 477 2261 retur,
508 2195 567 2245 et
592 2187 762 2245 nobis
782 2185 1265 2245 reconciliaretur.
1351 2182 1450 2241 Sic
1478 2182 1712 2241 Catech.
1737 2183 1956 2241 Racov.
1986 2204 2038 2243 c.
2067 2186 2123 2259 8,
2155 2184 2228 2242 de
2255 2194 2438 2244 morte
2468 2188 2702 2263 Christi,

302 2286 359 2343 q.
395 2268 487 2324 16.
573 2264 767 2343 Resp.,
818 2265 1125 2342 Pei-peram
1170 2263 1269 2322 bic
1312 2270 1682 2340 opponuntur
1724 2282 1854 2339 quse
1883 2271 2020 2322 sunt
2047 2265 2468 2341 conjungenda.
2552 2266 2702 2326 Nam

302 2336 441 2405 licet
468 2364 614 2423 opus
642 2343 1081 2422 Redemptionis
1110 2342 1457 2403 terminatius
1484 2351 1544 2401 et
1568 2344 1855 2419 subjective
1873 2342 1948 2401 sit
1969 2344 2150 2403 solius
2169 2344 2323 2421 Filii,
2344 2345 2447 2421 qui
2473 2367 2704 2407 carnem

302 2434 557 2486 nostram
585 2424 897 2502 assumpsit
923 2432 983 2484 et
1009 2424 1071 2481 in
1097 2443 1166 2483 ea
1190 2442 1397 2501 passus
1424 2431 1530 2499 est,
1560 2432 1756 2483 tamen
1781 2442 1898 2482 non
1925 2423 2138 2483 desinit
2163 2444 2289 2484 esse
2311 2426 2488 2485 totius
2515 2427 2706 2487 Trini-

304 2505 441 2565 tatis
468 2504 774 2565 inchoative
802 2513 861 2563 et
888 2504 1195 2581 efficienter,
1221 2503 1358 2582 quia
1389 2501 1465 2561 ad
1486 2524 1632 2582 opus
1649 2501 1806 2563 istud
1827 2504 2072 2582 singulte
2092 2525 2352 2583 personoe
2379 2507 2438 2566 S.
2463 2508 2708 2569 Triados

304 2596 714 2646 concurrerunt
740 2585 939 2645 eadem
975 2584 1225 2663 justitia,
1273 2584 1570 2662 sapientia,
1599 2584 1860 2663 potentia
1886 2592 1945 2643 et
1969 2586 2395 2663 misericordia;
2443 2588 2615 2648 Unde
2642 2598 2710 2649 ut

302 2666 451 2725 nihil
479 2666 743 2726 Christus
770 2666 893 2743 egit
918 2664 1033 2724 nisi
1060 2684 1135 2724 ex
1163 2665 1453 2724 communi
1498 2665 1754 2724 omnium
1795 2664 2053 2740 consilio,
2085 2664 2128 2723 J
2131 2665 2224 2723 ob.
2255 2666 2378 2725 xiv.
2409 2670 2504 2741 31,
2552 2670 2588 2702 “
2610 2669 2708 2729 Sic

304 2766 417 2824 ago
446 2747 595 2805 sicut
620 2746 764 2805 mihi
788 2745 1124 2805 mandatum
1156 2753 1243 2804 est
1264 2764 1299 2803 a
1328 2744 1556 2819 Patre,”
1586 2744 1670 2802 ita
1688 2742 1888 2802 eadem
1916 2744 2102 2802 virtus
2123 2744 2182 2801 in
2211 2746 2337 2836 ejus
2365 2748 2707 2807 executione

304 2844 367 2884 se
396 2826 640 2884 exemit.
671 2825 813 2884 Ideo
842 2844 1003 2884 amor
1028 2832 1089 2883 et
1116 2824 1366 2882 charitas
1412 2822 1720 2898 utrobique
1749 2840 1988 2896 summa,
2023 2823 2210 2881 Patris
2239 2842 2300 2879 m
2325 2825 2599 2885 missione
2647 2836 2708 2887 et

305 2904 535 2962 datione
562 2904 686 2978 filii,
732 2903 873 2961 Filii
912 2904 975 2961 in
1012 2911 1279 2980 prompta
1320 2909 1381 2961 et
1406 2908 1724 2978 spontanea
1751 2901 1918 2959 istius
1944 2902 2198 2960 muneris
2227 2904 2622 2981 susceptione;
2655 2906 2706 2965 si

306 2982 447 3040 Filii
490 3002 705 3059 magna
746 2990 835 3041 est
882 2982 1278 3041 misericordia
1324 3000 1465 3057 erga
1491 2998 1676 3057 genus
1721 2980 2051 3053 humanum,
2080 2980 2281 3058 utique
2309 2990 2368 3041 et
2397 2982 2625 3056 Patris;
2655 2986 2706 3045 si

303 3060 660 3121 satisfactum
708 3069 797 3121 est
829 3061 1073 3139 justitiae
1124 3059 1331 3135 Patris,
1382 3060 1580 3137 utique
1631 3066 1690 3118 et
1733 3058 1888 3133 Filii,
1929 3059 2064 3135 quia
2105 3060 2420 3121 satisfactio
2447 3064 2561 3122 ista
2587 3084 2706 3125 non

302 3141 537 3217 respicit
583 3140 921 3218 simpliciter
964 3158 1269 3218 personam
1320 3138 1528 3215 Patris,
1574 3139 1680 3199 sed
1729 3137 1985 3197 divinam
2012 3138 2056 3199 J
2059 3139 2332 3217 ustitiam,
2363 3162 2492 3220 qnae
2523 3143 2702 3221 Patri,

304 3220 459 3279 Filio
488 3230 547 3279 et
578 3218 817 3297 Spiritui
848 3221 1061 3280 Sancto
1088 3219 1409 3279 communis
1436 3228 1543 3279 est.

385 3300 635 3360 XXIV.
681 3300 827 3359 Inst.
870 3299 987 3361 Sed
1014 3319 1203 3359 nonne
1233 3300 1420 3377 major
1446 3300 1679 3359 videtur
1697 3318 1857 3358 amor
1883 3299 2040 3359 illius
2061 3300 2160 3378 qui
2180 3319 2286 3379 pro
2311 3302 2482 3362 nobis
2511 3305 2704 3381 solvit,

303 3380 461 3440 illius
488 3400 699 3455 amore,
729 3380 831 3457 qui
860 3379 1203 3439 solutionem
1231 3380 1441 3459 accipit
1466 3388 1525 3439 et
1552 3380 1654 3458 qui
1681 3400 1718 3439 a
1744 3379 2134 3439 satisfactione
2159 3390 2352 3441 motus
2381 3390 2468 3442 est
2495 3383 2570 3443 ad
2595 3386 2704 3445 mi·

303 3461 607 3521 serendum
625 3464 655 3519 Ρ
694 3460 872 3537 Resp.
904 3460 1097 3537 Major
1142 3479 1259 3519 non
1288 3468 1480 3539 potest
1506 3460 1624 3519 dici
1651 3460 1902 3519 charitas
1931 3461 2070 3519 Filii
2109 3462 2211 3537 qui
2240 3464 2490 3541 seipsum
2520 3464 2700 3541 dedit,

304 3540 582 3600 charitate
613 3540 803 3599 Patris
829 3539 933 3617 qui
958 3539 1078 3598 filio
1106 3559 1223 3599 non
1243 3542 1515 3618 pepercit,
1540 3541 1679 3616 quia
1730 3540 2036 3618 utrobique
2065 3549 2155 3600 est
2182 3560 2406 3602 summa
2433 3551 2490 3601 et
2517 3546 2702 3603 maxi·

304 3638 417 3677 ma.
462 3620 607 3677 Cum
654 3618 807 3677 enim
852 3618 1027 3679 Pater
1068 3638 1174 3680 suo
1202 3618 1303 3678 illo
1330 3619 1631 3696 unigenito
1659 3620 1804 3678 nihil
1831 3618 2062 3679 charius
2103 3620 2330 3697 habeat,
2360 3623 2420 3680 in
2449 3642 2563 3699 quo
2593 3624 2704 3683 sibi

304 3698 709 3777 complacitum
737 3706 843 3773 est,
875 3698 1085 3759 Matth.
1132 3699 1213 3757 iii.
1248 3702 1340 3775 17,
1370 3708 1430 3759 et
1455 3718 1629 3777 quem
1681 3699 1976 3777 Scriptura
2001 3702 2372 3780 vocatfilium
2399 3702 2706 3763 dilecttbm‘s

304 3786 575 3854 paternae,
608 3778 731 3837 Col.
761 3778 799 3835 i.
844 3780 937 3851 13,
964 3778 1045 3837 id.
1074 3798 1295 3839 summe
1339 3778 1648 3855 dilectum3
1693 3798 1830 3837 sane
1856 3799 1974 3839 non
2001 3787 2192 3857 potest
2218 3800 2334 3839 non
2363 3800 2490 3841 esse
2517 3784 2701 3841 maxi-

306 3876 403 3915 ma
430 3857 677 3917 charitas
705 3856 807 3917 illa
836 3857 1027 3917 Patris
1054 3878 1196 3936 erga
1219 3878 1343 3933 nos,
1375 3877 1505 3936 quae
1531 3858 1722 3936 ipsum
1748 3859 1932 3918 movit
1957 3870 2024 3919 ut
2049 3858 2230 3919 filium
2260 3881 2364 3939 pro
2390 3861 2560 3920 nobis
2587 3870 2702 3921 tra·

307 3935 485 4011 deret,
516 3936 669 3996 unde
703 3936 999 4014 Scriptura
1026 3938 1279 3997 celebrat
1304 3938 1519 4015 passim
1544 3938 1697 3997 hanc
1726 3939 1840 3997 Dei
1883 3938 2216 3999 charitatem
2247 3950 2518 4019 tanquam
2549 3960 2702 4001 sum-

308 4035 459 4074 mam
478 4024 537 4074 et
552 4016 1012 4094 inenarrabilem,
1030 4017 1171 4078 Joh.
1194 4018 1277 4076 iii.
1311 4022 1403 4093 16,
1424 4017 1595 4077 Rom.
1614 4038 1672 4077 v.
1703 4019 1759 4093 8,
1789 4022 1818 4075 1
1843 4019 1984 4080 Joh.
2008 4020 2086 4078 iv.
2117 4022 2174 4079 9.
2239 4021 2334 4079 Ita
2359 4020 2704 4081 immensum

306 4095 414 4155 filii
440 4116 580 4173 erga
606 4114 713 4153 nos
760 4116 1013 4156 amorem
1060 4116 1187 4157 esse
1214 4106 1461 4157 testatur
1484 4098 1627 4176 ipse,
1677 4118 1809 4157 cum
1837 4100 1920 4158 ait
1944 4097 2056 4158 hoc
2083 4118 2210 4158 esse
2239 4102 2449 4160 amoris
2476 4102 2706 4162 culmen

307 4183 374 4234 ut
401 4174 532 4252 quis
558 4174 738 4234 vitam
766 4196 871 4253 pro
898 4177 1099 4236 amicis
1126 4186 1396 4255 exponat,
1426 4178 1471 4237 J
1472 4178 1567 4237 oh.
1596 4197 1698 4237 xv.
1753 4182 1844 4254 13,
1892 4178 1978 4238 At
1999 4178 2262 4239 Christus
2287 4200 2404 4239 non
2430 4200 2536 4258 pro
2564 4183 2704 4242 ami-

310 4254 395 4313 cis
422 4254 529 4313 sed
561 4273 667 4331 pro
694 4254 944 4314 inimicis
970 4257 1116 4316 mori
1144 4258 1347 4317 voluit.
1406 4257 1500 4317 Ita
1528 4258 1579 4316 si
1612 4258 1740 4317 haec
1767 4258 1882 4318 duo
1911 4258 2292 4334 conferantur,
2325 4260 2499 4321 Pater
2523 4262 2708 4321 filium

310 4333 749 4393 dilectissimum
770 4344 830 4394 et
856 4335 1093 4395 delicias
1140 4356 1275 4396 suas
1308 4338 1479 4397 morti
1506 4358 1822 4416 exponens,
1865 4347 1924 4398 et
1953 4340 2140 4400 Filius
2167 4358 2390 4399 summa
2416 4342 2712 4405 alacritate

310 4422 554 4473 mortem
583 4413 839 4489 subiens,
866 4414 1007 4492 quid
1035 4415 1194 4474 aliud
1220 4416 1335 4475 dici
1355 4426 1548 4493 potest
1574 4438 1745 4495 quam
1777 4438 2064 4479 summum
2091 4440 2218 4479 esse
2237 4422 2536 4500 utriusque
2558 4444 2720 4484 amo-

310 4512 430 4553 rem
449 4496 477 4552 ?
518 4513 627 4553 nec
654 4492 821 4553 facile
850 4495 1060 4572 exponi
1091 4504 1283 4573 potest
1327 4496 1443 4555 utri
1490 4497 1624 4574 plus
1652 4497 1979 4574 debeamus,
2010 4500 2147 4577 quia
2173 4501 2400 4579 utrique
2427 4503 2717 4563 infinitum

314 4573 609 4634 debemus.
695 4573 877 4633 Porro
904 4574 1063 4651 quod
1090 4574 1313 4637 addunt
1340 4576 1730 4641 satisfactione
1759 4580 1865 4638 filii
1891 4589 2110 4640 motum
2159 4580 2336 4641 fuisse
2386 4583 2614 4644 Patrem
2645 4583 2721 4643 ad

314 4653 721 4737 miserendum,
752 4653 815 4712 in
862 4674 931 4714 co
957 4674 1077 4715 non
1124 4655 1266 4717 satis
1314 4665 1579 4717 accurate
1623 4661 1975 4737 loquuntur;
2021 4680 2154 4720 nam
2199 4670 2420 4721 tantum
2465 4665 2630 4725 abest
2659 4672 2724 4722 ut
