3234 5192
506 350 625 409 442
1098 366 1177 405 nr.
1206 364 1701 407 suisne-nome
1728 363 1966 405 cums-n
1995 362 2316 404 vannus.
2479 350 2739 424 [msru-r.
2771 364 2906 409 xm.

498 506 655 566 Mosi
676 527 795 585 prae
822 514 998 583 metu,
1023 506 1316 585 “loquere
1346 514 1411 567 tu
1438 504 1740 565 nobiscum
1769 513 1828 563 et
1855 504 2174 581 audiamus,
2227 504 2331 564 scd
2359 525 2474 563 non
2503 506 2774 585 loquatur
2800 492 2911 566 no?

494 586 718 647 hiscum
748 588 910 646 Deus
938 594 1005 646 ut
1031 606 1148 645 non
1176 587 1545 662 moriamur,’'
1578 584 1769 645 Exod.
1801 605 1902 644 xx.
1939 587 2030 659 19,
2073 585 2170 643 vel
2197 583 2299 661 qui
2325 593 2518 663 partes
2559 588 2686 663 jam
2713 587 2906 646 unitas

492 666 557 727 in
582 667 793 727 unione
822 675 881 727 et
906 666 1161 726 amicitia
1187 674 1507 742 conservet,
1537 685 1654 744 quo
1681 682 1858 725 sensu
1895 665 2162 723 nonnulli
2199 664 2492 725 Christum
2527 668 2904 726 Mediator-cm

494 748 931 826 constmtationis
956 757 1013 805 ct
1036 748 1468 807 conservationis
1514 748 1860 822 Anqelorum
1887 744 2004 803 dici
2045 764 2215 821 posse
2243 744 2615 821 contendunt,
2645 755 2712 807 ut
2739 755 2906 806 extra

493 826 692 904 lapsus
722 826 1039 905 periculum
1068 826 1367 885 constituti
1394 846 1497 904 per
1522 826 1652 903 ejus
1681 824 1926 903 gratiam
1953 825 2186 902 penitus
2237 824 2364 883 Deo
2392 825 2756 902 adhaereant3
2801 826 2905 885 sed

492 906 595 983 qui
622 926 758 966 vere
786 907 863 965 sit
880 912 1165 987 ἰἔςιιιοπ-ιιὶς
1192 909 1577 985 etfidq‘ussor,
1608 907 1708 983 qui
1727 924 1928 984 pacem
1949 912 2222 963 aeternam
2249 904 2400 963 inter
2422 905 2612 965 Deum
2633 914 2692 965 et
2718 907 2903 965 homi-

494 1006 599 1045 nes
628 986 977 1061 conciliavit,
1009 986 1252 1045 sublatis
1278 987 1549 1063 utrinque
1576 986 1810 1064 proprio
1833 984 2114 1062 sanguine
2143 984 2264 1043 odii
2291 992 2352 1044 et
2376 984 2518 1044 belli
2545 986 2734 1045 causis
2757 1007 2772 1062 ς
2820 986 2904 1045 sic

496 1068 533 1099 ‘⁶
552 1066 705 1124 enim
733 1065 906 1125 libuit
936 1066 1095 1124 Patri
1122 1073 1189 1125 ιιι
1215 1066 1403 1124 omnis
1430 1065 1732 1144 plenitudo
1759 1066 1821 1123 in
1849 1084 1918 1124 eo
1945 1065 2249 1141 habitaret,
2281 1071 2342 1123 et
2359 1073 2426 1124 ut
2452 1085 2594 1143 pace
2642 1086 2746 1143 per
2773 1085 2901 1124 san-

494 1145 729 1223 guinem
758 1147 885 1223 ejus
912 1146 1066 1205 facta
1092 1146 1489 1206 reconciliaret
1515 1145 1688 1221 sibi‚''
1721 1146 1844 1204 Col.
1875 1145 1914 1204 i.
1945 1148 2042 1221 20,
2089 1164 2196 1204 nec
2238 1151 2466 1221 poterat
2499 1145 2616 1203 nisi
2641 1165 2746 1223 per
2771 1165 2902 1223 pro-

492 1225 682 1303 prium
724 1226 1066 1303 sanguinem
1106 1227 1203 1285 vel
1244 1226 1555 1286 sacrarium
1600 1225 1829 1303 ingredi
1869 1224 1946 1283 ad
1987 1226 2254 1285 thronum
2298 1224 2500 1301 gratiae
2541 1224 2699 1283 viam
2735 1225 2904 1284 nobis

494 1304 767 1381 facturus,
798 1307 895 1365 vel
924 1314 1197 1365 aeternam
1224 1305 1679 1385 redemptionem
1721 1305 1823 1383 qui
1861 1305 2168 1382 primarius
2211 1303 2579 1363 mediationis
2621 1304 2755 1364 finis
2795 1313 2900 1381 est,

492 1386 786 1465 consequi,
820 1387 975 1446 Heb.
1008 1386 1090 1445 ix.
1140 1390 1232 1444 12.
1306 1386 1592 1444 Nimirum
1635 1405 1766 1445 cum
1794 1385 1930 1442 hinc
1970 1392 2208 1461 peccata
2245 1392 2446 1443 nostra
2483 1404 2592 1443 nos
2639 1385 2904 1444 inimicos

497 1466 609 1525 Dei
637 1486 755 1541 non
782 1467 971 1526 active
1002 1474 1227 1525 tantum
1254 1465 1359 1523 sed
1386 1473 1445 1524 et
1470 1465 1702 1543 passive
1749 1463 2072 1537 redderent,
2103 1462 2240 1520 inde
2267 1483 2408 1521 vero
2457 1465 2820 1523 sanctissima
2845 1472 2906 1523 et

492 1545 847 1605 inviolabilis
869 1546 1113 1623 justitia,
1138 1564 1268 1621 quse
1290 1552 1591 1621 peccatum
1612 1562 1720 1601 nec
1737 1543 1934 1600 videre
1961 1552 2070 1599 nec
2089 1541 2338 1599 inultum
2365 1542 2515 1600 ferre
2541 1551 2752 1620 potest,
2775 1546 2904 1621 ejus

492 1623 637 1683 iram
666 1632 838 1701 atque
866 1622 1321 1700 indignationem
1350 1620 1632 1680 adversus
1659 1640 1766 1679 nos
1785 1628 2020 1698 propter
2051 1618 2252 1677 eadem
2285 1620 2615 1695 concitaret,
2649 1622 2766 1679 lsa.
2793 1622 2901 1683 lix.

494 1707 549 1778 2,
580 1702 779 1762 debuit
808 1702 1099 1761 Mediator
1118 1709 1315 1759 noster
1340 1702 1631 1780 ἅπίλυτςον
1659 1699 1894 1777 aliquod
1920 1696 2170 1775 pendere
2197 1717 2312 1774 quo
2341 1706 2400 1757 et
2441 1698 2526 1756 ira
2569 1699 2682 1757 Dei
2707 1698 2898 1777 placa-

490 1790 649 1841 retur
674 1790 734 1841 et
760 1788 997 1859 peccata
1024 1788 1220 1839 nostra
1246 1780 1634 1857 expiarentur,
1675 1798 1748 1837 ne
1776 1777 1917 1855 quid
1963 1777 2062 1835 vel
2088 1796 2164 1835 ex
2206 1785 2368 1854 parte
2394 1778 2694 1837 hominum
2721 1778 2900 1838 offen-

490 1860 750 1919 dentium
772 1861 871 1919 vel
898 1860 1012 1918 Dei
1039 1859 1243 1918 offensi
1270 1860 1529 1918 obstaret
1553 1858 1820 1936 amplius,
1853 1857 1929 1917 ad
1955 1855 2224 1934 perfectae
2243 1856 2728 1918 reconciliationis
2755 1878 2904 1936 opus

489 1938 647 2017 quod
672 1939 1019 1999 moliebatur
1038 1937 1459 2017 exequendum.

568 2019 725 2079 XII.
770 2020 968 2097 Atque
984 2020 1097 2079 hoc
1106 2020 1237 2079 vult
1250 2020 1547 2098 Scriptura
1556 2038 1687 2097 quae
1699 2015 2032 2095 primarium
2049 2023 2110 2075 et
2123 2014 2488 2093 potissimum
2499 2016 2666 2076 istius
2679 2042 2902 2094 μισ-νηυ-

484 2124 653 2175 ματος
680 2108 873 2159 actum
902 2100 963 2157 in
992 2108 1173 2159 morte
1202 2107 1261 2158 et
1289 2099 1589 2176 sanguinis
1629 2096 1908 2157 effusione
1957 2096 2218 2171 collocat,
2252 2096 2408 2155 Heb.
2438 2096 2520 2155 ix.
2543 2096 2661 2171 '15,
2707 2098 2798 2157 Ob
2839 2098 2901 2157 id

488 2180 614 2239 scil.
640 2180 827 2239 “novi
847 2179 1082 2239 foederis
1106 2178 1433 2239 Mediator'’
1454 2178 1668 2238 dicitur
1689 2176 1954 2236 Christus
1974 2176 2086 2234 “ut
2105 2183 2290 2235 morte
2307 2174 2697 2236 intercedente
2713 2177 2789 2235 ad
2810 2198 2898 2236 re·

486 2259 875 2338 demptionem
898 2260 1421 2337 transgressionum
1440 2256 1891 2336 praecedentium
1911 2255 2107 2315 vocati
2127 2256 2307 2314 vitam
2329 2264 2602 2314 aeternam
2620 2256 2902 2335 adipisce-

484 2341 740 2397 rentur.''
776 2340 873 2398 Sic
896 2339 1049 2399 Heb.
1072 2339 1176 2397 xii.
1204 2342 1322 2413 24„
1346 2336 1688 2397 Mediator-is
1715 2336 1885 2395 titulo
1905 2334 2140 2394 additur
2159 2335 2432 2394 continuo
2451 2338 2681 2412 sanquis
2709 2344 2898 2418 ῥαπισ-

481 2424 583 2493 μοῢ
609 2418 891 2477 allusione
918 2418 1075 2477 facta
1093 2417 1169 2476 ad
1196 2418 1536 2494 sanguinem
1566 2416 1932 2476 victimarum
1976 2433 2092 2492 quo
2115 2434 2458 2492 conspersus
2485 2416 2596 2474 fuit
2630 2419 2896 2495 populus,

488 2497 679 2556 Exod.
709 2498 874 2556 xxiv.
905 2500 961 2573 8,
994 2496 1068 2556 ad
1096 2496 1525 2556 mundationem
1555 2496 1804 2573 legalem
1833 2503 1894 2554 et
1920 2494 2192 2572 typicam,
2224 2502 2292 2554 ut
2315 2495 2590 2555 innuatur
2617 2498 2898 2573 sanguine

488 2577 703 2637 Christi
730 2577 943 2655 pariter
968 2597 1109 2636 vera
1128 2576 1243 2636 fide
1272 2576 1738 2654 conspergendas
1781 2594 1909 2635 esse
1959 2574 2342 2634 conscientias
2379 2575 2456 2633 ad
2497 2576 2898 2653 purgationem

486 2656 843 2733 spiritualem
860 2668 919 2716 et
938 2657 1262 2734 mysticam,
1292 2660 1321 2715 1
1343 2658 1387 2717 J
1390 2657 1483 2717 oh.
1512 2657 1551 2715 i.
1584 2661 1615 2714 7
1644 2679 1659 2732 ;
1685 2655 1788 2715 sed
1810 2654 2066 2713 omnium
2085 2654 2398 2714 clarissime
2423 2655 2648 2733 Apost.,
2686 2659 2715 2714 1
2747 2656 2898 2715 Tim.

484 2737 545 2795 ii.
577 2740 631 2813 6,
662 2737 766 2797 ubi
793 2745 1097 2814 postquam
1126 2736 1279 2796 dixit
1308 2738 1343 2771 ‘⁶
1364 2756 1543 2796 unum
1564 2755 1693 2795 esse
1713 2735 2088 2794 mediatorem
2106 2735 2256 2793 inter
2283 2734 2474 2794 Deum
2496 2744 2556 2795 et
2574 2735 2896 2812 homines,’'

486 2818 681 2876 statim
710 2817 873 2877 addit
900 2818 1293 2895 explicaturus
1320 2824 1583 2877 naturam
1610 2823 1672 2875 et
1697 2824 1894 2894 partes
1936 2815 2254 2893 praecipuas
2297 2814 2466 2873 istius
2503 2814 2692 2892 officii,
2726 2817 2900 2891 “Qui

487 2897 649 2957 dedit
678 2897 1047 2976 semetipsum
1076 2898 1139 2955 in
1168 2897 1417 2975 pretium
1464 2895 1877 2974 redemptionis
1923 2914 2029 2972 pro
2073 2894 2399 2954 omnibus.'’
2485 2895 2578 2955 Ac
2601 2915 2738 2955 sane
2767 2916 2897 2955 cum

486 2977 701 3055 triplici
728 2986 926 3037 nostro
954 2977 1106 3036 malo
1135 2977 1349 3056 triplex
1391 2976 1709 3036 remedium
1757 2976 1820 3033 in
1845 2976 1956 3034 hoc
1999 2994 2234 3033 munere
2279 2974 2494 3034 Christi
2521 2975 2898 3036 clementissi-

487 3076 618 3117 mus
649 3057 821 3116 Pater
849 3058 1019 3117 nobis
1046 3056 1392 3131 exhibuerit,
1444 3065 1511 3116 ut
1538 3060 1722 3115 lumen
1759 3056 2058 3133 prophetoe
2103 3054 2372 3114 tenebras
2419 3055 2630 3115 mentis
2675 3054 2896 3133 fugare,

487 3135 677 3195 virtus
702 3144 877 3212 atque
894 3138 1153 3213 potentia
1178 3138 1327 3213 reqis
1352 3137 1577 3213 peccati
1596 3136 1883 3195 maculam
1903 3154 1972 3194 ac
1993 3134 2310 3193 dominium
2337 3134 2530 3193 delere
2553 3155 2622 3194 ac
2642 3135 2894 3211 domare,

487 3214 572 3272 ita
583 3214 809 3288 ,iustitia
834 3217 1141 3274 sacerdotis
1184 3214 1447 3292 ejusdem
1490 3224 1712 3275 reatum
1741 3223 1801 3274 et
1845 3214 2306 3273 maledictionem
2354 3214 2691 3292 plenissima
2730 3216 2898 3275 satis-

488 3292 739 3351 factione
767 3293 989 3351 auferre
1018 3292 1236 3353 debuit.
1320 3295 1545 3353 Rursus
1573 3314 1706 3354 cum
1737 3294 2026 3353 Mediator
2051 3294 2320 3371 utrinque
2348 3314 2520 3371 agere
2540 3294 2806 3354 debuerit
2823 3296 2900 3354 ad

490 3378 684 3448 partes
712 3371 1141 3446 conciliandas3
1182 3381 1249 3431 ut
1277 3372 1433 3449 apud
1457 3392 1564 3432 nos
1590 3393 1696 3451 pro
1726 3373 1853 3432 Deo
1881 3392 2053 3450 agere
2081 3373 2284 3433 debuit
2329 3374 2690 3434 conditiones
2717 3374 2896 3435 foede-

491 3451 573 3509 ris
600 3448 861 3509 docendo
890 3459 949 3510 et
974 3450 1375 3529 persuadendo
1404 3461 1676 3529 tanquam
1697 3454 1995 3530 propheta,
2027 3461 2086 3512 et
2111 3463 2178 3511 ut
2193 3474 2302 3513 rex
2327 3473 2435 3513 nos
2477 3454 2539 3511 in
2567 3454 2742 3514 fidem
2769 3474 2896 3515 sus-

492 3538 691 3609 ceptos
716 3531 988 3607 regend0,
1020 3530 1378 3609 protegendo
1406 3539 1465 3590 et
1520 3531 1837 3606 liberando,
1869 3533 1950 3591 ita
1996 3532 2154 3611 apud
2195 3534 2382 3593 Deum
2413 3554 2518 3612 pro
2564 3536 2898 3595 hominibus

492 3630 663 3689 agere
684 3630 817 3670 eum
845 3630 961 3687 qua
986 3614 1331 3671 sacerdotem
1358 3610 1553 3671 decuit
1598 3613 1742 3671 iram
1787 3611 2086 3689 placand0,
2135 3614 2378 3691 gratiam
2427 3615 2806 3692 conciliando,
2838 3625 2898 3676 et

490 3692 645 3751 dona
671 3691 746 3751 ab
774 3710 843 3749 eo
870 3690 1250 3769 impetrando.
1334 3691 1483 3751 Nam
1511 3692 1669 3771 quod
1705 3699 2007 3769 argutatur
2047 3693 2144 3752 hic
2191 3694 2498 3755 haereticus
2543 3694 2898 3755 functionem

491 3771 905 3831 sacerdotalem
928 3779 1150 3830 tantum
1178 3770 1443 3831 firissein
1470 3792 1540 3831 eo
1566 3772 1816 3851 positam
1843 3782 1908 3832 ut
1937 3772 2202 3833 Christus
2229 3774 2289 3832 in
2317 3775 2480 3833 coelis
2507 3775 2900 3853 interpellaret

490 3872 595 3930 pro
626 3853 810 3926 nobis,
841 3850 1009 3911 facile
1036 3852 1387 3929 revincitur3
1432 3853 1644 3932 quippe
1686 3854 1822 3912 licet
1867 3872 1986 3912 non
2013 3872 2292 3930 negemus
2333 3854 2486 3913 hanc
2525 3854 2900 3915 sacerdotalis

490 3933 746 3993 muneris
774 3940 995 4010 partem
1022 3952 1150 3991 esse
1176 3932 1485 4009 quandam,
1516 3934 1701 3993 solam
1719 3941 1912 3992 tamen
1929 3933 2107 3991 fuisse
2129 3934 2226 3992 v'el
2247 3934 2595 4012 praecipuam
2615 3954 2898 4013 pernega-

490 4032 637 4089 mus,
669 4034 801 4073 cum
826 4013 1163 4072 intercessio
1190 4014 1251 4071 in
1280 4013 1443 4072 coelis
1468 4013 1797 4091 peragenda
1817 4012 2140 4072 necessario
2163 4013 2613 4074 satisfactionem
2639 4014 2714 4072 in·
2729 4015 2900 4075 terris

491 4090 701 4153 factam
730 4100 1031 4172 supponat,
1062 4093 1263 4153 ut-sub
1290 4093 1367 4151 V.
1399 4094 1467 4153 T.
1498 4113 1756 4153 summus
1794 4092 2063 4151 sacerdos
2108 4112 2226 4151 non
2269 4094 2428 4171 prius
2469 4094 2778 4153 sacrarium
2809 4096 2896 4153 in-

490 4174 681 4234 trabat
707 4193 812 4252 pro
860 4174 1075 4251 populo
1124 4172 1553 4251 deprecaturus,
1598 4192 1772 4250 quam
1807 4173 2103 4231 victimam
2129 4172 2192 4231 in
2219 4174 2389 4232 altari
2429 4174 2896 4252 propitiationem

490 4253 813 4329 obtulisset,
846 4253 1015 4331 cujus
1042 4253 1383 4331 sanguinem
1412 4272 1605 4313 secum
1635 4252 1856 4311 deferre
1885 4252 2102 4327 debuit,
2133 4259 2200 4311 ut
2219 4252 2346 4313 fuse
2373 4253 2544 4313 docet
2571 4253 2781 4333 Apost.
2821 4254 2900 4314 ad

494 4332 647 4392 Heb.
663 4354 787 4411 cap.
810 4334 911 4408 ix„
942 4342 1002 4393 et
1018 4354 1125 4393 nos
1152 4334 1215 4391 in
1242 4333 1615 4411 sequentibus
1643 4332 1942 4411 probaturi
1969 4351 2188 4391 sumus.
2247 4333 2420 4393 Unde
2445 4334 2674 4394 firmum
2685 4336 2810 4413 jam
2837 4344 2900 4395 et

492 4410 741 4468 solidum
768 4430 873 4486 pro
900 4413 1310 4473 satisfactionis
1338 4412 1553 4472 Christi
1600 4413 1844 4472 veritate
1873 4412 2108 4491 exurgit
2153 4422 2558 4490 argumentum
2583 4437 2596 4474 ε
2642 4416 2706 4474 Is
2741 4414 2898 4474 enim

491 4488 593 4564 qui
622 4488 911 4548 Mediator
938 4491 1069 4551 ideo
1096 4500 1188 4552 est
1214 4492 1560 4552 constitutus
1588 4502 1654 4553 ut
1673 4512 1872 4571 pacem
1895 4512 1998 4571 per
2025 4494 2372 4571 sanguinem
2398 4494 2629 4570 faceret,
2659 4504 2726 4555 ut
2747 4496 2898 4574 seip-

491 4584 619 4625 sum
648 4565 813 4624 daret
840 4568 901 4625 in
928 4570 1335 4649 redemptionis
1362 4572 1628 4650 pretium,
1679 4581 1854 4651 atque
1899 4573 2045 4633 adeo
2087 4582 2154 4633 ut
2179 4582 2424 4633 mortem
2473 4575 2782 4635 sustineret
2821 4576 2901 4635 ad

486 4645 1008 4721 transgressionum
1058 4649 1528 4729 redemptionem,
1578 4672 1696 4711 non
1743 4660 1936 4730 potest
1983 4672 2100 4713 non
2147 4673 2286 4715 vere
2343 4654 2691 4715 satisfecisse
2719 4676 2902 4734 quum
