3234 5192
354 377 585 419 msrcr.
618 355 779 438 vnn]
1412 377 1490 414 m:
1522 375 1758 416 MAsxs.
2661 361 2781 417 343

348 517 701 589 miserimus,
730 515 895 593 quod
922 514 1143 574 author
1168 512 1308 571 libri
1337 514 1678 592 Sapientiae,
1705 499 1834 592 cap.
1869 515 1960 587 16,
1998 517 2093 587 20,
2122 515 2197 573 de
2225 513 2458 574 Manna
2501 515 2776 592 loquens,

350 596 531 654 fuisse
558 597 760 654 cibum
788 599 906 676 πςὶς
930 599 1102 654 πῖστιν
1128 591 1281 657 ἦδονῗν
1308 596 1567 672 imitans,
1597 603 1688 655 u)
1727 601 1848 677 πςὸς
1875 602 2050 655 *ἔην
2091 595 2311 676 ὶςμοιῖον
2337 601 2502 667 quiin-n
2551 603 2586 630 “
2609 598 2776 654 omni

348 675 677 750 pollentem
704 675 1015 750 voluptate
1042 681 1104 732 et
1130 675 1453 749 unicuique
1480 675 1688 750 gustui
1706 677 2282 746 accommodatum,”
2305 675 2445 734 licet
2460 677 2574 734 hoc
2600 674 2776 732 avide

346 771 389 812 a
429 754 790 829 quibusdam
840 751 1135 823 Patribus,
1185 753 1291 828 qui
1338 755 1641 829 allegoriis
1687 757 2078 826 delectantur,
2123 763 2426 829 arreptum
2454 755 2566 824 sit;
2609 753 2776 812 Nam

349 839 749 908 praeterquam
775 834 939 908 quod
970 831 1172 890 Moses
1198 833 1514 906 specialem
1540 833 1672 907 ejus
1699 851 1970 908 saporem
1997 849 2270 907 expresse
2297 839 2587 890 memorat
2611 855 2623 890 :
2707 831 2773 890 Si

348 911 669 985 cujuslibet
687 911 893 988 gustui
915 929 977 968 se
1004 912 1511 982 accommodabat,
1540 931 1648 969 cur
1673 930 1819 986 ergo
1845 912 1998 970 illud
2029 918 2396 969 recusassent
2414 911 2476 967 in
2495 912 2730 968 deserto
2748 914 2778 970 ‚²

351 990 499 1046 nihil
524 989 673 1048 oculi
714 990 903 1048 nostri
944 989 1142 1048 vident
1161 1004 1391 1066 praeter
1416 1009 1572 1063 man,
1602 997 1664 1048 et
1691 1009 1799 1048 cur
1841 1007 2051 1050 carnes
2101 997 2162 1048 et
2189 989 2350 1048 cibos
2377 989 2773 1065 AEgyptiacos

350 1070 551 1127 adhuc
578 1069 1025 1128 desiderassent.

438 1147 556 1206 VI.
598 1147 884 1206 Miraculi
909 1155 1114 1206 autem
1140 1146 1315 1204 istius
1341 1147 1593 1206 historia
1633 1149 1939 1206 variarum
1967 1147 2371 1224 quaestionum
2399 1147 2769 1206 occasionem

356 1226 619 1300 praebere
658 1233 869 1301 potest,
914 1245 1063 1302 quas
1103 1225 1307 1300 paucis
1348 1233 1585 1284 tantum
1625 1226 1997 1302 attingimus.
2081 1225 2134 1285 1.
2180 1226 2306 1286 Cur
2345 1227 2511 1285 Deus
2537 1228 2650 1284 hac
2677 1244 2770 1284 ra-

354 1304 517 1361 tione
556 1305 887 1379 prospicere
930 1304 1192 1362 voluerit
1230 1305 1439 1379 populi
1466 1305 1846 1364 necessitati?
1889 1305 2064 1380 Resp.
2149 1305 2318 1364 Licet
2344 1307 2473 1363 sola
2491 1307 2771 1362 voluntas

358 1381 473 1439 Dei
514 1383 685 1440 nobis
724 1383 913 1441 instar
952 1401 1199 1441 summoe
1239 1382 1489 1440 rationis
1528 1401 1656 1442 esse
1699 1385 1932 1454 debeat,
1975 1383 2230 1442 dubium
2269 1391 2470 1442 tamen
2511 1402 2634 1440 non
2661 1391 2768 1455 est,

356 1460 503 1535 quin
545 1461 850 1536 singulare
912 1464 1027 1522 hoc
1066 1462 1157 1520 illi
1214 1462 1359 1519 dare
1414 1462 1676 1520 voluerit
1721 1470 1982 1538 paternae
2043 1461 2444 1520 Providentiae
2507 1463 2770 1520 testimo-

356 1538 545 1610 nium,
588 1547 658 1598 ut
696 1541 935 1599 doceret
974 1560 1035 1599 se
1096 1541 1207 1615 piis
1246 1540 1660 1599 laborantibus
1699 1559 2016 1616 nunquam
2055 1541 2274 1612 deesse,
2317 1543 2419 1599 sed
2461 1541 2581 1598 illis
2623 1547 2770 1598 tem-

355 1618 581 1692 pestive
620 1637 853 1695 semper
890 1619 1240 1696 prospicere,
1284 1626 1345 1676 et
1382 1621 1583 1678 media
1620 1621 1802 1678 etiam
1828 1619 2302 1678 extraordinaria
2342 1619 2640 1690 adhibere,
2665 1621 2770 1678 ubi

356 1697 662 1756 ordinaria
702 1699 1020 1758 deficiunt:
1064 1707 1245 1774 atque
1286 1697 1373 1754 ita
1412 1699 1720 1756 hominem
1759 1717 1881 1756 non
1923 1717 1998 1756 ex
2039 1700 2168 1755 solo
2209 1717 2363 1774 pane
2403 1699 2619 1769 vivere,
2664 1701 2768 1756 sed

356 1793 433 1831 ex
472 1794 546 1834 eo
587 1777 751 1834 omni
792 1779 957 1854 quod
998 1776 1199 1854 prodit
1237 1795 1315 1835 ex
1356 1794 1457 1834 ore
1498 1776 1630 1846 Dei,
1657 1779 1820 1853 quod
1863 1777 2066 1835 Moses
2105 1776 2387 1848 insinuat,
2431 1777 2612 1836 Deut.
2641 1779 2767 1836 viii.

358 1853 415 1924 3,
480 1861 515 1888 “
540 1854 705 1913 Deus
746 1863 805 1914 te
845 1857 1061 1914 afflixit
1100 1863 1160 1913 et
1198 1855 1340 1914 fecit
1380 1862 1452 1913 ut
1491 1855 1762 1927 esurires,
1805 1857 1908 1914 sed
1945 1863 2004 1913 te
2049 1855 2266 1914 cibavit
2305 1856 2486 1914 etiam
2525 1874 2768 1930 manna,

355 1934 520 2006 quod
562 1952 671 1992 nec
711 1942 798 2006 tu,
840 1953 951 1992 nec
988 1935 1247 2009 majores
1286 1935 1380 1992 tui
1420 1941 1840 2008 cognoverant,
1884 1942 1955 1992 ut
1991 1941 2222 2002 notum,
2245 1934 2466 1992 faceret
2491 1935 2618 2005 tibi,
2649 1953 2770 1994 non

356 2029 433 2067 ex
474 2012 605 2070 solo
643 2031 799 2088 pane
839 2015 1037 2070 vivere
1080 2013 1402 2084 hominem,
1444 2015 1549 2070 sed
1603 2032 1680 2070 ex
1719 2031 1790 2070 eo
1833 2011 1998 2071 omni
2038 2015 2200 2089 quod
2241 2013 2508 2088 procedit
2549 2033 2622 2072 ex
2665 2033 2770 2073 ore

359 2088 533 2147 Dei.”
618 2091 700 2148 Et
740 2099 809 2150 ut
847 2098 1144 2149 constaret
1185 2090 1299 2148 Dei
1338 2091 1603 2148 favorem
1624 2091 2007 2152 dimidiatum
2033 2099 2096 2148 et
2121 2091 2446 2167 perfectum
2475 2111 2592 2150 non
2623 2111 2768 2165 esse,

358 2185 467 2243 per
505 2175 663 2226 totos
704 2171 1105 2244 quadraginta
1144 2187 1352 2240 ann08,
1395 2170 1613 2244 quibus
1653 2170 1717 2226 in
1744 2171 1976 2229 deserto
2017 2170 2233 2227 versati
2273 2177 2430 2240 sunt,
2473 2173 2588 2228 hoc
2615 2189 2768 2246 pane

358 2263 461 2302 eos
500 2247 737 2318 cibavit,
780 2250 1114 2323 supplendo
1154 2266 1263 2324 per
1301 2248 1433 2305 coeli
1472 2249 1759 2320 favorem,
1803 2251 1966 2326 quod
2021 2249 2132 2307 soli
2171 2249 2450 2307 sterilitas
2489 2250 2767 2324 negabat,

360 2325 553 2381 donec
592 2333 886 2384 venerunt
939 2325 1001 2383 in
1048 2327 1313 2400 Canaan,
1358 2326 1556 2402 ibique
1597 2345 1673 2384 ex
1727 2327 2021 2387 fructibus
2061 2335 2233 2386 terrae
2296 2329 2606 2386 comedere
2649 2348 2760 2387 coe-

359 2410 596 2477 petunt,
630 2403 823 2464 Exod.
870 2406 992 2464 xvi.
1024 2407 1119 2478 35,
1166 2405 1209 2465 J
1213 2425 1294 2464 os.
1326 2425 1383 2468 v.
1417 2405 1509 2478 12,
1554 2406 1701 2482 quia
1727 2408 1830 2465 ubi
1853 2408 2053 2465 media
2079 2407 2381 2465 ordinaria
2421 2415 2765 2482 suppetunt,

356 2483 834 2542 extraordinaria
872 2483 1233 2549 miraculosa
1272 2487 1471 2560 expeti
1513 2505 1636 2543 non
1678 2486 1898 2546 debent
1951 2488 2048 2544 vel
2089 2486 2417 2561 expectari;
2463 2493 2497 2521 “
2519 2485 2768 2545 Cessant

358 2563 889 2638 extraordinaria,”
930 2565 1101 2623 aiunt
1126 2564 1187 2624 J.
1216 2563 1299 2636 C„
1346 2573 1381 2599 “
1406 2566 1507 2622 ubi
1549 2565 1864 2623 ordinariis
1905 2567 2071 2623 locus
2099 2575 2187 2624 est
2209 2567 2260 2635 ;'’
2303 2565 2460 2622 Tum
2481 2566 2662 2624 etiam
2691 2585 2768 2626 ne

356 2641 589 2699 coeleste
631 2643 861 2701 donum
900 2643 1143 2702 fastidio
1184 2651 1337 2702 esset
1376 2643 1626 2718 ingratis
1666 2645 2023 2714 hominibus,
2053 2647 2217 2718 quod
2258 2661 2336 2700 ne
2375 2643 2437 2698 in
2480 2645 2607 2719 ipsa
2635 2647 2768 2720 qui-

355 2719 493 2777 dem
533 2722 879 2780 necessitate
921 2723 1066 2780 satis
1106 2729 1278 2796 grato
1321 2721 1521 2778 animo
1578 2722 1894 2779 habebant.
2007 2722 2212 2796 Atque
2269 2721 2330 2777 in
2392 2739 2532 2778 eum
2587 2723 2768 2780 finem

355 2798 554 2857 voluit
593 2801 928 2874 portionem
988 2819 1173 2858 unam
1212 2817 1448 2856 mannae
1488 2799 1553 2855 in
1596 2817 1750 2855 urna
1789 2817 1974 2856 aurea
2019 2800 2203 2872 juxta
2248 2816 2448 2856 arcam
2491 2817 2596 2873 per
2638 2819 2766 2857 om-

356 2895 463 2934 nes
526 2884 733 2935 aetates
772 2877 1079 2949 asservari,
1124 2877 1318 2934 Exod.
1361 2877 1481 2933 xvi.
1540 2875 1637 2945 32,
1681 2876 1776 2946 33,
1820 2882 1891 2932 ut
1930 2883 2082 2932 esset
2122 2875 2591 2934 illustrissimum
2633 2886 2764 2936 tum

357 2954 823 3030 omnipotentiae,
852 2963 985 3011 tum
1012 2954 1295 3013 bonitatis
1323 2971 1467 3027 erga
1495 2953 1797 3011 Israelita-s
1835 2954 2262 3025 testimonium,
2304 2953 2470 3026 quod
2511 2971 2550 3010 a.
2573 2963 2766 3031 poste-

355 3032 436 3087 ris
478 3034 893 3090 celebraretur.

437 3109 597 3166 VII.
642 3109 934 3180 Secund0,
978 3111 1179 3185 quoad
1222 3129 1419 3168 nomen
1446 3109 1756 3184 quaeritur,
1805 3127 1912 3165 cur
1937 3110 2104 3168 cibus
2149 3110 2260 3168 iste
2287 3129 2422 3169 man
2449 3111 2642 3170 dictus
2670 3115 2763 3188 sit,

354 3188 443 3244 ita
470 3189 629 3247 enim
656 3188 733 3246 ab
764 3189 1056 3246 Israelitis
1084 3189 1533 3264 quamprimum
1571 3206 1606 3244 e
1647 3188 1796 3244 coelo
1823 3187 1942 3245 fuit
1967 3189 2263 3264 delapsus,
2292 3197 2352 3247 et
2377 3191 2454 3247 ab
2483 3191 2554 3249 iis
2582 3193 2762 3266 visus,

354 3275 635 3326 vocatum
662 3268 845 3325 fuisse
872 3267 1075 3324 Moses
1102 3273 1357 3324 testatur
1386 3267 1577 3325 Exod.
1606 3266 1725 3324 xvi.
1759 3266 1851 3337 15,
1896 3274 1931 3301 ‘⁴
1951 3267 2032 3326 Et
2057 3268 2324 3326 videntes
2351 3269 2504 3328 illud
2535 3272 2641 3329 filii
2673 3273 2762 3331 Is-

354 3347 481 3406 rael
502 3348 785 3405 dixerunt
812 3347 1065 3422 quisque
1083 3347 1159 3402 ad
1178 3345 1423 3403 fratrem
1440 3365 1617 3404 suum
1673 3369 1706 3403 a
1735 3371 1850 3405 ,se-..w
1896 3369 2028 3405 man
2065 3353 2170 3418 est,
2191 3348 2334 3422 quia
2371 3351 2750 3408 nesciverunt

358 3427 504 3500 quid
521 3427 730 3498 esset,''
760 3433 821 3482 et
840 3443 1016 3482 versu
1035 3423 1129 3496 31,
1156 3429 1193 3458 “
1218 3425 1298 3483 Et
1324 3431 1617 3483 vocarunt
1635 3426 1744 3484 filii
1769 3427 1956 3485 Israel
1975 3428 2106 3503 ejus
2127 3443 2343 3484 nomen
2367 3432 2559 3487 man.”
2604 3430 2756 3488 Duae

354 3512 497 3562 sunt
524 3505 681 3564 circa
708 3503 965 3561 nominis
986 3503 1159 3562 istius
1173 3504 1470 3562 rationem
1487 3506 1801 3563 doctorum
1823 3507 2145 3564 sententiae.
2179 3506 2385 3566 Primo
2405 3526 2630 3580 eorum,
2655 3509 2760 3584 qui

356 3584 538 3640 verba
558 3601 679 3640 ver.
712 3583 804 3652 18,
834 3582 1255 3658 interrogative
1302 3583 1784 3659 interpretantur,
1815 3592 1877 3642 et
1902 3587 2120 3644 volunt
2145 3585 2305 3642 idem
2333 3605 2460 3644 esse
2492 3609 2562 3658 5⁷2,
2593 3591 2756 3662 quod

358 3661 659 3720 Hebrai'ee
688 3687 762 3720 m
812 3661 964 3738 quid,
993 3662 1165 3736 quasi
1194 3661 1483 3719 Divinum
1510 3662 1693 3721 istum
1721 3683 1936 3738 panem
1953 3665 2241 3734 videntes,
2261 3672 2321 3722 et
2341 3665 2426 3722 rei
2441 3665 2759 3722 insolentia

356 3740 612 3813 perculsi
642 3739 951 3813 Israelitae,
982 3749 1043 3798 et
1058 3741 1449 3799 admiratione
1476 3743 1626 3800 moti
1653 3743 1715 3799 in
1739 3744 1866 3801 haec
1885 3744 2068 3801 verba
2095 3745 2415 3818 eruperint,
2449 3743 2612 3810 Quid
2642 3745 2756 3801 hoo

354 3821 489 3876 est?
532 3827 591 3876 et
616 3825 823 3894 postea
864 3838 1084 3878 nomen
1124 3821 1239 3878 hoc
1262 3821 1562 3891 manserit,
1592 3829 1654 3878 et
1699 3821 1759 3878 in
1803 3821 2232 3897 appellativum
2261 3821 2574 3879 transierit.
2659 3821 2756 3880 Sic

354 3897 556 3956 LXX.
586 3899 865 3970 reddunt,
894 3906 945 3960 τὶ
994 3909 1099 3957 iem
1125 3907 1286 3968 τοῦτο,
1322 3899 1419 3957 Sic
1462 3898 1784 3958 Chaldaeus
1813 3899 2258 3976 Paraphrastes,
2293 3899 2488 3958 Vetus
2519 3900 2753 3970 Versi0,

353 3973 399 4033 J
402 3978 659 4051 onephus
687 3977 989 4054 Antiquit.
1020 3980 1121 4036 lib.
1154 3979 1233 4037 iii.
1265 3997 1391 4052 cap.
1428 3979 1477 4036 l.
1510 3986 1543 4014 “
1561 3987 1777 4038 καλοῦσι
1805 3978 1854 4039 δι
1885 3980 2111 4061 Ἐβςαῒοι
2139 3985 2192 4037 τὶ
2213 3983 2398 4060 βςῧμαι
2425 3987 2568 4038 τοῦτο
2592 3979 2757 4056 μάννα

352 4061 407 4114 τὶ
475 4059 579 4138 φὰς
644 4063 749 4134 piis
816 4060 1091 4141 &arteman
1154 4061 1293 4118 κατὰ
1354 4083 1436 4122 ‘tm
1496 4061 1723 4141 ἐμπίῃ,
1805 4057 2076 4135 διάλεκτον,
2151 4059 2397 4116 Hebraei
2439 4059 2639 4116 cibum
2679 4059 2756 4118 is-

354 4143 483 4193 tum
524 4144 742 4195 vocant
766 4157 1005 4210 manna,
1028 4158 1171 4197 nam
1201 4159 1335 4198 man
1362 4144 1450 4195 est
1476 4139 1972 4214 interrogativum
1993 4139 2322 4197 secundum
2344 4147 2609 4195 nostram
2629 4139 2755 4196 dia-

350 4215 632 4285 lectum‚''
676 4220 817 4293 quid
840 4221 943 4278 hoc
962 4230 1043 4278 est
1064 4219 1418 4292 significans,
1452 4217 1553 4275 Ita
1580 4218 2009 4292 Hieronymus,
2029 4229 2090 4275 et
2115 4217 2417 4292 pluresex
2433 4215 2750 4275 veteribus.

356 4294 507 4362 Quae
520 4297 813 4356 sententia
830 4299 1069 4356 videtur
1094 4297 1319 4355 firmari
1335 4314 1407 4353 ex
1418 4297 1798 4370 responsione
1809 4296 2013 4367 MosiS,
2027 4297 2131 4370 qui
2140 4295 2218 4352 ad
2227 4294 2754 4368 interrogationem

351 4374 561 4448 populi
590 4378 953 4450 respondens
980 4376 1135 4434 dixit
1159 4377 1295 4450 illis,
1330 4381 1363 4408 “
1388 4373 1509 4430 Hie
1534 4383 1626 4432 est
1651 4374 1820 4448 panis
1843 4375 1964 4444 ille,
1987 4391 2166 4450 quem
2183 4374 2290 4430 dat
2315 4373 2484 4432 vobis
2513 4373 2556 4430 J
2560 4376 2756 4434 ehova

352 4454 429 4508 ad
458 4455 952 4513 comedendum.’'
1017 4455 1174 4512 Tum
1192 4453 1371 4512 etiam
1400 4469 1473 4508 ex
1494 4469 1567 4510 eo
1589 4453 1754 4527 quod
1783 4452 1844 4509 in
1872 4452 2085 4527 lingua
2112 4451 2476 4526 AEgyptiaca
2506 4473 2562 4522 γε
2592 4453 2754 4512 idem

351 4539 440 4588 est
466 4534 629 4605 quod
662 4555 735 4588 aa
768 4534 829 4591 in
878 4534 1092 4608 lingua
1120 4532 1535 4600 Hebraeorum,
1566 4539 1638 4588 ut
1665 4530 1940 4588 observat
1967 4530 2223 4589 Drusins
2249 4549 2322 4587 ex
2353 4531 2428 4590 R.
2459 4533 2750 4596 Hiskuni,

350 4609 483 4668 Nec
508 4611 727 4668 mirum
756 4613 947 4671 videri
974 4613 1233 4682 deberet,
1252 4609 1304 4668 si
1324 4609 1632 4681 Israelitae,
1655 4609 1762 4685 qui
1791 4618 1881 4668 tot
1905 4629 2094 4668 annos
2121 4610 2408 4670 triverant
2433 4612 2494 4670 in
2527 4612 2758 4688 AEgyp-

348 4695 431 4758 to,
464 4690 553 4745 usi
584 4691 837 4749 fuissent
862 4690 1158 4766 particula
1184 4691 1367 4765 hujus
1394 4687 1640 4763 linguae.
