3234 5192
482 318 601 380 200
1284 342 1363 387 ns
1392 346 1755 389 ssessssnu
1783 348 2131 391 sscsssroun
2483 326 2742 409 [msru‘r.
2771 338 2908 391 vlita

484 479 544 537 id
573 489 661 539 est
688 480 995 559 doctrinas,
1026 504 1143 545 non
1170 486 1403 563 quidem
1432 488 1696 549 absolute
1715 490 2016 549 haereticas
2043 496 2102 549 et
2137 489 2420 565 exitiales,
2466 486 2577 567 (sic
2603 488 2759 547 enim
2787 508 2906 547 ser-

484 560 611 617 vari
638 581 753 619 non
773 564 1035 644 possent)
1080 566 1185 625 sed
1206 588 1403 644 vanas,
1435 570 1692 629 curiosas
1732 580 1791 629 et
1831 570 2084 645 inutiles,
2125 570 2560 646 heterogeneas,
2603 577 2663 627 et
2701 588 2906 646 parum

485 641 898 716 respondentes
924 644 1285 707 fundamenti
1328 651 1694 725 praestantiae.
1779 651 1940 709 Bene
1963 669 2102 726 ergo
2123 650 2258 707 hinc
2287 648 2654 722 concluseris,
2685 648 2746 704 in
2775 648 2908 706 sinu

490 718 769 779 Ecclesiae
796 742 966 798 posse
1017 725 1142 783 dari
1186 728 1333 785 tales
1378 728 1663 804 doctores,
1714 730 1814 806 qui
1862 749 1980 788 non
2025 731 2136 788 rite
2164 749 2268 806 per
2311 730 2504 787 omnia
2529 727 2784 785 muneris
2815 728 2908 785 sui

486 808 679 875 partes
706 800 1021 877 impleant;
1068 804 1170 863 sed
1218 807 1367 866 male
1412 807 1655 885 colliges
1683 810 2142 868 communionem
2187 809 2299 867 coli
2326 827 2497 885 posse
2525 826 2657 866 cum
2683 807 2774 882 iis,
2803 806 2906 883 qui

489 888 681 937 errant
707 880 1231 943 fundamentaliter.

572 958 893 1018 XXXIV.
938 961 1073 1021 Hoc
1100 972 1294 1024 tamen
1321 965 1491 1025 tertio
1520 967 1786 1028 evincere
1815 977 2095 1029 conantur
2121 989 2196 1027 ex
2224 966 2680 1025 Lutheranorum
2707 984 2902 1025 exem-

488 1038 606 1113 plo.
690 1038 841 1097 Nam
870 1040 922 1098 si
949 1061 1081 1101 cum
1108 1043 1225 1103 illis
1254 1046 1696 1121 syncretismum
1723 1049 1868 1107 inire
1908 1068 2026 1107 non
2061 1067 2410 1121 recusamus,
2441 1046 2542 1123 qui
2569 1066 2686 1104 non
2713 1045 2908 1105 minus

492 1114 748 1193 graviter
774 1129 965 1195 errant
992 1122 1053 1179 in
1082 1124 1323 1183 articulo
1346 1124 1419 1183 de
1462 1146 1626 1185 coena
1645 1127 1983 1204 Pontificiis,
2027 1127 2230 1205 quidni
2249 1126 2564 1205 poterimus
2592 1125 2756 1183 illurn
2773 1144 2906 1183 cum

494 1196 815 1257 Pontificiis
840 1202 1056 1277 pariter
1084 1202 1228 1261 inire
1245 1206 1275 1261 ‘s’
1318 1204 1484 1265 Licet
1511 1226 1651 1266 vero
1679 1208 1751 1266 de
1779 1208 1890 1265 hoc
1918 1214 2259 1285 argumento
2287 1204 2551 1283 quaedam
2585 1205 2710 1280 jam
2751 1204 2909 1263 dicta

494 1276 628 1352 sint,
663 1277 828 1356 Disp.
860 1280 981 1339 ΙΙΙ.
1012 1282 1122 1341 Th.
1152 1287 1249 1357 22,
1280 1281 1409 1359 &c.,
1453 1286 1590 1363 quia
1616 1296 1812 1346 tamen
1855 1286 2002 1346 nihil
2045 1286 2222 1347 ferme
2270 1294 2376 1361 est,
2427 1284 2584 1361 quod
2628 1284 2817 1358 toties,
2848 1292 2912 1342 et

492 1365 654 1415 tanto
683 1378 813 1417 cum
841 1360 1042 1421 ardore
1071 1382 1106 1421 a
1132 1363 1509 1424 missionariis
1536 1376 1595 1426 et
1635 1367 1766 1426 aliis
1803 1366 2112 1444 pontificiae
2139 1364 2557 1425 communionis
2582 1362 2916 1423 hominibus

493 1437 670 1515 objici
699 1439 883 1499 soleat
908 1450 968 1501 et
995 1443 1207 1519 urgeri,
1237 1443 1383 1503 adeo
1402 1454 1465 1504 ut
1491 1446 1628 1505 hinc
1650 1448 1826 1505 animi
1852 1446 2072 1524 injusto
2093 1454 2152 1504 et
2170 1445 2450 1524 pertinaci
2475 1445 2538 1501 in
2567 1444 2636 1502 Ε.
2669 1444 2742 1502 R.
2771 1443 2910 1501 odio

494 1513 717 1576 incensi
737 1538 843 1578 nos
871 1520 1243 1599 insimulent;
1290 1532 1353 1582 ut
1379 1525 1481 1601 qui
1508 1525 1582 1584 ab
1610 1544 1681 1585 ea
1709 1526 2090 1585 secessionem
2120 1524 2440 1598 fecerimus,
2471 1531 2529 1581 et
2549 1525 2612 1581 in
2637 1543 2707 1581 ea
2732 1524 2908 1599 perti·

495 1597 713 1654 naciter
740 1619 1189 1677 perseveremus,
1221 1622 1351 1661 curn
1380 1623 1498 1662 non
1526 1604 1910 1664 detrectemus
1949 1605 2406 1663 Lutheranorum
2429 1603 2907 1675 communionem,

496 1696 532 1733 a
559 1676 769 1751 quibus
796 1679 954 1739 haud
978 1682 1170 1741 minus
1213 1690 1409 1741 tamen
1450 1684 1660 1759 justas,
1711 1684 2014 1761 minusque
2057 1684 2296 1743 idoneas
2323 1684 2574 1741 rationes
2601 1681 2910 1741 secedendi

496 1755 805 1815 habemus:
838 1778 1065 1836 aequum
1092 1770 1183 1820 est
1209 1770 1275 1820 ut
1302 1761 1374 1820 dc
1401 1763 1513 1821 hoc
1540 1763 1715 1822 etiam
1743 1764 1916 1840 paulo
1943 1762 2171 1842 plenius
2198 1782 2456 1840 agamus.
2541 1761 2736 1819 Primo
2764 1760 2906 1821 fate·

498 1854 627 1893 mur
670 1845 870 1895 votum
908 1840 1019 1897 hoc
1061 1840 1240 1899 fuisse
1286 1860 1513 1919 semper
1555 1842 2038 1919 Reformatorum,
2067 1852 2136 1901 ut
2155 1842 2615 1901 communionem
2642 1841 2829 1899 colere
2851 1849 2914 1899 et

500 1916 943 1990 syncretismum
973 1919 1117 1977 inire
1154 1929 1392 1997 possent
1432 1941 1563 1979 cum
1608 1922 2088 1996 Protestantibus,
2118 1922 2220 1998 qui
2246 1940 2458 1981 nomen
2483 1940 2520 1979 a
2547 1940 2768 1980 summo
2797 1920 2912 1979 Dei

500 1994 627 2053 viro
656 1996 911 2056 Luthero
938 1998 1147 2057 ducere
1170 1999 1375 2075 solent,
1395 2008 1461 2059 ut
1486 2001 1692 2060 infelix
1711 2002 1860 2061 illud
1885 2000 2190 2061 dissidium
2217 2002 2532 2075 tolleretur,
2559 2018 2674 2077 quo
2703 2000 2911 2059 mirum

500 2084 779 2150 quantum
815 2078 1169 2138 renascentis
1198 2080 1489 2156 evangelii
1516 2082 1856 2159 propagatio
1883 2090 1972 2141 est
1999 2081 2260 2154 inhibita,
2306 2080 2548 2139 infirmis
2577 2079 2910 2139 scandalum

500 2156 824 2231 praebitum,
856 2169 915 2217 et
942 2158 1207 2217 hostibus
1219 2159 1480 2219 veritatis
1497 2160 1834 2236 insultandi,
1855 2170 1914 2221 et
1930 2161 2004 2221 de
2023 2160 2279 2219 dissidiis
2296 2161 2510 2219 nostris
2519 2158 2912 2237 triumphandi

501 2234 636 2293 data
662 2246 753 2295 est
772 2257 951 2313 ansa;
996 2248 1168 2314 atque
1196 2238 1257 2296 in
1284 2259 1417 2297 eum
1461 2240 1634 2300 finem
1682 2241 2055 2300 fraternitatis
2101 2240 2366 2299 dextram
2391 2259 2508 2298 non
2529 2240 2708 2299 semel
2727 2238 2914 2315 parati

501 2315 731 2375 fuerunt
758 2318 1051 2394 porrigere
1077 2317 1167 2393 iis,
1198 2319 1299 2394 qui
1326 2318 1530 2378 eodem
1556 2321 1716 2399 pacis
1743 2328 1802 2381 ct
1829 2320 2124 2413 charitatis
2145 2320 2336 2379 studio
2363 2328 2688 2397 agerentur.
2732 2317 2920 2395 Cujus

502 2395 729 2471 insigne
753 2396 1145 2455 testimonium
1161 2418 1287 2457 esse
1305 2407 1495 2476 potest
1511 2400 1808 2460 decretum
1829 2400 2053 2479 Synodr
2070 2399 2534 2459 Carentoniensis
2552 2418 2703 2457 anno
2737 2398 2912 2473 1631,

506 2473 578 2532 de
606 2494 721 2551 quo
750 2476 922 2535 toties
950 2477 1165 2535 mentio
1193 2477 1317 2536 fieri
1344 2478 1494 2539 solet
1521 2479 1595 2538 ab
1623 2480 1986 2539 adversariis.
2050 2478 2167 2537 Sed
2207 2478 2282 2537 ab
2308 2479 2435 2556 ipso
2465 2478 2916 2537 Reformatiouis

506 2564 761 2631 tempore
790 2576 909 2615 non
948 2556 1126 2614 semel
1166 2557 1277 2616 hoc
1322 2578 1383 2617 se
1428 2566 1628 2636 optare
1675 2560 1858 2619 nostri
1906 2567 2041 2619 sunt
2079 2558 2340 2636 professi,
2365 2566 2425 2616 et
2451 2558 2587 2616 data
2613 2557 2914 2616 occasione

506 2634 748 2693 consilia
788 2635 1003 2695 irenica
1042 2646 1345 2713 urserunt3
1390 2638 1549 2715 quod
1575 2639 1836 2698 fecerunt
1869 2638 2132 2716 inprimis
2158 2638 2306 2695 varii
2332 2637 2620 2715 principes
2647 2644 2706 2695 et
2751 2637 2912 2695 theo-

505 2714 629 2791 logi
659 2714 992 2790 Reformati,
1024 2724 1090 2775 ut
1116 2718 1303 2794 patuit
1328 2716 1609 2796 imprimis
1638 2739 1715 2777 ex
1753 2719 2044 2796 legatione
2085 2738 2260 2795 quam
2301 2717 2360 2775 in
2389 2737 2520 2775 eum
2547 2717 2720 2775 finem
2750 2716 2912 2775 insti-

506 2795 621 2854 tuit
650 2796 941 2855 Henricus
984 2796 1096 2855 IV.
1146 2816 1281 2855 vere
1330 2816 1595 2874 magnus,
1643 2807 1782 2857 tunc
1828 2818 1935 2857 rex
1982 2798 2277 2871 Navarroe,
2301 2806 2360 2855 et
2386 2796 2575 2855 adhuc
2602 2804 2814 2871 noster,
2839 2795 2916 2853 ad

506 2874 794 2954 principes
824 2876 1151 2935 Germaniae
1180 2897 1231 2935 a.
1267 2879 1439 2951 1583,
1487 2878 1842 2955 approbante
1875 2877 2113 2955 Synodo
2136 2876 2502 2935 vitriacensi.
2587 2876 2665 2933 Et
2691 2894 2806 2933 non
2835 2875 2922 2935 ita

504 2955 729 3032 pridem
778 2976 851 3014 ex
882 2956 1063 3015 celeb.
1093 2956 1207 3015 viri
1234 2958 1277 3017 J
1281 2957 1375 3016 oh.
1423 2958 1622 3017 Duraei
1661 2959 1974 3033 laboribus,
2005 2958 2106 3035 qui
2149 2976 2293 3033 opus
2339 2955 2451 3014 hoc
2479 2954 2916 3014 saluberrimum

506 3056 719 3113 magno
732 3036 925 3096 studio
938 3045 996 3095 et
1015 3036 1307 3096 indefessa
1324 3037 1629 3114 diligentia
1645 3056 1986 3116 promovere
2004 3045 2244 3095 conatus
2266 3044 2370 3107 est,
2385 3035 2707 3093 luculenter
2715 3034 2918 3110 liquet.

509 3116 633 3173 Nec
659 3116 890 3173 difficile
918 3127 1073 3175 esset
1100 3117 1419 3191 ostendere,
1444 3118 1658 3177 vulnus
1683 3119 1796 3177 hoc
1821 3138 1940 3177 non
1967 3136 2094 3175 esse
2142 3113 2580 3187 immedicabile,
2625 3132 2751 3172 cum
2784 3133 2918 3172 con·

510 3213 715 3253 sensus
756 3194 867 3251 iste
908 3197 1377 3271 evangelicorum
1404 3216 1519 3254 non
1550 3198 1726 3256 semel
1755 3197 1928 3257 fuerit
1948 3196 2144 3256 initus.
2229 3195 2314 3254 Ut
2341 3214 2415 3251 ex
2444 3193 2733 3270 colloquio
2763 3194 2920 3251 Mar·

512 3272 789 3348 pur-gensi
812 3273 962 3330 inter
1008 3274 1321 3333 Lutheram
1342 3286 1403 3335 et
1445 3277 1778 3353 Zuinglium
1823 3286 1882 3336 et
1909 3276 2072 3351 alios,
2102 3274 2302 3333 habito
2331 3293 2382 3333 a.
2417 3276 2589 3348 1529,
2639 3282 2816 3349 patet,
2857 3272 2922 3331 in

509 3370 625 3427 quo
654 3351 915 3427 agnitum
942 3351 1067 3427 fuit,
1098 3353 1159 3409 in
1188 3356 1411 3414 caeteris
1437 3356 1706 3414 omnibus
1733 3356 2018 3431 capitibus
2044 3372 2386 3413 consensum
2413 3372 2558 3428 esse,
2597 3352 2924 3411 dissensum

514 3438 735 3489 tantum
768 3430 827 3486 in
856 3430 1025 3489 unico
1068 3434 1310 3492 articulo
1353 3434 1425 3492 de
1468 3454 1634 3493 coena
1684 3434 1936 3508 Domini,
1981 3453 2164 3511 eoque
2204 3453 2321 3492 non
2361 3441 2521 3507 toto;
2567 3431 2650 3490 sic
2697 3432 2758 3489 in
2785 3450 2920 3489 con-

514 3518 695 3567 ventu
716 3509 1249 3588 WVittembergensi,
1280 3532 1431 3571 anno
1466 3517 1636 3589 1536,
1685 3514 1830 3573 Maii
1851 3516 1948 3588 21,
1979 3513 2088 3573 fuit
2129 3512 2274 3571 inita
2319 3511 2626 3571 concordia
2669 3511 2730 3568 in
2767 3530 2920 3569 eom·

516 3590 679 3648 muni
702 3588 950 3649 formula
976 3590 1049 3648 de
1078 3610 1147 3649 ea
1174 3610 1209 3649 a
1246 3592 1658 3653 Melanehtone
1689 3594 1918 3671 scripta,
1951 3601 2010 3652 ct
2052 3592 2377 3670 subscripta
2403 3612 2438 3650 a
2464 3590 2754 3667 theologis
2781 3590 2916 3649 utri-

515 3688 697 3746 usque
744 3670 941 3747 partis,
993 3669 1092 3746 qui
1121 3670 1203 3729 ibi
1230 3671 1485 3733 aderant.
1570 3674 1796 3749 Quibus
1843 3674 1993 3733 adde
2036 3693 2166 3751 quae
2203 3673 2264 3731 in
2293 3679 2582 3730 conventu
2615 3669 2924 3729 Sweinfur-

517 3750 683 3823 tensi,
712 3770 767 3808 a.
802 3752 974 3825 1532,
1001 3750 1533 3830 Wittembergensi,
1564 3774 1617 3813 a.
1643 3757 1816 3829 1536,
1841 3752 2240 3826 Smalcaldico,
2265 3772 2316 3811 a.
2347 3752 2519 3823 1537,
2539 3750 2758 3809 etinter
2777 3749 2924 3808 Sax-

518 3849 657 3888 ones
680 3839 744 3889 et
772 3829 1081 3890 Helvetios
1108 3840 1239 3891 acta
1266 3841 1402 3891 sunt
1428 3852 1480 3892 a.
1515 3837 1688 3909 1537,
1736 3844 1799 3893 et
1846 3837 2018 3908 1538,
2065 3833 2167 3892 ubi
2213 3831 2338 3908 ipse
2387 3830 2676 3891 Lutherus
2705 3828 2827 3887 suis
2852 3826 2932 3886 ad

520 3910 826 3969 Helvetios
855 3909 1024 3985 datie,
1061 3913 1089 3967 1
1126 3912 1266 3970 Dec.
1296 3932 1349 3971 a.
1384 3916 1556 3990 1537,
1582 3934 1783 3992 pacem
1805 3923 1993 3991 urget,
2025 3923 2084 3971 et
2111 3921 2310 3989 optare
2339 3930 2400 3969 se
2429 3927 2789 3986 summopere
2811 3918 2926 3967 tes·

520 3998 712 4049 tatur:
798 3992 836 4022 “
860 3990 1049 4049 Erunt
1097 3999 1215 4049 tam
1262 3990 1417 4069 apud
1461 4013 1567 4053 vos
1616 4014 1792 4071 quarn
1837 3993 1994 4072 apud
2021 4012 2128 4051 nos
2155 3989 2352 4067 aliqui,
2383 3989 2596 4066 quibus
2623 3986 2931 4047 concordia

518 4069 643 4127 haee
670 4090 872 4146 parum
899 4070 1249 4147 probabitur,
1276 4071 1380 4131 sed
1400 4083 1666 4151 suspecta
1689 4074 1819 4133 erit.
1905 4074 1969 4132 Si
2011 4082 2206 4130 tamen
2242 4090 2350 4129 nos
2388 4069 2676 4145 utrinque,
2719 4067 2932 4143 quibus

521 4148 622 4207 illa
649 4149 809 4207 cordi
837 4158 941 4225 est,
988 4150 1136 4210 serio
1186 4150 1502 4228 seduloque
1546 4154 1908 4228 instabimus,
1955 4150 2440 4211 clementissimus
2469 4148 2632 4207 Deus
2671 4154 2730 4205 et
2759 4147 2933 4205 Pater

522 4230 720 4305 utique
749 4230 995 4305 gratiam
1024 4249 1187 4289 suam
1209 4230 1387 4305 dabit,
1420 4242 1485 4292 ut
1512 4242 1570 4292 et
1607 4233 1708 4291 alii
1755 4232 2032 4310 paulatim
2053 4232 2374 4305 mitescant,
2407 4237 2465 4288 et
2491 4247 2657 4303 aquae
2685 4225 2932 4285 turbidae

522 4308 881 4367 considant.”
967 4308 1047 4369 Et
1088 4319 1305 4388 postea,
1338 4314 1377 4344 ‘⁸
1398 4312 1744 4389 Cumprimis
1769 4332 1912 4371 vero
1939 4311 2152 4369 obnixe
2179 4330 2288 4368 vos
2314 4318 2550 4385 rogatos
2577 4307 2730 4380 volo,
2759 4305 2842 4364 ita
2863 4304 2938 4363 de

526 4406 618 4443 me
646 4387 1007 4464 existimetis,
1040 4398 1311 4467 tanquam
1342 4391 1417 4449 de
1444 4412 1530 4467 e0,
1563 4392 1658 4451 cui
1689 4412 1780 4451 res
1807 4400 1933 4451 tota
1960 4410 2183 4449 summe
2213 4389 2288 4447 sit
2313 4388 2492 4461 cordi,
2517 4387 2730 4463 quique
2753 4404 2932 4462 quan-—

526 4474 651 4523 tum
707 4467 937 4525 omnino
986 4489 1242 4527 mearum
1290 4472 1400 4529 erit
1439 4472 1669 4546 virium,
1694 4472 1838 4530 nihil
1859 4490 2058 4529 eorum
2087 4469 2197 4528 sim
2224 4468 2670 4539 intermissurus,
2702 4484 2832 4541 quse
2859 4464 2935 4522 ad

528 4545 891 4602 concordiam
919 4549 1367 4623 promovendam
1438 4552 1784 4610 ertinebunt.
1837 4551 2018 4609 Novit
2043 4549 2107 4608 id
2130 4549 2308 4621 Deus,
2338 4566 2510 4624 quem
2538 4554 2744 4605 testem
2771 4545 2936 4601 invo-

530 4643 598 4682 co
628 4642 799 4699 super
826 4626 1073 4683 animam
1103 4630 1349 4702 meam,”
1438 4650 1488 4687 c.
1532 4631 1679 4687 Tum
1705 4630 1776 4689 de
1795 4629 1982 4706 capite
2011 4638 2382 4687 controverso
2399 4636 2598 4703 agens,
2659 4624 2936 4681 “Verum
