3234 5192
284 355 529 397 meror.
562 334 651 417 v.]
1035 354 1262 395 nos‘rua
1294 356 1371 395 ΑΒ
1400 356 1680 397 secessu
1713 356 1982 397 nomm.
2641 344 2718 403 99

280 497 481 559 tinum
502 496 684 560 semel
712 494 1065 555 confi-actum
1096 516 1383 570 revocare,
1416 498 1519 557 sed
1544 498 1706 557 aliud
1732 499 1906 575 longe
1933 502 2172 576 gravius
2199 508 2258 559 et
2296 500 2718 564 intolerabilius

282 576 667 637 conscientiis
694 576 988 653 imponere
1032 578 1263 654 satagit,
1307 577 1405 636 ille
1434 598 1541 638 nec
1570 578 1862 639 Christum
1891 590 2066 655 tenet,
2117 580 2215 637 vel
2260 580 2538 656 Spiritum
2586 586 2716 659 ejus

280 656 477 732 novit,
510 676 618 715 nec
662 676 795 715 cum
841 656 941 715 illo
984 666 1205 733 partem
1254 657 1431 715 ullam
1464 658 1679 717 habere
1715 658 2036 717 censendus
2064 668 2169 717 est.
2255 662 2530 733 Quaenam
2559 663 2713 721 enim

280 748 545 812 tyranno
573 756 707 813 pars
756 755 885 794 esse
932 744 1125 813 potest
1146 756 1277 795 cum
1308 737 1571 813 legitimo
1611 738 1888 815 principe,
1936 738 2202 797 servituti
2229 738 2552 799 durissimae
2581 761 2712 803 cum

280 816 634 875 dulcissima
658 816 943 889 libertate,
976 826 1034 875 et
1066 816 1398 893 Synagogae
1432 816 1662 876 Diaboli
1692 838 1822 876 cum
1847 818 2112 877 Ecclesia.
2141 819 2401 879 Christi?

280 930 535 988 Tyn-annis
568 928 657 977 Ro.
678 944 787 987 pro·
909 896 983 953 V.
1034 895 1163 955 Hoc
1190 904 1383 955 autem
1408 897 1686 957 Ecclesiae
1720 898 1885 957 Rom.
1909 918 2036 957 esse
2054 899 2268 957 crimen
2297 898 2708 977 pertendimus,

342 990 502 1091 malr
521 1002 667 1105 1³3ae
684 991 785 1033 rri-
828 975 1189 1113 gjravissirtnis
1208 975 1444 1113 adducti
1470 978 1820 1115 ταῑίοιιὶὒιξῖ..
1855 1058 1868 1071 .
1897 979 2092 1037 Prima
2118 979 2438 1117 ‘'gift-¹²5⁸}
2451 981 2710 1117 PYivnatu

277 1144 351 1195 ut
384 1134 805 1197 OEcumenicus
835 1074 1107 1193 Pcdlroifi'fe‘ir
1135 1075 1825 1212 anrpgggc’qaiequffinnaxu}
1852 1067 2416 1216 {qggtgrnpotzaeiti'
2437 1080 2708 1217 ξίἐῗιῗῐῗ

276 1231 405 1291 que
434 1215 667 1274 tandem
697 1215 799 1273 illa
828 1215 920 1289 sit,
951 1214 1141 1273 civilis
1170 1224 1269 1275 aut
1310 1215 1716 1289 ecclesiastica,
1749 1216 2037 1277 obnoxius
2065 1218 2158 1293 sit,
2189 1238 2262 1277 ne
2305 1227 2430 1277 tum
2474 1221 2708 1296 quidem

277 1314 471 1371 quum
494 1294 681 1354 officio
708 1295 941 1354 minime
980 1294 1259 1370 fungitur.
1342 1296 1593 1371 Canone,
1629 1298 1664 1328 ‘⁴
1691 1296 1754 1353 si
1784 1296 1980 1372 Papa''
2014 1295 2220 1375 (verba
2263 1306 2400 1357 sunt
2443 1299 2710 1359 Gratiani

281 1374 521 1433 distinc.
553 1378 681 1453 40‚)
735 1378 903 1435 “suae
961 1386 1019 1433 et
1061 1374 1327 1433 fraternae
1374 1374 1579 1433 salutis
1623 1375 1930 1451 negligens
1973 1374 2438 1451 deprehenditur,
2485 1378 2708 1439 inutilis

278 1465 343 1515 et
366 1454 645 1513 remissus
664 1456 723 1513 in
746 1456 865 1512 suis
893 1455 1161 1531 operibus
1190 1464 1248 1513 et
1276 1456 1509 1531 insuper
1536 1474 1571 1513 a
1598 1455 1752 1513 bono
1773 1455 2109 1531 taciturnus,
2141 1455 2297 1532 quod
2323 1456 2511 1532 magis
2531 1456 2710 1517 officit

280 1534 491 1593 sibiet
518 1535 801 1609 omnibus,
833 1534 1205 1593 nihilominus
1244 1544 1303 1594 et
1346 1534 1794 1593 innumerabiles
1841 1534 2086 1613 populos
2133 1536 2470 1594 catervatim
2509 1556 2705 1599 secum

280 1614 451 1673 ducit
484 1615 669 1691 primo
696 1614 985 1691 mancipio
1014 1614 1310 1691 gehennae,
1342 1635 1473 1673 cum
1500 1614 1628 1693 ipso
1657 1614 1846 1691 plagis
1883 1614 2080 1673 multis
2127 1615 2190 1673 in
2217 1623 2494 1674 aeternum
2523 1636 2704 1694 vapu-

278 1694 525 1767 laturos,
570 1694 749 1771 hujus
796 1694 995 1770 culpas
1040 1694 1173 1753 istic
1220 1694 1565 1771 redarguere
1613 1694 1909 1772 praesumit
1949 1694 2278 1755 mortalium
2303 1696 2518 1773 nullus,
2549 1696 2706 1773 quod

284 1782 536 1833 cunctos
591 1774 715 1851 ipse
754 1773 1121 1850 judicaturus
1168 1794 1204 1832 a
1246 1774 1473 1833 nemine
1518 1784 1607 1834 est
1663 1773 2016 1851 judicandus
2041 1775 2095 1833 :'¹
2169 1784 2228 1833 et
2283 1796 2459 1835 causa
2531 1796 2700 1851 nona,

278 1854 605 1931 quaestione
634 1853 820 1927 tertia,
853 1856 889 1885 “
912 1853 1174 1912 Aliorum
1204 1854 1499 1912 hominum
1532 1874 1737 1913 causas
1767 1855 1928 1912 Deus
1956 1854 2143 1913 voluit
2168 1874 2272 1932 per
2298 1855 2560 1915 homines
2589 1866 2700 1915 ter-

278 1932 511 2007 minari,
556 1931 660 1991 sed
688 1932 842 1991 sedis
870 1933 1038 1991 istius
1066 1934 1369 2009 praesulem
1399 1952 1504 1992 suo
1532 1934 1656 1995 sine
1695 1934 2012 2010 quaestione
2043 1936 2367 1996 reservavit
2407 1936 2702 2010 arbitri0,'’

278 2012 396 2071 &c.
442 2012 599 2071 Huic
626 2031 783 2087 vern,
814 2013 888 2069 ab
916 2014 1074 2071 omni
1113 2022 1398 2089 potestate
1426 2014 1509 2071 sic
1536 2022 1826 2090 exempt0,
1861 2013 2070 2090 reliqui
2098 2034 2298 2073 omnes
2337 2015 2556 2093 absque
2583 2016 2704 2075 ulla

276 2092 625 2169 exceptione
670 2091 1069 2170 subjiciuntur,
1115 2092 1197 2151 ita
1248 2101 1317 2151 ut
1369 2093 1654 2170 subjectio
1697 2095 1808 2151 ista
1865 2094 2013 2153 inter
2053 2093 2373 2170 praecipuas
2422 2096 2699 2155 Ecclesiae

276 2180 451 2231 notas
478 2182 859 2247 recenseatur,
910 2172 1027 2230 imo
1083 2180 1369 2231 statuatur
1410 2192 1536 2233 esse
1585 2172 1658 2231 de
1706 2173 2048 2232 necessitate
2091 2172 2312 2233 salutis.
2401 2173 2498 2233 Sic
2545 2175 2702 2235 enim

274 2252 615 2328 Bonifacius
653 2252 841 2327 VIIL,
886 2252 947 2309 in
996 2252 1417 2329 Extravagant.
1474 2251 1547 2311 de
1590 2253 1799 2329 Major.
1855 2261 1914 2311 et
1957 2252 2138 2327 Obed,
2185 2253 2249 2311 C.
2301 2252 2486 2312 Unam
2537 2274 2699 2313 sanc·

278 2341 417 2403 tam,
462 2330 736 2391 audacter
782 2342 841 2391 et
868 2332 1041 2409 impie
1070 2330 1309 2390 definire
1336 2350 1513 2391 ausus
1539 2340 1629 2391 est
1654 2355 1667 2391 :
1733 2334 1768 2365 “
1791 2332 1969 2390 Porro
1998 2332 2236 2392 subesse
2261 2332 2523 2393 Romano
2547 2334 2698 2393 Pon·

274 2411 423 2471 tifici
451 2412 610 2471 omni
640 2412 905 2471 humanae
934 2418 1208 2471 creaturae
1238 2411 1613 2487 declaramus,
1645 2410 1890 2471 dicimus
1917 2420 1976 2471 et
2003 2412 2441 2489 pronuntiamus
2469 2432 2598 2473 esse
2626 2413 2698 2475 de

276 2492 627 2551 necessitate
656 2490 919 2551 salutis.''
1006 2491 1134 2549 Imo
1178 2490 1325 2551 tales
1354 2491 1559 2551 volunt
1594 2493 1724 2569 ejus
1762 2511 1888 2550 esse
1919 2494 2248 2567 sententiaa,
2280 2503 2346 2553 ut
2373 2502 2574 2553 contra
2599 2514 2699 2553 eas

276 2590 355 2631 ue
384 2571 607 2629 hiscere
624 2570 858 2648 quidem
880 2569 1147 2647 cuiquam
1173 2569 1363 2648 liceat,
1388 2572 1542 2648 apud
1565 2572 1852 2645 Gratiam,
1877 2572 2066 2631 Causa
2092 2577 2183 2648 17,
2208 2581 2412 2649 quaest.
2436 2577 2490 2647 4,
2526 2577 2562 2606 ‘⁴
2584 2574 2696 2632 Ne-

280 2650 425 2709 mini
464 2649 538 2709 de
572 2650 727 2709 sedis
756 2650 1087 2728 apostolicae
1123 2650 1347 2727 judicio
1368 2650 1634 2728 judicare
1663 2661 1764 2713 aut
1804 2652 1962 2710 illius
2005 2654 2346 2711 sententiam
2389 2662 2699 2713 retractare

276 2730 641 2807 permissum,
672 2730 945 2790 videlicet
970 2740 1204 2807 propter
1233 2731 1510 2791 Romanae
1550 2731 1828 2790 Ecclesiae
1854 2732 2182 2808 primatum.
2209 2732 2422 2790 Christi
2463 2752 2698 2793 munere

276 2810 339 2867 in
368 2810 539 2869 beato
564 2809 827 2886 apostolo
871 2811 1044 2869 Petro
1088 2810 1369 2870 divinitus
1412 2809 1741 2870 collatum.”
1849 2810 1926 2869 Et
1967 2820 2033 2870 ut
2061 2811 2326 2869 cumulus
2369 2811 2698 2885 perficiatur

275 2888 667 2966 impudentiae,
694 2889 969 2949 Pontifex
1000 2890 1277 2949 asseritur
1317 2890 1471 2969 apud
1501 2890 1898 2949 Grlossatorem
1937 2889 1999 2947 in
2047 2890 2204 2965 Cap.,
2253 2893 2288 2921 ‘⁴
2310 2896 2524 2963 quanto
2567 2908 2695 2963 per-

275 2988 477 3027 sonam
506 2969 717 3029 habere
744 2969 979 3029 coeleste
1016 2968 1333 3041 arbitrium,
1374 2976 1433 3026 et
1471 2968 1605 3027 ideo
1632 2976 1896 3027 naturam
1923 2987 2114 3025 rerum
2158 2975 2397 3040 mutare,
2427 2966 2693 3025 substan-

276 3048 439 3107 tialia
458 3068 611 3109 unus
626 3049 709 3107 rei
728 3048 1071 3127 applicando
1098 3048 1215 3123 alii,
1247 3056 1306 3107 et
1326 3048 1399 3107 de
1418 3048 1578 3105 nullo
1604 3066 1775 3123 posse
1793 3046 2015 3123 aliquid
2041 3046 2245 3121 facere,
2271 3054 2329 3103 et
2349 3046 2694 3109 sententiam

274 3147 409 3205 quse
434 3128 597 3187 nulla
623 3138 712 3187 est
751 3128 939 3187 facere
966 3128 1237 3205 aliquam,
1269 3127 1331 3184 in
1358 3126 1449 3185 his
1477 3146 1607 3203 quae
1635 3125 1764 3185 vult
1809 3126 1898 3185 illi
1939 3146 2064 3185 esse
2113 3146 2216 3204 pro
2238 3125 2458 3185 ratione
2487 3126 2691 3186 volun-

274 3215 473 3283 tatem,
504 3228 613 3267 uec
639 3228 766 3269 esse
793 3208 897 3285 qui
922 3208 977 3267 ei
1005 3206 1177 3284 dicat,
1209 3227 1311 3265 cur
1338 3206 1422 3265 ita
1463 3205 1650 3265 facis?
1689 3226 1858 3283 posse
1915 3206 2068 3265 enim
2110 3226 2284 3285 supra
2316 3208 2417 3283 jus
2460 3205 2689 3285 dispen-

275 3306 423 3362 sare,
444 3296 505 3347 et
531 3286 603 3347 de
624 3288 909 3365 injustitia
940 3287 1128 3347 facere
1152 3286 1457 3363 justitiam,
1488 3284 1832 3362 corrigendo
1852 3286 1988 3362 jura
2025 3295 2085 3345 et
2111 3286 2410 3364 mutando}
2457 3286 2690 3349 demum

271 3367 693 3445 plenitudinem
723 3368 981 3426 obtinere
1018 3366 1379 3443 potestatis.’'
1424 3366 1519 3425 Ita
1536 3366 2001 3443 jurisdictionem
2029 3367 2178 3425 hanc
2205 3375 2322 3426 tam
2349 3366 2466 3429 late
2493 3377 2691 3445 patere

272 3446 649 3522 contendunt,
681 3456 747 3508 ut
772 3446 919 3506 nihil
960 3446 1037 3507 sit
1064 3445 1125 3504 in
1166 3454 1291 3504 toto
1328 3445 1545 3504 mundo
1574 3444 1650 3503 ad
1697 3444 2035 3521 religionem
2075 3446 2385 3523 pertinens,
2416 3446 2574 3524 quod
2613 3468 2690 3509 ex

273 3526 402 3603 ejus
428 3535 574 3587 nutu
594 3547 662 3585 ac
680 3527 919 3605 imperio
948 3546 1063 3585 non
1091 3525 1358 3603 pendeat.

356 3605 468 3664 VI.
514 3607 637 3666 Nec
684 3605 911 3665 abludit
956 3605 1279 3665 communis
1320 3604 1620 3663 doctorum
1667 3602 1968 3678 sententia,
2013 3604 2114 3680 qui
2160 3622 2482 3681 supremam
2525 3603 2688 3665 illam

275 3685 575 3746 Pontificis
612 3686 1031 3760 auctoritatem,
1063 3694 1339 3761 tanquam
1376 3683 1728 3762 praecipuum
1771 3681 2050 3742 Ecclesiae
2087 3682 2542 3753 fundamentum,
2584 3684 2686 3741 ob-

274 3764 511 3825 tendere
538 3766 743 3825 solent.
789 3765 1084 3825 Audiatur
1104 3765 1204 3823 vel
1227 3784 1379 3823 unus
1400 3766 1642 3839 Bellar„
1672 3763 1774 3823 lib.
1805 3766 1862 3823 3.
1891 3762 1966 3822 de
1994 3762 2154 3821 Eecl.
2199 3762 2385 3836 milit„
2417 3780 2542 3837 cap.
2591 3764 2682 3837 12,

277 3846 313 3877 ‘⁴
332 3844 620 3904 Tenemur
646 3864 846 3905 omnes
887 3844 996 3903 sub
1037 3844 1292 3922 periculo
1322 3852 1549 3906 aeternae
1578 3842 1782 3902 mortis
1819 3862 1971 3901 verae
2001 3841 2279 3901 Ecclesiae
2318 3859 2427 3899 nos
2481 3838 2683 3916 adjun-

274 3943 411 4001 gere
440 3934 499 3983 et
524 3924 585 3981 in
612 3925 713 3983 illa
740 3943 1125 4003 perseverare,
1157 3924 1217 3981 id
1246 3931 1351 3999 est,
1382 3923 1559 4000 capiti
1584 3924 1712 4000 ejus
1753 3922 2004 3997 obedire,
2049 3929 2109 3980 et
2143 3920 2368 3979 caeteris
2410 3918 2684 3979 membris

272 4003 754 4063 communicare.’'
802 4004 881 4063 Et
897 4023 1023 4079 cap.
1042 4006 1096 4079 5,
1132 4006 1167 4039 ‘⁶
1191 4002 1379 4061 Nemo
1400 4011 1609 4079 potest,
1641 4002 1868 4061 etiamsi
1889 4000 2048 4076 velit,
2080 4000 2316 4059 subesse
2347 3998 2594 4072 Christo,
2626 4007 2684 4059 et

271 4082 697 4143 communicare
724 4104 855 4142 cum
886 4082 1151 4143 Ecclesia
1197 4082 1436 4158 coelesti,
1480 4083 1583 4160 qui
1608 4101 1725 4140 non
1753 4081 1953 4141 subest
1981 4079 2265 4153 Pontifici,
2297 4086 2356 4139 et
2391 4097 2508 4136 non
2529 4096 2683 4135 com-

272 4161 529 4223 municat
556 4182 691 4221 cum
718 4162 984 4222 Ecclesia
1009 4162 1347 4237 militante,''
1381 4158 1489 4222 ἅτε.
1521 4162 1649 4221 Imo
1672 4180 1740 4219 eo
1775 4179 1958 4237 usque
2005 4158 2372 4237 progreditur
2417 4156 2682 4234 impietas

273 4240 615 4317 Cardinalis,
640 4251 706 4301 ut
746 4250 981 4317 asserat,
1011 4241 1113 4300 lib.
1158 4246 1215 4316 4,
1266 4241 1340 4301 de
1390 4240 1622 4315 Pontis„
1668 4259 1793 4316 cap.
1824 4242 1879 4312 5,
1928 4241 1962 4273 “
1986 4236 2138 4311 Quid
2181 4238 2230 4297 si
2260 4238 2420 4313 Papa
2467 4246 2682 4297 erraret

268 4320 655 4399 praecipiendo
682 4321 843 4395 vitia,
875 4322 975 4380 vel
999 4320 1355 4399 prohibendo
1383 4321 1646 4395 virtutes,
1675 4326 1966 4377 teneretur
1995 4315 2260 4375 Ecclesia
2279 4315 2511 4377 credere
2538 4317 2682 4376 vitia

268 4420 397 4460 esse
418 4401 573 4459 bona
599 4409 659 4459 et
678 4400 925 4461 virtutes
951 4400 1151 4473 malas,
1182 4400 1295 4457 nisi
1322 4399 1500 4459 vellet
1527 4406 1728 4457 contra
1763 4396 2170 4455 conscientiam
2197 4397 2493 4474 peccare,'’
2524 4396 2682 4473 quod

268 4479 393 4539 sine
420 4480 655 4539 horrore
682 4500 853 4539 nemo
873 4480 1005 4558 pius
1030 4478 1225 4556 legere
1244 4485 1453 4555 potest.
1541 4477 1639 4537 Sic
1666 4475 1709 4534 J
1711 4496 1840 4535 oan.
1884 4475 1957 4535 de
2002 4476 2340 4554 Capistrauo
2382 4476 2454 4537 de
2505 4476 2678 4555 Papae

271 4558 498 4619 ecclesi.
550 4560 907 4635 auctoritate,
942 4563 978 4593 ‘⁶
1002 4559 1163 4636 Papa
1191 4558 1361 4617 Rom.
1405 4556 1529 4615 sine
1574 4555 1998 4633 comparatione
2041 4556 2224 4634 major
2265 4568 2354 4618 est
2389 4558 2674 4629 omuibus,

272 4658 379 4699 nec
424 4638 777 4715 superiorem
804 4638 981 4699 habet
1008 4638 1069 4697 in
1098 4636 1285 4713 terris,
1316 4634 1419 4696 sed
1450 4634 1574 4712 ipse
1601 4643 1692 4695 est
1721 4655 1892 4713 super
1920 4652 2135 4713 omnes,
2173 4646 2446 4715 tanquam
2476 4634 2576 4713 qui
2605 4636 2677 4695 de
