3234 5192
504 266 624 323 292
1196 282 1276 323 nn
1303 281 1518 325 ‘rursus
1546 282 1826 325 ras-rmus
1854 282 2245 327 coenssrxsus.
2568 263 2829 348 [msrur.
2859 286 2922 327 v.

507 422 899 502 Adversariis,
929 426 1097 504 plura
1121 443 1240 483 non
1267 424 1552 499 addimus,
1583 432 1649 483 ut
1676 423 1747 481 de
1777 424 2031 483 secunda
2060 425 2331 499 Persona,
2362 444 2492 503 quse
2518 426 2615 485 hic
2642 446 2747 505 per
2764 428 2927 499 Ao'yov

507 502 869 582 describitur,
901 515 959 566 et
987 506 1060 565 de
1087 524 1203 583 qua
1231 503 1677 563 controvertitur
1702 504 1854 561 inter
1878 524 1986 564 nos
2014 513 2073 564 et
2099 504 2274 582 ipsos,
2306 505 2581 564 dicamne.

1115 584 1296 643 VIII.
1310 584 1448 642 Vox
1459 582 1623 655 Λὲγος
1636 583 1912 659 peculiari
1928 584 2149 644 ratione
2161 586 2437 645 aJoanne
2458 585 2689 645 videtur
2710 586 2927 645 selecta

1035 663 1112 723 ad
1141 663 1562 740 designandum
1614 662 1831 721 Filium
1862 664 2011 739 Dei;
2064 664 2219 723 unde
2258 666 2468 743 saepius
2508 684 2635 725 eam
2663 675 2920 743 usurpat,

1036 744 1398 820 potissimum
1425 741 1641 818 inipso
1672 742 1982 820 Evangelii
2010 744 2191 819 initio,
2224 766 2273 804 c.
2303 746 2341 803 i.
2378 748 2427 821 1,
2460 749 2515 820 2,
2568 746 2607 803 ir
2634 748 2773 827 ὶςχῇ
2812 750 2861 809 ἦν
2900 750 2927 804 ὅ

511 825 691 900 Adam,
733 828 808 883 In
840 823 1128 899 principio
1171 830 1300 879 erat
1324 822 1540 896 Serme,
1573 819 1683 880 Suc.
1715 822 1794 880 Et
1821 843 1942 882 ver.
1976 826 2069 881 14.
2101 824 2180 882 Et
2210 823 2409 884 Sermo
2436 845 2575 884 caro
2600 830 2799 899 sactus
2828 834 2924 885 est.

517 906 614 965 Sic
659 924 709 963 c.
771 907 822 979 1,
853 922 973 960 ver.
1017 905 1070 977 l,
1119 901 1304 977 Epist.
1361 901 1398 973 i,
1461 903 1496 935 “
1529 900 1699 975 Quod
1746 912 1869 962 erat
1916 924 1951 961 a
2013 903 2311 980 principio,
2359 905 2518 980 quod
2576 905 2923 981 audivimus,

509 982 669 1061 quod
695 983 948 1041 vidimus
976 985 1086 1061 mg}
1112 988 1201 1039 τοῦ
1226 980 1395 1051 Λέγοῢ
1421 985 1504 1046 τῆς
1531 980 1658 1057 ζηῧς
1687 981 1761 1041 de
1789 983 1986 1042 Verbo
2032 983 2229 1042 vitae.''
2314 984 2395 1044 Et
2443 985 2630 1062 Apoc.
2661 985 2786 1043 xix.
2831 986 2924 1061 13,

512 1064 654 1123 dicit
679 1082 890 1121 nomen
919 1062 1058 1121 Filii
1083 1062 1212 1137 Dei,
1235 1062 1330 1138 qui
1355 1060 1468 1137 ipsi
1489 1071 1847 1139 apparuerat,
1880 1082 2006 1122 esse
2034 1064 2239 1136 &Ao'am
2285 1072 2375 1123 τοῦ
2402 1073 2546 1139 Θεοῦ,
2570 1066 2770 1124 Sermo
2792 1067 2926 1125 Dei.

513 1143 636 1202 Nec
678 1142 832 1220 apud
872 1142 916 1201 J
920 1161 1164 1201 oannem
1207 1141 1394 1200 solum
1439 1160 1562 1199 vox
1601 1141 1716 1201 ista
1744 1144 2006 1219 occurrit,
2039 1144 2142 1203 sed
2180 1152 2238 1204 et
2278 1144 2434 1223 apud
2474 1145 2620 1204 alios
2660 1147 2931 1222 quamvis

511 1223 716 1299 rarius,
747 1242 816 1281 eo
843 1223 997 1281 enim
1027 1221 1259 1281 omnino
1299 1220 1534 1299 respicit
1557 1220 1764 1297 Lucas,
1788 1242 1913 1300 cap.
1943 1224 1981 1281 i.
2014 1227 2069 1298 2,
2103 1224 2647 1301 “quemadmodum
2674 1226 2927 1285 tradide-

512 1311 650 1363 runt
691 1304 875 1378 nobis,
907 1303 1008 1380 qui
1048 1323 1083 1361 a
1121 1300 1404 1379 principio
1433 1307 1785 1378 spectatores
1838 1310 1898 1361 et
1936 1303 2187 1363 ministri
2218 1304 2357 1364 facti
2399 1315 2534 1364 sunt
2573 1312 2660 1364 τοῦ
2706 1305 2929 1377 Λέγοῦ.”

516 1384 736 1443 Paulus
763 1404 880 1441 non
929 1384 1170 1441 obscure
1219 1401 1288 1440 eo
1337 1378 1592 1439 alludere
1640 1380 1873 1440 videtur
1914 1381 2049 1442 Act.
2094 1404 2197 1443 xx.
2228 1388 2325 1457 32,
2354 1404 2535 1462 quum
2564 1386 2928 1444 commendat

515 1462 789 1523 Pastores
811 1463 1137 1539 Ephesinos
1157 1464 1285 1519 Deo
1307 1467 1365 1519 et
1384 1460 1647 1519 Sermoni
1658 1471 1865 1537 qrattoe
1886 1463 2074 1539 ipsius,
2099 1463 2257 1540 quod
2284 1464 2356 1522 de
2386 1464 2711 1541 Evangelio
2738 1464 2930 1522 minus

515 1542 815 1602 commode
845 1542 1166 1616 diceretur3
1211 1549 1272 1599 at
1311 1540 1384 1597 de
1428 1539 1542 1597 Dei
1571 1540 1723 1599 Filio
1753 1543 2252 1617 commodissime3
2298 1544 2378 1601 Et
2406 1543 2560 1601 Heb.
2590 1543 2670 1601 iv.
2707 1546 2797 1616 12,
2826 1542 2929 1602 ubi

515 1624 554 1658 “
574 1623 776 1681 vivum
805 1640 931 1680 esse
965 1622 1298 1679 Sermonem
1327 1619 1440 1677 Dei
1483 1618 1672 1696 docet,
1700 1627 1761 1679 et
1805 1622 2289 1698 penetrantiorem
2315 1622 2523 1699 quovis
2550 1620 2747 1699 gladio
2774 1622 2929 1681 anci·

511 1702 679 1781 piti,’'
711 1700 841 1769 &c.,
871 1701 1140 1779 quamvis
1167 1698 1320 1757 enim
1346 1698 1458 1757 hoc
1478 1699 1661 1776 vulgo
1688 1718 1795 1759 nec
1822 1701 1972 1759 male
2000 1701 2073 1759 de
2102 1701 2301 1760 Verbo
2331 1700 2443 1759 Dei
2471 1701 2732 1761 Externo
2760 1701 2931 1761 intel-

511 1781 622 1859 ligi
652 1782 870 1858 possit3
913 1789 1108 1839 tamen
1149 1798 1280 1855 quse
1321 1777 1612 1837 adduntur
1652 1798 1773 1839 ver.
1821 1782 1913 1855 13,
1948 1781 2222 1839 “nullam
2262 1780 2591 1840 Creaturam
2624 1801 2767 1857 esse,
2800 1802 2930 1859 quae

515 1861 826 1939 conspicua
853 1879 968 1918 non
998 1859 1074 1917 sit
1101 1878 1292 1917 coram
1321 1858 1448 1931 e0,''
1481 1859 1795 1919 ostendunt
1816 1859 1875 1919 in
1894 1860 2124 1920 Christo
2147 1861 2379 1920 demum
2404 1861 2655 1938 perfecte
2684 1861 2928 1939 impleri,

513 1940 590 2001 ad
619 1942 784 2019 cujus
813 1938 1254 2016 descriptionem
1300 1946 1504 2013 postea
1549 1958 1671 1997 ver.
1722 1959 1842 2017 seq.
1886 1940 2201 1999 descendit.
2286 1941 2410 2000 Nec
2441 1942 2501 1999 in
2531 1941 2701 2000 Novo
2728 1940 2930 2001 Testa·

513 2031 710 2080 mento
739 2020 971 2079 demum
997 2020 1122 2077 haec
1150 2015 1460 2095 appellatio
1487 2018 1679 2077 locum
1707 2020 1948 2097 habuit3
1994 2020 2097 2079 sed
2119 2021 2241 2098 jam
2266 2022 2373 2079 sub
2391 2021 2469 2079 V.
2499 2020 2568 2080 T.
2598 2020 2865 2096 obtinuit,
2896 2042 2931 2081 a

515 2122 632 2180 quo
663 2100 935 2178 Apostoli
961 2106 1271 2177 potuerunt
1317 2096 1478 2154 illam
1504 2098 1753 2175 haurire,
1783 2100 1936 2174 hinc,
1970 2100 2124 2159 Psal.
2154 2100 2365 2159 xxxiii.
2398 2103 2453 2177 6,
2493 2102 2672 2159 Verbo
2698 2102 2933 2161 Jehovoe

519 2182 665 2242 Goeli
687 2178 1135 2254 dicunturfacti,
1167 2196 1284 2235 non
1325 2183 1550 2235 tantum
1599 2186 1843 2237 externo
1886 2187 1946 2239 et
1974 2185 2267 2261 ποοφοςαᾷ
2292 2180 2567 2255 mandati,
2600 2181 2703 2239 sed
2731 2182 2930 2240 Verbo

514 2260 810 2320 essentiali
839 2266 898 2319 et
923 2258 1227 2337 personali,
1259 2275 1376 2332 quo
1405 2258 1596 2315 omnia
1640 2259 1874 2318 condita
1914 2279 2040 2318 esse
2068 2261 2111 2320 J
2116 2280 2331 2319 oannes
2358 2268 2640 2336 testatum
2684 2268 2743 2319 et
2772 2260 2929 2338 Hag.

513 2340 575 2399 ii.
607 2342 662 2415 5,
709 2339 900 2417 “Ego
943 2358 1071 2397 sum
1111 2336 1430 2409 vobiscum,
1462 2337 1651 2414 inquit
1704 2339 1748 2398 J
1752 2339 1953 2413 ehova,
1985 2340 2263 2414 Verbum,
2295 2340 2451 2415 quod
2490 2340 2689 2417 pepigi
2735 2340 2929 2399 vobis·

515 2439 665 2493 cum,
697 2426 756 2478 et
787 2418 1034 2497 Spiritus
1062 2435 1226 2476 meus
1254 2424 1369 2474 stat
1395 2416 1458 2474 in
1485 2417 1676 2475 medio
1697 2419 1893 2493 vestri,
1913 2438 1987 2477 ne
2013 2418 2265 2478 timeatis
2284 2420 2340 2494 ;’'
2382 2419 2485 2477 ubi
2513 2428 2631 2477 tres
2660 2419 2931 2478 Personae

513 2506 826 2575 notantur;
873 2498 1085 2573 Prima,
1117 2517 1246 2575 quse
1274 2497 1506 2555 nomine
1533 2498 1577 2557 J
1580 2498 1782 2555 ehovae
1800 2497 2154 2575 designatur,
2184 2498 2465 2572 Secunda,
2497 2516 2626 2575 quae
2654 2516 2757 2575 per
2783 2499 2933 2557 Ver-

513 2578 673 2655 bum,
702 2598 806 2656 per
833 2578 990 2655 quod
1032 2578 1194 2636 Deus
1234 2573 1424 2634 foedus
1465 2596 1596 2635 cum
1638 2578 1854 2655 populo
1881 2577 2120 2655 pepigit,
2152 2586 2211 2637 et
2238 2578 2377 2636 alibi
2405 2578 2673 2654 Angelus
2700 2578 2933 2637 foederis

514 2667 775 2735 vocatur,
808 2658 887 2717 Et
913 2658 1111 2717 Tertia
1150 2676 1256 2734 per
1299 2654 1594 2732 Spiritum,
1626 2658 1729 2735 qui
1769 2658 1830 2715 in
1858 2658 1999 2735 ipsis
2026 2658 2342 2717 habitabat.
2426 2658 2625 2735 Atque
2652 2658 2787 2716 hinc
2816 2658 2935 2717 fac-

515 2747 657 2814 tum,
691 2747 758 2798 ut
786 2738 1093 2797 Chaldaeus
1122 2734 1534 2814 Paraphrastes
1574 2738 1775 2796 multis
1814 2738 1875 2796 in
1902 2738 2063 2813 lociS,
2095 2758 2223 2815 quae
2252 2738 2325 2796 de
2355 2738 2573 2796 Messia
2599 2738 2929 2815 loquuntur,

513 2836 620 2898 pro
648 2819 691 2878 J
693 2819 896 2878 ehovae
925 2817 1156 2877 nomine
1183 2837 1308 2876 unua
1338 2816 1416 2875 id.
1448 2816 1590 2889 λᾶγον
1607 2818 1986 2894 substituerit,
2010 2827 2075 2889 ut
2097 2819 2369 2877 observat
2390 2817 2715 2891 Galatinus,
2738 2818 2821 2877 lib
2850 2818 2931 2877 iii.

514 2918 566 2959 c.
596 2902 653 2975 4,
684 2907 744 2958 et
771 2902 827 2958 5.
913 2898 998 2958 Ut
1018 2897 1192 2957 valde
1218 2897 1534 2961 verisimile
1562 2898 1640 2958 sit
1667 2898 1710 2957 J
1713 2918 1957 2957 oannem
1985 2918 2055 2957 eo
2088 2898 2430 2975 respexisse,
2462 2896 2522 2957 et
2547 2898 2802 2957 voluisse
2833 2898 2931 2956 Fi-

513 2979 660 3038 lium
690 2979 802 3038 Dei
847 2978 1152 3055 designare
1200 2981 1274 3039 ab
1322 2981 1450 3058 ipso
1497 2978 1663 3038 initio
1714 2977 2021 3055 Evangelii
2064 2979 2295 3037 nomine
2336 2976 2519 3053 Λόιγοο,
2549 2976 2934 3055 respondente

512 3059 744 3117 usitatae
771 3058 859 3116 illi
885 3059 1018 3117 voci
1047 3058 1376 3120 Chaldaicae
1404 3079 1549 3133 unm,
1575 3078 1691 3134 qua
1714 3058 1875 3118 Deus
1903 3058 2331 3135 designabatur,
2349 3067 2416 3118 ut
2436 3060 2559 3136 jam
2584 3078 2651 3117 eo
2680 3058 2805 3135 ipso
2834 3058 2932 3117 de-

514 3144 862 3273 rlnonstrssret
910 3146 1110 3195 contra
1157 3140 1442 3198 Ebionem
1491 3146 1550 3197 et
1595 3138 1933 3197 cerinthum
1975 3157 2179 3197 verum
2222 3158 2349 3199 esse
2394 3146 2453 3197 et
2497 3148 2773 3198 aeternum
2802 3156 2933 3197 cum

568 3222 691 3273 atre
781 3234 930 3272 eum.

600 3292 721 3351 IX.
771 3293 834 3351 Si
853 3293 980 3370 jam
1007 3292 1080 3353 de
1107 3294 1330 3354 ratione
1355 3293 1610 3354 nominis
1656 3294 1827 3353 istius
1872 3304 2181 3372 quaeratur,
2210 3298 2387 3356 variae
2435 3305 2571 3357 sunt
2616 3296 2933 3355 Doctorum

519 3371 838 3447 sententiae,
906 3391 1051 3448 quas
1114 3374 1386 3452 persequi
1451 3374 1637 3433 nostri
1696 3392 1814 3432 non
1876 3384 1965 3435 est
2026 3376 2310 3452 instituti3
2391 3374 2934 3436 convenientissima

517 3450 786 3511 videatur
813 3470 898 3527 ea,
929 3470 1060 3529 quse
1086 3454 1304 3531 petitur
1351 3474 1426 3513 ex
1469 3472 1580 3513 usu
1607 3454 1771 3512 vocis
1798 3454 1986 3532 λόγους
2031 3455 2181 3527 λέγεις
2202 3458 2355 3515 enim
2381 3456 2609 3535 proprie
2634 3476 2818 3515 serino
2846 3461 2936 3514 est

517 3552 623 3592 seu
645 3532 845 3607 oratio,
876 3552 1007 3610 quae
1035 3553 1132 3592 ore
1172 3534 1475 3612 profertur,
1507 3541 1566 3593 et
1591 3534 1790 3592 vocari
1819 3535 1967 3593 solet
1994 3554 2181 3594 sermo
2210 3542 2515 3618 πςοφοςαὶς,
2546 3544 2607 3596 et
2630 3556 2735 3614 per
2754 3544 2932 3595 meta-

517 3612 760 3693 phoram
789 3611 866 3672 ad
911 3612 1166 3672 animum
1213 3612 1473 3681 refertur,
1525 3621 1584 3672 et
1631 3612 1803 3671 modo
1851 3616 2235 3689 coyitationem
2282 3626 2461 3693 notat,
2492 3636 2623 3694 quae
2648 3626 2739 3695 est
2759 3615 2939 3675 tacita

519 3693 689 3772 quasi
716 3693 927 3753 mentis
975 3695 1174 3770 oratio,
1199 3703 1258 3754 et
1301 3692 1513 3753 dicitur
1539 3692 1690 3764 λόγος
1731 3690 2016 3770 medem-53
2060 3696 2232 3753 modo
2280 3696 2464 3773 ipsam
2508 3698 2784 3755 rationem
2832 3712 2936 3755 seu

519 3772 819 3851 cogitandi
845 3772 1195 3845 facultatem,
1239 3794 1356 3852 quo
1405 3793 1579 3833 sensu
1629 3773 1977 3833 Aristoteles
2024 3774 2331 3852 distinguit
2377 3776 2528 3834 inter
2551 3781 2632 3834 τὶν
2658 3780 2746 3847 ’st-
2774 3783 2835 3835 et
2858 3780 2939 3833 τὶν

515 3868 612 3919 ten
632 3853 797 3925 λόγον.
883 3854 968 3914 Ut
994 3873 1132 3912 vero
1160 3854 1222 3911 in
1272 3854 1398 3912 Deo
1426 3854 1688 3912 Verbum
1738 3854 1954 3931 duplex
1997 3873 2304 3932 possumus
2348 3855 2720 3933 distinguere,
2752 3854 2939 3914 Aliud

523 3932 738 4010 abaciam,
771 3954 873 3993 seu
902 3935 1203 4008 essentiale,
1246 3934 1408 3993 aliud
1446 3930 1726 4007 ἔπουσιὸδη,
1759 3953 1861 3993 seu
1889 3936 2248 4010 accidentale,
2294 3936 2451 4013 quod
2494 3935 2816 4013 concipitur
2861 3934 2939 3993 ad

521 4015 758 4075 modum
787 4012 1083 4090 qualitatis
1111 4014 1172 4072 in
1201 4014 1328 4073 Deo
1353 4036 1368 4074 ε
1427 4014 1518 4073 De
1545 4022 1791 4090 utroque
1820 4014 2164 4091 significatio
2194 4016 2425 4092 gemina
2450 4023 2539 4075 τοῦ
2564 4018 2721 4089 λόγου
2746 4022 2938 4093 potest

523 4094 822 4155 commode
851 4093 1131 4171 usurpari.
1193 4094 1344 4153 Nam
1372 4094 1423 4152 si
1451 4092 1523 4153 de
1550 4094 1731 4153 verbo
1760 4094 2101 4153 accidentali
2127 4094 2431 4172 loquimur,
2464 4097 2625 4155 aliud
2652 4106 2741 4155 est
2768 4096 2937 4153 inter·

521 4196 656 4235 num
689 4176 899 4249 mentis,
930 4173 1086 4253 quod
1113 4174 1259 4233 nihil
1307 4172 1468 4233 aliud
1513 4181 1602 4233 est
1650 4194 1823 4251 quam
1850 4174 2033 4251 ipsius
2060 4176 2386 4235 Decretum⁸
2431 4176 2590 4253 quod
2636 4194 2788 4251 saepe
2837 4192 2941 4251 per

525 4256 674 4326 alsy-v
701 4255 1074 4331 exprimitur3
1118 4253 1278 4315 aliud
1305 4264 1600 4314 externum
1628 4254 1761 4331 oris,
1793 4254 1950 4331 quod
1998 4263 2087 4314 est
2114 4255 2296 4332 ipsius
2335 4256 2552 4315 decreti
2596 4274 2699 4313 seu
2726 4246 2937 4312 volun-

525 4336 664 4393 tatis
694 4334 925 4393 Divinae
953 4335 1267 4395 declaratio
1295 4336 1356 4393 in
1384 4334 1584 4395 Verbo
1611 4334 1923 4413 proposita.
2014 4334 2109 4395 Sic
2148 4336 2386 4394 Verbum
2414 4336 2715 4411 essentiale,
2750 4334 2937 4393 Filius

527 4412 658 4487 Dei,
689 4412 906 4489 duplici
927 4414 999 4473 de
1027 4434 1202 4475 causa
1227 4425 1419 4494 potest
1445 4415 1562 4475 dici
1587 4414 1765 4491 Λέγος,
1800 4418 1853 4476 1.
1882 4416 2102 4475 ratione
2130 4412 2403 4475 Personae
2449 4424 2507 4475 et
2535 4413 2691 4472 modi
2720 4414 2936 4474 subsis-

525 4490 704 4565 tendi,
735 4492 872 4569 quia
898 4502 987 4553 est
1019 4494 1314 4573 Sapientia
1351 4496 1542 4555 Patris
1587 4505 1835 4573 aeterna3
1866 4500 1923 4555 2.‘
1966 4496 2187 4557 ratione
2241 4496 2436 4572 Officii,
2466 4494 2605 4573 quia
2632 4504 2721 4555 est
2750 4494 2937 4554 Inter-

524 4570 771 4633 nuncius
801 4572 991 4633 Patris
1017 4573 1374 4635 voluntatem
1423 4576 1552 4654 ejus
1581 4576 1767 4659 ‘nobis
1812 4574 2130 4654 declarans,
2160 4576 2318 4656 quod
2342 4584 2651 4656 utrumque
2678 4576 2721 4637 J
2724 4592 2939 4637 oannes

511 644 678 697 Quare
705 646 862 692 Filius
878 648 993 691 dici-

595 712 680 753 tur
705 706 864 766 Λὸγος.
