3234 5192
532 294 651 363 736
1124 307 1203 351 m:
1232 307 1579 351 concensu
1606 306 1791 353 uun
1831 306 1907 349 ιτ
1935 304 2168 363 neom,
2199 305 2332 349 nro.
2493 286 2761 370 [msrur.
2791 308 2952 351 xxv.

536 460 645 511 aut
672 450 1053 512 distinctione
1090 468 1359 527 operum,
1398 451 1702 527 liquidum
1727 456 1818 509 est
1843 468 1983 507 eum
2009 448 2215 507 omnia
2241 446 2486 507 omnino
2514 466 2700 524 opera
2725 450 2802 509 ab
2829 450 2962 513 hoo

537 531 781 605 negotio
809 532 1053 589 exclusa
1078 529 1356 588 voluisse.
1388 529 1485 589 Ex
1512 530 1748 605 quibus,
1777 548 1854 587 ne
1881 528 2084 603 plures
2103 527 2362 585 rationes
2388 545 2782 603 congeramus
2809 549 2958 605 quae

536 612 616 669 ad
660 610 1045 667 evertendam
1091 610 1247 667 hanc
1290 607 1798 667 Adversariorum
1840 606 2222 681 hypothesim
2263 605 2462 663 afferri
2499 614 2756 680 possent,
2797 608 2956 667 satis

536 695 773 745 constat
796 705 922 745 non
948 704 1121 763 posse
1146 688 1259 744 hac
1286 687 1387 744 via
1411 686 1545 745 tolli
1572 684 2034 761 repugnantiam
2061 682 2219 741 inter
2247 684 2596 759 Apostolos,
2625 703 2764 743 cum
2786 685 2959 743 Pau-

535 767 633 825 lus
671 773 927 841 utraque
962 783 1145 839 opera
1170 772 1231 822 et
1258 771 1489 823 naturae
1516 771 1579 822 et
1602 764 1814 839 gratiae
1845 762 2189 836 complexus
2233 760 2432 820 fuerit.
2477 762 2729 821 Accedit
2767 765 2959 823 etiam

534 846 705 920 quod
732 861 928 919 neque
956 843 1217 901 admissa
1242 843 1356 901 hac
1380 843 1582 917 glossa
1598 841 1644 900 J
1645 843 1868 899 acobus
1887 858 2028 898 cum
2047 839 2240 914 seipso
2261 840 2600 898 consentire
2619 841 2953 914 videretur,

537 925 687 981 dum
714 921 801 980 ait
827 921 1199 996 Scripturam
1226 938 1363 995 quae
1390 921 1672 979 describit
1687 920 1729 978 J
1735 917 2194 979 ustificationem
2219 918 2361 975 fidei
2377 918 2714 977 Abrahami
2740 919 2960 996 imple-

537 1008 665 1060 tam
688 1000 874 1059 fuisse
901 1018 1039 1059 cum
1067 1000 1290 1057 obtulit
1316 1000 1510 1057 filium
1536 1017 1754 1068 suum;
1793 1016 1936 1057 nam
1963 997 2200 1055 duobus
2225 997 2422 1055 modis
2451 1003 2688 1055 tantum
2715 999 2830 1055 hoc
2855 998 2958 1055 in-

535 1079 731 1153 telligi
756 1085 969 1154 potest,
986 1078 1086 1135 vel
1106 1084 1177 1134 ut
1196 1094 1402 1135 sensus
1422 1078 1499 1135 sit
1519 1077 1940 1136 Abrahamum
1961 1074 2281 1134 credidisse
2309 1082 2370 1134 et
2394 1075 2526 1150 ejus
2551 1077 2731 1133 fidem
2751 1077 2954 1152 impu-

535 1165 729 1217 tatam
753 1156 939 1215 fuisse
966 1157 1031 1213 in
1056 1161 1289 1231 partem
1315 1155 1360 1214 J
1364 1155 1603 1226 ustitiae,
1633 1157 1734 1212 vel
1757 1156 1820 1211 in
1847 1154 2102 1212 solidam
2142 1159 2204 1211 et
2241 1154 2485 1229 plenam
2520 1154 2852 1230 justitiam:
2895 1156 2955 1215 si

536 1235 856 1312 posteriori
882 1254 1061 1295 sensu
1084 1234 1480 1310 intelligatur,
1510 1233 1670 1293 cadit
1691 1231 2196 1292 Adversas-iorum
2219 1232 2531 1303 sententia,
2553 1251 2698 1291 nam
2724 1233 2778 1290 si
2796 1234 2950 1293 fides

536 1334 646 1391 pro
688 1314 885 1373 solida
916 1313 1159 1389 justitia
1198 1320 1474 1389 reputata
1499 1318 1606 1383 est,
1651 1312 1806 1371 nihil
1833 1329 1984 1386 opus
2008 1309 2127 1367 fuit
2154 1310 2468 1385 operibus3
2511 1311 2561 1367 si
2589 1310 2790 1387 priori,
2817 1330 2946 1371 non

536 1393 737 1451 minus
780 1393 1043 1451 absurda
1084 1392 1200 1449 erit
1240 1390 1638 1462 ratiocinatio,
1683 1391 1992 1466 Scriptura
2031 1394 2284 1446 testatur
2313 1389 2732 1447 Abrahamum
2758 1390 2948 1449 fuisse

536 1472 959 1545 quadantenus
983 1469 1028 1528 J
1032 1470 1399 1528 ustificatum
1442 1488 1581 1528 cum
1625 1468 1895 1539 credidit,
1941 1466 2011 1525 E.
2041 1468 2158 1525 hoc
2183 1466 2591 1525 testimonium
2621 1466 2944 1544 Scripturas

538 1548 855 1623 impletum
883 1556 973 1606 est
998 1567 1136 1605 cum
1164 1548 1405 1606 offerret
1437 1548 1650 1618 filium,
1692 1548 1867 1604 nulla
1901 1564 2042 1602 vero
2083 1545 2182 1603 hic
2227 1552 2319 1603 est
2356 1546 2613 1603 cohaesio
2639 1552 2700 1604 et
2725 1548 2950 1621 depen-

536 1626 759 1697 dentia,
802 1644 879 1683 ne
924 1627 1059 1701 jam
1105 1626 1375 1685 dicamus
1400 1644 1714 1701 perperam
1739 1623 1784 1683 J
1786 1623 2052 1682 ustitiam
2091 1623 2351 1681 hominis
2389 1623 2452 1680 in
2493 1630 2690 1698 partes
2731 1625 2943 1699 dividi,

534 1704 710 1779 quasi
751 1712 950 1777 posset
986 1704 1105 1761 dici
1144 1704 1426 1779 imputari
1467 1705 1548 1762 ad
1587 1704 1632 1762 J
1635 1704 1904 1761 ustitiam
1950 1701 2114 1777 quod
2156 1702 2361 1759 locum
2395 1701 2439 1759 J
2443 1701 2664 1761 ustitiae
2704 1710 2946 1761 tantum

534 1781 807 1857 partialis
832 1786 893 1838 et
918 1781 1278 1855 imperfectae
1308 1781 1551 1839 obtinet.

616 1858 735 1917 XI.
796 1857 1001 1917 Missis
1046 1876 1191 1933 ergo
1242 1858 1565 1917 Pontificiis
1612 1858 1718 1935 qui
1767 1876 1923 1917 eoeco
1971 1875 2244 1915 errorum
2293 1876 2542 1916 suorum
2587 1859 2938 1935 praejudicio

532 1936 808 1995 fascinati
834 1955 1043 1995 verum
1072 1956 1182 1995 nec
1208 1938 1415 1996 vident
1440 1956 1552 1996 nec
1570 1938 1772 1995 videre
1798 1938 2034 2007 volunt,
2064 1943 2125 1994 et
2150 1936 2302 1993 nihil
2329 1936 2498 1994 aliud
2525 1955 2701 2013 agere
2727 1938 2940 1997 viden-

533 2023 654 2087 tur,
673 2034 857 2091 quam
876 2022 949 2073 ut
968 2016 1424 2093 quibuscunque
1443 2023 1697 2093 possunt
1715 2015 1908 2073 modis
1935 2020 2000 2097 τξῐ
2027 2014 2273 2076 &aaut
2297 2012 2582 2088 bosanham
2613 2016 2750 2091 Age
2779 2016 2944 2076 vide-

532 2113 707 2153 amus
752 2095 899 2169 quid
942 2096 1057 2153 hac
1098 2094 1161 2152 in
1205 2102 1374 2171 parte
1416 2102 1686 2155 statuant
1717 2094 2072 2155 Orthodoxi.
2129 2095 2540 2154 Diversimode
2573 2094 2733 2152 enim
2779 2114 2946 2153 scru-

532 2174 747 2249 pulum
775 2174 939 2232 ‚hunc
966 2176 1178 2233 tollere
1204 2175 1385 2233 etiam
1412 2180 1784 2249 sategerunt3
1817 2173 2084 2241 Quidam
2108 2174 2535 2248 distinguendo
2556 2173 2946 2250 Justfficatio-

532 2270 665 2308 nem
692 2270 888 2309 coram
914 2250 1046 2310 Deo
1073 2259 1134 2310 et
1158 2272 1357 2309 coram
1383 2252 1722 2323 hominibus,
1763 2252 1850 2309 ita
1893 2259 1963 2309 ut
2003 2254 2078 2309 de
2121 2252 2228 2309 illa
2255 2251 2501 2323 Paulus,
2545 2254 2622 2310 de
2657 2252 2771 2309 hac
2795 2270 2940 2309 vero

534 2329 579 2386 J
581 2329 805 2387 acobus
850 2330 1173 2403 loquatur;
1218 2328 1351 2387 Alii
1388 2330 1816 2402 distinguendo
1845 2350 2025 2403 opera
2051 2348 2188 2403 quae
2215 2331 2312 2387 vel
2333 2332 2579 2405 propria
2617 2330 2774 2387 sumi
2806 2348 2943 2403 pos-

531 2412 693 2476 sunt,
721 2407 820 2463 vel
862 2406 1229 2482 metonymice
1270 2423 1379 2481 pro
1406 2422 1592 2463 causa
1625 2424 1757 2475 sua,
1800 2406 2087 2462 nimirum
2115 2406 2265 2481 fido,
2309 2415 2380 2463 ut
2407 2407 2636 2467 Paulus
2663 2408 2943 2481 operibus

532 2481 769 2559 proprie
796 2484 1047 2557 sumptis
1064 2481 1555 2557 justificationem
1580 2483 1874 2553 detrahat,
1903 2481 1948 2538 J
1951 2483 2170 2540 acobus
2206 2502 2348 2540 vero
2389 2487 2642 2542 eandem
2676 2485 2801 2543 illis
2833 2486 2944 2543 tri-

532 2560 699 2631 buat,
748 2560 853 2617 sed
888 2560 1284 2634 metonymice
1310 2559 1644 2627 intellectis,
1689 2558 1770 2616 id.
1798 2558 1938 2616 fidei
1966 2558 2118 2616 vivae
2161 2566 2224 2617 et
2247 2561 2482 2619 efficaci.
2530 2561 2762 2619 Verum
2791 2564 2944 2638 quia

532 2644 749 2695 neutra
768 2638 1008 2697 videtur
1034 2640 1213 2715 plane
1240 2636 1594 2709 satisfacere,
1623 2635 1687 2695 N
1689 2656 1768 2694 on
1789 2636 1968 2713 prior,
1990 2636 2134 2711 quia
2154 2644 2224 2695 ut
2249 2656 2322 2695 ex
2349 2656 2668 2714 progressu
2687 2642 2940 2713 patebit,

532 2715 764 2791 aliquid
791 2717 1045 2777 ulterius
1072 2718 1131 2775 in
1160 2716 1205 2775 J
1206 2717 1393 2777 acobo
1421 2716 1662 2773 videtur
1699 2715 1992 2774 insinuari
2031 2722 2248 2790 praeter
2287 2717 2682 2775 ostensionem
2715 2717 2941 2791 justifi-

532 2794 787 2853 cationis
812 2813 1015 2854 coram
1041 2795 1404 2865 hominibus,
1452 2793 1516 2853 N
1518 2814 1597 2853 on
1627 2794 1935 2870 posterior,
1963 2794 2108 2869 quia
2134 2794 2342 2853 durior
2366 2803 2456 2853 est
2490 2803 2551 2854 et
2588 2796 2790 2853 minus
2817 2798 2940 2855 usi-

534 2879 666 2931 tata
690 2874 821 2931 haec
846 2874 1249 2950 metonymica
1271 2873 1517 2945 locutiO,
1552 2890 1662 2931 nec
1688 2891 1824 2931 cum
1861 2880 2062 2931 textus
2095 2874 2547 2933 circumstantiis
2573 2874 2680 2932 ubi
2704 2875 2851 2933 fides
2877 2885 2940 2933 et

536 2970 720 3026 opera
762 2952 1216 3028 distinguuntur
1242 2959 1303 3010 et
1347 2952 1676 3028 praesertim
1703 2970 1824 3009 ver.
1853 2952 1949 3022 22,
1977 2952 2120 3010 satis
2145 2954 2474 3011 consentire
2501 2953 2775 3023 videtur3
2817 2954 2936 3012 dis-

534 3030 829 3105 piciamus
872 3049 1075 3089 annon
1115 3031 1349 3091 facilior
1396 3032 1674 3105 quaedam
1716 3031 1917 3087 locum
1955 3031 2405 3107 interpretandi,
2436 3038 2499 3089 et
2525 3032 2936 3090 difficultatem

534 3109 899 3183 propositam
928 3110 1180 3167 tollendi
1206 3110 1363 3167 ratio
1388 3108 1561 3167 nobis
1588 3115 1884 3183 suppetat.

616 3184 775 3243 XII.
819 3185 941 3243 Hic
968 3204 1108 3244 vero
1136 3188 1259 3245 duo
1294 3196 1435 3246 ante
1476 3187 1681 3245 omnia
1721 3190 2134 3262 praestruenda
2175 3194 2318 3246 sunt
2357 3188 2736 3247 fundamenti
2763 3189 2934 3247 loco:

536 3260 759 3332 Prim0,
788 3264 945 3320 hanc
984 3281 1105 3321 non
1135 3282 1259 3322 esse
1287 3281 1489 3323 veram
1516 3272 1578 3321 et
1602 3265 1844 3334 realem,
1893 3268 1997 3325 sed
2025 3272 2262 3323 tantum
2290 3274 2674 3341 apparentem
2701 3273 2934 3325 contra-

532 3337 875 3408 dictionem,
905 3357 1047 3396 nam
1074 3342 1209 3415 quis
1236 3342 1456 3399 dixerit
1478 3342 1804 3416 Apostolos
1824 3344 2002 3401 hosce
2024 3344 2130 3420 qui
2155 3363 2372 3401 manus
2399 3344 2834 3419 conjunxerant
2851 3345 2932 3401 ad

532 3418 993 3489 cooperandum,
1020 3416 1157 3476 Gal.
1186 3419 1245 3476 ii.
1276 3420 1329 3493 9,
1359 3418 1600 3493 linguas
1627 3426 1824 3476 tamen
1855 3422 2122 3479 divisisse
2147 3424 2227 3479 ad
2255 3424 2779 3481 contendendum?
2809 3422 2931 3480 imo

532 3512 673 3551 cum
700 3493 861 3552 idem
890 3493 1145 3569 Spiritus
1183 3516 1289 3571 per
1330 3504 1654 3571 utrumque
1683 3498 2050 3572 Apostolum
2091 3500 2328 3557 locutus
2377 3500 2471 3571 sit,
2522 3500 2628 3575 qui
2674 3518 2794 3558 non
2843 3507 2934 3557 est

534 3570 742 3631 Etiam
769 3584 825 3631 et
846 3572 1010 3645 Non,
1040 3576 1143 3632 sed
1160 3574 1367 3633 Etiam
1391 3575 1455 3631 in
1478 3574 1733 3646 Christo,
1761 3576 1803 3633 2
1825 3574 1958 3635 Cor.
1977 3577 2016 3635 i.
2049 3576 2140 3648 19,
2167 3578 2249 3635 id.
2279 3578 2756 3636 constantissima
2779 3578 2938 3635 veri-

532 3658 649 3722 tas,
677 3651 805 3709 fieri
830 3652 1039 3729 nequit
1058 3661 1130 3711 ut
1149 3655 1255 3729 qui
1330 3672 1472 3713 uam
1499 3653 1611 3711 sibi
1637 3653 1751 3729 ipsi
1777 3655 2096 3713 adversum
2121 3661 2184 3712 et
2209 3673 2550 3731 repugnans
2577 3656 2929 3727 asseruerit3

532 3729 738 3805 itaque
781 3730 832 3789 si
870 3750 977 3807 per
1004 3730 1264 3789 Paulum
1338 3732 1790 3790 ustificationem
1817 3732 1930 3789 soli
1965 3734 2122 3803 fidei,
2164 3751 2271 3809 per
2295 3732 2341 3792 J
2343 3734 2598 3793 acobum
2623 3752 2766 3792 vero
2793 3751 2932 3791 ean-

533 3809 661 3865 dem
692 3814 752 3865 et
779 3810 1057 3885 operibus
1080 3818 1385 3885 acceptam
1412 3810 1609 3881 refert,
1637 3810 1792 3867 illud
1820 3810 2030 3885 utique
2057 3811 2516 3885 intelligendum
2541 3820 2631 3869 est
2653 3812 2774 3873 κατ’
2791 3810 2930 3872 ἄλλο

530 3892 623 3946 καὶ
640 3886 796 3947 ἔλλο.
852 3883 1148 3960 Secund0,
1177 3890 1438 3947 tenenda
1460 3888 1642 3945 etiam
1671 3894 1760 3945 est
1779 3888 2228 3963 Theologorum
2253 3890 2466 3963 regula
2481 3897 2518 3923 “
2541 3891 2783 3950 nullum
2809 3910 2934 3950 esse

530 3966 672 4024 fidei
698 3968 921 4039 dogma
944 3968 1109 4041 quod
1136 3984 1261 4024 non
1286 3966 1510 4025 alicubi
1536 3965 1599 4023 in
1625 3965 1928 4041 Scriptura
1947 3968 2122 4025 claris
2149 3974 2210 4025 et
2228 3967 2552 4043 perspicuis
2572 3970 2768 4028 verbis
2794 3989 2932 4044 pro-

528 4045 851 4119 ponatur,”
894 4063 1036 4102 nam
1064 4050 1134 4101 ut
1158 4045 1308 4103 bene
1336 4044 1601 4119 August.
1632 4045 1706 4101 de
1733 4046 1918 4103 doctr.
1951 4045 2187 4105 Christi.
2215 4046 2258 4103 l.
2287 4046 2348 4103 ii.
2377 4064 2427 4104 c.
2459 4047 2514 4122 6,
2559 4053 2595 4081 ‘⁶
2617 4048 2931 4122 magnifice

528 4129 592 4180 et
618 4122 937 4181 salubriter
969 4121 1225 4197 Spiritus
1252 4122 1313 4181 S.
1345 4122 1678 4196 Scripturas
1706 4121 1792 4180 ita
1817 4122 2182 4182 modificavit
2226 4132 2300 4181 ut
2341 4124 2488 4183 locis
2533 4126 2929 4201 apertioribus

526 4198 677 4257 fami
702 4207 1052 4271 occurreret,
1074 4201 1512 4259 obscurioribus
1530 4218 1673 4259 vero
1698 4200 1941 4259 fastidia
1965 4203 2317 4277 detergeret,
2339 4203 2494 4261 nihil
2519 4204 2677 4261 enim
2703 4203 2829 4261 fere
2855 4206 2930 4261 de

526 4278 649 4335 illis
676 4277 1135 4337 obscuritatibus
1162 4279 1393 4338 eruitur
1418 4279 1580 4355 quod
1608 4296 1731 4336 non
1758 4279 2102 4353 planissime
2122 4280 2268 4339 alibi
2289 4281 2514 4339 dictum
2543 4281 2930 4357 reperiatur,”

527 4358 915 4431 perspicuitas
944 4376 1082 4415 vero
1109 4357 1216 4416 illa
1242 4358 1564 4433 quau-enda
1584 4365 1678 4415 est
1703 4356 2079 4432 potissimum
2107 4359 2178 4416 iis
2203 4359 2268 4416 in
2293 4358 2440 4419 locis
2467 4360 2570 4416 ubi
2610 4378 2930 4435 argumen-

525 4438 658 4489 tum
696 4440 985 4493 tractatur
1010 4452 1085 4493 ex
1112 4437 1377 4512 professo
1400 4444 1465 4495 et
1490 4442 1780 4510 tanquam
1805 4434 1868 4492 in
1895 4437 2136 4513 propria
2161 4439 2300 4495 sede
2325 4456 2474 4509 sua;
2527 4437 2708 4496 Unde
2736 4456 2926 4513 quum

524 4510 777 4583 quaestio
802 4512 960 4569 circa
985 4515 1106 4571 tale
1133 4515 1381 4590 aliquod
1398 4516 1619 4589 dogma
1637 4514 1841 4589 oritur,
1871 4517 2298 4574 recurrendum
2321 4523 2416 4573 est
2441 4518 2519 4574 ad
2545 4517 2654 4574 illa
2679 4517 2829 4586 loca,
2860 4522 2929 4574 ut

518 4604 595 4645 ex
632 4586 707 4645 iis
736 4588 813 4645 de
840 4591 1067 4649 caeteris
1080 4592 1383 4665 judicium
1410 4594 1517 4651 fiat
1542 4592 1605 4651 in
1631 4593 1851 4669 quibus
1879 4592 2206 4669 Scriptores
2235 4593 2387 4653 sacri
2423 4593 2577 4651 forte
2617 4594 2926 4653 obscurius
