3234 5192
301 349 541 392 mem-r.
570 335 705 408 nn]
838 348 917 390 ns
946 346 1441 390 sursncrroms
1468 347 1716 392 cnmsrr
1743 349 2164 394 maeel-rus.
2582 341 2701 400 425

300 499 433 554 cata
484 491 597 552 nisi
650 488 1042 551 intercedente
1096 488 1505 566 satisfactione,
1564 509 1708 550 cave
1755 511 1828 551 ne
1883 501 2186 571 propterea
2239 495 2538 556 existimes
2595 497 2708 558 Dei

299 571 749 632 misericordiam
778 589 1011 632 causam
1050 569 1306 648 aliquam
1334 571 1686 648 superiorem
1714 570 1928 631 habere
1956 583 2014 632 et
2047 592 2164 632 non
2191 595 2319 634 esse
2361 577 2705 639 absolutam.

300 653 705 712 Mabericordia
744 651 899 710 enim
926 649 1188 711 bifariam
1226 651 1473 728 spectari
1520 659 1730 728 potest,
1761 651 1860 710 vel
1885 653 2106 714 ratione
2135 675 2446 714 causarum
2489 667 2705 716 antece-

302 732 565 809 dentium,
614 733 715 794 vel
759 732 981 790 ratione
1026 730 1403 790 conditionum
1454 731 1510 790 ei
1556 731 2055 792 subordinatur-um
2073 758 2098 808 ;
2141 745 2198 796 et
2227 755 2430 795 causas
2474 737 2711 813 quidem

304 813 707 891 praecedaneas
735 812 893 890 quod
928 811 1152 887 attinet,
1184 810 1615 872 absolutissima
1641 819 1732 872 est
1761 812 2012 888 omnine,
2044 814 2256 894 quippe
2285 835 2414 894 quae
2443 825 2610 876 extra
2651 838 2713 880 se

302 893 495 952 nullas
537 894 749 954 habeat
796 911 1001 954 causas
1083 891 1256 952 uibus
1302 899 1605 952 moveatur
1639 891 1718 950 ad
1759 891 2164 970 miserendum,
2215 895 2518 956 miseretur
2559 897 2714 956 enim

303 973 442 1050 quia
468 981 640 1048 amat,
661 981 721 1032 et
738 981 896 1032 amat
914 971 1053 1050 quia
1112 990 1261 1031 onus
1287 979 1393 1047 est,
1422 970 1577 1032 unde
1606 971 1719 1030 soli
1747 972 1860 1030 Dei
1878 973 2164 1034 voluntati
2189 975 2486 1053 Scriptura
2511 977 2717 1038 tribuit

303 1053 464 1130 quod
486 1053 647 1114 Deus
674 1052 858 1112 nostri
884 1051 1240 1128 misereatur,
1272 1051 1441 1112 Rom.
1470 1051 1553 1110 ix.
1586 1053 1680 1129 18,
1709 1071 1828 1111 non
1856 1061 2047 1113 autem
2077 1054 2455 1116 satisfactioni
2479 1057 2716 1133 Christi,

306 1133 405 1192 vel
448 1133 617 1192 alteri
649 1133 899 1212 cuipiam
947 1131 1071 1192 rei:
1114 1130 1219 1190 sed
1261 1131 1419 1208 quod
1446 1130 1522 1191 ad
1562 1131 1757 1191 media
1784 1140 1844 1192 et
1887 1133 2247 1196 conditiones
2295 1137 2714 1214 subsequentes

307 1220 546 1290 spectat,
576 1232 821 1290 quarum
845 1212 1177 1272 interventu
1202 1209 1539 1272 derivantur
1564 1211 1629 1270 in
1663 1231 1772 1270 nos
1799 1211 2004 1274 effecta
2031 1213 2245 1276 divinae
2285 1216 2712 1294 misericordiae,

306 1291 703 1352 misericordia
745 1311 862 1350 non
906 1291 1080 1350 debet
1126 1289 1245 1350 dici
1284 1291 1569 1366 absoluta,
1598 1311 1789 1370 neque
1837 1294 1991 1352 enim
2037 1295 2301 1354 remissio
2347 1305 2713 1373 peccatorum

309 1371 469 1448 quod
494 1373 847 1450 praecipuum
894 1380 987 1432 est
1011 1371 1419 1432 misericordiae
1457 1370 1674 1432 donum
1721 1372 1890 1432 nobis
1931 1373 2194 1434 absolute
2243 1384 2302 1434 et
2350 1375 2494 1436 citra
2540 1377 2719 1436 ullius

308 1451 661 1512 conditionis
680 1459 1003 1530 respectum
1032 1451 1369 1514 conceditur
1388 1474 1405 1529 ς
1436 1461 1553 1512 tres
1568 1452 1726 1514 enim
1746 1452 1923 1513 habet
1939 1456 2276 1514 conditiones
2293 1455 2714 1533 subordinatas,

306 1532 740 1608 satisfactionem
768 1531 982 1592 Christi
1009 1539 1075 1591 ut
1100 1552 1332 1594 eausam
1359 1532 1726 1608 merim-iam,
1751 1533 1931 1612 fidem
1959 1541 2026 1594 nt
2065 1535 2488 1594 instrumentum
2514 1536 2715 1595 remis-

310 1611 531 1673 sionem
559 1613 719 1672 illam
748 1632 823 1672 ex
854 1612 965 1672 Dei
1006 1611 1195 1690 gratia
1225 1613 1287 1671 in
1317 1612 1545 1672 Christo
1574 1611 1880 1691 accipiens,
1913 1622 1972 1673 et
2003 1616 2387 1692 poenitentiam
2415 1623 2482 1676 ut
2524 1617 2717 1676 condi-

310 1691 509 1752 tionem
538 1694 655 1754 sine
720 1713 798 1752 ua
824 1713 937 1754 non
961 1691 1305 1754 beneficium
1332 1691 1481 1754 illud
1507 1692 1678 1753 nobis
1699 1693 2006 1754 confertur.

392 1773 617 1832 XXX.
724 1773 765 1832 d
790 1776 900 1832 4¹²¹*
928 1771 1003 1832 de
1048 1773 1325 1850 parabola
1364 1793 1495 1851 quse
1522 1781 1705 1848 extat,
1758 1773 1970 1834 Matth.
2016 1775 2183 1834 xviii.
2214 1779 2311 1851 23,
2363 1778 2459 1853 24,
2491 1783 2550 1836 et
2599 1794 2718 1854 seq.

314 1854 492 1931 Resp.
524 1853 841 1914 Parabolas
868 1861 927 1912 et
954 1853 1365 1914 similitudines
1392 1873 1509 1913 non
1531 1853 1744 1912 debere
1764 1855 1960 1932 urgeri
1987 1855 2140 1916 ultra
2159 1875 2416 1934 scopum,
2447 1856 2592 1915 alias
2620 1856 2719 1916 ab·

313 1933 489 1994 surda
516 1933 699 1994 multa
724 1941 783 1992 et
826 1931 973 1992 falsa
1006 1952 1067 1992 se
1108 1941 1396 2008 uerentur,
1448 1951 1564 2010 quo
1592 1934 1842 2010 pertinet
1889 1935 2198 1994 utilissima
2243 1937 2448 2013 regula
2475 1955 2510 1994 a
2539 1936 2723 2011 Chry-

313 2021 451 2072 sost.
482 2013 623 2072 olim
650 2012 879 2086 tradita,
911 2013 1065 2070 hom.
1121 2013 1241 2071 xiv.
1272 2013 1333 2070 in
1364 2012 1595 2086 Matth„
1629 2015 1710 2072 013
1726 2015 1824 2093 κςὶ
1857 2017 2027 2073 πάντα
2053 2016 2123 2073 τὰ
2161 2017 2202 2073 ir
2229 2042 2273 2074 π·
2337 2021 2556 2084 abdai}
2583 2018 2724 2074 urat

312 2093 440 2166 λὶξιν
466 2091 871 2174 περιεργάζει-θαι
903 2095 1049 2148 aiud
1091 2096 1171 2150 τὸν
1218 2097 1402 2150 Μὶν
1439 2091 1684 2166 μιθδνταις
1713 2089 1760 2150 ’e'
1809 2091 1856 2150 δ’,
1883 2093 2092 2158 σωκ-ἰὴ
2117 2101 2283 2154 τοῦτον
2349 2095 2588 2176 gindus,
2634 2121 2723 2154 m

310 2169 455 2249 μηδὲν
482 2178 915 2252 πολυπραγμονεῖν
956 2173 1255 2251 mesenen:
1300 2171 1383 2230 sic
1413 2170 1680 2231 Christus
1719 2191 1784 2232 se
1812 2173 2033 2233 confert
2080 2173 2209 2249 furi,
2254 2194 2361 2232 nos
2389 2195 2528 2234 vero
2566 2195 2723 2252 quse-

314 2251 456 2311 stori
483 2250 556 2310 de
586 2252 775 2310 alieno
800 2250 1089 2327 largienti,
1129 2271 1247 2309 non
1274 2250 1431 2328 quod
1457 2250 1555 2309 vel
1594 2251 1720 2328 ipse
1763 2271 1884 2310 rem
1911 2252 2161 2312 alienam
2193 2253 2497 2314 subtrahat
2539 2255 2725 2313 invito

316 2331 587 2406 Domino,
616 2331 713 2390 vel
742 2330 899 2408 quod
926 2349 1033 2390 nos
1060 2330 1215 2391 idem
1242 2331 1431 2392 facere
1459 2339 1738 2408 oporteat,
1771 2331 1872 2392 sed
1906 2341 2127 2392 tantum
2155 2333 2215 2392 in
2244 2354 2313 2392 eo
2341 2334 2499 2412 quod
2528 2343 2587 2394 et
2625 2335 2724 2393 ille

312 2412 495 2472 instar
522 2410 665 2470 furis
692 2411 1061 2490 superveniat
1102 2411 1467 2489 improvisus,
1499 2419 1559 2472 et
1578 2431 1686 2471 nos
1712 2411 1785 2472 de
1826 2423 2024 2476 nostro
2051 2413 2240 2474 facere
2281 2423 2544 2494 oporteat
2569 2416 2727 2493 quod

313 2492 568 2570 prudens
594 2491 697 2552 ille
716 2499 971 2570 quaestor
991 2491 1063 2552 de
1092 2491 1315 2569 alien03
1361 2491 1455 2552 Ita
1470 2493 1581 2551 hoc
1608 2493 1672 2551 in
1697 2492 1828 2554 loco
1849 2513 2060 2573 scopus
2083 2495 2298 2555 Christi
2326 2503 2417 2556 est
2437 2515 2723 2555 commen-

312 2573 453 2632 dare
478 2573 648 2633 nobis
674 2572 1091 2650 benignitatem
1120 2582 1178 2633 et
1198 2571 1650 2634 misericordiam
1678 2573 1740 2632 in
1782 2575 2127 2652 proximum,
2160 2596 2229 2636 eo
2257 2576 2414 2653 quod
2461 2572 2624 2636 Deus
2664 2576 2726 2634 in

314 2673 423 2712 nos
449 2653 738 2732 benignus
766 2653 857 2728 sit,
888 2652 1304 2730 ostendereque
1332 2653 1477 2713 adeo
1506 2673 1607 2712 eos
1635 2653 1736 2730 qui
1763 2654 1836 2712 ad
1864 2654 2222 2732 ignoscenda
2247 2655 2486 2716 fratrum
2515 2656 2728 2716 delicta

316 2742 451 2793 sunt
478 2731 829 2794 inflexibiles
849 2733 1097 2810 pessime
1120 2733 1231 2792 sibi
1258 2733 1575 2807 consulere,
1600 2740 1660 2791 et
1677 2741 1928 2792 statuere
1951 2734 2064 2794 sibi
2081 2735 2300 2811 Legem
2329 2734 2500 2795 nimis
2523 2735 2726 2794 duram

314 2822 377 2874 et
403 2834 659 2890 gravem,
691 2813 829 2889 quia
874 2813 1245 2890 experientur
1295 2812 1483 2872 Deum
1522 2831 1688 2888 aeque
1732 2810 1987 2888 rigidum
2015 2822 2075 2872 et
2121 2813 2539 2874 inexombilem
2587 2833 2728 2890 erga

318 2893 578 2969 seips0s3
626 2892 700 2951 In
726 2892 837 2948 hoc
882 2891 1236 2950 conveniunt
1279 2891 1439 2950 Deus
1468 2899 1525 2950 et
1572 2909 1678 2948 rex
1728 2890 1888 2966 quod
1929 2891 2171 2967 benigni
2218 2891 2335 2950 sint
2375 2891 2438 2948 in
2481 2912 2582 2950 eos
2625 2893 2728 2968 qui

317 2972 493 3048 longe
520 2971 672 3028 infra
698 2989 761 3028 se
784 2977 919 3028 sunt
946 2970 1136 3048 positi,
1168 2971 1319 3028 hanc
1346 2968 1764 3059 benignitatem
1805 2969 1967 3028 Deus
1994 2977 2242 3028 testatur
2281 2989 2484 3047 poenas
2527 2971 2724 3030 remit-

320 3048 514 3125 tendo,
544 3069 651 3108 rex
674 3049 1024 3108 remittendo
1050 3047 1355 3126 pecuniam
1382 3047 1638 3106 debltam
1665 3069 1679 3106 ι
1726 3047 1841 3107 Sed
1858 3056 1926 3107 ut
1946 3047 2107 3108 aliud
2133 3055 2223 3107 est
2249 3047 2497 3108 debendi
2520 3069 2725 3128 genus,

322 3130 404 3190 ita
430 3137 489 3188 et
516 3128 675 3187 aliud
703 3127 1048 3202 remittendi,
1078 3147 1213 3186 nam
1252 3127 1325 3186 de
1374 3125 1609 3202 credit0,
1641 3124 1800 3204 quod
1838 3127 1940 3205 jus
1967 3128 2044 3187 ad
2090 3127 2397 3188 utilitatem
2427 3127 2728 3190 creditoris

324 3217 716 3288 comparatum
746 3216 835 3268 est
860 3207 1153 3268 statuendi
1195 3206 1440 3284 quisque
1481 3205 1838 3268 liberrimam
1881 3207 2058 3267 habet
2098 3215 2460 3286 potestatem,
2513 3217 2572 3268 et
2613 3229 2728 3286 quo

320 3289 513 3350 minus
540 3289 727 3366 exigit
754 3309 823 3350 eo
851 3296 941 3348 est
968 3286 1278 3363 liberalior,
1302 3285 1592 3364 exigendo
1619 3295 1814 3346 autem
1845 3287 2072 3348 nullum
2101 3296 2292 3347 actum
2334 3289 2568 3349 virtutis
2595 3310 2728 3370 pro-

320 3370 442 3448 prie
470 3379 735 3440 exercet:
782 3369 867 3428 At
894 3369 966 3428 de
988 3387 1159 3446 poena
1186 3386 1315 3444 quae
1335 3365 1643 3427 adbonum
1665 3386 1968 3426 commune
1991 3376 2048 3427 et
2075 3367 2150 3428 ad
2171 3368 2428 3430 ordinem
2457 3369 2726 3448 pertinet,

321 3471 439 3510 non
461 3450 637 3510 habet
661 3449 877 3529 pariter
916 3457 1105 3508 rector
1148 3445 1521 3525 dispensandi
1560 3455 1924 3524 potestatem,
1977 3457 2035 3508 et
2063 3468 2193 3508 eum
2242 3469 2471 3528 poenam
2523 3449 2724 3527 exigit,

318 3531 535 3590 virtute
575 3527 823 3606 quadam
852 3528 1035 3588 utitur
1058 3547 1189 3605 quse
1210 3527 1441 3606 justitia
1466 3525 1838 3586 distributiva
1879 3527 2126 3588 dicitur:
2172 3529 2302 3588 Non
2345 3549 2626 3607 negamus
2655 3531 2727 3588 Ε.

320 3610 380 3668 in
412 3629 480 3668 eo
510 3610 701 3668 Deum
751 3616 809 3668 et
836 3627 1031 3686 regem
1072 3607 1227 3668 hunc
1264 3606 1492 3666 differre
1524 3605 1680 3684 quod
1709 3627 1813 3666 rex
1859 3607 2004 3666 citra
2047 3608 2516 3684 satisfactionem,
2567 3609 2728 3668 Deus

320 3697 514 3748 autem
554 3707 671 3746 non
700 3688 844 3748 eitra
882 3687 1327 3747 satisfactionem
1356 3687 1612 3748 debitum
1641 3686 1914 3762 remittat,
1945 3687 2050 3746 sed
2077 3709 2208 3748 cum
2237 3689 2296 3748 in
2341 3709 2409 3748 eo
2452 3708 2570 3749 non
2619 3689 2731 3748 sita

324 3768 401 3828 sit
448 3767 783 3844 similitudo,
814 3788 931 3827 non
974 3775 1165 3846 potest
1211 3787 1319 3827 nec
1368 3765 1541 3826 debet
1587 3767 1802 3844 urgeri,
1849 3768 1994 3827 alias
2023 3777 2360 3846 sequeretur
2406 3769 2579 3827 etiam
2623 3787 2731 3826 nec

312 3847 545 3925 judices
591 3868 627 3908 a
674 3848 937 3908 sontibus
979 3867 1181 3926 poenas
1228 3866 1541 3925 exposcere
1585 3845 1813 3922 debere,
1878 3857 1937 3906 et
1983 3857 2222 3926 peccata
2269 3847 2448 3906 semel
2490 3846 2731 3906 dimissa

324 3947 517 3986 coram
548 3927 675 3988 Deo
701 3928 1066 3990 reviviscere.
1114 3927 1207 3988 Ita
1234 3935 1389 3986 recte
1418 3926 1786 3985 observatum
1815 3935 1904 3986 est
1925 3927 2396 4004 distinguendum
2417 3946 2543 3986 esse
2581 3925 2731 3987 inter

324 4008 617 4068 mater-iah
642 4017 703 4068 et
712 4011 968 4084 formale
994 4009 1281 4086 parabolae
1304 4029 1319 4084 5
1350 4015 1416 4066 ut
1441 4007 1553 4064 hoc
1581 4007 1868 4084 praecipue
1897 4007 2274 4084 spectandum
2303 4015 2408 4082 est,
2433 4006 2514 4065 ita
2534 4006 2596 4064 in
2623 4005 2728 4064 illo

322 4108 441 4148 non
466 4089 631 4148 anxii
676 4089 850 4148 nimis
876 4109 1003 4150 esse
1042 4087 1319 4149 debemus
1347 4087 1406 4147 in
1436 4086 1684 4164 singulis
1708 4086 1970 4164 partibus
2019 4095 2120 4145 aut
2147 4085 2340 4145 verbis
2387 4084 2732 4162 adaptandis

323 4177 383 4228 et
410 4168 486 4228 ad
528 4188 651 4228 rem
689 4168 1044 4246 spiritualem
1088 4166 1609 4242 accommodandis,
1659 4166 1796 4243 quia
1842 4165 1980 4225 licet
2023 4165 2240 4226 faciant
2286 4164 2362 4223 ad
2397 4165 2730 4243 parabolam

322 4249 771 4310 circumstantiis
798 4249 920 4310 suis
948 4249 1280 4326 ornandam,
1310 4268 1429 4308 non
1454 4255 1653 4306 tamen
1694 4247 1984 4325 pertinent
2012 4244 2088 4304 ad
2130 4245 2470 4324 mysterium
2512 4244 2587 4303 de
2615 4263 2731 4321 quo

320 4348 357 4388 a
400 4329 531 4389 'tun

356 4349 683 4470 g'XXXL
728 4411 824 4470 Ex
861 4410 1073 4488 quibus
1120 4407 1288 4468 facile
1338 4407 1485 4466 solvi
1528 4411 1719 4482 potest
1761 4403 1908 4464 ratio
1949 4404 2132 4465 altera
2184 4422 2358 4482 quam
2404 4411 2610 4481 petunt
2656 4423 2733 4464 ex

320 4510 391 4548 ea
416 4511 548 4568 quse
589 4493 757 4550 nobis
799 4488 1191 4568 praescribitur
1233 4486 1345 4545 Dei
1383 4483 1724 4558 imitatione,
1772 4493 1972 4561 peccat
2014 4483 2168 4543 enim
2193 4485 2371 4558 filla.
2402 4505 2442 4544 α
2469 4485 2616 4544 dicto
2643 4505 2729 4544 se-

320 4573 565 4630 cundum
593 4573 735 4648 quid
746 4594 765 4630 :
808 4571 1013 4647 Neque
1054 4568 1207 4626 enim
1243 4567 1297 4626 si
1331 4565 1582 4625 remissio
1623 4565 1903 4624 hominum
1944 4573 1998 4622 et
2036 4565 2156 4624 Dei
2191 4563 2556 4641 aliquatenus
2597 4573 2734 4624 sunt

321 4651 557 4725 similes,
587 4659 892 4730 propterea
918 4648 1172 4726 oequales
1213 4666 1339 4706 esse
1368 4654 1425 4705 et
1452 4665 1555 4724 per
1583 4644 1777 4702 omnia
1813 4663 1980 4722 pares
2008 4642 2317 4704 dicendum
2345 4653 2452 4722 est,
2481 4664 2617 4703 nam
2643 4653 2735 4704 est
