3234 5192
556 289 675 346 364
1457 307 1535 346 na
1566 307 1758 348 raras
1787 307 2059 349 cums’ro.
2591 290 2853 372 [otsrur.
2883 315 2966 354 ιι.

548 443 923 522 diffiitebitur,
966 467 1074 507 nec
1122 447 1305 525 possit
1344 467 1472 506 esse
1512 467 1738 525 corpus,
1769 457 1835 508 ut
1875 449 2000 526 jam
2043 447 2280 526 dictum,
2311 452 2635 510 necessario
2681 453 2850 530 panis
2875 463 2968 514 est

546 525 979 604 intelligendus.
1024 529 1175 587 Nam
1197 527 1354 605 quod
1370 527 1445 588 ad
1462 528 1811 588 individuum
1831 547 2052 605 vaqum,
2075 530 2234 606 quod
2253 529 2350 589 hic
2369 532 2634 592 nonnulli
2656 533 2962 610 somniant,

546 613 666 666 tam
694 616 784 666 est
809 608 1140 686 absurdum,
1170 617 1237 668 ut
1262 607 1368 666 vix
1394 608 1738 667 refutatione
1765 608 2043 686 indigeat.
2127 610 2276 670 Nam
2303 630 2422 670 non
2447 621 2644 690 posset
2671 613 2966 692 designari

543 687 882 764 pronomine
912 688 1381 763 demonstratiw,
1412 690 1558 764 Hoc,
1588 688 1748 766 quod
1793 689 2119 748 necessario
2161 698 2381 750 certum
2425 692 2661 770 aliquod
2687 702 2746 754 et
2773 693 2959 754 deter-

544 767 827 828 minatum
852 767 1219 828 individuum
1262 768 1519 844 indicat;
1564 768 1646 826 Et
1686 768 1826 827 licet
1869 768 2238 829 individuum
2281 791 2496 849 vagum
2545 773 2855 850 aliquando
2883 774 2960 834 sit

542 855 808 924 respectu
834 849 1035 924 nostri,
1064 867 1359 925 nunquam
1386 854 1581 908 tamen
1618 848 1736 906 tale
1779 855 1972 926 potest
2017 868 2146 908 esse
2189 860 2454 928 respectu
2483 852 2592 929 sui,
2621 855 2759 931 quia
2785 853 2960 914 debet

540 945 671 986 esse
700 926 1023 986 substantia
1060 927 1327 1006 quasdam
1372 935 1528 986 certa
1574 935 1635 988 et
1678 926 2073 988 determinata.
2163 930 2250 988 Ea
2292 950 2432 990 vero
2473 951 2602 992 cum
2631 953 2748 993 non
2773 935 2959 1012 possit

540 1023 671 1066 esse
698 1025 906 1084 corpus
936 1008 1167 1088 Christi,
1198 1007 1373 1068 debet
1400 1026 1527 1068 esse
1575 1007 1694 1066 alia
1739 1009 2078 1084 substantia,
2109 1029 2240 1086 quae
2283 1031 2414 1070 cum
2459 1031 2576 1071 non
2623 1014 2698 1073 sit
2719 1014 2956 1073 realiter

540 1104 749 1163 corpus
778 1087 1009 1162 Christi,
1033 1107 1149 1147 non
1176 1095 1367 1165 potest
1412 1088 1527 1148 nisi
1572 1087 1820 1164 figurate
1863 1096 1924 1147 et
1969 1089 2188 1167 tropice
2231 1090 2350 1150 dici
2389 1111 2597 1170 corpus
2626 1093 2858 1170 Christi,
2889 1103 2954 1155 ut

538 1175 703 1242 petra
730 1187 848 1226 non
876 1168 1087 1228 dicitur
1115 1168 1376 1228 Christus
1402 1168 1517 1227 nisi
1544 1167 1947 1246 significative.

620 1247 811 1307 XIX.
856 1247 958 1307 Ad
1004 1249 1318 1326 pleniorem
1368 1268 1507 1308 vero
1554 1249 1724 1307 istius
1773 1249 2035 1309 veritatis
2079 1249 2540 1328 illustrationem,
2587 1273 2706 1312 non
2748 1273 2950 1331 parum

528 1325 767 1404 juvabit
792 1329 1175 1389 consideratio
1201 1332 1533 1404 reyularum
1568 1328 1877 1406 variarum,
1909 1349 1986 1388 ex
2029 1331 2241 1407 quibus
2269 1351 2472 1391 sensus
2499 1333 2740 1392 literalis
2768 1354 2803 1392 a
2829 1353 2948 1393 me-

533 1408 851 1484 taphorice,
882 1418 941 1468 et
969 1410 1392 1487 metaphoricus
1420 1428 1454 1467 a
1478 1408 1692 1468 literali
1735 1417 1928 1486 potest
1969 1407 2238 1486 discerni,
2269 1411 2428 1488 quod
2475 1413 2676 1490 quanti
2705 1413 2782 1472 sit
2807 1433 2950 1474 usus

532 1486 595 1544 in
616 1489 793 1546 variis
820 1489 1235 1566 quaestionibus
1257 1488 1642 1565 Theologicis,
1667 1496 1728 1547 et
1745 1489 2065 1565 praesertim
2085 1491 2148 1548 in
2165 1490 2427 1550 doctrina
2447 1491 2520 1551 de
2543 1492 2945 1569 sacramentis,

530 1568 821 1625 neminem
848 1567 1025 1626 latere
1052 1576 1283 1646 potest:
1328 1569 1477 1626 Nam
1506 1575 1571 1627 ut
1597 1587 1716 1626 nou
1763 1567 1888 1626 sine
1930 1588 2143 1646 magno
2187 1571 2442 1646 periculo
2468 1572 2790 1634 locutiones
2815 1593 2946 1652 pro-

529 1645 672 1720 priae
700 1654 760 1705 et
784 1647 1039 1705 litorales
1064 1655 1363 1706 mutantur
1388 1647 1449 1705 in
1476 1647 1898 1724 metaphoricae
1926 1656 1986 1706 et
2011 1647 2290 1725 figuratas
2313 1671 2328 1725 ς
2374 1650 2468 1710 Ita
2495 1671 2612 1711 non
2637 1653 2829 1713 minus
2857 1663 2948 1716 est

527 1724 863 1801 periculum,
894 1725 1214 1784 locutiones
1242 1726 1662 1803 metaphoricae
1709 1735 1930 1786 mutare
1967 1727 2030 1786 in
2077 1729 2339 1804 proprias
2383 1739 2442 1789 et
2487 1730 2758 1810 litorales,
2789 1735 2945 1811 quod

527 1803 718 1861 visum
746 1803 807 1860 in
850 1804 1478 1881 Anthropomorphitis,
1510 1805 1692 1864 verba
1733 1805 2045 1884 Scripturas
2073 1807 2147 1866 de
2185 1809 2456 1869 membris
2500 1812 2767 1872 humanis
2817 1815 2944 1874 Deo

525 1881 819 1941 attributis
868 1883 943 1940 ad
988 1883 1215 1942 literam
1258 1884 1635 1961 sumentibus,
1667 1905 1800 1944 cum
1839 1894 2034 1945 tamen
2080 1892 2398 1968 &vogn-ao&
2445 1891 2616 1969 dicta,
2669 1893 2946 1954 deberent

521 1964 807 2041 &mgna-55
833 1961 1099 2039 intelligi,
1132 1971 1191 2023 et
1218 1962 1279 2022 in
1305 1964 1349 2023 J
1352 1962 1535 2024 udaeis
1554 1965 1784 2043 proprie
1811 1974 1871 2026 et
1895 1967 2198 2028 literaliter
2225 1970 2641 2048 accipientibus
2661 1973 2734 2032 de
2762 1993 2942 2052 regno

524 2049 755 2102 terreno
784 2052 845 2103 et
870 2043 1173 2120 temporali
1203 2043 1454 2121 Messiae,
1486 2065 1616 2122 quse
1665 2047 1910 2122 mystice
1959 2055 2018 2107 et
2063 2047 2310 2126 figurate
2351 2059 2516 2109 erant
2541 2051 2937 2130 intelligenda.

525 2121 626 2180 Ad
655 2123 955 2200 scopulum
983 2124 1138 2182 hune
1164 2119 1571 2183 declinandum
1616 2125 1836 2187 faciunt
1881 2137 2190 2206 sequentes
2235 2130 2472 2207 regulae.
2517 2131 2730 2208 Prima,
2783 2135 2936 2202 Quo-

522 2203 621 2261 ties
663 2205 995 2280 proprietas
1052 2205 1227 2263 litem
1272 2207 1764 2266 contradictionem
1815 2211 1906 2267 vel
1955 2209 2445 2284 impossibilitatem
2497 2212 2798 2272 evidentem
2853 2215 2937 2274 in-

518 2284 687 2358 ducit,
744 2285 915 2344 verba
949 2285 1205 2362 flqurate
1256 2294 1387 2344 sunt
1436 2285 1796 2362 intelliqenda
1823 2309 1838 2363 ς
1912 2287 2061 2362 Quia
2114 2307 2246 2346 cum
2298 2308 2463 2348 mens
2516 2290 2766 2348 humana
2817 2311 2936 2350 non

517 2365 705 2440 possit
731 2364 1033 2441 concipere
1074 2365 1279 2424 eodem
1326 2373 1582 2442 tempore
1627 2385 1750 2424 rem
1794 2385 1921 2426 esse
1965 2373 2026 2424 et
2067 2385 2184 2438 non
2217 2385 2364 2441 esse,
2393 2387 2502 2425 nee
2529 2367 2836 2426 conciliare
2865 2390 2935 2427 ea

518 2462 649 2520 quae
678 2444 790 2502 sibi
816 2444 1063 2503 invicem
1094 2451 1477 2523 opponuntur,
1508 2444 1586 2504 ad
1627 2443 1872 2522 figuram
1907 2445 2216 2522 confugere
2259 2453 2502 2520 tenetur,
2539 2445 2716 2521 juxta
2754 2466 2930 2523 quam

516 2543 751 2583 sensum
778 2524 1217 2584 convenientem
1232 2524 1428 2584 verbis
1449 2525 1746 2602 assignare
1767 2531 1976 2602 potest.
2061 2525 2157 2582 Ex
2179 2524 2287 2582 hac
2303 2524 2507 2600 reg-ula
2532 2524 2713 2584 verba
2739 2546 2930 2586 sacra·

515 2605 791 2664 mentalis
814 2605 1064 2682 figurata
1090 2624 1217 2664 esse
1258 2612 1523 2680 constat3
1568 2603 1712 2664 Cum
1764 2605 1916 2663 enim
1959 2603 2038 2662 ad
2079 2603 2305 2663 literam
2351 2611 2582 2682 sumpta
2608 2607 2931 2666 contradic-

514 2683 731 2744 tionem
768 2683 1130 2743 manifestam
1174 2683 1494 2759 involvant,
1536 2684 1808 2744 nimirum
1852 2684 2000 2742 illud
2031 2683 2191 2761 quod
2235 2684 2402 2762 panis
2430 2692 2535 2760 est,
2566 2705 2694 2744 esse
2723 2705 2932 2764 corpus

518 2763 748 2839 Christi,
779 2773 839 2823 et
864 2763 1011 2822 illud
1038 2765 1198 2842 quod
1224 2772 1315 2824 est
1360 2773 1540 2842 petra,
1570 2783 1699 2824 esse
1747 2764 2056 2838 Christum,
2086 2764 2225 2840 quia
2249 2763 2580 2824 intellectus
2608 2773 2806 2824 noster
2831 2787 2932 2826 ne-

511 2845 642 2922 quit
668 2865 744 2903 ex
772 2843 997 2904 duabus
1024 2845 1153 2904 istis
1181 2845 1327 2903 ideis
1359 2844 1525 2922 panis
1568 2852 1628 2904 et
1667 2843 1938 2921 eorporis,
1969 2851 2146 2920 petrae
2175 2851 2235 2902 et
2263 2843 2476 2902 Christi
2503 2844 2734 2904 unicam
2763 2845 2929 2906 effor-

512 2943 688 3000 mare,
725 2927 953 3002 cogitur
1000 2925 1077 2984 ad
1122 2925 1368 3002 figuram
1412 2943 1722 2999 recurrere,
1773 2931 1840 2983 ut
1887 2941 2092 2984 sensus
2139 2923 2478 2983 commodus
2525 2933 2585 2983 et
2632 2925 2930 2986 rationalis

508 3004 807 3064 habeatur.

594 3083 748 3140 XX.
784 3084 1051 3143 Secunda
1076 3085 1281 3160 regula
1306 3092 1397 3144 est
1426 3083 1766 3161 Augustini,
1787 3083 1890 3143 lib.
1914 3083 1996 3142 iii.
2017 3083 2088 3142 de
2113 3083 2284 3154 Doct.
2309 3083 2650 3159 Christiana,
2673 3105 2800 3161 cap.
2828 3087 2922 3144 16.

512 3163 551 3194 “
572 3161 715 3234 Quas
742 3161 959 3220 locutio
986 3163 1273 3239 flagitium
1300 3165 1397 3224 vel
1424 3163 1649 3224 facinus
1675 3163 1908 3224 videtur
1947 3163 2274 3241 praecipere,
2304 3163 2552 3240 figurata
2578 3166 2722 3239 est,''
2750 3183 2924 3242 quam

510 3241 705 3297 verbis
734 3242 1243 3300 sacramentalibus
1290 3241 1652 3318 applicand0‚
1688 3243 1943 3302 Christus
1979 3244 2141 3318 dixit,
2171 3243 2382 3321 inquit,
2417 3244 2453 3276 ‘⁴
2473 3243 2586 3302 nisi
2613 3243 2921 3303 manduca-

506 3317 711 3377 veritis
741 3317 983 3377 Carnem
1015 3320 1151 3377 Filii
1178 3321 1445 3394 hominis,
1476 3329 1537 3381 et
1563 3321 1676 3378 nisi
1703 3321 1966 3382 biberitis
1993 3323 2122 3399 ejus
2149 3323 2506 3400 sanguinem,
2537 3343 2654 3382 non
2681 3323 2922 3384 habebi-

506 3397 585 3456 tis
612 3396 795 3456 vitam
842 3397 903 3454 in
945 3397 1131 3472 vobis,
1162 3398 1393 3458 videtur
1434 3399 1641 3475 jubere
1689 3398 1990 3476 flagitium,
2023 3402 2132 3461 Est
2179 3422 2319 3479 ergo
2365 3403 2671 3480 figurata.”
2776 3403 2921 3462 Cum

506 3496 647 3555 ergo
674 3477 736 3535 in
781 3477 995 3536 literali
1040 3497 1214 3537 sensu
1256 3477 1479 3554 aliquid
1524 3478 1788 3554 occurrit,
1819 3479 1976 3556 quod
2016 3481 2114 3540 vel
2139 3483 2442 3560 praeceptis
2471 3484 2586 3542 Dei
2611 3484 2918 3543 adversum

504 3565 612 3634 est,
642 3558 738 3618 vel
769 3557 1067 3635 Majestati
1098 3557 1208 3617 Dei
1236 3566 1296 3618 et
1318 3557 1533 3617 Christi
1557 3557 1850 3634 injurium,
1883 3561 2206 3620 necessario
2247 3563 2324 3622 ad
2349 3562 2595 3640 figuram
2623 3583 2916 3622 recurren-

504 3637 661 3712 dum,
693 3638 831 3716 quia
857 3637 1099 3696 verbum
1130 3637 1243 3696 Dei
1268 3636 1413 3696 nihil
1460 3637 1674 3696 habere
1721 3647 1930 3716 potest,
1961 3641 2118 3718 quod
2144 3661 2262 3700 non
2289 3643 2599 3702 conveniat
2625 3643 2918 3703 sanctitati

502 3719 650 3796 ejus,
682 3727 741 3777 et
768 3717 924 3796 quod
951 3738 1069 3776 non
1096 3718 1299 3778 deceat
1326 3718 1451 3795 ejus
1492 3718 1854 3795 majestatem
1899 3729 1958 3779 et
2005 3721 2267 3798 gloriam.
2351 3723 2396 3782 J
2399 3742 2492 3780 am
2519 3723 2580 3782 in
2607 3723 2718 3782 hoc
2745 3743 2918 3800 argu-

502 3809 717 3875 mento,
747 3799 937 3858 dicere
965 3819 1172 3876 panem
1220 3817 1349 3857 esse
1396 3799 1697 3858 litei-aliter
1743 3819 1950 3878 corpus
2001 3801 2232 3875 Christi,
2261 3809 2324 3860 et
2349 3809 2571 3879 petram
2601 3803 2912 3877 Christum,

500 3879 634 3938 idea
660 3898 863 3958 parum
890 3879 1242 3938 couveniens
1270 3887 1329 3939 et
1356 3879 1649 3939 sanctitati
1669 3887 1728 3940 et
1748 3881 2038 3958 majestati
2057 3880 2355 3940 christiin
2383 3884 2672 3942 mentibus
2701 3883 2914 3942 nostris

500 3960 817 4036 formatur;
860 3960 923 4019 id
950 3959 1102 4018 enim
1130 3959 1342 4018 dicitur
1380 3979 1507 4018 esse
1550 3959 1831 4037 Christus,
1863 3961 2020 4039 quod
2061 3969 2152 4020 est
2186 3961 2521 4022 insensibile
2549 3971 2608 4024 et
2634 3963 2912 4022 inanima-

496 4049 639 4117 tum,
670 4049 731 4100 et
758 4059 966 4119 corpus
994 4040 1225 4117 Christi,
1255 4039 1412 4117 quod
1440 4039 1938 4100 indiscriminatim
1957 4049 2076 4100 tam
2105 4061 2141 4101 a
2160 4041 2330 4102 bonis
2356 4063 2530 4119 quam
2558 4063 2594 4101 a
2621 4043 2788 4102 malis
2815 4063 2912 4102 co·

390 4121 397 4128 ’
498 4122 767 4194 mediter,
798 4130 858 4181 et
884 4121 1202 4179 innumeris
1228 4120 1626 4180 accidentibus
1673 4122 2000 4200 exponitur,
2031 4141 2164 4198 quas
2191 4122 2298 4180 filii
2326 4121 2440 4182 Dei
2465 4123 2654 4200 gloria
2679 4124 2911 4200 penitus

500 4209 637 4260 sunt
664 4201 921 4278 indigna.
1006 4200 1218 4275 Tertia,
1248 4203 1496 4268 Quando
1542 4202 1860 4276 subjectum,
1891 4204 1963 4261 de
2009 4222 2120 4278 quo
2160 4203 2369 4280 aqitur,
2401 4224 2514 4262 non
2543 4205 2707 4262 modo
2725 4213 2914 4280 potest

480 4282 741 4357 fiyuram
788 4283 1099 4356 admittere,
1128 4284 1232 4340 sed
1274 4299 1403 4340 eam
1428 4282 1740 4340 necessario
1767 4284 2024 4357 postulat
2041 4306 2066 4355 ;
2107 4285 2246 4361 quia
2283 4292 2596 4360 conceptus
2643 4291 2703 4344 et
2730 4282 2911 4343 verba

496 4360 663 4436 sequi
708 4359 925 4420 debent
950 4381 1137 4420 rerum
1180 4370 1461 4437 naturam,
1494 4369 1553 4420 et
1596 4361 1677 4420 ad
1721 4381 1850 4422 cam
1898 4362 2314 4440 designandam
2363 4373 2729 4440 usurpantur.
2816 4363 2911 4422 Ita

494 4457 677 4515 quum
705 4438 873 4514 signo
902 4439 1071 4498 datur
1096 4461 1305 4499 nomen
1334 4441 1417 4500 rei
1444 4461 1617 4518 quam
1661 4441 1967 4519 significat,
1997 4443 2228 4520 pignori
2273 4463 2484 4503 nomen
2525 4444 2610 4502 rei
2635 4443 2712 4503 ad
2739 4443 2908 4520 cujus

498 4516 989 4576 confirmationem
1018 4519 1205 4594 datur,
1236 4527 1297 4579 et
1311 4520 1503 4579 medio
1524 4541 1734 4580 nomen
1755 4522 1854 4596 rei,
1879 4540 2054 4598 quam
2075 4525 2243 4582 nobis
2271 4524 2658 4583 communicat
2679 4546 2694 4599 ς
2737 4542 2908 4582 nemo

494 4595 725 4656 dubitat
745 4595 1066 4654 locutiones
1087 4597 1228 4656 istas
1248 4617 1375 4656 esse
1392 4597 1684 4674 figuratas,
1709 4601 1864 4678 quod
1890 4621 2002 4660 non
2027 4603 2204 4662 semel
2231 4603 2599 4678 Augustinus
2621 4603 2912 4678 observat,
