3234 5192
524 322 643 379 476
1144 332 1222 371 nn
1252 328 1734 373 summe-noxus
1763 327 1997 369 cuman
2025 326 2343 369 vamum.
2527 306 2787 390 [nrsru'r.
2819 331 2950 374 xlv.

526 485 785 537 catorum
814 475 1039 535 dicatur
1086 481 1348 533 mortuus
1396 472 1521 531 sive
1570 470 1647 530 ad
1695 490 1764 529 ea
1811 468 2126 543 liberanda,
2173 468 2278 528 sed
2314 476 2574 529 mortuus
2603 478 2692 529 est
2725 492 2845 548 pro
2875 474 2944 533 iis

523 557 747 617 scilicet
774 556 1073 633 expiandis
1100 564 1155 613 et
1180 552 1435 613 tollendis
1455 576 1475 610 .·
1517 560 1605 611 est
1624 550 1777 610 enim
1809 549 2020 627 Agnus
2050 548 2161 608 Dei
2202 548 2412 607 tollens
2449 557 2689 627 peccata
2713 553 2938 630 mundi,

519 637 565 697 J
567 638 661 696 oh.
686 638 725 696 i.
745 638 840 712 29,
864 644 925 695 et
934 635 1119 714 primo
1131 633 1399 711 apparuit
1415 640 1481 692 ut
1503 638 1742 709 peccata
1757 640 1958 689 nostra
1977 628 2224 703 tolleret,
2248 628 2401 687 Heb.
2425 629 2506 689 ix.
2527 632 2623 706 26,
2646 633 2741 707 28,
2769 632 2831 691 id
2847 645 2942 693 est

518 716 757 775 ferendo
784 715 1066 790 auferret3
1112 723 1174 774 at
1182 734 1302 790 pro
1330 714 1483 771 nobis
1510 711 1850 771 redimendis
1878 720 1932 769 et
1955 709 2244 768 salvandis
2286 718 2547 768 mortuus
2584 718 2692 769 est.
2724 711 2936 789 Itaque

516 806 790 874 peccatur
814 795 1003 853 fallac.
1032 796 1236 872 figurae
1258 792 1545 867 dictioniS,
1576 790 1744 869 quasi
1764 789 1966 849 eadem
1993 788 2278 867 particula
2303 788 2425 847 vim
2453 789 2696 849 eandem
2717 792 2936 870 ubique

518 877 793 951 obtineat,
818 895 949 934 cum
966 874 1275 933 diversitas
1304 871 1553 950 subjecti
1573 871 1869 929 diversum
1897 888 2128 929 sensum
2149 870 2422 946 postulet,
2453 877 2512 927 et
2531 889 2634 947 per
2655 890 2717 929 se
2738 880 2938 949 pateat

517 957 685 1016 aliter
721 976 835 1033 pro
862 976 929 1013 re
961 954 1076 1013 dici
1113 954 1366 1031 aliquem
1402 952 1566 1027 mori,
1597 951 1766 1009 aliter
1781 970 1900 1027 pro
1929 969 2182 1027 persona
2197 972 2223 1022 ;
2251 948 2410 1025 quod
2451 968 2525 1007 ex
2555 953 2934 1028 sequentibus

516 1036 727 1096 clarius
755 1035 945 1094 adhuc
970 1034 1235 1111 liquebit.

596 1116 777 1175 XIV.
822 1116 971 1173 Nam
1000 1114 1112 1173 etsi
1131 1112 1460 1192 praepositio
1488 1112 1632 1187 haec,
1663 1110 1917 1189 peecatis
1939 1110 2162 1189 juncta,
2195 1109 2666 1169 substitutionem
2693 1131 2810 1171 non
2839 1113 2932 1171 in-

512 1196 677 1271 ferat,
708 1216 877 1255 suum
917 1203 1111 1253 tamen
1139 1194 1268 1253 aliis
1296 1192 1495 1252 addita
1520 1190 1749 1269 pondus
1777 1211 1894 1249 non
1923 1190 2202 1268 exiguum
2221 1189 2399 1248 habet
2418 1189 2495 1249 ad
2515 1192 2930 1253 satisfactionis

512 1278 818 1336 veritatem
845 1274 1330 1352 comprobandam
1355 1296 1369 1332 z
1414 1272 1640 1349 Quippe
1667 1291 1800 1329 cum
1827 1270 2092 1330 bifariam
2135 1278 2443 1347 usurpetur
2471 1270 2668 1348 vulgo,
2698 1273 2798 1332 vel
2822 1294 2930 1351 pro

514 1360 551 1391 “
574 1376 749 1416 causa
776 1356 1057 1415 efficiente
1082 1352 1448 1431 impulsiva,”
1478 1350 1651 1411 Rom.
1692 1371 1793 1409 xv.
1825 1352 1881 1427 9,
1916 1353 1951 1384 “
1970 1358 2035 1410 ut
2053 1350 2274 1409 Gentes
2305 1355 2334 1409 ὁ
2381 1349 2396 1370 “
2451 1350 2608 1417 ἐλέους
2636 1372 2740 1430 pro
2757 1354 2928 1413 mise-

508 1437 761 1497 ricordia
788 1456 893 1495 sua
922 1436 1113 1493 Deum
1141 1432 1523 1511 glorificent,”
1554 1440 1613 1491 et
1656 1431 1807 1490 Phil.
1837 1430 1898 1489 ii.
1933 1433 2024 1505 13,
2060 1432 2096 1464 ‘⁴
2120 1430 2282 1489 Deus
2331 1450 2362 1489 e
2426 1431 2504 1489 cit
2531 1432 2684 1491 velle
2711 1441 2772 1492 et
2798 1453 2928 1511 per-

512 1518 685 1576 ficere
714 1518 833 1597 ὑπὲξ
854 1542 937 1581 της
964 1513 1178 1579 εὐδικίας
1222 1534 1323 1592 pro
1368 1511 1790 1588 beneplacit0,”
1840 1511 1937 1570 vel
1978 1530 2082 1588 pro
2114 1512 2148 1543 “
2170 1510 2388 1585 finali,’'
2437 1517 2506 1569 ut
2547 1511 2591 1570 J
2593 1511 2688 1571 oh.
2719 1512 2798 1571 vi.
2829 1516 2927 1573 51.

517 1599 555 1629 “
578 1596 725 1656 Caro
754 1616 883 1655 mea
900 1604 989 1655 est
1006 1614 1179 1672 quam
1200 1593 1350 1653 dabo
1374 1595 1494 1673 ὑπὲς
1520 1596 1604 1657 τῖς
1625 1598 1714 1651 τοῦ
1737 1590 1926 1667 κδηιιου
1944 1592 2066 1669 ζαῗίς
2089 1608 2191 1667 pro
2219 1590 2421 1649 mundi
2443 1589 2621 1666 vita,’'
2649 1592 2744 1651 hic
2773 1593 2928 1651 enim

510 1676 685 1753 hujus
714 1675 1040 1734 donationis
1067 1673 1199 1732 finis
1228 1682 1317 1733 est
1344 1675 1487 1732 citra
1513 1671 1966 1730 controversiam
1987 1692 2004 1747 3
2048 1670 2326 1730 alterutra
2354 1670 2702 1748 significatio
2729 1672 2926 1732 locum

510 1756 723 1814 habeat
749 1755 844 1812 hic
871 1773 1107 1812 necesse
1134 1760 1241 1811 est.
1290 1751 1676 1811 Posteriorem
1702 1752 1969 1810 nonnulli
1990 1758 2310 1829 sequuntur
2337 1750 2420 1809 ita
2446 1758 2512 1809 ut
2529 1771 2646 1828 pro
2675 1754 2928 1828 peccatis

510 1836 663 1893 idem
695 1834 771 1893 sit
798 1854 865 1892 ac
886 1853 989 1910 pro
1018 1833 1337 1909 captatione
1352 1840 1736 1909 peccatorum.
1785 1830 1902 1891 Sed
1929 1832 2066 1907 quia
2092 1850 2210 1889 non
2239 1830 2380 1890 satis
2401 1830 2634 1890 videtur
2665 1832 2925 1909 Scriptu-

508 1936 589 1974 rae
616 1914 810 1992 phrasi
854 1913 1180 1987 convenire,
1212 1932 1346 1970 nam
1386 1931 1573 1988 neque
1614 1919 1852 1988 peccata
1893 1918 2089 1969 nostra
2135 1918 2194 1969 et
2238 1911 2494 1988 expiatio
2533 1930 2732 1971 eorum
2787 1922 2928 1973 sunt

508 1995 679 2068 idem,
706 1994 810 2053 sed
837 1993 1068 2071 penitus
1096 1992 1329 2051 diversa
1354 2000 1555 2069 utpote
1584 1991 1912 2067 subjectum
1957 1998 2015 2050 ct
2052 1989 2322 2050 accidens
2367 1990 2542 2065 illius,
2583 2011 2771 2069 neque
2799 1993 2922 2071 sig-

505 2074 760 2134 nificatio
814 2074 940 2133 haec
962 2073 1202 2132 seorsim
1232 2081 1460 2150 sumpta
1478 2071 1599 2130 ullo
1623 2070 1933 2148 Scripturae
1953 2090 2065 2131 usu
2093 2071 2474 2131 demonstrari
2491 2072 2736 2148 poterit;
2777 2072 2924 2131 Ideo

506 2154 876 2215 Commodior
922 2172 1127 2213 sensus
1175 2154 1321 2213 alter
1364 2161 1429 2212 ut
1480 2152 1674 2213 Causa
1701 2153 1935 2225 efficiens
1982 2152 2278 2228 impulsiva
2325 2160 2380 2209 et
2401 2152 2695 2210 mer-{toria
2721 2153 2924 2212 mortis

502 2236 717 2295 Christi
735 2234 1107 2312 significetur,
1132 2254 1267 2292 nam
1285 2253 1417 2293 cum
1437 2240 1647 2310 agatur
1660 2231 1733 2290 de
1755 2252 1946 2309 poena,
1962 2238 2200 2309 peccata
2221 2250 2420 2307 poenae
2443 2250 2618 2291 causa
2633 2250 2752 2291 non
2768 2241 2920 2310 sunt,

494 2315 609 2375 nisi
636 2336 739 2392 per
759 2314 995 2372 modum
1005 2314 1195 2372 meriti
1216 2336 1231 2389 ς
1257 2313 1340 2371 sic
1382 2312 1536 2389 apud
1554 2311 1724 2386 Lati„
1757 2312 1957 2371 Cicero
1983 2314 2018 2345 ‘⁶
2035 2311 2236 2371 ulcisci
2263 2330 2368 2388 pro
2386 2310 2630 2389 injuriis,
2645 2311 2929 2390 supplicia

498 2414 603 2472 pro
632 2394 931 2452 maleficiis
972 2393 1267 2450 metuere''
1309 2392 1459 2450 dixit
1486 2413 1501 2465 3
1556 2391 1799 2449 Plautus
1831 2393 1866 2424 “
1888 2392 2171 2468 castigare
2190 2410 2294 2467 pro
2322 2391 2656 2451 commerita
2683 2411 2839 2451 noxa
2858 2394 2920 2469 3²⁹

498 2473 807 2532 Terentius
837 2474 873 2506 “
890 2490 995 2548 pro
1024 2471 1195 2529 dictis
1222 2479 1281 2529 et
1300 2470 1468 2529 factis
1497 2470 1758 2529 ulcisci.’'
1787 2470 1948 2529 Trita
1965 2472 2139 2530 etiam
2161 2478 2249 2529 est
2275 2470 2502 2548 phrasis
2523 2470 2830 2549 Scriptum
2851 2482 2924 2533 ut

497 2552 832 2631 sam-’ficium
850 2571 967 2627 pro
988 2560 1220 2626 peccato
1248 2550 1487 2624 dicatur,
1523 2550 1561 2608 i.
1591 2569 1642 2608 e.
1673 2550 1748 2607 ob
1769 2558 2070 2627 peccatum
2091 2558 2495 2628 perpetratum,
2516 2559 2582 2610 ut
2603 2552 2918 2629 saepissime

496 2634 609 2692 hoc
631 2632 881 2691 occurrit
906 2630 1062 2708 apud
1082 2631 1307 2690 Mosem
1328 2638 1388 2689 et
1414 2630 1732 2707 praesertim
1757 2630 1898 2689 Lev.
1921 2630 2001 2689 vi.
2022 2653 2038 2707 3
2064 2631 2146 2690 sic
2172 2634 2208 2664 “
2225 2630 2409 2689 mori'’
2428 2640 2489 2691 et
2512 2633 2549 2665 “
2571 2631 2790 2710 perpeti
2810 2652 2919 2710 pro

497 2712 784 2792 peccatis''
818 2712 909 2770 vel
951 2718 1185 2789 propter
1210 2716 1449 2788 peccata
1476 2730 1553 2769 ex
1580 2710 1736 2787 stylo
1779 2710 2026 2787 Spiritus
2064 2711 2124 2771 S.
2163 2720 2253 2769 est
2281 2710 2473 2771 subire
2511 2732 2578 2771 ac
2606 2711 2763 2771 luere
2789 2732 2914 2790 poe-

499 2814 634 2853 nam
663 2801 722 2853 et
748 2794 982 2874 τιμυςίιι
1008 2792 1249 2869 peccati,
1298 2791 1442 2849 Lev.
1474 2791 1641 2850 xxvi.
1689 2792 1779 2863 18,
1812 2792 1908 2866 28,
1935 2791 2109 2850 Deut.
2154 2792 2321 2849 xxiv.
2356 2793 2448 2866 16,
2508 2795 2543 2850 2
2567 2792 2714 2869 Reg.
2743 2793 2914 2852 xxiii.

498 2878 595 2935 26.
682 2874 760 2933 Et
807 2894 901 2933 res
940 2868 1068 2951 ip‘sa
1108 2872 1171 2931 id
1211 2870 1427 2931 evincit
1450 2892 1464 2947 ;
1508 2890 1644 2930 nam
1687 2879 1925 2948 peccata
1971 2880 2170 2931 nostra
2211 2879 2497 2948 quatenus
2531 2892 2604 2931 ex
2653 2872 2700 2931 J
2699 2872 2916 2932 nstitiae

497 2955 711 3014 divinae
734 2954 925 3033 rigore
954 2962 1196 3013 mortem
1224 2952 1610 3026 merebantur,
1645 2951 1938 3010 Christum
1965 2960 2273 3010 moverunt
2301 2962 2368 3011 ut
2396 2971 2457 3010 se
2482 2962 2604 3030 ‘pro
2631 2952 2798 3011 nobis
2826 2952 2914 3011 of·
3001 2978 3016 2993 ·

495 3035 671 3096 ferret
698 3043 756 3094 et
783 3055 1011 3113 poenam
1041 3033 1295 3111 peccatis
1322 3032 1537 3092 nostris
1563 3031 1822 3091 debitam
1851 3032 1910 3089 in
1939 3051 2002 3091 se
2027 3032 2326 3109 reciperet,
2359 3051 2467 3090 nec
2510 3052 2654 3091 vero
2683 3032 2914 3093 ostendi

493 3116 708 3192 poterit
734 3115 957 3191 uspiam
986 3134 1161 3173 voces
1187 3114 1330 3173 istas
1351 3114 1417 3171 ob
1430 3122 1685 3189 peccata,
1709 3112 1805 3171 vel
1817 3121 2062 3189 propter
2077 3122 2334 3189 peccata,
2345 3132 2462 3188 pro
2481 3112 2744 3188 peccatis,
2767 3133 2916 3190 prae-

494 3195 693 3253 sertim
712 3194 811 3251 ubi
822 3194 991 3251 morti
1002 3205 1060 3252 et
1070 3194 1435 3269 passionibus
1447 3194 1792 3269 junguntur,
1813 3192 1981 3251 aliter
1998 3192 2146 3251 sumi
2164 3193 2224 3250 in
2239 3192 2534 3270 Scriptura
2545 3212 2719 3270 quam
2730 3192 2791 3251 in
2802 3194 2916 3253 hoc

492 3273 680 3331 meriti
702 3272 1047 3347 significatu.
1080 3272 1229 3331 Nam
1246 3272 1357 3331 etsi
1372 3272 1641 3330 daremus
1651 3272 1898 3349 priorem
1909 3272 2296 3348 significatum
2315 3272 2540 3350 respici,
2564 3292 2680 3331 non
2698 3273 2913 3331 intelli-

494 3352 557 3429 gi
574 3357 772 3428 posset
781 3361 975 3409 tamen
997 3352 1235 3409 seorsim
1259 3351 1383 3409 sine
1403 3352 1707 3427 posteriori
1722 3352 1832 3409 hac
1849 3352 2029 3427 σχίσει,
2054 3352 2336 3430 siquidem
2349 3372 2642 3429 nunquam
2665 3352 2916 3413 finaliter

492 3452 597 3509 pro
628 3429 957 3507 expiatione
986 3438 1044 3487 et
1064 3430 1376 3489 abolitione
1404 3438 1770 3507 peccatorum
1797 3440 2059 3490 mortuus
2087 3440 2256 3508 esset,
2301 3432 2415 3491 nisi
2451 3442 2688 3510 peccata
2735 3452 2912 3493 causa

494 3512 740 3571 fuissent
768 3509 1079 3589 impulsiva
1106 3518 1165 3569 et
1192 3509 1483 3569 meritoria
1509 3509 1796 3587 ejusmodi
1823 3511 2172 3587 passionum.
2221 3513 2506 3573 Caeterum
2535 3512 2644 3572 etsi
2671 3521 2912 3590 peccata

493 3601 693 3653 nostra
718 3589 1111 3650 intercedente
1139 3598 1303 3649 reatu
1330 3598 1573 3649 mortem
1601 3600 1963 3669 mereantur;
2009 3612 2183 3651 causa
2205 3600 2396 3652 tamen
2418 3592 2732 3670 impulsiva
2755 3612 2909 3651 mor·

492 3674 569 3734 tis
600 3672 817 3732 Christi
846 3678 1176 3730 statuuntur
1204 3690 1321 3729 non
1348 3669 1613 3730 absolute
1641 3690 1709 3729 ac
1751 3691 1854 3748 per
1881 3690 1944 3731 se
1994 3692 2094 3731 seu
2122 3673 2184 3731 vi
2226 3692 2332 3732 sua
2359 3680 2624 3750 respectu
2673 3673 2922 3750 Christi,-

492 3754 637 3812 nihil
666 3753 818 3813 enim
850 3760 1147 3830 peccatum
1170 3750 1231 3808 in
1259 3750 1449 3828 ipsum
1475 3751 1666 3829 potuit
1685 3751 1787 3828 qui
1814 3750 1925 3811 fuit
1942 3752 2355 3829 sanctissimus,
2387 3753 2493 3812 sed
2512 3772 2616 3831 per
2637 3752 2909 3813 accidens

492 3834 887 3895 concurrentis
914 3831 1117 3910 gratiae
1141 3831 1270 3908 Dei,
1302 3840 1361 3890 et
1388 3831 1796 3891 misericordiae
1839 3832 2055 3892 Christi
2103 3852 2242 3910 erga
2269 3852 2393 3907 nos,
2442 3852 2558 3910 qua
2603 3833 2812 3892 vadem
2840 3853 2906 3893 se

489 3936 595 3993 pro
622 3933 795 3993 poena
814 3920 1051 3991 peccato
1074 3912 1271 3971 debita
1296 3912 1562 3971 exhibuit
1578 3922 1854 3990 tanquam
1883 3932 2126 3990 sponsor
2145 3921 2204 3971 et
2225 3914 2508 3972 mediator
2529 3913 2602 3972 N.
2623 3913 2712 3990 ⁷1¹„
2747 3913 2904 3973 Heb.

490 3996 591 4053 vii.
623 4000 719 4069 22,
751 4004 809 4054 et
836 3994 917 4052 ix.
953 3996 1046 4052 15.
1131 3992 1329 4070 Atque
1356 3992 1493 4051 hinc
1532 4012 1650 4051 non
1693 3993 1938 4052 obscure
1986 3992 2282 4070 colligitur
2327 3992 2485 4070 quod
2532 3993 2904 4053 intendimus.

492 4076 643 4135 Nam
692 4078 740 4134 si
780 4084 1014 4153 propter
1059 4082 1299 4151 peccata
1346 4072 1559 4132 dicitur
1600 4092 1823 4151 passus,
1876 4073 1913 4132 i.
1945 4093 1994 4133 e.
2019 4073 2250 4131 illorum
2295 4072 2576 4132 demerito
2625 4082 2683 4132 et
2719 4082 2901 4149 reatu,

489 4170 684 4216 reatus
712 4164 906 4215 autem
934 4154 1032 4213 ille
1062 4154 1186 4213 sive
1215 4153 1557 4213 demeritum
1585 4154 1662 4212 ad
1689 4163 1930 4212 mortem
1948 4153 2220 4239 xobligare
2249 4172 2381 4211 eum
2409 4172 2528 4211 non
2553 4153 2760 4230 potuit,
2783 4153 2901 4212 nisi

462 4236 550 4313 ‚in
578 4245 857 4314 quantum
886 4235 999 4313 ipsi
1026 4244 1299 4312 tanquam
1327 4234 1466 4292 vadi
1492 4254 1568 4293 ex
1598 4234 1798 4293 ordine
1829 4232 1941 4291 Dei
1967 4233 2312 4310 imputatum
2343 4240 2448 4309 est,
2481 4232 2681 4310 utique
2702 4233 2906 4311 nequit

488 4316 751 4376 Christus
778 4316 889 4374 hoc
918 4336 1091 4375 sensu
1118 4335 1323 4393 passus
1371 4314 1547 4373 fuisse
1574 4334 1681 4392 pro
1729 4314 1981 4391 peccatis
2027 4313 2256 4389 nostris,
2289 4314 2429 4390 quin
2467 4313 2765 4372 moriendo
2793 4332 2901 4390 pro

484 4396 653 4455 nobis
680 4396 839 4455 vices
865 4405 1092 4455 nostras
1140 4392 1494 4471 sustinuerit,
1535 4404 1595 4455 et
1631 4394 1781 4453 hanc
1819 4414 1982 4455 suam
2029 4392 2374 4472 passionem,
2426 4413 2556 4471 quse
2578 4412 2751 4471 poena
2790 4392 2904 4453 fuit

484 4474 652 4533 nobis
680 4474 893 4548 debita,
921 4475 1051 4533 loco
1080 4485 1277 4535 nostro
1304 4474 1528 4534 adierit.

566 4554 712 4611 XV.
758 4552 978 4611 Nolunt
1004 4560 1197 4613 tamen
1226 4576 1351 4614 eam
1381 4555 1475 4613 hic
1496 4574 1810 4631 agnoscere
1832 4553 2166 4629 adversarii,
2197 4562 2257 4614 et
2283 4554 2344 4612 in
2373 4572 2574 4613 omnes
2603 4552 2816 4613 formas
2833 4572 2900 4614 se

481 4641 719 4693 vertunt
747 4641 810 4690 ut
852 4632 1079 4707 pondus
1120 4633 1287 4692 istius
1328 4634 1654 4709 argumenti
1697 4654 2040 4711 quacunque
2085 4632 2319 4693 tandem
2365 4634 2588 4693 ratione
2630 4634 2899 4694 elevent:
