3234 5192
301 356 533 399 msrur.
563 334 698 419 xv.]
914 352 993 391 ns
1022 352 1499 397 sursncrroms
1527 355 1766 397 cnms'rr
1795 357 2114 399 vem-rna.
2449 361 2454 365 ·
2593 340 2711 425 515

296 497 489 577 posita
516 502 621 571 est,
646 512 761 571 quo
790 512 965 555 sensu
989 502 1289 571 peccatum
1318 494 1443 573 ipse
1472 494 1685 555 dicitur
1711 496 1935 574 factus;
1968 498 2112 559 alias
2141 498 2192 559 si
2231 500 2356 557 haec
2380 498 2460 561 ad
2487 500 2708 577 simpli-

298 598 425 637 cem
452 575 799 635 ablationem
823 572 1139 649 referimus,
1172 574 1283 633 sibi
1303 576 1428 633 haec
1450 574 1566 635 duo
1593 596 1712 633 non
1739 577 2185 655 respondebunt,
2216 582 2446 652 auser-re
2468 588 2710 655 peccata

296 666 358 717 et
385 675 511 717 esse
534 660 702 733 χωρὶς
724 657 1017 731 ἁμαρτίας.
1052 654 1149 715 Sic
1178 674 1316 731 ergo
1344 654 1519 731 priori
1541 655 1836 733 adventui,
1860 677 1974 735 quo
1996 657 2233 717 advenit
2259 678 2386 717 sese
2409 654 2708 723 oblaturus

299 737 486 796 omnis
514 734 863 795 infirmitatis
891 742 949 793 et
976 734 1197 811 peccati
1224 754 1428 810 poenae,
1454 744 1700 813 excepta
1716 736 1842 813 ejus
1869 736 2018 811 labe,
2051 758 2222 797 onere
2250 737 2574 815 depressus,
2605 758 2707 817 op-

294 818 531 896 ponitur
556 814 839 893 posterior
865 834 979 891 quo
1022 813 1260 873 advenit
1302 814 1666 891 gloriossimo
1705 818 2083 895 triumphans,
2113 838 2230 877 non
2258 824 2324 877 ut
2353 838 2477 877 sese
2499 818 2708 880 iterum

297 897 501 957 offerat
528 916 635 955 nec
662 894 784 955 ulla
810 893 1139 954 infirmitate
1168 895 1265 953 vel
1291 894 1672 971 languoribus
1691 886 2088 972 circundatus,
2119 897 2222 965 sed
2249 898 2456 977 plenus
2484 898 2703 975 gloriae,

293 986 371 1053 et,
418 977 596 1037 semel
624 974 851 1053 abjecto
897 974 1000 1031 illo
1026 982 1393 1051 peccatorum
1438 984 1766 1035 nostrorum
1810 976 1922 1037 sibi
1949 977 2347 1055 impositorum
2394 998 2584 1053 onere,
2632 978 2706 1035 ad

296 1054 813 1115 consummandum
856 1074 1002 1131 opus
1047 1053 1251 1113 salutis
1296 1054 1358 1111 in
1404 1054 1675 1115 fidelibus
1722 1056 1842 1117 suis
1865 1078 1880 1133 ς
1929 1056 2211 1116 Caeterum
2260 1078 2378 1117 non
2425 1077 2707 1134 negamus

297 1137 453 1195 hunc
482 1136 655 1194 etiam
684 1134 861 1193 fuisse
888 1134 1061 1191 finem
1093 1133 1321 1192 Christo
1349 1135 1706 1211 propositum
1755 1146 1814 1195 et
1839 1137 2042 1197 mortis
2071 1136 2337 1197 effectum
2365 1147 2431 1198 ut
2457 1136 2708 1207 auferret

296 1224 551 1295 peccata,
583 1213 741 1291 quod
760 1222 992 1273 notatur
1008 1232 1129 1271 ver.
1160 1216 1255 1288 26,
1286 1213 1387 1271 ubi
1416 1213 1628 1273 dicitur
1682 1234 1808 1275 sese
1837 1217 2016 1275 semel
2053 1217 2333 1280 obtulisse
2375 1220 2445 1285 εἰς
2474 1217 2707 1283 ἀθέτησιν

299 1296 591 1373 &uaga-iac,
624 1293 727 1353 sed
774 1292 1121 1351 ablationem
1150 1292 1308 1351 illam
1332 1296 1654 1355 necessario
1682 1294 1956 1355 lationem
1984 1297 2238 1375 aliquam
2269 1296 2704 1369 antecedentem

300 1394 621 1451 supponere
650 1392 725 1431 ex
753 1392 869 1449 qua
912 1372 1159 1449 pendeat
1207 1373 1617 1451 pertendimus,
1649 1394 1942 1453 nunquam
1992 1377 2146 1435 enim
2174 1376 2394 1435 auferre
2423 1376 2708 1453 potuisset

296 1474 403 1533 per
430 1454 909 1512 condonationem
926 1461 997 1510 ‘et
1023 1451 1393 1512 abolitionem
1424 1453 1537 1513 nisi
1560 1454 1723 1533 prius
1746 1476 1814 1513 ea
1841 1455 2070 1517 tulisset
2089 1476 2194 1535 per
2223 1455 2704 1517 Satisfactionem.

302 1533 510 1611 Itaque
539 1553 665 1604 sese
707 1532 917 1591 obtulit
960 1541 1025 1591 ut
1068 1530 1242 1591 ferret
1283 1542 1537 1611 peccata,
1586 1542 1646 1593 e't
1672 1534 1876 1595 eadem
1903 1536 2038 1594 tulit
2063 1544 2128 1597 ut
2158 1535 2423 1595 auferret.
2506 1535 2706 1612 Atque

298 1614 435 1671 hinc
464 1620 637 1691 patet,
668 1612 777 1673 etsi
806 1612 1069 1671 nonnulli
1099 1612 1453 1689 Interpretes
1472 1614 1584 1673 hoc
1610 1614 1672 1672 in
1701 1615 1830 1675 loco
1857 1624 2094 1678 utantur
2113 1636 2258 1676 voce
2283 1616 2586 1690 auferendi
2608 1615 2709 1673 vel

300 1694 676 1753 exhauriendi
699 1699 949 1769 peccata,
974 1712 1090 1751 non
1120 1702 1313 1751 tamen
1340 1713 1439 1752 eos
1466 1692 1778 1755 excludere
1817 1695 1921 1757 sed
1948 1695 2241 1757 includere
2265 1696 2456 1773 potius
2485 1702 2543 1755 et
2572 1714 2706 1773 sup·

298 1794 512 1851 ponere
560 1772 978 1851 praecedentem
1004 1772 1297 1849 lationem,
1350 1774 1473 1833 sine
1523 1793 1640 1853 qua
1665 1776 1906 1836 remotio
1935 1776 2036 1835 illa
2064 1775 2310 1835 obtineri
2339 1795 2455 1835 non
2483 1774 2705 1853 potuit3

299 1853 641 1930 Quanquam
670 1872 856 1929 neque
884 1872 1083 1911 omnes
1110 1854 1193 1913 ita
1212 1853 1623 1930 reddiderunt;
1673 1855 1857 1931 Syrus
1924 1856 2054 1915 lane
2077 1855 2154 1915 ad
2179 1864 2430 1915 mentem
2451 1864 2702 1914 nostram

302 1934 417 1991 “in
440 1934 628 2011 seipso
649 1933 927 1991 mactavit
952 1933 1263 1991 multorum
1291 1942 1530 2011 peccata
1547 1935 1599 2009 ;’'
1620 1935 1664 1994 J
1669 1934 1855 2009 unius,
1937 1955 2056 2012 eza,
2091 1938 2215 1995 “ut
2241 1933 2302 1993 in
2324 1935 2513 2013 seipso
2536 1934 2708 1995 attol-

298 2012 445 2073 leret
482 2010 799 2073 'multorum
827 2014 1115 2089 peccata,''
1138 2012 1450 2071 alludendo
1472 2012 1547 2071 ad
1574 2012 1904 2073 holocausti
1929 2014 2136 2089 ritum;
2181 2014 2437 2073 Theod0.
2462 2013 2536 2072 ad
2553 2015 2709 2074 hunc

298 2092 491 2151 locum
521 2092 751 2169 optime,
786 2094 822 2124 ‘⁶
842 2091 1105 2151 Christus
1136 2091 1421 2149 Dominus
1449 2111 1553 2169 pro
1574 2091 1745 2151 nobis
1773 2092 1952 2151 semel
1973 2093 2201 2152 oblatus
2233 2094 2447 2152 nostris
2475 2112 2706 2169 suscep·

300 2174 377 2231 tis
438 2172 705 2230 eccatis.'’

382 2192 677 2310 2122(le
725 2248 894 2323 Quod
920 2267 1077 2323 vero,
1110 2252 1145 2307 2
1177 2291 1191 2307 .
1218 2248 1368 2325 1000,
1416 2248 1764 2309 cavillantur
1791 2249 1862 2309 de
1891 2249 2294 2327 praepositione
2323 2248 2405 2309 In
2433 2270 2562 2327 quae
2591 2270 2708 2309 non

298 2350 417 2389 non
444 2330 605 2389 aliud
630 2329 726 2388 hic
756 2328 1041 2406 significet
1068 2348 1241 2406 quam
1259 2349 1372 2405 per
1392 2349 1467 2387 ex
1484 2329 1777 2391 idiotismo
1809 2331 2207 2409 Hebraeorum,
2231 2351 2390 2391 mera
2405 2330 2706 2409 vitilitiga-

300 2411 384 2469 tio
412 2418 501 2469 est
526 2432 541 2469 ι
576 2414 625 2468 1.
658 2409 786 2467 Etsi
817 2416 1035 2467 certum
1064 2408 1141 2468 sit
1162 2410 1315 2487 apud
1347 2410 1628 2469 Hebraeos
1659 2430 2072 2489 nonnunquam
2101 2410 2182 2471 ita
2211 2412 2378 2487 sumi,
2408 2430 2584 2491 quare
2612 2411 2709 2469 hic

302 2510 432 2549 eum
458 2509 687 2549 sensum
709 2498 937 2565 urgent,
968 2490 1066 2549 vel
1094 2508 1208 2567 quo
1232 2484 1578 2567 'argumento
1628 2493 2020 2571 usurpandum
2049 2511 2176 2551 esse
2204 2492 2491 2565 evincent,
2522 2490 2706 2568 profe-

294 2580 427 2630 rant
447 2571 544 2629 vel
569 2590 749 2629 unum
782 2569 1092 2647 Scripturas
1126 2570 1317 2634 locum
1348 2571 1449 2630 ubi
1478 2571 1744 2651 &rapietur
1771 2575 1818 2631 ἐν
1845 2595 1920 2649 τῳ
1952 2575 2161 2642 σώματι
2189 2571 2261 2631 de
2289 2572 2580 2631 ablatione
2607 2592 2710 2649 per

300 2670 509 2729 corpus
538 2650 977 2727 intelligendum
1008 2650 1100 2725 sit,
1132 2670 1325 2711 annon
1364 2671 1505 2709 vero
1548 2651 1724 2729 longe
1752 2653 1960 2713 melius
1989 2652 2116 2711 fluit
2145 2672 2348 2711 sensus
2377 2651 2428 2711 si
2455 2652 2707 2727 proprie-

299 2739 479 2791 tatem
507 2731 669 2789 vocis
690 2730 1041 2789 retineamus
1068 2730 1288 2789 nullam
1316 2731 1513 2789 verbis
1540 2730 1662 2789 vim
1703 2731 2020 2802 inferendO,
2051 2732 2302 2789 maxime
2332 2750 2462 2789 cum
2491 2730 2554 2788 id
2582 2730 2705 2789 exi-

300 2819 444 2889 gant
487 2812 665 2869 verba
694 2809 1026 2887 sequentia3
1072 2828 1205 2867 nam
1250 2810 1303 2869 si
1330 2829 1493 2869 mens
1526 2810 1989 2869 adversariorum
2013 2809 2307 2885 sequenda
2334 2818 2502 2883 esset,
2533 2828 2704 2885 quor·

302 2909 430 2949 sum
460 2889 766 2947 adderetur
812 2889 870 2947 in
918 2889 1145 2963 lignum,
1197 2888 1353 2964 quod
1402 2896 1595 2946 tamen
1639 2890 1750 2947 hoc
1797 2890 1856 2946 in
1887 2890 2015 2947 loco
2059 2888 2206 2945 tanti
2235 2896 2324 2945 est
2350 2887 2620 2963 ponderis
2649 2896 2707 2947 et

300 2968 568 3027 efficaciae
590 2975 655 3027 ut
681 2966 1061 3043 cogitationes
1089 2975 1317 3042 nostras
1344 2966 1420 3025 ad
1448 2986 1676 3025 crucem
1699 2968 1886 3027 trahat
1909 2975 1967 3025 et
1993 2966 2203 3025 factam
2233 2966 2312 3023 ibi
2343 2974 2706 3042 pcccatorum

300 3047 691 3124 expiationem
730 3045 938 3103 inferat
964 3048 993 3103 ?
1032 3065 1307 3121 quorsum
1349 3045 1661 3121 subjiceret
1707 3066 1820 3121 per
1857 3046 2054 3105 vibices
2087 3048 2202 3121 ejus
2241 3066 2343 3105 nos
2383 3065 2496 3105 esse
2537 3066 2708 3105 sana-

301 3136 403 3201 ιοε,
446 3125 603 3203 quod
642 3125 847 3203 plagas
889 3132 947 3183 et
986 3125 1230 3183 vulnera
1273 3144 1403 3201 quae
1434 3124 1664 3183 Christo
1694 3134 1758 3183 ut
1783 3146 1943 3183 servo
1985 3124 2204 3184 inflicta
2232 3134 2368 3185 sunt
2402 3126 2705 3185 manifeste

300 3216 465 3266 notat
493 3205 567 3265 ad
598 3224 783 3283 poenae
810 3203 1083 3263 lationem
1106 3206 1135 3263 ⁴?
1176 3209 1231 3263 2.
1284 3204 1628 3279 Quanquam
1672 3204 1938 3265 daremus
1966 3224 2136 3283 posse
2167 3205 2345 3264 verba
2360 3226 2476 3283 per
2502 3228 2706 3283 corpus

301 3286 451 3345 verti
491 3305 608 3343 non
650 3284 710 3342 in
754 3303 1007 3361 corpore,
1051 3284 1197 3342 nihil
1238 3282 1373 3342 inde
1415 3292 1617 3343 contra
1671 3304 1777 3345 nos
1818 3306 1922 3363 pro
1973 3284 2344 3346 Adversariis
2399 3286 2531 3347 elici
2571 3308 2702 3365 pos-

300 3376 405 3443 set,
454 3366 569 3425 imo
616 3386 735 3425 non
775 3364 967 3423 minus
1006 3363 1175 3423 nobis
1220 3364 1506 3439 faverent,-
1546 3385 1664 3442 quo
1691 3366 1846 3425 enim
1915 3385 2090 3427 sensu
2136 3366 2370 3425 tandem
2419 3366 2707 3427 diceretur

300 3448 565 3507 Christus
606 3446 891 3506 abstulisse
920 3464 1035 3521 per
1074 3465 1277 3521 corpus
1316 3445 1429 3503 nisi
1470 3446 1532 3503 in
1573 3447 1816 3524 corpore
1849 3444 1977 3525 ipso
2018 3444 2442 3523 quodammodo
2479 3456 2702 3524 gestas-

300 3531 433 3587 set?
478 3528 647 3586 Alias
676 3526 725 3585 si
744 3524 1031 3585 sententia
1074 3525 1330 3603 ipsorum
1358 3524 1662 3585 retinenda
1688 3534 1856 3602 esset,
1884 3534 2235 3605 sequeretur,
2268 3527 2560 3585 Christum
2587 3548 2704 3587 non

298 3607 472 3665 modo
499 3616 736 3683 peccata
762 3624 865 3683 per
892 3623 1103 3681 corpus
1128 3612 1186 3665 et
1206 3624 1379 3683 super
1404 3606 1628 3683 lignum
1650 3607 1979 3681 abstulisse,
2009 3606 2112 3667 sed
2137 3626 2212 3665 ne
2241 3606 2548 3665 abstulisse
2578 3607 2704 3685 qui-

300 3686 451 3762 dem,
473 3705 608 3743 nam
636 3686 686 3745 si
714 3684 1031 3746 secundum
1059 3705 1159 3745 eos
1186 3685 1493 3745 abstulisse
1522 3696 1746 3746 tantum
1769 3686 1980 3747 dicitur
2006 3694 2289 3763 quatenus
2318 3687 2580 3765 doctrina
2601 3707 2707 3745 sua

300 3766 455 3824 viam
485 3765 830 3823 monstravit
856 3784 973 3840 qua
1000 3785 1035 3822 a
1076 3766 1329 3843 peccatis
1376 3765 1688 3825 liberemur
1714 3775 1780 3826 ut
1835 3768 1918 3825 sic
1958 3786 2028 3825 ea
2081 3786 2117 3825 a
2159 3766 2328 3825 nobis
2371 3767 2705 3825 auferantur

300 3855 359 3905 et
386 3844 767 3919 remittantur,
814 3844 945 3921 quis
986 3864 1105 3903 non
1152 3844 1315 3904 videt
1354 3865 1426 3903 ne
1455 3846 1764 3907 abstulisse
1792 3845 2043 3923 quidem,
2075 3866 2206 3905 cum
2234 3845 2518 3903 innumeri
2547 3847 2702 3905 viam

300 3925 461 3984 illam
490 3944 605 3982 non
628 3932 957 4002 sequantur,
988 3944 1096 3984 nec
1124 3925 1198 3983 ab
1226 3924 1297 3983 iis
1324 3925 1643 3985 liberentur
1661 3929 1690 3985 Ῥ
1731 3946 1804 3985 ne
1845 3945 1999 3985 nunc
2027 3925 2302 3998 dicamus,
2335 3924 2407 3983 de
2435 3926 2704 3987 omnibus

300 4005 402 4081 qui
444 4004 723 4080 martyrio
772 4014 1117 4063 coronantur
1160 4023 1331 4081 posse
1360 4004 1475 4064 dici
1501 4006 1718 4085 pariter
1743 4026 1843 4065 eos
1870 4015 2108 4083 peccata
2134 4005 2372 4077 auferre,
2404 4004 2542 4081 quia
2568 4005 2704 4065 doc·

300 4084 509 4143 trinam
538 4084 699 4141 illam
728 4084 1010 4161 sanguine
1038 4084 1379 4143 confirmant
1405 4105 1535 4160 quae
1576 4086 1858 4144 rationem
1888 4085 2140 4145 ostendit
2168 4084 2476 4145 ablationis
2502 4105 2705 4162 pecca·

299 4174 490 4223 torum
519 4172 579 4221 et
604 4163 963 4224 liberationis
990 4164 1065 4223 ab
1094 4163 1299 4223 iisdem
1323 4185 1337 4239 ;
1361 4164 1517 4241 quod
1546 4175 1740 4225 tamen
1766 4184 1954 4243 neque
1983 4163 2135 4223 dixit
2162 4183 2416 4240 unquam
2449 4164 2704 4243 Scriptu-

296 4264 379 4312 ra,
408 4263 597 4320 neque
626 4244 742 4303 dici
771 4264 901 4303 cum
928 4244 1150 4303 ratione
1176 4252 1385 4320 potest.

381 4324 713 4383 XXXIII.
760 4323 860 4382 Ad
915 4328 1041 4396 3³¹³,
1074 4324 1206 4381 Non
1243 4342 1525 4400 negamus
1574 4324 1808 4383 Petrum
1859 4322 2060 4381 mortis
2119 4321 2330 4380 Christi
2375 4322 2548 4381 finem
2603 4344 2704 4381 no-

298 4412 421 4465 tare
450 4404 981 4477 sanctificationem,
1014 4424 1143 4466 cum
1174 4402 1255 4461 ait
1302 4403 1505 4462 tulisse
1532 4410 1803 4479 pecccata
1829 4400 1908 4461 ἵνα
1933 4408 2045 4467 ni}
2073 4405 2346 4482 ἁμαςτίαις
2373 4403 2707 4479 ἀποφυόμενοι

295 4492 363 4566 vg?
387 4482 660 4565 δικαιοσύνῃ
686 4484 915 4562 ζήσωμεν,
946 4484 1048 4543 ubi
1068 4483 1323 4559 eleganti
1348 4483 1531 4541 utitur
1567 4484 1748 4541 verbo
1791 4484 2052 4561 opposito
2075 4488 2352 4559 ’τὲ-’γίνεσθαι
2377 4486 2532 4561 quod
2564 4485 2708 4544 bene

298 4586 401 4643 per
428 4566 661 4625 denasci
685 4567 875 4625 Varro
904 4563 1042 4623 olim
1070 4562 1341 4638 reddidit,
1374 4572 1545 4639 atque
1572 4562 1656 4621 ita
1683 4563 1828 4623 duas
1857 4572 2048 4640 partes
2075 4563 2545 4625 sanctificationis
2573 4585 2708 4623 nos-

294 4654 400 4705 trae
430 4645 665 4721 indicat,
712 4644 1215 4705 mortificationem
1266 4652 1323 4703 et
1368 4642 1740 4703 abolitionem
1786 4644 2002 4703 veteris
2034 4643 2301 4720 hominiS,
2348 4652 2406 4704 et
2450 4644 2710 4705 vivifica-
