<?xml version="1.0" encoding="UTF-8"?>
<!DOCTYPE html PUBLIC "-//W3C//DTD XHTML 1.0 Transitional//EN"
    "http://www.w3.org/TR/xhtml1/DTD/xhtml1-transitional.dtd">
<html xmlns="http://www.w3.org/1999/xhtml" xml:lang="en" lang="en">
 <head>
  <title>
</title>
<meta http-equiv="Content-Type" content="text/html;charset=utf-8" />
  <meta name='ocr-system' content='tesseract 3.04.00' />
  <meta name='ocr-capabilities' content='ocr_page ocr_carea ocr_par ocr_line ocrx_word'/>
</head>
<body>
  <div class='ocr_page' id='page_1' title='image "./denecessariasec00turrgoog_0668.png"; bbox 0 0 3234 5192; ppageno 0'>
   <div class='ocr_carea' id='block_1_1' title="bbox 521 285 2938 366">
    <p class='ocr_par' dir='ltr' id='par_1_1' title="bbox 521 285 2938 366">
     <span class='ocr_line' id='line_1_1' title="bbox 521 285 2938 366; baseline 0.001 -19"><span class='ocrx_word' id='word_1_1' title='bbox 521 292 636 348; x_wconf 76' lang='lat'><strong>612</strong></span> <span class='ocrx_word' id='word_1_2' title='bbox 1088 307 1167 346; x_wconf 79' lang='lat' dir='ltr'><strong>m:</strong></span> <span class='ocrx_word' id='word_1_3' title='bbox 1197 305 1681 346; x_wconf 62' lang='lat' dir='ltr'><strong>sarisrnorroms</strong></span> <span class='ocrx_word' id='word_1_4' title='bbox 1710 305 1947 344; x_wconf 75' lang='lat' dir='ltr'><strong>cnms‘rr</strong></span> <span class='ocrx_word' id='word_1_5' title='bbox 1976 306 2295 346; x_wconf 67' lang='lat' dir='ltr'><strong>vsm‘ra‘rs.</strong></span> <span class='ocrx_word' id='word_1_6' title='bbox 2512 285 2773 366; x_wconf 77' lang='lat' dir='ltr'><strong>[msru‘r.</strong></span> <span class='ocrx_word' id='word_1_7' title='bbox 2806 309 2938 350; x_wconf 75' lang='lat' dir='ltr'><strong>xlx.</strong></span> 
     </span>
    </p>
   </div>
   <div class='ocr_carea' id='block_1_2' title="bbox 505 445 2944 4681">
    <p class='ocr_par' dir='ltr' id='par_1_2' title="bbox 521 445 2941 906">
     <span class='ocr_line' id='line_1_2' title="bbox 523 445 2937 525; baseline 0.002 -20"><span class='ocrx_word' id='word_1_8' title='bbox 523 449 650 521; x_wconf 89' lang='lat' dir='ltr'><strong>hoc,</strong></span> <span class='ocrx_word' id='word_1_9' title='bbox 682 467 897 525; x_wconf 74' lang='lat' dir='ltr'><strong>quaeSO,</strong></span> <span class='ocrx_word' id='word_1_10' title='bbox 939 447 988 506; x_wconf 86' lang='lat' dir='ltr'><strong>si</strong></span> <span class='ocrx_word' id='word_1_11' title='bbox 1009 447 1152 506; x_wconf 88' lang='lat' dir='ltr'><strong>nihil</strong></span> <span class='ocrx_word' id='word_1_12' title='bbox 1197 447 1412 524; x_wconf 82' lang='lat' dir='ltr'><strong>proprii</strong></span> <span class='ocrx_word' id='word_1_13' title='bbox 1454 455 1512 505; x_wconf 87' lang='lat' dir='ltr'><strong>et</strong></span> <span class='ocrx_word' id='word_1_14' title='bbox 1548 446 1857 523; x_wconf 88' lang='lat' dir='ltr'><strong>peculiaris</strong></span> <span class='ocrx_word' id='word_1_15' title='bbox 1899 445 2007 504; x_wconf 89' lang='lat' dir='ltr'><strong>fuit</strong></span> <span class='ocrx_word' id='word_1_16' title='bbox 2043 446 2103 503; x_wconf 90' lang='lat' dir='ltr'><strong>in</strong></span> <span class='ocrx_word' id='word_1_17' title='bbox 2134 446 2344 504; x_wconf 77' lang='lat' dir='ltr'>Christi</span> <span class='ocrx_word' id='word_1_18' title='bbox 2374 455 2575 523; x_wconf 88' lang='lat' dir='ltr'><strong>morte,</strong></span> <span class='ocrx_word' id='word_1_19' title='bbox 2608 449 2657 506; x_wconf 91' lang='lat' dir='ltr'><strong>si</strong></span> <span class='ocrx_word' id='word_1_20' title='bbox 2688 451 2937 510; x_wconf 88' lang='lat' dir='ltr'><strong>eundem</strong></span> 
     </span>
     <span class='ocr_line' id='line_1_3' title="bbox 523 525 2933 609; baseline 0.002 -23"><span class='ocrx_word' id='word_1_21' title='bbox 523 529 751 605; x_wconf 85' lang='lat' dir='ltr'><strong>utrique</strong></span> <span class='ocrx_word' id='word_1_22' title='bbox 772 527 946 586; x_wconf 90' lang='lat' dir='ltr'><strong>finem</strong></span> <span class='ocrx_word' id='word_1_23' title='bbox 975 527 1086 586; x_wconf 90' lang='lat' dir='ltr'><strong>sibi</strong></span> <span class='ocrx_word' id='word_1_24' title='bbox 1113 535 1534 606; x_wconf 88' lang='lat' dir='ltr'><strong>proposuerunt</strong></span> <span class='ocrx_word' id='word_1_25' title='bbox 1553 531 1582 584; x_wconf 68' lang='grc' dir='ltr'><em>Ρ</em></span> <span class='ocrx_word' id='word_1_26' title='bbox 1638 531 1737 584; x_wconf 94' lang='lat' dir='ltr'><strong>An</strong></span> <span class='ocrx_word' id='word_1_27' title='bbox 1766 527 1953 603; x_wconf 88' lang='lat' dir='ltr'><strong>potuit</strong></span> <span class='ocrx_word' id='word_1_28' title='bbox 1976 525 2272 604; x_wconf 87' lang='lat' dir='ltr'><strong>Scriptura</strong></span> <span class='ocrx_word' id='word_1_29' title='bbox 2300 527 2423 585; x_wconf 73' lang='lat' dir='ltr'><strong>haec</strong></span> <span class='ocrx_word' id='word_1_30' title='bbox 2451 535 2725 604; x_wconf 87' lang='lat' dir='ltr'><strong>tanquam</strong></span> <span class='ocrx_word' id='word_1_31' title='bbox 2756 551 2933 609; x_wconf 87' lang='lat' dir='ltr'><strong>oppo-</strong></span> 
     </span>
     <span class='ocr_line' id='line_1_4' title="bbox 521 605 2935 686; baseline 0.002 -20"><span class='ocrx_word' id='word_1_32' title='bbox 521 609 634 666; x_wconf 89' lang='lat' dir='ltr'><strong>sita</strong></span> <span class='ocrx_word' id='word_1_33' title='bbox 663 609 722 665; x_wconf 90' lang='lat' dir='ltr'><strong>in</strong></span> <span class='ocrx_word' id='word_1_34' title='bbox 743 609 854 666; x_wconf 92' lang='lat' dir='ltr'><strong>hoc</strong></span> <span class='ocrx_word' id='word_1_35' title='bbox 875 608 1108 685; x_wconf 87' lang='lat' dir='ltr'><strong>negotio</strong></span> <span class='ocrx_word' id='word_1_36' title='bbox 1137 607 1500 667; x_wconf 87' lang='lat' dir='ltr'><strong>considerare</strong></span> <span class='ocrx_word' id='word_1_37' title='bbox 1529 627 1658 684; x_wconf 69' lang='lat' dir='ltr'><strong>quse</strong></span> <span class='ocrx_word' id='word_1_38' title='bbox 1688 607 1815 686; x_wconf 89' lang='lat' dir='ltr'><strong>conj</strong></span> <span class='ocrx_word' id='word_1_39' title='bbox 1824 605 2094 683; x_wconf 85' lang='lat' dir='ltr'><strong>ungenda</strong></span> <span class='ocrx_word' id='word_1_40' title='bbox 2120 617 2301 681; x_wconf 86' lang='lat' dir='ltr'><strong>erant,</strong></span> <span class='ocrx_word' id='word_1_41' title='bbox 2324 616 2383 666; x_wconf 88' lang='lat' dir='ltr'><strong>et</strong></span> <span class='ocrx_word' id='word_1_42' title='bbox 2402 607 2521 665; x_wconf 87' lang='lat' dir='ltr'><strong>illis</strong></span> <span class='ocrx_word' id='word_1_43' title='bbox 2542 609 2777 684; x_wconf 90' lang='lat' dir='ltr'><strong>quidem</strong></span> <span class='ocrx_word' id='word_1_44' title='bbox 2800 631 2935 670; x_wconf 88' lang='lat' dir='ltr'><strong>con-</strong></span> 
     </span>
     <span class='ocr_line' id='line_1_5' title="bbox 523 685 2941 765; baseline 0.001 -17"><span class='ocrx_word' id='word_1_45' title='bbox 523 697 744 748; x_wconf 87' lang='lat' dir='ltr'><strong>stanter</strong></span> <span class='ocrx_word' id='word_1_46' title='bbox 771 687 1074 765; x_wconf 88' lang='lat' dir='ltr'><strong>denegare,</strong></span> <span class='ocrx_word' id='word_1_47' title='bbox 1113 689 1250 747; x_wconf 92' lang='lat' dir='ltr'><strong>huic</strong></span> <span class='ocrx_word' id='word_1_48' title='bbox 1277 707 1418 746; x_wconf 90' lang='lat' dir='ltr'><strong>vero</strong></span> <span class='ocrx_word' id='word_1_49' title='bbox 1447 687 1556 745; x_wconf 88' lang='lat' dir='ltr'><strong>soli</strong></span> <span class='ocrx_word' id='word_1_50' title='bbox 1585 695 1917 746; x_wconf 79' lang='lat' dir='ltr'>constanter</span> <span class='ocrx_word' id='word_1_51' title='bbox 1944 685 2214 760; x_wconf 86' lang='lat' dir='ltr'><strong>tribuere,</strong></span> <span class='ocrx_word' id='word_1_52' title='bbox 2246 687 2360 745; x_wconf 88' lang='lat' dir='ltr'><strong>nisi</strong></span> <span class='ocrx_word' id='word_1_53' title='bbox 2386 687 2498 746; x_wconf 91' lang='lat' dir='ltr'><strong>hoc</strong></span> <span class='ocrx_word' id='word_1_54' title='bbox 2528 689 2710 748; x_wconf 90' lang='lat' dir='ltr'><strong>solius</strong></span> <span class='ocrx_word' id='word_1_55' title='bbox 2738 692 2941 751; x_wconf 84' lang='lat' dir='ltr'><strong>mortis</strong></span> 
     </span>
     <span class='ocr_line' id='line_1_6' title="bbox 524 766 2933 848; baseline 0.001 -21"><span class='ocrx_word' id='word_1_56' title='bbox 524 768 738 827; x_wconf 81' lang='lat' dir='ltr'><strong>Christi</strong></span> <span class='ocrx_word' id='word_1_57' title='bbox 776 767 1043 828; x_wconf 86' lang='lat' dir='ltr'><strong>effectum</strong></span> <span class='ocrx_word' id='word_1_58' title='bbox 1080 788 1206 827; x_wconf 89' lang='lat' dir='ltr'><strong>esse</strong></span> <span class='ocrx_word' id='word_1_59' title='bbox 1245 769 1485 828; x_wconf 77' lang='lat' dir='ltr'>seorsim</span> <span class='ocrx_word' id='word_1_60' title='bbox 1523 787 1558 824; x_wconf 89' lang='lat' dir='ltr'><strong>a</strong></span> <span class='ocrx_word' id='word_1_61' title='bbox 1593 766 1933 845; x_wconf 89' lang='lat' dir='ltr'><strong>quorumvis</strong></span> <span class='ocrx_word' id='word_1_62' title='bbox 1968 766 2265 824; x_wconf 86' lang='lat' dir='ltr'><strong>hominum</strong></span> <span class='ocrx_word' id='word_1_63' title='bbox 2292 778 2477 826; x_wconf 88' lang='lat' dir='ltr'><strong>morte</strong></span> <span class='ocrx_word' id='word_1_64' title='bbox 2506 769 2675 829; x_wconf 88' lang='lat' dir='ltr'><strong>nobis</strong></span> <span class='ocrx_word' id='word_1_65' title='bbox 2701 790 2933 848; x_wconf 89' lang='lat' dir='ltr'><strong>persua·</strong></span> 
     </span>
     <span class='ocr_line' id='line_1_7' title="bbox 524 847 1014 906; baseline 0 0"><span class='ocrx_word' id='word_1_66' title='bbox 524 847 660 906; x_wconf 88' lang='lat' dir='ltr'><strong>dere</strong></span> <span class='ocrx_word' id='word_1_67' title='bbox 687 848 1014 906; x_wconf 78' lang='lat' dir='ltr'><strong>voluisset?</strong></span> 
     </span>
    </p>

    <p class='ocr_par' dir='ltr' id='par_1_3' title="bbox 513 925 2944 2346">
     <span class='ocr_line' id='line_1_8' title="bbox 605 925 2925 1006; baseline 0.001 -22"><span class='ocrx_word' id='word_1_68' title='bbox 605 927 899 986; x_wconf 83' lang='lat' dir='ltr'>XXXII.</span> <span class='ocrx_word' id='word_1_69' title='bbox 947 928 1192 986; x_wconf 88' lang='lat' dir='ltr'><strong>Crellius</strong></span> <span class='ocrx_word' id='word_1_70' title='bbox 1221 936 1420 986; x_wconf 88' lang='lat' dir='ltr'><strong>contra</strong></span> <span class='ocrx_word' id='word_1_71' title='bbox 1449 925 1716 985; x_wconf 81' lang='lat' dir='ltr'><strong>Grotium</strong></span> <span class='ocrx_word' id='word_1_72' title='bbox 1754 926 1917 984; x_wconf 84' lang='lat' dir='ltr'><strong>varia</strong></span> <span class='ocrx_word' id='word_1_73' title='bbox 1954 925 2209 1002; x_wconf 86' lang='lat' dir='ltr'><strong>excipit:</strong></span> <span class='ocrx_word' id='word_1_74' title='bbox 2264 929 2316 984; x_wconf 93' lang='lat'><strong>1.</strong></span> <span class='ocrx_word' id='word_1_75' title='bbox 2348 927 2445 984; x_wconf 85' lang='lat' dir='ltr'><strong>Ex</strong></span> <span class='ocrx_word' id='word_1_76' title='bbox 2482 937 2665 987; x_wconf 88' lang='lat' dir='ltr'><strong>morte</strong></span> <span class='ocrx_word' id='word_1_77' title='bbox 2707 930 2925 1006; x_wconf 85' lang='lat' dir='ltr'><strong>Marty-</strong></span> 
     </span>
     <span class='ocr_line' id='line_1_9' title="bbox 521 1006 2925 1083; baseline 0 -18"><span class='ocrx_word' id='word_1_78' title='bbox 521 1028 648 1065; x_wconf 88' lang='lat' dir='ltr'><strong>rum</strong></span> <span class='ocrx_word' id='word_1_79' title='bbox 678 1029 792 1066; x_wconf 91' lang='lat' dir='ltr'><strong>non</strong></span> <span class='ocrx_word' id='word_1_80' title='bbox 821 1008 904 1066; x_wconf 86' lang='lat' dir='ltr'><strong>ita</strong></span> <span class='ocrx_word' id='word_1_81' title='bbox 931 1008 1182 1066; x_wconf 80' lang='lat' dir='ltr'><strong>eluxisse</strong></span> <span class='ocrx_word' id='word_1_82' title='bbox 1206 1009 1542 1066; x_wconf 85' lang='lat' dir='ltr'><strong>charitatem</strong></span> <span class='ocrx_word' id='word_1_83' title='bbox 1565 1006 1725 1064; x_wconf 87' lang='lat' dir='ltr'><strong>illam</strong></span> <span class='ocrx_word' id='word_1_84' title='bbox 1750 1006 1861 1064; x_wconf 92' lang='lat' dir='ltr'><strong>Dei</strong></span> <span class='ocrx_word' id='word_1_85' title='bbox 1884 1025 2023 1082; x_wconf 88' lang='lat' dir='ltr'><strong>erga</strong></span> <span class='ocrx_word' id='word_1_86' title='bbox 2051 1025 2236 1083; x_wconf 86' lang='lat' dir='ltr'><strong>genus</strong></span> <span class='ocrx_word' id='word_1_87' title='bbox 2263 1007 2576 1066; x_wconf 89' lang='lat' dir='ltr'><strong>humanum</strong></span> <span class='ocrx_word' id='word_1_88' title='bbox 2605 1008 2793 1067; x_wconf 88' lang='lat' dir='ltr'><strong>adhuc</strong></span> <span class='ocrx_word' id='word_1_89' title='bbox 2822 1010 2925 1066; x_wconf 90' lang='lat' dir='ltr'><strong>im-</strong></span> 
     </span>
     <span class='ocr_line' id='line_1_10' title="bbox 519 1086 2925 1166; baseline 0.002 -21"><span class='ocrx_word' id='word_1_90' title='bbox 519 1089 696 1165; x_wconf 85' lang='lat' dir='ltr'><strong>pium,</strong></span> <span class='ocrx_word' id='word_1_91' title='bbox 729 1087 1211 1166; x_wconf 83' lang='lat' dir='ltr'><strong>quemadmodum</strong></span> <span class='ocrx_word' id='word_1_92' title='bbox 1241 1107 1316 1146; x_wconf 86' lang='lat' dir='ltr'><strong>ex</strong></span> <span class='ocrx_word' id='word_1_93' title='bbox 1343 1095 1528 1145; x_wconf 86' lang='lat' dir='ltr'><strong>morte</strong></span> <span class='ocrx_word' id='word_1_94' title='bbox 1557 1086 1773 1145; x_wconf 79' lang='lat' dir='ltr'><strong>Christi</strong></span> <span class='ocrx_word' id='word_1_95' title='bbox 1802 1086 2087 1163; x_wconf 88' lang='lat' dir='ltr'><strong>unigeniti</strong></span> <span class='ocrx_word' id='word_1_96' title='bbox 2114 1087 2243 1164; x_wconf 87' lang='lat' dir='ltr'><strong>ejus</strong></span> <span class='ocrx_word' id='word_1_97' title='bbox 2269 1087 2394 1146; x_wconf 84' lang='lat' dir='ltr'><strong>filii.</strong></span> <span class='ocrx_word' id='word_1_98' title='bbox 2456 1091 2513 1146; x_wconf 83' lang='lat'><strong>2.</strong></span> <span class='ocrx_word' id='word_1_99' title='bbox 2545 1087 2714 1164; x_wconf 91' lang='lat' dir='ltr'><strong>Ipsos</strong></span> <span class='ocrx_word' id='word_1_100' title='bbox 2744 1100 2925 1149; x_wconf 90' lang='lat' dir='ltr'><strong>morte</strong></span> 
     </span>
     <span class='ocr_line' id='line_1_11' title="bbox 521 1167 2925 1246; baseline 0 -20"><span class='ocrx_word' id='word_1_101' title='bbox 521 1188 626 1226; x_wconf 80' lang='lat' dir='ltr'><strong>sua-</strong></span> <span class='ocrx_word' id='word_1_102' title='bbox 653 1189 768 1226; x_wconf 91' lang='lat' dir='ltr'><strong>non</strong></span> <span class='ocrx_word' id='word_1_103' title='bbox 799 1169 998 1228; x_wconf 88' lang='lat' dir='ltr'><strong>testari</strong></span> <span class='ocrx_word' id='word_1_104' title='bbox 1027 1189 1193 1227; x_wconf 87' lang='lat' dir='ltr'><strong>suum</strong></span> <span class='ocrx_word' id='word_1_105' title='bbox 1223 1188 1362 1246; x_wconf 86' lang='lat' dir='ltr'><strong>erga</strong></span> <span class='ocrx_word' id='word_1_106' title='bbox 1389 1185 1576 1244; x_wconf 87' lang='lat' dir='ltr'><strong>genus</strong></span> <span class='ocrx_word' id='word_1_107' title='bbox 1604 1167 1919 1225; x_wconf 86' lang='lat' dir='ltr'><strong>humanum</strong></span> <span class='ocrx_word' id='word_1_108' title='bbox 1952 1167 2077 1225; x_wconf 92' lang='lat' dir='ltr'><strong>Deo</strong></span> <span class='ocrx_word' id='word_1_109' title='bbox 2106 1167 2401 1226; x_wconf 90' lang='lat' dir='ltr'><strong>inimicum</strong></span> <span class='ocrx_word' id='word_1_110' title='bbox 2431 1188 2701 1242; x_wconf 88' lang='lat' dir='ltr'><strong>amorem,</strong></span> <span class='ocrx_word' id='word_1_111' title='bbox 2732 1189 2925 1246; x_wconf 90' lang='lat' dir='ltr'><strong>quem·</strong></span> 
     </span>
     <span class='ocr_line' id='line_1_12' title="bbox 519 1241 2944 1326; baseline 0.001 -20"><span class='ocrx_word' id='word_1_112' title='bbox 519 1241 830 1308; x_wconf 78' lang='lat' dir='ltr'><strong>admodum</strong></span> <span class='ocrx_word' id='word_1_113' title='bbox 861 1249 1125 1308; x_wconf 88' lang='lat' dir='ltr'><strong>Christus</strong></span> <span class='ocrx_word' id='word_1_114' title='bbox 1154 1249 1254 1326; x_wconf 88' lang='lat' dir='ltr'><strong>qui</strong></span> <span class='ocrx_word' id='word_1_115' title='bbox 1282 1250 1414 1324; x_wconf 90' lang='lat' dir='ltr'><strong>jure</strong></span> <span class='ocrx_word' id='word_1_116' title='bbox 1442 1247 1694 1324; x_wconf 88' lang='lat' dir='ltr'><strong>quodam</strong></span> <span class='ocrx_word' id='word_1_117' title='bbox 1724 1247 2003 1324; x_wconf 78' lang='lat' dir='ltr'><strong>singulari</strong></span> <span class='ocrx_word' id='word_1_118' title='bbox 2030 1255 2257 1324; x_wconf 87' lang='lat' dir='ltr'><strong>poterat</strong></span> <span class='ocrx_word' id='word_1_119' title='bbox 2283 1247 2359 1306; x_wconf 86' lang='lat' dir='ltr'><strong>ab</strong></span> <span class='ocrx_word' id='word_1_120' title='bbox 2387 1267 2455 1306; x_wconf 87' lang='lat' dir='ltr'><strong>ea</strong></span> <span class='ocrx_word' id='word_1_121' title='bbox 2484 1269 2610 1308; x_wconf 89' lang='lat' dir='ltr'><strong>esse</strong></span> <span class='ocrx_word' id='word_1_122' title='bbox 2640 1250 2944 1324; x_wconf 72' lang='lat' dir='ltr'><strong>immunia„</strong></span> 
     </span>
     <span class='ocr_line' id='line_1_13' title="bbox 519 1326 2926 1406; baseline 0 -21"><span class='ocrx_word' id='word_1_123' title='bbox 519 1337 578 1386; x_wconf 89' lang='lat' dir='ltr'><strong>et</strong></span> <span class='ocrx_word' id='word_1_124' title='bbox 619 1329 802 1388; x_wconf 82' lang='lat' dir='ltr'><strong>nostri</strong></span> <span class='ocrx_word' id='word_1_125' title='bbox 839 1330 1126 1406; x_wconf 89' lang='lat' dir='ltr'><strong>praecipue</strong></span> <span class='ocrx_word' id='word_1_126' title='bbox 1167 1349 1342 1388; x_wconf 87' lang='lat' dir='ltr'><strong>causa</strong></span> <span class='ocrx_word' id='word_1_127' title='bbox 1384 1347 1510 1386; x_wconf 87' lang='lat' dir='ltr'><strong>eam</strong></span> <span class='ocrx_word' id='word_1_128' title='bbox 1549 1327 1743 1385; x_wconf 88' lang='lat' dir='ltr'><strong>subiit.</strong></span> <span class='ocrx_word' id='word_1_129' title='bbox 1830 1331 1886 1385; x_wconf 88' lang='lat'><strong>3.</strong></span> <span class='ocrx_word' id='word_1_130' title='bbox 1918 1326 2147 1384; x_wconf 86' lang='lat' dir='ltr'><strong>Christo</strong></span> <span class='ocrx_word' id='word_1_131' title='bbox 2175 1327 2300 1385; x_wconf 80' lang='lat' dir='ltr'><strong>haee</strong></span> <span class='ocrx_word' id='word_1_132' title='bbox 2329 1328 2695 1404; x_wconf 85' lang='lat' dir='ltr'><strong>peculiariter</strong></span> <span class='ocrx_word' id='word_1_133' title='bbox 2734 1330 2926 1406; x_wconf 89' lang='lat' dir='ltr'><strong>tribui,</strong></span> 
     </span>
     <span class='ocr_line' id='line_1_14' title="bbox 519 1406 2931 1487; baseline 0.001 -21"><span class='ocrx_word' id='word_1_134' title='bbox 519 1410 656 1485; x_wconf 90' lang='lat' dir='ltr'><strong>quia</strong></span> <span class='ocrx_word' id='word_1_135' title='bbox 684 1409 902 1487; x_wconf 88' lang='lat' dir='ltr'><strong>primus</strong></span> <span class='ocrx_word' id='word_1_136' title='bbox 931 1410 1134 1468; x_wconf 87' lang='lat' dir='ltr'><strong>salutis</strong></span> <span class='ocrx_word' id='word_1_137' title='bbox 1161 1409 1318 1466; x_wconf 89' lang='lat' dir='ltr'><strong>viam</strong></span> <span class='ocrx_word' id='word_1_138' title='bbox 1357 1408 1608 1466; x_wconf 86' lang='lat' dir='ltr'><strong>humano</strong></span> <span class='ocrx_word' id='word_1_139' title='bbox 1652 1406 1850 1483; x_wconf 90' lang='lat' dir='ltr'><strong>generi</strong></span> <span class='ocrx_word' id='word_1_140' title='bbox 1888 1406 2357 1482; x_wconf 82' lang='lat' dir='ltr'><strong>promulgaverit,</strong></span> <span class='ocrx_word' id='word_1_141' title='bbox 2402 1416 2461 1467; x_wconf 89' lang='lat' dir='ltr'><strong>et</strong></span> <span class='ocrx_word' id='word_1_142' title='bbox 2496 1409 2573 1466; x_wconf 91' lang='lat' dir='ltr'><strong>ad</strong></span> <span class='ocrx_word' id='word_1_143' title='bbox 2610 1409 2931 1469; x_wconf 86' lang='lat' dir='ltr'><strong>doctrinam</strong></span> 
     </span>
     <span class='ocr_line' id='line_1_15' title="bbox 520 1484 2929 1566; baseline 0.002 -21"><span class='ocrx_word' id='word_1_144' title='bbox 520 1509 682 1546; x_wconf 85' lang='lat' dir='ltr'><strong>suam</strong></span> <span class='ocrx_word' id='word_1_145' title='bbox 725 1488 1172 1546; x_wconf 87' lang='lat' dir='ltr'><strong>confirmandam</strong></span> <span class='ocrx_word' id='word_1_146' title='bbox 1217 1496 1274 1546; x_wconf 90' lang='lat' dir='ltr'><strong>et</strong></span> <span class='ocrx_word' id='word_1_147' title='bbox 1315 1486 1669 1563; x_wconf 81' lang='lat' dir='ltr'><strong>probandam</strong></span> <span class='ocrx_word' id='word_1_148' title='bbox 1712 1495 1955 1543; x_wconf 88' lang='lat' dir='ltr'><strong>mortem</strong></span> <span class='ocrx_word' id='word_1_149' title='bbox 1995 1484 2179 1542; x_wconf 88' lang='lat' dir='ltr'><strong>diram</strong></span> <span class='ocrx_word' id='word_1_150' title='bbox 2206 1495 2265 1543; x_wconf 90' lang='lat' dir='ltr'><strong>et</strong></span> <span class='ocrx_word' id='word_1_151' title='bbox 2294 1488 2675 1546; x_wconf 83' lang='lat' dir='ltr'><strong>truculentam</strong></span> <span class='ocrx_word' id='word_1_152' title='bbox 2706 1489 2929 1566; x_wconf 87' lang='lat' dir='ltr'><strong>adierit,</strong></span> 
     </span>
     <span class='ocr_line' id='line_1_16' title="bbox 520 1565 2931 1643; baseline 0.002 -19"><span class='ocrx_word' id='word_1_153' title='bbox 520 1568 812 1643; x_wconf 83' lang='lat' dir='ltr'><strong>Martyres</strong></span> <span class='ocrx_word' id='word_1_154' title='bbox 851 1576 1040 1625; x_wconf 87' lang='lat' dir='ltr'><strong>autem</strong></span> <span class='ocrx_word' id='word_1_155' title='bbox 1085 1567 1360 1625; x_wconf 81' lang='lat' dir='ltr'><strong>doctrinae</strong></span> <span class='ocrx_word' id='word_1_156' title='bbox 1402 1565 1558 1623; x_wconf 89' lang='lat' dir='ltr'><strong>illius</strong></span> <span class='ocrx_word' id='word_1_157' title='bbox 1601 1585 1778 1622; x_wconf 86' lang='lat' dir='ltr'><strong>causa</strong></span> <span class='ocrx_word' id='word_1_158' title='bbox 1819 1583 1943 1622; x_wconf 90' lang='lat' dir='ltr'><strong>esse</strong></span> <span class='ocrx_word' id='word_1_159' title='bbox 1986 1574 2260 1633; x_wconf 89' lang='lat' dir='ltr'><strong>mortuos,</strong></span> <span class='ocrx_word' id='word_1_160' title='bbox 2300 1572 2359 1622; x_wconf 91' lang='lat' dir='ltr'><strong>et</strong></span> <span class='ocrx_word' id='word_1_161' title='bbox 2392 1573 2615 1624; x_wconf 87' lang='lat' dir='ltr'><strong>tantum</strong></span> <span class='ocrx_word' id='word_1_162' title='bbox 2645 1569 2721 1624; x_wconf 89' lang='lat' dir='ltr'><strong>ab</strong></span> <span class='ocrx_word' id='word_1_163' title='bbox 2749 1570 2931 1628; x_wconf 86' lang='lat' dir='ltr'><strong>altero</strong></span> 
     </span>
     <span class='ocr_line' id='line_1_17' title="bbox 516 1643 2929 1722; baseline 0.001 -18"><span class='ocrx_word' id='word_1_164' title='bbox 516 1647 628 1704; x_wconf 87' lang='lat' dir='ltr'><strong>isto</strong></span> <span class='ocrx_word' id='word_1_165' title='bbox 668 1647 772 1704; x_wconf 85' lang='lat' dir='ltr'><strong>Dei</strong></span> <span class='ocrx_word' id='word_1_166' title='bbox 800 1647 993 1722; x_wconf 88' lang='lat' dir='ltr'><strong>legato</strong></span> <span class='ocrx_word' id='word_1_167' title='bbox 1022 1667 1090 1703; x_wconf 89' lang='lat' dir='ltr'><strong>ac</strong></span> <span class='ocrx_word' id='word_1_168' title='bbox 1117 1647 1301 1722; x_wconf 89' lang='lat' dir='ltr'><strong>primo</strong></span> <span class='ocrx_word' id='word_1_169' title='bbox 1331 1643 1534 1702; x_wconf 85' lang='lat' dir='ltr'><strong>salutis</strong></span> <span class='ocrx_word' id='word_1_170' title='bbox 1567 1663 1831 1720; x_wconf 75' lang='lat' dir='ltr'><strong>praecone</strong></span> <span class='ocrx_word' id='word_1_171' title='bbox 1872 1643 1944 1700; x_wconf 91' lang='lat' dir='ltr'><strong>de</strong></span> <span class='ocrx_word' id='word_1_172' title='bbox 1986 1643 2113 1718; x_wconf 85' lang='lat' dir='ltr'><strong>ejus</strong></span> <span class='ocrx_word' id='word_1_173' title='bbox 2152 1643 2395 1701; x_wconf 87' lang='lat' dir='ltr'><strong>veritate</strong></span> <span class='ocrx_word' id='word_1_174' title='bbox 2434 1663 2497 1702; x_wconf 89' lang='lat' dir='ltr'><strong>se</strong></span> <span class='ocrx_word' id='word_1_175' title='bbox 2534 1645 2772 1704; x_wconf 86' lang='lat' dir='ltr'><strong>edoctos</strong></span> <span class='ocrx_word' id='word_1_176' title='bbox 2800 1667 2929 1707; x_wconf 89' lang='lat' dir='ltr'><strong>esse</strong></span> 
     </span>
     <span class='ocr_line' id='line_1_18' title="bbox 517 1721 2928 1802; baseline 0.001 -20"><span class='ocrx_word' id='word_1_177' title='bbox 517 1726 840 1802; x_wconf 83' lang='lat' dir='ltr'><strong>professos:</strong></span> <span class='ocrx_word' id='word_1_178' title='bbox 864 1725 1168 1784; x_wconf 89' lang='lat' dir='ltr'><strong>veritatem</strong></span> <span class='ocrx_word' id='word_1_179' title='bbox 1197 1723 1512 1784; x_wconf 89' lang='lat' dir='ltr'><strong>testimonii</strong></span> <span class='ocrx_word' id='word_1_180' title='bbox 1541 1731 1719 1781; x_wconf 89' lang='lat' dir='ltr'><strong>totam</strong></span> <span class='ocrx_word' id='word_1_181' title='bbox 1743 1721 1991 1800; x_wconf 86' lang='lat' dir='ltr'><strong>pendere</strong></span> <span class='ocrx_word' id='word_1_182' title='bbox 2020 1741 2055 1779; x_wconf 87' lang='lat' dir='ltr'><strong>a</strong></span> <span class='ocrx_word' id='word_1_183' title='bbox 2075 1721 2259 1798; x_wconf 89' lang='lat' dir='ltr'><strong>primo</strong></span> <span class='ocrx_word' id='word_1_184' title='bbox 2282 1729 2445 1797; x_wconf 87' lang='lat' dir='ltr'><strong>teste,</strong></span> <span class='ocrx_word' id='word_1_185' title='bbox 2472 1734 2532 1782; x_wconf 92' lang='lat' dir='ltr'><strong>et</strong></span> <span class='ocrx_word' id='word_1_186' title='bbox 2551 1725 2928 1800; x_wconf 85' lang='lat' dir='ltr'><strong>posteriorem</strong></span> 
     </span>
     <span class='ocr_line' id='line_1_19' title="bbox 513 1801 2925 1882; baseline 0 -19"><span class='ocrx_word' id='word_1_187' title='bbox 513 1813 721 1863; x_wconf 85' lang='lat' dir='ltr'><strong>testem</strong></span> <span class='ocrx_word' id='word_1_188' title='bbox 749 1804 925 1882; x_wconf 83' lang='lat' dir='ltr'><strong>priori</strong></span> <span class='ocrx_word' id='word_1_189' title='bbox 952 1803 1281 1863; x_wconf 88' lang='lat' dir='ltr'><strong>testimonio</strong></span> <span class='ocrx_word' id='word_1_190' title='bbox 1309 1804 1420 1862; x_wconf 92' lang='lat' dir='ltr'><strong>hoc</strong></span> <span class='ocrx_word' id='word_1_191' title='bbox 1447 1822 1553 1862; x_wconf 88' lang='lat' dir='ltr'><strong>suo</strong></span> <span class='ocrx_word' id='word_1_192' title='bbox 1581 1812 1807 1862; x_wconf 84' lang='lat' dir='ltr'><strong>tantum</strong></span> <span class='ocrx_word' id='word_1_193' title='bbox 1850 1801 2194 1860; x_wconf 87' lang='lat' dir='ltr'><strong>subservire.</strong></span> <span class='ocrx_word' id='word_1_194' title='bbox 2279 1801 2423 1861; x_wconf 87' lang='lat' dir='ltr'><strong>Ideo</strong></span> <span class='ocrx_word' id='word_1_195' title='bbox 2454 1804 2747 1882; x_wconf 83' lang='lat' dir='ltr'><strong>Christum</strong></span> <span class='ocrx_word' id='word_1_196' title='bbox 2787 1807 2925 1864; x_wconf 89' lang='lat' dir='ltr'><strong>sim·</strong></span> 
     </span>
     <span class='ocr_line' id='line_1_20' title="bbox 514 1882 2927 1962; baseline 0.001 -20"><span class='ocrx_word' id='word_1_197' title='bbox 514 1885 742 1962; x_wconf 83' lang='lat' dir='ltr'><strong>pliciter</strong></span> <span class='ocrx_word' id='word_1_198' title='bbox 779 1893 984 1944; x_wconf 89' lang='lat' dir='ltr'><strong>testem</strong></span> <span class='ocrx_word' id='word_1_199' title='bbox 1027 1884 1260 1943; x_wconf 87' lang='lat' dir='ltr'><strong>fidelem</strong></span> <span class='ocrx_word' id='word_1_200' title='bbox 1297 1905 1364 1943; x_wconf 91' lang='lat' dir='ltr'><strong>ac</strong></span> <span class='ocrx_word' id='word_1_201' title='bbox 1401 1903 1667 1943; x_wconf 82' lang='lat' dir='ltr'><strong>veracem</strong></span> <span class='ocrx_word' id='word_1_202' title='bbox 1706 1882 1999 1961; x_wconf 89' lang='lat' dir='ltr'><strong>appellari,</strong></span> <span class='ocrx_word' id='word_1_203' title='bbox 2041 1891 2280 1941; x_wconf 77' lang='lat' dir='ltr'><strong>caeteros</strong></span> <span class='ocrx_word' id='word_1_204' title='bbox 2308 1891 2501 1942; x_wconf 88' lang='lat' dir='ltr'><strong>autem</strong></span> <span class='ocrx_word' id='word_1_205' title='bbox 2531 1883 2573 1943; x_wconf 88' lang='lat' dir='ltr'><strong>J</strong></span> <span class='ocrx_word' id='word_1_206' title='bbox 2576 1904 2679 1942; x_wconf 86' lang='lat' dir='ltr'><strong>esu</strong></span> <span class='ocrx_word' id='word_1_207' title='bbox 2711 1886 2927 1946; x_wconf 83' lang='lat' dir='ltr'><strong>Christi</strong></span> 
     </span>
     <span class='ocr_line' id='line_1_21' title="bbox 518 1963 2929 2044; baseline 0.001 -22"><span class='ocrx_word' id='word_1_208' title='bbox 518 1965 808 2044; x_wconf 87' lang='lat' dir='ltr'><strong>Martyres</strong></span> <span class='ocrx_word' id='word_1_209' title='bbox 845 1965 1040 2024; x_wconf 84' lang='lat' dir='ltr'><strong>vocari</strong></span> <span class='ocrx_word' id='word_1_210' title='bbox 1065 1988 1080 2042; x_wconf 79' lang='lat'>3</span> <span class='ocrx_word' id='word_1_211' title='bbox 1131 1974 1199 2025; x_wconf 91' lang='lat' dir='ltr'><strong>ut</strong></span> <span class='ocrx_word' id='word_1_212' title='bbox 1247 1964 1520 2043; x_wconf 88' lang='lat' dir='ltr'><strong>Apostoli</strong></span> <span class='ocrx_word' id='word_1_213' title='bbox 1571 1964 1799 2023; x_wconf 88' lang='lat' dir='ltr'><strong>Christo</strong></span> <span class='ocrx_word' id='word_1_214' title='bbox 1849 1963 2180 2021; x_wconf 88' lang='lat' dir='ltr'><strong>testimonio</strong></span> <span class='ocrx_word' id='word_1_215' title='bbox 2228 1982 2335 2022; x_wconf 90' lang='lat' dir='ltr'><strong>suo</strong></span> <span class='ocrx_word' id='word_1_216' title='bbox 2384 1965 2819 2026; x_wconf 85' lang='lat' dir='ltr'><strong>subservierunt</strong></span> <span class='ocrx_word' id='word_1_217' title='bbox 2867 1968 2929 2025; x_wconf 89' lang='lat' dir='ltr'><strong>in</strong></span> 
     </span>
     <span class='ocr_line' id='line_1_22' title="bbox 516 2043 2928 2124; baseline 0.001 -20"><span class='ocrx_word' id='word_1_218' title='bbox 516 2046 842 2124; x_wconf 87' lang='lat' dir='ltr'><strong>Evangelio</strong></span> <span class='ocrx_word' id='word_1_219' title='bbox 887 2046 1273 2124; x_wconf 80' lang='lat' dir='ltr'><strong>praedicando,</strong></span> <span class='ocrx_word' id='word_1_220' title='bbox 1321 2046 1423 2124; x_wconf 89' lang='lat' dir='ltr'><strong>qui</strong></span> <span class='ocrx_word' id='word_1_221' title='bbox 1465 2044 1602 2104; x_wconf 90' lang='lat' dir='ltr'><strong>licet</strong></span> <span class='ocrx_word' id='word_1_222' title='bbox 1647 2045 1913 2104; x_wconf 86' lang='lat' dir='ltr'><strong>dicantur</strong></span> <span class='ocrx_word' id='word_1_223' title='bbox 1956 2043 2103 2102; x_wconf 87' lang='lat' dir='ltr'><strong>alios</strong></span> <span class='ocrx_word' id='word_1_224' title='bbox 2147 2062 2377 2102; x_wconf 86' lang='lat' dir='ltr'><strong>servare</strong></span> <span class='ocrx_word' id='word_1_225' title='bbox 2418 2064 2535 2102; x_wconf 89' lang='lat' dir='ltr'><strong>non</strong></span> <span class='ocrx_word' id='word_1_226' title='bbox 2576 2052 2769 2104; x_wconf 88' lang='lat' dir='ltr'><strong>tamen</strong></span> <span class='ocrx_word' id='word_1_227' title='bbox 2812 2048 2928 2107; x_wconf 90' lang='lat' dir='ltr'><strong>sint</strong></span> 
     </span>
     <span class='ocr_line' id='line_1_23' title="bbox 517 2123 2921 2204; baseline 0.001 -20"><span class='ocrx_word' id='word_1_228' title='bbox 517 2127 747 2186; x_wconf 87' lang='lat' dir='ltr'><strong>Christo</strong></span> <span class='ocrx_word' id='word_1_229' title='bbox 777 2126 1164 2204; x_wconf 86' lang='lat' dir='ltr'><strong>comparandi,</strong></span> <span class='ocrx_word' id='word_1_230' title='bbox 1201 2127 1338 2204; x_wconf 85' lang='lat' dir='ltr'><strong>quia</strong></span> <span class='ocrx_word' id='word_1_231' title='bbox 1365 2146 1471 2186; x_wconf 89' lang='lat' dir='ltr'><strong>nec</strong></span> <span class='ocrx_word' id='word_1_232' title='bbox 1499 2126 1687 2202; x_wconf 90' lang='lat' dir='ltr'><strong>primo</strong></span> <span class='ocrx_word' id='word_1_233' title='bbox 1715 2145 1821 2185; x_wconf 91' lang='lat' dir='ltr'><strong>nec</strong></span> <span class='ocrx_word' id='word_1_234' title='bbox 1848 2123 2266 2202; x_wconf 85' lang='lat' dir='ltr'><strong>perfectissima</strong></span> <span class='ocrx_word' id='word_1_235' title='bbox 2290 2124 2513 2184; x_wconf 86' lang='lat' dir='ltr'><strong>ratione</strong></span> <span class='ocrx_word' id='word_1_236' title='bbox 2543 2125 2602 2183; x_wconf 88' lang='lat' dir='ltr'><strong>id</strong></span> <span class='ocrx_word' id='word_1_237' title='bbox 2630 2135 2921 2202; x_wconf 75' lang='lat' dir='ltr'><strong>praestant,</strong></span> 
     </span>
     <span class='ocr_line' id='line_1_24' title="bbox 516 2204 2922 2284; baseline 0.001 -20"><span class='ocrx_word' id='word_1_238' title='bbox 516 2205 619 2264; x_wconf 86' lang='lat' dir='ltr'><strong>sed</strong></span> <span class='ocrx_word' id='word_1_239' title='bbox 641 2208 871 2266; x_wconf 89' lang='lat' dir='ltr'><strong>Christo</strong></span> <span class='ocrx_word' id='word_1_240' title='bbox 901 2208 1009 2266; x_wconf 86' lang='lat' dir='ltr'><strong>hac</strong></span> <span class='ocrx_word' id='word_1_241' title='bbox 1039 2207 1097 2264; x_wconf 92' lang='lat' dir='ltr'><strong>in</strong></span> <span class='ocrx_word' id='word_1_242' title='bbox 1125 2227 1187 2265; x_wconf 89' lang='lat' dir='ltr'><strong>re</strong></span> <span class='ocrx_word' id='word_1_243' title='bbox 1217 2208 1596 2283; x_wconf 88' lang='lat' dir='ltr'><strong>aliquousque</strong></span> <span class='ocrx_word' id='word_1_244' title='bbox 1626 2213 1851 2265; x_wconf 87' lang='lat' dir='ltr'><strong>tantum</strong></span> <span class='ocrx_word' id='word_1_245' title='bbox 1880 2204 2285 2280; x_wconf 79' lang='lat' dir='ltr'><strong>subserviunt3</strong></span> <span class='ocrx_word' id='word_1_246' title='bbox 2320 2204 2569 2282; x_wconf 90' lang='lat' dir='ltr'><strong>idipsum</strong></span> <span class='ocrx_word' id='word_1_247' title='bbox 2601 2205 2675 2264; x_wconf 88' lang='lat' dir='ltr'><strong>de</strong></span> <span class='ocrx_word' id='word_1_248' title='bbox 2699 2207 2922 2284; x_wconf 81' lang='lat' dir='ltr'><strong>Marty-</strong></span> 
     </span>
     <span class='ocr_line' id='line_1_25' title="bbox 513 2286 1033 2346; baseline 0.004 -3"><span class='ocrx_word' id='word_1_249' title='bbox 513 2287 675 2344; x_wconf 87' lang='lat' dir='ltr'><strong>ribus</strong></span> <span class='ocrx_word' id='word_1_250' title='bbox 703 2286 817 2344; x_wconf 91' lang='lat' dir='ltr'><strong>dici</strong></span> <span class='ocrx_word' id='word_1_251' title='bbox 887 2305 1033 2346; x_wconf 88' lang='lat' dir='ltr'><strong>osse.</strong></span> 
     </span>
    </p>

    <p class='ocr_par' dir='ltr' id='par_1_4' title="bbox 505 2307 2925 4681">
     <span class='ocr_line' id='line_1_26' title="bbox 596 2307 2925 2440; baseline 0.001 -18"><span class='ocrx_word' id='word_1_252' title='bbox 596 2307 927 2422; x_wconf 46' lang='lat' dir='ltr'><strong>xxxiii.</strong></span> <span class='ocrx_word' id='word_1_253' title='bbox 975 2365 1153 2440; x_wconf 72' lang='lat' dir='ltr'><strong>Resp.</strong></span> <span class='ocrx_word' id='word_1_254' title='bbox 1199 2363 1274 2422; x_wconf 89' lang='lat' dir='ltr'><strong>ad</strong></span> <span class='ocrx_word' id='word_1_255' title='bbox 1320 2367 1439 2436; x_wconf 65' lang='lat'><strong>1⁰¹⁸,</strong></span> <span class='ocrx_word' id='word_1_256' title='bbox 1473 2363 1602 2422; x_wconf 91' lang='lat' dir='ltr'><strong>Peti</strong></span> <span class='ocrx_word' id='word_1_257' title='bbox 1643 2362 2006 2439; x_wconf 89' lang='lat' dir='ltr'><strong>principium,</strong></span> <span class='ocrx_word' id='word_1_258' title='bbox 2052 2361 2413 2438; x_wconf 88' lang='lat' dir='ltr'><strong>probandum</strong></span> <span class='ocrx_word' id='word_1_259' title='bbox 2450 2364 2603 2422; x_wconf 90' lang='lat' dir='ltr'><strong>enim</strong></span> <span class='ocrx_word' id='word_1_260' title='bbox 2654 2365 2777 2440; x_wconf 86' lang='lat' dir='ltr'><strong>fuit,</strong></span> <span class='ocrx_word' id='word_1_261' title='bbox 2810 2387 2925 2426; x_wconf 89' lang='lat' dir='ltr'><strong>non</strong></span> 
     </span>
     <span class='ocr_line' id='line_1_27' title="bbox 512 2440 2923 2520; baseline 0.001 -17"><span class='ocrx_word' id='word_1_262' title='bbox 512 2443 838 2520; x_wconf 87' lang='lat' dir='ltr'><strong>dicendum,</strong></span> <span class='ocrx_word' id='word_1_263' title='bbox 887 2445 1160 2520; x_wconf 88' lang='lat' dir='ltr'><strong>majorem</strong></span> <span class='ocrx_word' id='word_1_264' title='bbox 1183 2443 1522 2500; x_wconf 86' lang='lat' dir='ltr'><strong>charitatem</strong></span> <span class='ocrx_word' id='word_1_265' title='bbox 1559 2440 1815 2500; x_wconf 84' lang='lat' dir='ltr'><strong>eluxisse</strong></span> <span class='ocrx_word' id='word_1_266' title='bbox 1856 2442 1916 2498; x_wconf 89' lang='lat' dir='ltr'><strong>in</strong></span> <span class='ocrx_word' id='word_1_267' title='bbox 1958 2449 2141 2500; x_wconf 86' lang='lat' dir='ltr'><strong>morte</strong></span> <span class='ocrx_word' id='word_1_268' title='bbox 2180 2442 2393 2500; x_wconf 84' lang='lat' dir='ltr'><strong>Christi</strong></span> <span class='ocrx_word' id='word_1_269' title='bbox 2432 2463 2605 2517; x_wconf 88' lang='lat' dir='ltr'><strong>quam</strong></span> <span class='ocrx_word' id='word_1_270' title='bbox 2642 2444 2703 2501; x_wconf 90' lang='lat' dir='ltr'><strong>in</strong></span> <span class='ocrx_word' id='word_1_271' title='bbox 2740 2457 2923 2505; x_wconf 88' lang='lat' dir='ltr'><strong>morte</strong></span> 
     </span>
     <span class='ocr_line' id='line_1_28' title="bbox 513 2519 2923 2602; baseline 0 -20"><span class='ocrx_word' id='word_1_272' title='bbox 513 2524 859 2602; x_wconf 83' lang='lat' dir='ltr'><strong>Martyrum.</strong></span> <span class='ocrx_word' id='word_1_273' title='bbox 953 2525 1104 2581; x_wconf 86' lang='lat' dir='ltr'><strong>Nam</strong></span> <span class='ocrx_word' id='word_1_274' title='bbox 1151 2543 1280 2582; x_wconf 89' lang='lat' dir='ltr'><strong>cum</strong></span> <span class='ocrx_word' id='word_1_275' title='bbox 1328 2520 1677 2580; x_wconf 88' lang='lat' dir='ltr'><strong>Adversarii</strong></span> <span class='ocrx_word' id='word_1_276' title='bbox 1721 2519 2011 2580; x_wconf 86' lang='lat' dir='ltr'><strong>Christum</strong></span> <span class='ocrx_word' id='word_1_277' title='bbox 2060 2519 2217 2590; x_wconf 70' lang='grc' dir='ltr'>ψιλὸν</span> <span class='ocrx_word' id='word_1_278' title='bbox 2264 2521 2511 2601; x_wconf 69' lang='lat' dir='ltr'><strong>a&#39;s&#39;vegumv</strong></span> <span class='ocrx_word' id='word_1_279' title='bbox 2558 2530 2814 2583; x_wconf 82' lang='lat' dir='ltr'><strong>statuant</strong></span> <span class='ocrx_word' id='word_1_280' title='bbox 2862 2529 2923 2584; x_wconf 89' lang='lat' dir='ltr'><strong>in</strong></span> 
     </span>
     <span class='ocr_line' id='line_1_29' title="bbox 511 2600 2924 2677; baseline 0 -15"><span class='ocrx_word' id='word_1_281' title='bbox 511 2613 755 2663; x_wconf 87' lang='lat' dir='ltr'><strong>mortem</strong></span> <span class='ocrx_word' id='word_1_282' title='bbox 785 2625 820 2662; x_wconf 88' lang='lat' dir='ltr'><strong>a</strong></span> <span class='ocrx_word' id='word_1_283' title='bbox 851 2605 978 2662; x_wconf 90' lang='lat' dir='ltr'><strong>Deo</strong></span> <span class='ocrx_word' id='word_1_284' title='bbox 1005 2602 1282 2663; x_wconf 88' lang='lat' dir='ltr'><strong>traditum</strong></span> <span class='ocrx_word' id='word_1_285' title='bbox 1309 2601 1385 2660; x_wconf 89' lang='lat' dir='ltr'><strong>ad</strong></span> <span class='ocrx_word' id='word_1_286' title='bbox 1414 2600 1783 2660; x_wconf 84' lang='lat' dir='ltr'><strong>sanciendam</strong></span> <span class='ocrx_word' id='word_1_287' title='bbox 1814 2601 2123 2677; x_wconf 85' lang='lat' dir='ltr'><strong>Evangelii</strong></span> <span class='ocrx_word' id='word_1_288' title='bbox 2142 2601 2463 2660; x_wconf 83' lang='lat' dir='ltr'><strong>doctrinam</strong></span> <span class='ocrx_word' id='word_1_289' title='bbox 2492 2600 2565 2659; x_wconf 91' lang='lat' dir='ltr'><strong>de</strong></span> <span class='ocrx_word' id='word_1_290' title='bbox 2586 2603 2924 2664; x_wconf 86' lang='lat' dir='ltr'><strong>remissione</strong></span> 
     </span>
     <span class='ocr_line' id='line_1_30' title="bbox 511 2679 2924 2762; baseline -0.001 -18"><span class='ocrx_word' id='word_1_291' title='bbox 511 2693 897 2762; x_wconf 85' lang='lat' dir='ltr'><strong>peccatorum,</strong></span> <span class='ocrx_word' id='word_1_292' title='bbox 931 2693 988 2744; x_wconf 94' lang='lat' dir='ltr'><strong>et</strong></span> <span class='ocrx_word' id='word_1_293' title='bbox 1009 2692 1140 2762; x_wconf 86' lang='lat' dir='ltr'><strong>post</strong></span> <span class='ocrx_word' id='word_1_294' title='bbox 1168 2703 1296 2741; x_wconf 88' lang='lat' dir='ltr'><strong>eam</strong></span> <span class='ocrx_word' id='word_1_295' title='bbox 1325 2681 1554 2740; x_wconf 90' lang='lat' dir='ltr'><strong>demum</strong></span> <span class='ocrx_word' id='word_1_296' title='bbox 1583 2681 1767 2738; x_wconf 88' lang='lat' dir='ltr'><strong>filium</strong></span> <span class='ocrx_word' id='word_1_297' title='bbox 1793 2679 1903 2742; x_wconf 90' lang='lat' dir='ltr'><strong>Dei</strong></span> <span class='ocrx_word' id='word_1_298' title='bbox 1926 2680 2159 2756; x_wconf 88' lang='lat' dir='ltr'><strong>factum,</strong></span> <span class='ocrx_word' id='word_1_299' title='bbox 2184 2689 2284 2740; x_wconf 88' lang='lat' dir='ltr'><strong>aut</strong></span> <span class='ocrx_word' id='word_1_300' title='bbox 2312 2681 2515 2739; x_wconf 88' lang='lat' dir='ltr'><strong>saltem</strong></span> <span class='ocrx_word' id='word_1_301' title='bbox 2544 2701 2679 2740; x_wconf 81' lang='lat' dir='ltr'><strong>vere</strong></span> <span class='ocrx_word' id='word_1_302' title='bbox 2708 2691 2768 2742; x_wconf 89' lang='lat' dir='ltr'><strong>et</strong></span> <span class='ocrx_word' id='word_1_303' title='bbox 2794 2704 2924 2762; x_wconf 90' lang='lat' dir='ltr'><strong>per-</strong></span> 
     </span>
     <span class='ocr_line' id='line_1_31' title="bbox 513 2761 2923 2842; baseline -0 -19"><span class='ocrx_word' id='word_1_304' title='bbox 513 2765 661 2825; x_wconf 87' lang='lat' dir='ltr'><strong>fecte</strong></span> <span class='ocrx_word' id='word_1_305' title='bbox 703 2766 781 2824; x_wconf 88' lang='lat' dir='ltr'><strong>ad</strong></span> <span class='ocrx_word' id='word_1_306' title='bbox 823 2766 991 2824; x_wconf 87' lang='lat' dir='ltr'><strong>istam</strong></span> <span class='ocrx_word' id='word_1_307' title='bbox 1035 2764 1378 2842; x_wconf 88' lang='lat' dir='ltr'><strong>dignitatem</strong></span> <span class='ocrx_word' id='word_1_308' title='bbox 1419 2769 1703 2835; x_wconf 89' lang='lat' dir='ltr'><strong>evectum,</strong></span> <span class='ocrx_word' id='word_1_309' title='bbox 1746 2761 2037 2838; x_wconf 82' lang='lat' dir='ltr'><strong>Martyres</strong></span> <span class='ocrx_word' id='word_1_310' title='bbox 2086 2768 2279 2820; x_wconf 88' lang='lat' dir='ltr'><strong>autem</strong></span> <span class='ocrx_word' id='word_1_311' title='bbox 2306 2761 2412 2818; x_wconf 88' lang='lat' dir='ltr'><strong>filii</strong></span> <span class='ocrx_word' id='word_1_312' title='bbox 2457 2761 2571 2820; x_wconf 89' lang='lat' dir='ltr'><strong>Dei</strong></span> <span class='ocrx_word' id='word_1_313' title='bbox 2599 2763 2769 2820; x_wconf 87' lang='lat' dir='ltr'><strong>etiam</strong></span> <span class='ocrx_word' id='word_1_314' title='bbox 2802 2765 2923 2826; x_wconf 87' lang='lat' dir='ltr'><strong>fue·</strong></span> 
     </span>
     <span class='ocr_line' id='line_1_32' title="bbox 511 2840 2925 2922; baseline 0 -19"><span class='ocrx_word' id='word_1_315' title='bbox 511 2846 644 2922; x_wconf 90' lang='lat' dir='ltr'><strong>rint,</strong></span> <span class='ocrx_word' id='word_1_316' title='bbox 691 2846 906 2905; x_wconf 82' lang='lat' dir='ltr'><strong>divinae</strong></span> <span class='ocrx_word' id='word_1_317' title='bbox 935 2852 1156 2904; x_wconf 73' lang='lat' dir='ltr'><strong>naturae</strong></span> <span class='ocrx_word' id='word_1_318' title='bbox 1195 2863 1300 2903; x_wconf 90' lang='lat' dir='ltr'><strong>suo</strong></span> <span class='ocrx_word' id='word_1_319' title='bbox 1336 2842 1510 2901; x_wconf 90' lang='lat' dir='ltr'><strong>modo</strong></span> <span class='ocrx_word' id='word_1_320' title='bbox 1537 2840 1862 2920; x_wconf 76' lang='lat' dir='ltr'><strong>participeS,</strong></span> <span class='ocrx_word' id='word_1_321' title='bbox 1908 2841 2265 2918; x_wconf 85' lang='lat' dir='ltr'><strong>eandemque</strong></span> <span class='ocrx_word' id='word_1_322' title='bbox 2294 2841 2611 2900; x_wconf 87' lang='lat' dir='ltr'><strong>doctrinam</strong></span> <span class='ocrx_word' id='word_1_323' title='bbox 2642 2845 2925 2922; x_wconf 88' lang='lat' dir='ltr'><strong>sanguine</strong></span> 
     </span>
     <span class='ocr_line' id='line_1_33' title="bbox 512 2921 2919 3004; baseline -0.001 -19"><span class='ocrx_word' id='word_1_324' title='bbox 512 2945 617 2985; x_wconf 89' lang='lat' dir='ltr'><strong>suo</strong></span> <span class='ocrx_word' id='word_1_325' title='bbox 642 2926 1096 3004; x_wconf 88' lang='lat' dir='ltr'><strong>obsignaverint,</strong></span> <span class='ocrx_word' id='word_1_326' title='bbox 1121 2925 1236 2984; x_wconf 91' lang='lat' dir='ltr'><strong>imo</strong></span> <span class='ocrx_word' id='word_1_327' title='bbox 1259 2944 1389 2983; x_wconf 82' lang='lat' dir='ltr'><strong>curn</strong></span> <span class='ocrx_word' id='word_1_328' title='bbox 1414 2943 1610 2982; x_wconf 87' lang='lat' dir='ltr'><strong>semen</strong></span> <span class='ocrx_word' id='word_1_329' title='bbox 1630 2921 1909 2981; x_wconf 74' lang='lat' dir='ltr'><strong>Ecclesiae</strong></span> <span class='ocrx_word' id='word_1_330' title='bbox 1929 2921 2155 2980; x_wconf 88' lang='lat' dir='ltr'><strong>dicatur</strong></span> <span class='ocrx_word' id='word_1_331' title='bbox 2172 2921 2351 2980; x_wconf 90' lang='lat' dir='ltr'><strong>fuisse</strong></span> <span class='ocrx_word' id='word_1_332' title='bbox 2379 2922 2633 2999; x_wconf 87' lang='lat' dir='ltr'><strong>ipsorum</strong></span> <span class='ocrx_word' id='word_1_333' title='bbox 2663 2927 2919 3002; x_wconf 86' lang='lat' dir='ltr'><strong>sanguis,</strong></span> 
     </span>
     <span class='ocr_line' id='line_1_34' title="bbox 514 3001 2921 3081; baseline 0 -17"><span class='ocrx_word' id='word_1_334' title='bbox 514 3006 743 3064; x_wconf 89' lang='lat' dir='ltr'><strong>ostendi</strong></span> <span class='ocrx_word' id='word_1_335' title='bbox 771 3006 1067 3066; x_wconf 87' lang='lat' dir='ltr'><strong>debuisset</strong></span> <span class='ocrx_word' id='word_1_336' title='bbox 1095 3025 1198 3064; x_wconf 89' lang='lat' dir='ltr'><strong>cur</strong></span> <span class='ocrx_word' id='word_1_337' title='bbox 1219 3005 1470 3063; x_wconf 87' lang='lat' dir='ltr'><strong>charitas</strong></span> <span class='ocrx_word' id='word_1_338' title='bbox 1501 3004 1612 3061; x_wconf 90' lang='lat' dir='ltr'><strong>Dei</strong></span> <span class='ocrx_word' id='word_1_339' title='bbox 1640 3003 1701 3060; x_wconf 92' lang='lat' dir='ltr'><strong>in</strong></span> <span class='ocrx_word' id='word_1_340' title='bbox 1726 3009 1913 3061; x_wconf 89' lang='lat' dir='ltr'><strong>morte</strong></span> <span class='ocrx_word' id='word_1_341' title='bbox 1942 3001 2158 3061; x_wconf 90' lang='lat' dir='ltr'><strong>Christi</strong></span> <span class='ocrx_word' id='word_1_342' title='bbox 2185 3001 2447 3060; x_wconf 82' lang='lat' dir='ltr'><strong>exhibita</strong></span> <span class='ocrx_word' id='word_1_343' title='bbox 2484 3010 2783 3081; x_wconf 82' lang='lat' dir='ltr'><strong>tantopere</strong></span> <span class='ocrx_word' id='word_1_344' title='bbox 2825 3025 2921 3065; x_wconf 88' lang='lat' dir='ltr'><strong>su-</strong></span> 
     </span>
     <span class='ocr_line' id='line_1_35' title="bbox 513 3081 2925 3160; baseline 0.001 -18"><span class='ocrx_word' id='word_1_345' title='bbox 513 3093 676 3160; x_wconf 90' lang='lat' dir='ltr'><strong>peret</strong></span> <span class='ocrx_word' id='word_1_346' title='bbox 716 3085 1055 3144; x_wconf 84' lang='lat' dir='ltr'><strong>charitatem</strong></span> <span class='ocrx_word' id='word_1_347' title='bbox 1100 3085 1214 3143; x_wconf 92' lang='lat' dir='ltr'><strong>Dei</strong></span> <span class='ocrx_word' id='word_1_348' title='bbox 1253 3085 1315 3142; x_wconf 91' lang='lat' dir='ltr'><strong>in</strong></span> <span class='ocrx_word' id='word_1_349' title='bbox 1355 3092 1537 3142; x_wconf 91' lang='lat' dir='ltr'><strong>morte</strong></span> <span class='ocrx_word' id='word_1_350' title='bbox 1582 3084 1925 3159; x_wconf 87' lang='lat' dir='ltr'><strong>Martyrum,</strong></span> <span class='ocrx_word' id='word_1_351' title='bbox 1972 3081 2145 3141; x_wconf 88' lang='lat' dir='ltr'><strong>toties</strong></span> <span class='ocrx_word' id='word_1_352' title='bbox 2188 3089 2421 3159; x_wconf 74' lang='lat' dir='ltr'><strong>tamque</strong></span> <span class='ocrx_word' id='word_1_353' title='bbox 2466 3083 2806 3144; x_wconf 88' lang='lat' dir='ltr'><strong>mirabiliter</strong></span> <span class='ocrx_word' id='word_1_354' title='bbox 2847 3086 2925 3145; x_wconf 88' lang='lat' dir='ltr'><strong>ad</strong></span> 
     </span>
     <span class='ocr_line' id='line_1_36' title="bbox 513 3161 2917 3223; baseline 0.001 -4"><span class='ocrx_word' id='word_1_355' title='bbox 513 3163 649 3220; x_wconf 88' lang='lat' dir='ltr'><strong>fidei</strong></span> <span class='ocrx_word' id='word_1_356' title='bbox 691 3164 1183 3222; x_wconf 87' lang='lat' dir='ltr'><strong>confirmationem</strong></span> <span class='ocrx_word' id='word_1_357' title='bbox 1225 3163 1694 3222; x_wconf 86' lang='lat' dir='ltr'><strong>demonstratam.</strong></span> <span class='ocrx_word' id='word_1_358' title='bbox 1780 3161 2006 3221; x_wconf 90' lang='lat' dir='ltr'><strong>Deinde</strong></span> <span class='ocrx_word' id='word_1_359' title='bbox 2036 3161 2194 3221; x_wconf 89' lang='lat' dir='ltr'><strong>aliud</strong></span> <span class='ocrx_word' id='word_1_360' title='bbox 2223 3171 2311 3221; x_wconf 91' lang='lat' dir='ltr'><strong>est</strong></span> <span class='ocrx_word' id='word_1_361' title='bbox 2340 3163 2678 3222; x_wconf 86' lang='lat' dir='ltr'><strong>charitatem</strong></span> <span class='ocrx_word' id='word_1_362' title='bbox 2708 3164 2819 3222; x_wconf 87' lang='lat' dir='ltr'><strong>Dei</strong></span> <span class='ocrx_word' id='word_1_363' title='bbox 2846 3165 2917 3223; x_wconf 92' lang='lat' dir='ltr'><strong>il-</strong></span> 
     </span>
     <span class='ocr_line' id='line_1_37' title="bbox 508 3241 2921 3324; baseline 0.002 -25"><span class='ocrx_word' id='word_1_364' title='bbox 508 3241 749 3300; x_wconf 89' lang='lat' dir='ltr'><strong>lustrius</strong></span> <span class='ocrx_word' id='word_1_365' title='bbox 771 3242 832 3300; x_wconf 90' lang='lat' dir='ltr'><strong>in</strong></span> <span class='ocrx_word' id='word_1_366' title='bbox 853 3251 1036 3301; x_wconf 88' lang='lat' dir='ltr'><strong>morte</strong></span> <span class='ocrx_word' id='word_1_367' title='bbox 1060 3243 1274 3300; x_wconf 89' lang='lat' dir='ltr'><strong>Christi</strong></span> <span class='ocrx_word' id='word_1_368' title='bbox 1295 3242 1743 3301; x_wconf 81' lang='lat' dir='ltr'><strong>demonstratam</strong></span> <span class='ocrx_word' id='word_1_369' title='bbox 1765 3241 1960 3317; x_wconf 87' lang='lat' dir='ltr'><strong>fuisse,</strong></span> <span class='ocrx_word' id='word_1_370' title='bbox 1986 3241 2144 3300; x_wconf 89' lang='lat' dir='ltr'><strong>aliud</strong></span> <span class='ocrx_word' id='word_1_371' title='bbox 2163 3262 2295 3301; x_wconf 90' lang='lat' dir='ltr'><strong>eum</strong></span> <span class='ocrx_word' id='word_1_372' title='bbox 2314 3251 2497 3301; x_wconf 89' lang='lat' dir='ltr'><strong>morte</strong></span> <span class='ocrx_word' id='word_1_373' title='bbox 2527 3263 2631 3302; x_wconf 86' lang='lat' dir='ltr'><strong>sua</strong></span> <span class='ocrx_word' id='word_1_374' title='bbox 2657 3244 2921 3324; x_wconf 88' lang='lat' dir='ltr'><strong>redemp-</strong></span> 
     </span>
     <span class='ocr_line' id='line_1_38' title="bbox 511 3320 2921 3400; baseline 0.002 -21"><span class='ocrx_word' id='word_1_375' title='bbox 511 3321 724 3379; x_wconf 86' lang='lat' dir='ltr'><strong>tionem</strong></span> <span class='ocrx_word' id='word_1_376' title='bbox 770 3328 829 3380; x_wconf 91' lang='lat' dir='ltr'><strong>et</strong></span> <span class='ocrx_word' id='word_1_377' title='bbox 869 3323 1115 3381; x_wconf 88' lang='lat' dir='ltr'><strong>salutem</strong></span> <span class='ocrx_word' id='word_1_378' title='bbox 1157 3341 1284 3380; x_wconf 89' lang='lat' dir='ltr'><strong>esse</strong></span> <span class='ocrx_word' id='word_1_379' title='bbox 1327 3321 1617 3398; x_wconf 88' lang='lat' dir='ltr'><strong>adeptum,</strong></span> <span class='ocrx_word' id='word_1_380' title='bbox 1662 3341 1779 3378; x_wconf 92' lang='lat' dir='ltr'><strong>non</strong></span> <span class='ocrx_word' id='word_1_381' title='bbox 1807 3320 2009 3380; x_wconf 87' lang='lat' dir='ltr'><strong>debuit</strong></span> <span class='ocrx_word' id='word_1_382' title='bbox 2036 3341 2175 3400; x_wconf 88' lang='lat' dir='ltr'><strong>ergo</strong></span> <span class='ocrx_word' id='word_1_383' title='bbox 2205 3323 2333 3400; x_wconf 90' lang='lat' dir='ltr'><strong>ejus</strong></span> <span class='ocrx_word' id='word_1_384' title='bbox 2362 3323 2631 3400; x_wconf 87' lang='lat' dir='ltr'><strong>sanguini</strong></span> <span class='ocrx_word' id='word_1_385' title='bbox 2658 3325 2921 3385; x_wconf 88' lang='lat' dir='ltr'><strong>remissio</strong></span> 
     </span>
     <span class='ocr_line' id='line_1_39' title="bbox 513 3400 2923 3478; baseline 0.003 -19"><span class='ocrx_word' id='word_1_386' title='bbox 513 3409 877 3478; x_wconf 85' lang='lat' dir='ltr'><strong>peccatorum</strong></span> <span class='ocrx_word' id='word_1_387' title='bbox 909 3411 966 3461; x_wconf 90' lang='lat' dir='ltr'><strong>et</strong></span> <span class='ocrx_word' id='word_1_388' title='bbox 995 3401 1385 3460; x_wconf 85' lang='lat' dir='ltr'><strong>reconciliatio</strong></span> <span class='ocrx_word' id='word_1_389' title='bbox 1413 3400 1590 3459; x_wconf 84' lang='lat' dir='ltr'><strong>tribui</strong></span> <span class='ocrx_word' id='word_1_390' title='bbox 1617 3400 1917 3459; x_wconf 84' lang='lat' dir='ltr'><strong>exclusive</strong></span> <span class='ocrx_word' id='word_1_391' title='bbox 1947 3400 2021 3458; x_wconf 91' lang='lat' dir='ltr'><strong>ad</strong></span> <span class='ocrx_word' id='word_1_392' title='bbox 2050 3410 2349 3478; x_wconf 86' lang='lat' dir='ltr'><strong>martyres,</strong></span> <span class='ocrx_word' id='word_1_393' title='bbox 2376 3403 2425 3462; x_wconf 90' lang='lat' dir='ltr'><strong>si</strong></span> <span class='ocrx_word' id='word_1_394' title='bbox 2452 3404 2595 3460; x_wconf 89' lang='lat' dir='ltr'><strong>nihil</strong></span> <span class='ocrx_word' id='word_1_395' title='bbox 2626 3403 2785 3463; x_wconf 90' lang='lat' dir='ltr'><strong>aliud</strong></span> <span class='ocrx_word' id='word_1_396' title='bbox 2812 3404 2923 3466; x_wconf 87' lang='lat' dir='ltr'><strong>fuit</strong></span> 
     </span>
     <span class='ocr_line' id='line_1_40' title="bbox 510 3475 2911 3562; baseline 0.002 -22"><span class='ocrx_word' id='word_1_397' title='bbox 510 3481 572 3540; x_wconf 91' lang='lat' dir='ltr'><strong>in</strong></span> <span class='ocrx_word' id='word_1_398' title='bbox 601 3502 668 3541; x_wconf 90' lang='lat' dir='ltr'><strong>ea</strong></span> <span class='ocrx_word' id='word_1_399' title='bbox 695 3501 868 3558; x_wconf 89' lang='lat' dir='ltr'><strong>quam</strong></span> <span class='ocrx_word' id='word_1_400' title='bbox 911 3481 1118 3540; x_wconf 86' lang='lat' dir='ltr'><strong>clarior</strong></span> <span class='ocrx_word' id='word_1_401' title='bbox 1157 3479 1369 3540; x_wconf 86' lang='lat' dir='ltr'><strong>amoris</strong></span> <span class='ocrx_word' id='word_1_402' title='bbox 1399 3479 1584 3538; x_wconf 91' lang='lat' dir='ltr'><strong>divini</strong></span> <span class='ocrx_word' id='word_1_403' title='bbox 1611 3479 1959 3539; x_wconf 82' lang='lat' dir='ltr'><strong>testificatio,</strong></span> <span class='ocrx_word' id='word_1_404' title='bbox 2026 3481 2127 3540; x_wconf 90' lang='lat' dir='ltr'><strong>Ad</strong></span> <span class='ocrx_word' id='word_1_405' title='bbox 2155 3486 2279 3557; x_wconf 70' lang='lat'><strong>2⁰³²,</strong></span> <span class='ocrx_word' id='word_1_406' title='bbox 2312 3475 2653 3559; x_wconf 81' lang='lat' dir='ltr'><strong>supp&#39;onitur</strong></span> <span class='ocrx_word' id='word_1_407' title='bbox 2680 3484 2911 3562; x_wconf 87' lang='lat' dir='ltr'><strong>falsum,</strong></span> 
     </span>
     <span class='ocr_line' id='line_1_41' title="bbox 513 3561 2917 3640; baseline 0.001 -19"><span class='ocrx_word' id='word_1_408' title='bbox 513 3563 806 3640; x_wconf 84' lang='lat' dir='ltr'><strong>Martyres</strong></span> <span class='ocrx_word' id='word_1_409' title='bbox 855 3561 1122 3621; x_wconf 87' lang='lat' dir='ltr'><strong>debuisse</strong></span> <span class='ocrx_word' id='word_1_410' title='bbox 1170 3561 1291 3638; x_wconf 90' lang='lat' dir='ltr'><strong>pati</strong></span> <span class='ocrx_word' id='word_1_411' title='bbox 1339 3568 1580 3619; x_wconf 88' lang='lat' dir='ltr'><strong>mortem</strong></span> <span class='ocrx_word' id='word_1_412' title='bbox 1630 3561 2013 3620; x_wconf 88' lang='lat' dir='ltr'><strong>truculentam</strong></span> <span class='ocrx_word' id='word_1_413' title='bbox 2062 3581 2235 3639; x_wconf 88' lang='lat' dir='ltr'><strong>quam</strong></span> <span class='ocrx_word' id='word_1_414' title='bbox 2286 3563 2573 3640; x_wconf 87' lang='lat' dir='ltr'><strong>subibant,</strong></span> <span class='ocrx_word' id='word_1_415' title='bbox 2626 3565 2917 3624; x_wconf 89' lang='lat' dir='ltr'><strong>Christum</strong></span> 
     </span>
     <span class='ocr_line' id='line_1_42' title="bbox 511 3640 2915 3723; baseline 0.002 -22"><span class='ocrx_word' id='word_1_416' title='bbox 511 3651 703 3702; x_wconf 87' lang='lat' dir='ltr'><strong>autem</strong></span> <span class='ocrx_word' id='word_1_417' title='bbox 731 3644 983 3718; x_wconf 88' lang='lat' dir='ltr'><strong>minime,</strong></span> <span class='ocrx_word' id='word_1_418' title='bbox 1017 3643 1118 3701; x_wconf 89' lang='lat' dir='ltr'><strong>sed</strong></span> <span class='ocrx_word' id='word_1_419' title='bbox 1147 3642 1220 3700; x_wconf 92' lang='lat' dir='ltr'><strong>ab</strong></span> <span class='ocrx_word' id='word_1_420' title='bbox 1243 3661 1312 3700; x_wconf 90' lang='lat' dir='ltr'><strong>ea</strong></span> <span class='ocrx_word' id='word_1_421' title='bbox 1333 3641 1465 3717; x_wconf 88' lang='lat' dir='ltr'><strong>jure</strong></span> <span class='ocrx_word' id='word_1_422' title='bbox 1495 3640 1743 3717; x_wconf 88' lang='lat' dir='ltr'><strong>quodam</strong></span> <span class='ocrx_word' id='word_1_423' title='bbox 1776 3641 2057 3718; x_wconf 87' lang='lat' dir='ltr'><strong>singulari</strong></span> <span class='ocrx_word' id='word_1_424' title='bbox 2086 3661 2215 3700; x_wconf 89' lang='lat' dir='ltr'><strong>cum</strong></span> <span class='ocrx_word' id='word_1_425' title='bbox 2244 3641 2515 3702; x_wconf 85' lang='lat' dir='ltr'><strong>immunis</strong></span> <span class='ocrx_word' id='word_1_426' title='bbox 2549 3663 2674 3703; x_wconf 87' lang='lat' dir='ltr'><strong>esse</strong></span> <span class='ocrx_word' id='word_1_427' title='bbox 2704 3657 2915 3723; x_wconf 88' lang='lat' dir='ltr'><strong>posset,</strong></span> 
     </span>
     <span class='ocr_line' id='line_1_43' title="bbox 511 3721 2917 3802; baseline 0.002 -20"><span class='ocrx_word' id='word_1_428' title='bbox 511 3725 694 3784; x_wconf 87' lang='lat' dir='ltr'><strong>nostri</strong></span> <span class='ocrx_word' id='word_1_429' title='bbox 721 3744 894 3782; x_wconf 86' lang='lat' dir='ltr'><strong>causa</strong></span> <span class='ocrx_word' id='word_1_430' title='bbox 923 3744 1048 3782; x_wconf 87' lang='lat' dir='ltr'><strong>eam</strong></span> <span class='ocrx_word' id='word_1_431' title='bbox 1078 3723 1322 3782; x_wconf 87' lang='lat' dir='ltr'><strong>subiisse</strong></span> <span class='ocrx_word' id='word_1_432' title='bbox 1347 3743 1363 3797; x_wconf 76' lang='lat'><em>3</em></span> <span class='ocrx_word' id='word_1_433' title='bbox 1407 3721 1558 3779; x_wconf 90' lang='lat' dir='ltr'><strong>Nam</strong></span> <span class='ocrx_word' id='word_1_434' title='bbox 1586 3721 1697 3780; x_wconf 90' lang='lat' dir='ltr'><strong>etsi</strong></span> <span class='ocrx_word' id='word_1_435' title='bbox 1726 3729 2007 3798; x_wconf 87' lang='lat' dir='ltr'><strong>martyres</strong></span> <span class='ocrx_word' id='word_1_436' title='bbox 2036 3742 2070 3780; x_wconf 84' lang='lat' dir='ltr'><strong>a</strong></span> <span class='ocrx_word' id='word_1_437' title='bbox 2098 3731 2274 3780; x_wconf 81' lang='lat' dir='ltr'><strong>morte</strong></span> <span class='ocrx_word' id='word_1_438' title='bbox 2302 3723 2586 3784; x_wconf 89' lang='lat' dir='ltr'><strong>immunes</strong></span> <span class='ocrx_word' id='word_1_439' title='bbox 2612 3743 2729 3783; x_wconf 90' lang='lat' dir='ltr'><strong>non</strong></span> <span class='ocrx_word' id='word_1_440' title='bbox 2756 3735 2917 3802; x_wconf 89' lang='lat' dir='ltr'><strong>pote-</strong></span> 
     </span>
     <span class='ocr_line' id='line_1_44' title="bbox 511 3800 2919 3883; baseline 0.002 -22"><span class='ocrx_word' id='word_1_441' title='bbox 511 3813 640 3864; x_wconf 84' lang='lat' dir='ltr'><strong>rant</strong></span> <span class='ocrx_word' id='word_1_442' title='bbox 661 3825 788 3864; x_wconf 88' lang='lat' dir='ltr'><strong>esse</strong></span> <span class='ocrx_word' id='word_1_443' title='bbox 815 3805 1072 3863; x_wconf 76' lang='lat' dir='ltr'><strong>naturali</strong></span> <span class='ocrx_word' id='word_1_444' title='bbox 1096 3811 1154 3862; x_wconf 91' lang='lat' dir='ltr'><strong>et</strong></span> <span class='ocrx_word' id='word_1_445' title='bbox 1183 3802 1484 3861; x_wconf 76' lang='lat' dir='ltr'><strong>ordinaria</strong></span> <span class='ocrx_word' id='word_1_446' title='bbox 1511 3821 1628 3877; x_wconf 89' lang='lat' dir='ltr'><strong>qua</strong></span> <span class='ocrx_word' id='word_1_447' title='bbox 1654 3800 1917 3860; x_wconf 85' lang='lat' dir='ltr'><strong>homines</strong></span> <span class='ocrx_word' id='word_1_448' title='bbox 1944 3802 2138 3860; x_wconf 88' lang='lat' dir='ltr'><strong>miseri</strong></span> <span class='ocrx_word' id='word_1_449' title='bbox 2166 3809 2225 3861; x_wconf 89' lang='lat' dir='ltr'><strong>et</strong></span> <span class='ocrx_word' id='word_1_450' title='bbox 2252 3811 2601 3879; x_wconf 87' lang='lat' dir='ltr'><strong>peccatores,</strong></span> <span class='ocrx_word' id='word_1_451' title='bbox 2634 3807 2919 3883; x_wconf 81' lang='lat' dir='ltr'><strong>siquidem</strong></span> 
     </span>
     <span class='ocr_line' id='line_1_45' title="bbox 511 3881 2911 3960; baseline 0.001 -17"><span class='ocrx_word' id='word_1_452' title='bbox 511 3885 656 3943; x_wconf 91' lang='lat' dir='ltr'><strong>mori</strong></span> <span class='ocrx_word' id='word_1_453' title='bbox 685 3885 952 3943; x_wconf 87' lang='lat' dir='ltr'><strong>omnibus</strong></span> <span class='ocrx_word' id='word_1_454' title='bbox 981 3883 1156 3942; x_wconf 86' lang='lat' dir='ltr'><strong>semel</strong></span> <span class='ocrx_word' id='word_1_455' title='bbox 1186 3892 1275 3942; x_wconf 91' lang='lat' dir='ltr'><strong>est</strong></span> <span class='ocrx_word' id='word_1_456' title='bbox 1302 3882 1697 3954; x_wconf 86' lang='lat' dir='ltr'><strong>constitutum,</strong></span> <span class='ocrx_word' id='word_1_457' title='bbox 1744 3881 1899 3941; x_wconf 87' lang='lat' dir='ltr'><strong>Heb.</strong></span> <span class='ocrx_word' id='word_1_458' title='bbox 1930 3882 2011 3940; x_wconf 86' lang='lat' dir='ltr'><strong>ix.</strong></span> <span class='ocrx_word' id='word_1_459' title='bbox 2042 3887 2137 3956; x_wconf 82' lang='lat'><strong>27,</strong></span> <span class='ocrx_word' id='word_1_460' title='bbox 2181 3891 2495 3960; x_wconf 89' lang='lat' dir='ltr'><strong>potuerunt</strong></span> <span class='ocrx_word' id='word_1_461' title='bbox 2520 3891 2713 3943; x_wconf 88' lang='lat' dir='ltr'><strong>tamen</strong></span> <span class='ocrx_word' id='word_1_462' title='bbox 2739 3906 2779 3944; x_wconf 89' lang='lat' dir='ltr'><strong>a</strong></span> <span class='ocrx_word' id='word_1_463' title='bbox 2802 3887 2911 3946; x_wconf 80' lang='lat' dir='ltr'><strong>vio-</strong></span> 
     </span>
     <span class='ocr_line' id='line_1_46' title="bbox 510 3961 2923 4040; baseline 0.001 -17"><span class='ocrx_word' id='word_1_464' title='bbox 510 3967 660 4024; x_wconf 78' lang='lat' dir='ltr'><strong>lenta</strong></span> <span class='ocrx_word' id='word_1_465' title='bbox 688 3975 746 4024; x_wconf 91' lang='lat' dir='ltr'><strong>et</strong></span> <span class='ocrx_word' id='word_1_466' title='bbox 774 3966 905 4023; x_wconf 77' lang='lat' dir='ltr'><strong>dira</strong></span> <span class='ocrx_word' id='word_1_467' title='bbox 932 3965 1034 4022; x_wconf 88' lang='lat' dir='ltr'><strong>illa</strong></span> <span class='ocrx_word' id='word_1_468' title='bbox 1059 3971 1244 4022; x_wconf 89' lang='lat' dir='ltr'><strong>morte</strong></span> <span class='ocrx_word' id='word_1_469' title='bbox 1271 3983 1402 4040; x_wconf 71' lang='lat' dir='ltr'><strong>quse</strong></span> <span class='ocrx_word' id='word_1_470' title='bbox 1429 3963 1547 4020; x_wconf 90' lang='lat' dir='ltr'><strong>illis</strong></span> <span class='ocrx_word' id='word_1_471' title='bbox 1575 3961 1796 4020; x_wconf 88' lang='lat' dir='ltr'><strong>inflicta</strong></span> <span class='ocrx_word' id='word_1_472' title='bbox 1822 3971 1913 4021; x_wconf 90' lang='lat' dir='ltr'><strong>est</strong></span> <span class='ocrx_word' id='word_1_473' title='bbox 1938 3970 2005 4023; x_wconf 87' lang='lat' dir='ltr'><strong>ut</strong></span> <span class='ocrx_word' id='word_1_474' title='bbox 2026 3961 2367 4022; x_wconf 87' lang='lat' dir='ltr'><strong>Christianis</strong></span> <span class='ocrx_word' id='word_1_475' title='bbox 2388 3964 2583 4038; x_wconf 80' lang='lat' dir='ltr'><strong>eximi,</strong></span> <span class='ocrx_word' id='word_1_476' title='bbox 2608 3966 2657 4024; x_wconf 90' lang='lat' dir='ltr'><strong>si</strong></span> <span class='ocrx_word' id='word_1_477' title='bbox 2682 3966 2809 4024; x_wconf 93' lang='lat' dir='ltr'><strong>Deo</strong></span> <span class='ocrx_word' id='word_1_478' title='bbox 2838 3966 2923 4026; x_wconf 87' lang='lat' dir='ltr'><strong>ita</strong></span> 
     </span>
     <span class='ocr_line' id='line_1_47' title="bbox 507 4037 2921 4122; baseline 0.002 -20"><span class='ocrx_word' id='word_1_479' title='bbox 507 4045 790 4120; x_wconf 83' lang='lat' dir='ltr'><strong>libuisset,</strong></span> <span class='ocrx_word' id='word_1_480' title='bbox 835 4053 900 4103; x_wconf 87' lang='lat' dir='ltr'><strong>ut</strong></span> <span class='ocrx_word' id='word_1_481' title='bbox 939 4065 1080 4122; x_wconf 88' lang='lat' dir='ltr'><strong>erga</strong></span> <span class='ocrx_word' id='word_1_482' title='bbox 1118 4037 1450 4102; x_wconf 72' lang='lat' dir='ltr'><strong>innumeros</strong></span> <span class='ocrx_word' id='word_1_483' title='bbox 1487 4043 1633 4101; x_wconf 91' lang='lat' dir='ltr'><strong>alios</strong></span> <span class='ocrx_word' id='word_1_484' title='bbox 1660 4041 1862 4101; x_wconf 88' lang='lat' dir='ltr'><strong>fideles</strong></span> <span class='ocrx_word' id='word_1_485' title='bbox 1889 4043 2227 4120; x_wconf 55' lang='lat' dir='ltr'><strong>praestitum.</strong></span> <span class='ocrx_word' id='word_1_486' title='bbox 2314 4044 2386 4101; x_wconf 91' lang='lat' dir='ltr'><strong>In</strong></span> <span class='ocrx_word' id='word_1_487' title='bbox 2414 4047 2495 4103; x_wconf 85' lang='lat'><strong>3⁰.</strong></span> <span class='ocrx_word' id='word_1_488' title='bbox 2525 4065 2639 4104; x_wconf 90' lang='lat' dir='ltr'><strong>non</strong></span> <span class='ocrx_word' id='word_1_489' title='bbox 2670 4047 2801 4122; x_wconf 88' lang='lat' dir='ltr'><strong>plus</strong></span> <span class='ocrx_word' id='word_1_490' title='bbox 2829 4057 2921 4106; x_wconf 77' lang='lat' dir='ltr'><strong>est</strong></span> 
     </span>
     <span class='ocr_line' id='line_1_48' title="bbox 509 4121 2921 4199; baseline 0 -15"><span class='ocrx_word' id='word_1_491' title='bbox 509 4127 732 4185; x_wconf 89' lang='lat' dir='ltr'><strong>roboris</strong></span> <span class='ocrx_word' id='word_1_492' title='bbox 756 4149 770 4185; x_wconf 77' lang='lat' dir='ltr'>z</span> <span class='ocrx_word' id='word_1_493' title='bbox 819 4128 871 4184; x_wconf 89' lang='lat'><strong>1.</strong></span> <span class='ocrx_word' id='word_1_494' title='bbox 904 4125 1160 4182; x_wconf 87' lang='lat' dir='ltr'><strong>Fallacia</strong></span> <span class='ocrx_word' id='word_1_495' title='bbox 1187 4133 1276 4183; x_wconf 90' lang='lat' dir='ltr'><strong>est</strong></span> <span class='ocrx_word' id='word_1_496' title='bbox 1303 4145 1337 4182; x_wconf 90' lang='lat' dir='ltr'><strong>a</strong></span> <span class='ocrx_word' id='word_1_497' title='bbox 1365 4123 1520 4182; x_wconf 90' lang='lat' dir='ltr'><strong>dicto</strong></span> <span class='ocrx_word' id='word_1_498' title='bbox 1549 4121 1867 4182; x_wconf 87' lang='lat' dir='ltr'><strong>secundum</strong></span> <span class='ocrx_word' id='word_1_499' title='bbox 1895 4122 2035 4199; x_wconf 89' lang='lat' dir='ltr'><strong>quid</strong></span> <span class='ocrx_word' id='word_1_500' title='bbox 2059 4145 2073 4194; x_wconf 78' lang='lat'><em>3</em></span> <span class='ocrx_word' id='word_1_501' title='bbox 2109 4123 2172 4182; x_wconf 83' lang='lat' dir='ltr'><strong>Si</strong></span> <span class='ocrx_word' id='word_1_502' title='bbox 2194 4124 2424 4183; x_wconf 87' lang='lat' dir='ltr'><strong>Christo</strong></span> <span class='ocrx_word' id='word_1_503' title='bbox 2444 4124 2569 4183; x_wconf 86' lang='lat' dir='ltr'><strong>haec</strong></span> <span class='ocrx_word' id='word_1_504' title='bbox 2588 4126 2921 4186; x_wconf 86' lang='lat' dir='ltr'><strong>tribuuntur</strong></span> 
     </span>
     <span class='ocr_line' id='line_1_49' title="bbox 507 4202 2919 4282; baseline 0.001 -18"><span class='ocrx_word' id='word_1_505' title='bbox 507 4207 646 4282; x_wconf 88' lang='lat' dir='ltr'><strong>quia</strong></span> <span class='ocrx_word' id='word_1_506' title='bbox 689 4206 892 4264; x_wconf 86' lang='lat' dir='ltr'><strong>salutis</strong></span> <span class='ocrx_word' id='word_1_507' title='bbox 937 4205 1091 4262; x_wconf 85' lang='lat' dir='ltr'><strong>viam</strong></span> <span class='ocrx_word' id='word_1_508' title='bbox 1137 4205 1354 4281; x_wconf 87' lang='lat' dir='ltr'><strong>primus</strong></span> <span class='ocrx_word' id='word_1_509' title='bbox 1395 4202 1887 4278; x_wconf 88' lang='lat' dir='ltr'><strong>commonstravit,</strong></span> <span class='ocrx_word' id='word_1_510' title='bbox 1938 4211 1997 4262; x_wconf 86' lang='lat' dir='ltr'><strong>et</strong></span> <span class='ocrx_word' id='word_1_511' title='bbox 2040 4203 2358 4262; x_wconf 84' lang='lat' dir='ltr'><strong>doctrinam</strong></span> <span class='ocrx_word' id='word_1_512' title='bbox 2402 4213 2586 4264; x_wconf 88' lang='lat' dir='ltr'><strong>morte</strong></span> <span class='ocrx_word' id='word_1_513' title='bbox 2626 4206 2919 4266; x_wconf 89' lang='lat' dir='ltr'><strong>dirissima</strong></span> 
     </span>
     <span class='ocr_line' id='line_1_50' title="bbox 507 4283 2922 4362; baseline 0.002 -20"><span class='ocrx_word' id='word_1_514' title='bbox 507 4286 791 4362; x_wconf 88' lang='lat' dir='ltr'><strong>probavit,</strong></span> <span class='ocrx_word' id='word_1_515' title='bbox 824 4285 1084 4362; x_wconf 86' lang='lat' dir='ltr'><strong>sequitur</strong></span> <span class='ocrx_word' id='word_1_516' title='bbox 1111 4285 1234 4344; x_wconf 81' lang='lat' dir='ltr'><strong>haec</strong></span> <span class='ocrx_word' id='word_1_517' title='bbox 1261 4285 1346 4343; x_wconf 90' lang='lat' dir='ltr'><strong>illi</strong></span> <span class='ocrx_word' id='word_1_518' title='bbox 1366 4285 1559 4360; x_wconf 77' lang='lat' dir='ltr'><strong>prinw</strong></span> <span class='ocrx_word' id='word_1_519' title='bbox 1589 4293 1649 4344; x_wconf 89' lang='lat' dir='ltr'><strong>et</strong></span> <span class='ocrx_word' id='word_1_520' title='bbox 1674 4283 1962 4360; x_wconf 75' lang='lat' dir='ltr'><strong>praecipue</strong></span> <span class='ocrx_word' id='word_1_521' title='bbox 1989 4283 2166 4342; x_wconf 82' lang='lat' dir='ltr'><strong>fuisse</strong></span> <span class='ocrx_word' id='word_1_522' title='bbox 2189 4284 2511 4360; x_wconf 88' lang='lat' dir='ltr'><strong>tribuenda,</strong></span> <span class='ocrx_word' id='word_1_523' title='bbox 2537 4286 2640 4346; x_wconf 88' lang='lat' dir='ltr'><strong>sed</strong></span> <span class='ocrx_word' id='word_1_524' title='bbox 2667 4307 2783 4345; x_wconf 89' lang='lat' dir='ltr'><strong>non</strong></span> <span class='ocrx_word' id='word_1_525' title='bbox 2810 4289 2922 4347; x_wconf 77' lang='lat' dir='ltr'><strong>soli</strong></span> 
     </span>
     <span class='ocr_line' id='line_1_51' title="bbox 508 4364 2917 4443; baseline 0.002 -21"><span class='ocrx_word' id='word_1_526' title='bbox 508 4373 566 4422; x_wconf 93' lang='lat' dir='ltr'><strong>et</strong></span> <span class='ocrx_word' id='word_1_527' title='bbox 595 4365 966 4441; x_wconf 86' lang='lat' dir='ltr'><strong>singulariter</strong></span> <span class='ocrx_word' id='word_1_528' title='bbox 993 4364 1290 4424; x_wconf 83' lang='lat' dir='ltr'><strong>exclusive</strong></span> <span class='ocrx_word' id='word_1_529' title='bbox 1313 4365 1390 4423; x_wconf 86' lang='lat' dir='ltr'><strong>ad</strong></span> <span class='ocrx_word' id='word_1_530' title='bbox 1417 4373 1655 4424; x_wconf 85' lang='lat' dir='ltr'><strong>caeteros</strong></span> <span class='ocrx_word' id='word_1_531' title='bbox 1684 4383 1883 4423; x_wconf 84' lang='lat' dir='ltr'><strong>omnes</strong></span> <span class='ocrx_word' id='word_1_532' title='bbox 1911 4364 2011 4440; x_wconf 92' lang='lat' dir='ltr'><strong>qui</strong></span> <span class='ocrx_word' id='word_1_533' title='bbox 2040 4364 2099 4422; x_wconf 88' lang='lat' dir='ltr'><strong>in</strong></span> <span class='ocrx_word' id='word_1_534' title='bbox 2128 4364 2328 4423; x_wconf 85' lang='lat' dir='ltr'><strong>eadem</strong></span> <span class='ocrx_word' id='word_1_535' title='bbox 2358 4384 2531 4441; x_wconf 86' lang='lat' dir='ltr'><strong>opera</strong></span> <span class='ocrx_word' id='word_1_536' title='bbox 2558 4375 2691 4443; x_wconf 84' lang='lat' dir='ltr'><strong>post</strong></span> <span class='ocrx_word' id='word_1_537' title='bbox 2720 4367 2917 4426; x_wconf 86' lang='lat' dir='ltr'><strong>Chris-</strong></span> 
     </span>
     <span class='ocr_line' id='line_1_52' title="bbox 505 4444 2915 4522; baseline 0.002 -22"><span class='ocrx_word' id='word_1_538' title='bbox 505 4451 628 4500; x_wconf 89' lang='lat' dir='ltr'><strong>tum</strong></span> <span class='ocrx_word' id='word_1_539' title='bbox 671 4444 1022 4505; x_wconf 86' lang='lat' dir='ltr'><strong>laborarunt.</strong></span> <span class='ocrx_word' id='word_1_540' title='bbox 1106 4449 1164 4502; x_wconf 83' lang='lat'><strong>2.</strong></span> <span class='ocrx_word' id='word_1_541' title='bbox 1211 4444 1566 4522; x_wconf 85' lang='lat' dir='ltr'><strong>Supponitur</strong></span> <span class='ocrx_word' id='word_1_542' title='bbox 1605 4446 1789 4522; x_wconf 85' lang='lat' dir='ltr'><strong>gratis</strong></span> <span class='ocrx_word' id='word_1_543' title='bbox 1818 4445 2111 4504; x_wconf 86' lang='lat' dir='ltr'><strong>Christum</strong></span> <span class='ocrx_word' id='word_1_544' title='bbox 2149 4444 2325 4504; x_wconf 89' lang='lat' dir='ltr'><strong>fuisse</strong></span> <span class='ocrx_word' id='word_1_545' title='bbox 2362 4464 2687 4521; x_wconf 78' lang='lat' dir='ltr'><strong>praeconem</strong></span> <span class='ocrx_word' id='word_1_546' title='bbox 2716 4447 2915 4506; x_wconf 83' lang='lat' dir='ltr'><strong>Evan-</strong></span> 
     </span>
     <span class='ocr_line' id='line_1_53' title="bbox 508 4521 2913 4602; baseline 0.003 -25"><span class='ocrx_word' id='word_1_547' title='bbox 508 4521 646 4595; x_wconf 82' lang='lat' dir='ltr'><strong>gelii</strong></span> <span class='ocrx_word' id='word_1_548' title='bbox 674 4528 733 4578; x_wconf 89' lang='lat' dir='ltr'><strong>et</strong></span> <span class='ocrx_word' id='word_1_549' title='bbox 760 4523 1005 4597; x_wconf 88' lang='lat' dir='ltr'><strong>primum</strong></span> <span class='ocrx_word' id='word_1_550' title='bbox 1035 4531 1380 4600; x_wconf 79' lang='lat' dir='ltr'><strong>martyrem3</strong></span> <span class='ocrx_word' id='word_1_551' title='bbox 1427 4525 1570 4598; x_wconf 87' lang='lat' dir='ltr'><strong>Quis</strong></span> <span class='ocrx_word' id='word_1_552' title='bbox 1607 4525 1759 4582; x_wconf 90' lang='lat' dir='ltr'><strong>enim</strong></span> <span class='ocrx_word' id='word_1_553' title='bbox 1798 4523 2027 4600; x_wconf 85' lang='lat' dir='ltr'><strong>ignorat</strong></span> <span class='ocrx_word' id='word_1_554' title='bbox 2056 4525 2363 4602; x_wconf 84' lang='lat' dir='ltr'><strong>prophetas</strong></span> <span class='ocrx_word' id='word_1_555' title='bbox 2391 4525 2547 4582; x_wconf 87' lang='lat' dir='ltr'><strong>viam</strong></span> <span class='ocrx_word' id='word_1_556' title='bbox 2579 4528 2783 4586; x_wconf 88' lang='lat' dir='ltr'><strong>salutis</strong></span> <span class='ocrx_word' id='word_1_557' title='bbox 2810 4549 2913 4586; x_wconf 86' lang='lat' dir='ltr'><strong>an-</strong></span> 
     </span>
     <span class='ocr_line' id='line_1_54' title="bbox 505 4599 2917 4681; baseline 0.005 -26"><span class='ocrx_word' id='word_1_558' title='bbox 505 4599 799 4658; x_wconf 85' lang='lat' dir='ltr'><strong>nuntiasse</strong></span> <span class='ocrx_word' id='word_1_559' title='bbox 829 4601 944 4660; x_wconf 90' lang='lat' dir='ltr'><strong>imo</strong></span> <span class='ocrx_word' id='word_1_560' title='bbox 973 4603 1186 4661; x_wconf 89' lang='lat' dir='ltr'><strong>multos</strong></span> <span class='ocrx_word' id='word_1_561' title='bbox 1215 4603 1495 4679; x_wconf 86' lang='lat' dir='ltr'><strong>sanguine</strong></span> <span class='ocrx_word' id='word_1_562' title='bbox 1525 4623 1629 4662; x_wconf 86' lang='lat' dir='ltr'><strong>suo</strong></span> <span class='ocrx_word' id='word_1_563' title='bbox 1659 4623 1785 4662; x_wconf 89' lang='lat' dir='ltr'><strong>eam</strong></span> <span class='ocrx_word' id='word_1_564' title='bbox 1820 4605 2240 4681; x_wconf 85' lang='lat' dir='ltr'><strong>comprobasse,</strong></span> <span class='ocrx_word' id='word_1_565' title='bbox 2265 4613 2329 4662; x_wconf 90' lang='lat' dir='ltr'><strong>ut</strong></span> <span class='ocrx_word' id='word_1_566' title='bbox 2348 4605 2661 4681; x_wconf 83' lang='lat' dir='ltr'><strong>exprobrat</strong></span> <span class='ocrx_word' id='word_1_567' title='bbox 2686 4608 2729 4667; x_wconf 88' lang='lat' dir='ltr'><strong>J</strong></span> <span class='ocrx_word' id='word_1_568' title='bbox 2734 4607 2917 4667; x_wconf 82' lang='lat' dir='ltr'><strong>udaeis</strong></span> 
     </span>
    </p>
   </div>
  </div>
 </body>
</html>
