3234 5192
1034 998 1682 1079 DISPUTATIO
1765 1000 2118 1095 SEXTA,

754 1252 923 1345 DE
1034 1253 1448 1350 ROMA
1560 1255 2378 1352 BABYLONE.

914 1514 1306 1593 Rapondente
1334 1514 1616 1575 Hmuuco
1645 1514 1918 1575 Wasnno
1949 1517 2239 1595 Tiqurino.

1352 1768 1754 1777 *ψ

466 1940 517 1999 1.
563 1939 865 1999 Hactenus
892 1941 1207 2000 secessionis
1250 1951 1458 2002 nostroe
1484 1942 1559 2000 ab
1588 1941 1854 2001 Ecclesia
1895 1941 2160 2002 Romana
2197 1944 2570 2003 necessitatem
2599 1946 2786 2006 tribus

365 2021 668 2099 praecipue
698 2040 775 2079 ex
816 2021 1119 2099 capitibus,
1152 2042 1281 2099 quae
1310 2021 1553 2081 totidem
1604 2022 2044 2099 suppeditarunt
2095 2022 2263 2083 nobis
2318 2033 2787 2101 argumentorum

371 2101 607 2175 classes,
632 2100 1159 2161 demonstravimus
1182 2124 1196 2177 3
1240 2102 1473 2161 Haeresi
1488 2102 1708 2161 scilicet
1735 2102 1796 2159 in
1821 2102 2114 2177 Doctrina,
2145 2106 2490 2165 Idololatria
2511 2104 2572 2163 in
2593 2106 2786 2181 Cultu,

368 2190 430 2240 et
462 2180 789 2257 Tyr-anaide
827 2180 890 2237 in
920 2180 1247 2257 Regimine.
1333 2182 1615 2257 Quartum
1644 2202 1798 2241 nunc
1841 2182 2100 2242 succedit
2124 2183 2441 2261 principale
2482 2204 2787 2262 argumen-

373 2270 515 2337 tum,
544 2281 664 2320 non
690 2260 929 2319 minoris
956 2261 1249 2338 momenti,
1301 2262 1543 2339 petitum
1592 2262 1668 2321 ab
1723 2262 1850 2338 ipsa
1888 2264 2008 2321 Dei
2031 2265 2278 2339 jubentis
2304 2285 2450 2341 voce,
2483 2286 2612 2342 quae
2640 2267 2790 2326 hanc

370 2341 485 2419 piis
506 2341 775 2401 omnibus
824 2343 1227 2401 necessitatem
1272 2342 1518 2420 imponit
1562 2342 1624 2400 in
1674 2342 1886 2401 illustri
1929 2344 2162 2403 oraculo
2205 2345 2362 2421 quod
2389 2352 2568 2421 extat,
2600 2345 2787 2425 Apoc.

368 2421 533 2481 xviii.
558 2425 613 2496 4,
648 2422 778 2480 “Et
804 2421 1003 2479 audivi
1032 2422 1206 2481 etiam
1234 2442 1438 2482 vocem
1466 2443 1499 2481 e
1522 2423 1670 2481 eoelo
1699 2422 2002 2497 dicentem,
2029 2424 2206 2484 Exite
2233 2444 2310 2483 ex
2337 2446 2423 2501 ea,
2453 2427 2666 2504 popule
2687 2426 2786 2501 mi,

372 2520 447 2561 ne
474 2501 785 2579 participes
813 2502 939 2561 sitis
965 2511 1331 2579 peecatorum
1359 2504 1505 2580 ejus,
1536 2510 1595 2562 et
1623 2524 1698 2561 ex
1725 2502 1914 2581 plagis
1951 2504 2078 2581 ejus
2126 2505 2480 2583 accipiatis.''
2564 2506 2716 2565 Nam
2743 2507 2794 2567 si

376 2582 557 2641 semel
584 2581 890 2659 probatum
916 2580 1089 2641 fuerit
1116 2582 1480 2660 Babylonem
1508 2583 1698 2659 istam,
1729 2603 1805 2642 ex
1832 2604 1949 2662 qua
1975 2584 2134 2643 exire
2155 2585 2444 2662 jubemur,
2474 2607 2592 2646 non
2621 2588 2793 2647 aliam

372 2682 503 2722 esse
544 2681 717 2739 quam
760 2660 1005 2721 Romam
1050 2662 1431 2739 Pontificiam,
1475 2684 1545 2723 eo
1586 2664 1714 2741 ipso
1755 2663 2210 2723 demonstratum
2237 2666 2364 2741 erit,
2410 2668 2792 2727 necessariam

372 2741 553 2802 fuisse
594 2750 853 2801 nostram
896 2743 970 2800 ab
998 2762 1068 2802 ea
1111 2744 1513 2817 secessionem,
1572 2752 1632 2804 et
1685 2743 2104 2820 impossibilem
2160 2766 2292 2804 cum
2347 2766 2416 2805 ea
2481 2748 2790 2824 syncretis-

371 2842 550 2881 mum.
636 2822 786 2897 Quia
828 2842 969 2881 vero
1018 2824 1317 2883 oraculum
1366 2822 1525 2883 istud
1572 2823 1812 2882 maximi
1840 2832 1929 2883 est
1957 2824 2016 2881 in
2056 2824 2168 2883 hac
2195 2844 2368 2885 causa
2395 2826 2683 2902 ponderis,
2715 2827 2792 2885 ad

372 2902 637 2962 veritatis
658 2922 831 2980 quam
860 2910 1091 2962 tuemur
1132 2903 1642 2979 confirmationem,
1688 2904 1862 2980 paulo
1903 2904 2228 2963 accuratius
2267 2904 2416 2963 illud
2463 2906 2792 2982 expendere

374 2983 485 3041 hae
526 2982 915 3059 disputatione
950 2983 1373 3058 constituimuS,
1406 2983 1514 3042 sub
1582 2991 1792 3042 uatuor
1817 2984 2252 3061 praecipuarum,
2284 3003 2431 3060 quas
2459 2986 2792 3063 complecti·

376 3070 489 3136 tur,
518 3063 768 3141 partium
798 3064 1105 3140 examine;
1148 3070 1215 3123 ut
1240 3064 1425 3142 primo
1471 3063 1533 3120 vi
1576 3082 1792 3139 eamne,
1847 3064 2124 3129 Quoenam
2167 3064 2242 3121 sit
2281 3064 2544 3140 Babylon
2571 3085 2647 3124 ex
2675 3086 2793 3143 qua

378 3143 539 3202 exire
562 3143 872 3221 jubemur3
938 3142 1212 3220 secundo,
1263 3144 1403 3211 Quia
1450 3144 1610 3202 exire
1652 3143 1877 3218 debeat,
1901 3146 2148 3220 populus
2189 3144 2338 3221 Βοὴ
2389 3145 2578 3217 terti0,
2641 3148 2795 3213 Quo·

377 3225 543 3281 modo
572 3231 632 3282 et
664 3224 911 3290 Quando
940 3225 1099 3283 exire
1145 3232 1451 3299 teneatur;
1497 3232 1722 3302 quart0,
1770 3224 1969 3291 Quare
2017 3224 2348 3284 exeundum
2377 3225 2468 3303 sit,
2501 3226 2578 3285 ad
2603 3227 2793 3287 vitan-

379 3302 513 3361 dam
541 3304 1041 3381 participationem
1067 3312 1435 3382 peccatorum
1464 3304 1589 3381 ejus
1618 3312 1678 3363 et
1703 3324 2022 3382 poenarum.
2551 3318 2556 3323 ·

463 3383 549 3442 ΙΙ.
592 3382 775 3461 Apud
828 3402 1027 3443 omnes
1081 3385 1319 3461 quidem
1368 3393 1458 3444 est
1501 3385 1564 3443 in
1619 3384 1902 3461 confes50,
1955 3384 2317 3462 Babylonem
2357 3385 2546 3463 istam,
2578 3387 2650 3447 de
2679 3408 2795 3466 qua

376 3463 633 3540 loquitur
659 3464 703 3523 J
706 3482 939 3538 oannes,
978 3472 1103 3523 tum
1144 3466 1255 3525 hoc
1277 3466 1463 3542 capite
1493 3465 1617 3523 xiv.
1652 3473 1779 3525 tum
1807 3486 1932 3545 cap.
1963 3466 2106 3525 xvii.
2136 3486 2253 3525 non
2283 3486 2410 3527 esse
2437 3468 2666 3547 proprie
2689 3468 2794 3527 sed

374 3544 623 3621 figurate
668 3543 1113 3620 intelligendam
1134 3566 1149 3620 ;
1192 3565 1311 3603 non
1340 3543 1413 3604 de
1441 3546 1754 3621 Babylone
1781 3546 2090 3621 mundana,
2122 3548 2322 3624 quales
2363 3548 2516 3607 binae
2543 3548 2792 3625 fuerunt,

378 3644 497 3683 una
522 3624 583 3682 in
613 3623 903 3697 Chaldaea,
933 3624 1117 3683 altera
1141 3625 1201 3683 in
1224 3624 1523 3702 AEgypt03
1568 3625 1674 3684 sed
1701 3625 1774 3685 de
1803 3626 2106 3704 Babylone
2135 3628 2396 3704 mystica,
2441 3647 2570 3706 quae
2599 3629 2794 3687 novis-

380 3704 541 3763 simis
568 3703 927 3780 temporibus
952 3704 1155 3763 debuit
1182 3705 1496 3763 Hominem
1532 3706 1756 3783 peccati
1784 3714 1843 3765 et
1869 3727 2140 3784 magnam
2185 3707 2548 3767 Meretricem
2577 3706 2638 3764 in
2665 3708 2796 3767 sinu

380 3804 486 3843 suo
513 3783 729 3843 fovere.
814 3783 967 3841 Nam
992 3784 1130 3843 licet
1150 3784 1289 3843 olim
1307 3783 1463 3843 idem
1490 3786 1826 3845 mandatum
1847 3785 2044 3845 datum
2061 3786 2236 3846 fuerit
2259 3787 2474 3864 populo
2515 3786 2791 3862 Judarco,

378 3870 445 3923 ut
472 3871 695 3923 mature
724 3883 787 3922 se
816 3863 995 3923 exitio
1044 3864 1367 3942 Babylonis
1410 3864 1691 3942 Assyriae,
1722 3866 1784 3924 in
1810 3886 1926 3943 qua
1952 3866 2217 3943 captivus
2245 3865 2625 3942 detinebatur,
2657 3866 2792 3926 sub-

380 3943 635 4017 duceret,
682 3945 756 4003 ab
784 3964 853 4004 ea
880 3942 1165 4019 exeundO,
1212 3944 1329 4003 Isa.
1372 3945 1562 4003 xlviii.
1612 3950 1710 4021 20,
1755 3946 1798 4006 J
1801 3967 1880 4006 er.
1903 3947 1942 4006 l.
1974 3949 2028 4019 8,
2061 3954 2120 4005 et
2146 3946 2206 4004 li.
2238 3949 2293 4023 6,
2339 3945 2516 4004 Zach.
2538 3946 2598 4003 ii.
2639 3948 2693 4021 6,
2735 3951 2789 4021 7,

380 4032 441 4083 et
486 4022 737 4099 Spiritus
769 4024 1017 4083 Sanctus
1046 4045 1114 4083 eo
1143 4024 1239 4083 hic
1266 4024 1569 4085 manifeste
1598 4026 1876 4101 alluserit,
1908 4026 2086 4085 verba
2113 4033 2310 4085 vetera
2335 4024 2610 4083 mandato
2637 4046 2792 4085 novo

382 4102 908 4179 accommodand03
956 4103 1119 4183 (quia
1160 4113 1225 4163 ut
1254 4104 1438 4164 Israel
1487 4106 1808 4165 secundum
1846 4126 2074 4165 carnem
2102 4105 2212 4164 suit
2237 4114 2412 4182 typus
2442 4105 2676 4164 Israelis
2706 4126 2793 4165 se-

382 4183 636 4243 cundum
666 4183 946 4261 spiritum,
989 4184 1073 4243 ita
1119 4184 1425 4260 captivitas
1449 4184 1686 4245 Israelis
1731 4184 2046 4245 secundum
2091 4204 2320 4245 carnem
2379 4186 2442 4242 in
2491 4185 2796 4263 Babylone

379 4264 490 4323 suit
516 4271 693 4341 typus
722 4262 1075 4341 captivitatis
1109 4263 1341 4323 Israelis
1372 4266 1687 4324 secundum
1731 4266 1994 4343 spiritum
2041 4265 2104 4322 in
2153 4263 2455 4341 Babylone
2497 4266 2792 4347 mystica,)

382 4351 603 4403 certum
643 4351 735 4403 est
761 4350 957 4403 tamen
984 4352 1237 4403 veterem
1283 4345 1446 4403 illam
1494 4345 1859 4421 Babylonem
1905 4364 2023 4402 non
2061 4344 2157 4403 hic
2193 4344 2420 4422 respici,
2451 4344 2556 4405 sed
2581 4366 2794 4407 novam

380 4423 691 4501 quandam,
714 4442 845 4501 quae
863 4422 971 4481 sub
984 4422 1154 4482 Novo
1165 4422 1623 4485 Testamentoad
1643 4425 1800 4484 illius
1821 4424 2002 4483 instar
2012 4422 2158 4499 erigi
2174 4423 2392 4484 debuit.
2423 4425 2504 4486 Et
2517 4426 2798 4489 hactenus

380 4522 699 4563 consensus
720 4512 809 4563 est
826 4503 979 4561 inter
1002 4522 1217 4563 omneS.
1279 4502 1505 4564 Verum
1526 4504 1758 4581 quando
1779 4504 2024 4563 ulterius
2040 4503 2330 4581 quaeritur,
2362 4526 2627 4585 quamam
2656 4530 2796 4587 ergo

378 4584 457 4645 sit
483 4584 587 4643 illa
614 4583 902 4661 Babylon,
933 4602 1009 4642 ex
1036 4602 1153 4661 qua
1180 4584 1445 4644 secedere
1468 4584 1759 4662 jubemur,
1781 4584 1878 4643 hic
1897 4583 2043 4643 mira
2059 4592 2150 4645 est
2165 4588 2578 4649 sententiarum
2605 4589 2796 4650 diver-

376 4665 539 4725 sitas.
604 4664 684 4723 Et
708 4684 827 4723 non
854 4663 1047 4725 minus
1074 4672 1164 4724 est
1190 4664 1341 4725 inter
1368 4663 1692 4744 Babylonis
1736 4664 1903 4725 istius
1949 4665 2212 4744 mysticae
2255 4670 2546 4749 operarios
2574 4670 2794 4749 opinio·
