3234 5192
216 316 223 323 '
296 336 527 379 msru'r.
558 314 717 395 x1v.]
960 336 1035 377 ns
1064 334 1543 379 suxsrxcrroms
1571 336 1808 378 cnn1s‘r1
1836 336 2155 379 vamum-s.
2593 322 2708 379 471

292 481 389 555 44,
424 478 635 538 Matth.
666 478 793 537 xix.
813 477 868 552 5,
892 485 951 538 et
973 478 1123 556 Eph.
1147 499 1205 539 v.
1225 480 1323 539 31.
1351 478 1468 539 Sed
1488 478 1626 539 licet
1647 479 2090 540 concederemus
2109 478 2420 557 aliquando
2437 499 2506 541 eo
2529 498 2704 541 sensu

290 558 509 634 venire,
541 578 673 618 cum
699 558 875 618 rebus
902 558 1239 637 applicatur,
1270 567 1331 619 at
1358 578 1491 620 cum
1508 559 1585 618 ad
1610 578 1888 637 personas
1913 560 2158 619 refertur
2184 580 2302 619 non
2329 560 2498 619 aliter
2525 580 2700 637 quam

293 639 667 699 substitutive
714 638 967 715 intelligi
1012 658 1183 717 posse
1216 640 1351 717 jure
1392 638 1719 699 statuimus.
1782 638 1988 716 Addit,
2033 644 2113 699 2⁰.
2157 640 2282 699 Nos
2323 638 2383 697 in
2411 660 2481 699 eo
2509 640 2702 719 decipi

289 719 449 796 quod
494 726 765 797 putemus
812 719 911 795 agi
946 718 1021 779 de
1066 720 1517 779 commutatione
1561 719 1714 779 inter
1742 720 2032 779 Christum
2063 728 2121 779 et
2167 739 2274 779 nos
2301 719 2362 777 in
2389 720 2533 779 locis
2562 740 2698 779 con-

289 800 585 875 troversis,
610 798 779 877 quasi
796 818 1001 858 sensus
1022 808 1193 875 esset,
1225 820 1357 860 eum
1378 819 1487 859 nos
1508 800 1732 859 animas
1747 808 1976 859 nostras
1993 820 2250 860 essemus
2271 799 2478 876 daturi,
2501 800 2697 859 Chris-

290 886 417 938 tum
459 880 588 939 loco
616 886 815 939 nostro
848 878 1098 939 animam
1126 899 1291 941 suam
1324 880 1573 956 dedisse,
1604 900 1736 939 cum
1765 880 2138 941 commutatio
2185 888 2418 939 notetur
2443 880 2694 959 quidem,

289 959 394 1017 sed
421 960 573 1019 inter
600 979 721 1018 rem
748 968 809 1018 et
848 978 1141 1037 personas,
1174 960 1324 1018 inter
1354 958 1529 1042 λῦτςου
1556 960 1716 1037 quod
1757 968 1846 1019 est
1889 960 2082 1019 anima
2111 980 2214 1019 seu
2240 960 2366 1019 vita
2393 961 2608 1020 Christi
2637 969 2697 1020 et

288 1038 441 1099 inter
480 1060 590 1099 nos
636 1048 912 1117 tanquam
962 1039 1224 1117 captivos
1248 1062 1263 1116 ;
1306 1040 1440 1116 quis
1486 1060 1630 1099 vero
1671 1039 1886 1100 dixerit
1923 1041 2264 1118 sanguinem
2313 1040 2530 1099 Christi
2588 1060 2694 1117 pro

289 1118 459 1178 nobis
481 1120 859 1197 subrogatum
876 1127 979 1179 aut
1003 1120 1273 1179 inlocum
1302 1128 1563 1179 nostrum
1586 1120 1932 1179 successisse
1948 1123 1977 1181 ‘t‘
2023 1120 2140 1180 Sed
2164 1120 2290 1199 ipse
2317 1120 2560 1198 turpiter
2586 1120 2691 1178 fal-

288 1198 429 1258 litur
476 1198 615 1258 dum
662 1199 809 1258 alios
846 1199 969 1257 falli
998 1199 1311 1275 contendit,
1342 1219 1477 1259 nam
1518 1219 1589 1259 ea
1612 1219 1732 1259 non
1753 1210 1889 1261 sunt
1914 1200 2096 1260 verba
2121 1209 2334 1275 nostra,
2367 1200 2471 1259 sed
2502 1199 2692 1277 Scrip-

288 1286 434 1337 turae
462 1278 645 1356 ipsius
687 1298 816 1356 quse
864 1280 1371 1339 commutationem
1414 1280 1575 1339 illam
1602 1280 1755 1339 inter
1783 1280 2074 1341 Christum
2103 1290 2162 1341 et
2189 1300 2295 1339 nos
2324 1280 2526 1341 statuit
2554 1281 2692 1339 dum

288 1377 563 1436 expresse
588 1357 733 1417 dieit
762 1357 1052 1417 Christum
1077 1361 1113 1392 ‘⁴
1135 1360 1389 1437 seipsum
1426 1360 1655 1420 dedisse
1683 1380 1788 1438 pro
1808 1360 2065 1436 multis,'’
2097 1361 2306 1421 Matth.
2332 1380 2434 1419 xx.
2467 1363 2562 1437 28,
2595 1361 2693 1419 vel

289 1439 454 1515 “pro
480 1438 707 1514 nobis,'’
732 1438 845 1497 Tit.
876 1438 935 1495 ii.
969 1440 1061 1515 14,
1092 1447 1153 1499 et
1196 1440 1472 1517 “justum
1499 1460 1604 1518 pro
1632 1442 1864 1517 injustis
1899 1445 2189 1519 passum,”
2223 1444 2252 1499 1
2287 1441 2413 1501 Pet.
2443 1440 2524 1499 iii.
2577 1443 2688 1517 183

286 1516 483 1596 itaque
504 1519 859 1577 commutatio
876 1518 1093 1596 duplex
1114 1520 1209 1579 hic
1230 1520 1599 1592 attendenda,
1625 1521 1737 1579 alia
1753 1522 1841 1579 rei
1854 1520 1968 1579 alia
1979 1541 2260 1598 persona,
2285 1521 2346 1579 in
2362 1521 2476 1580 ista
2498 1520 2692 1579 Chris·

284 1606 382 1657 tus
409 1600 599 1657 locum
628 1606 887 1657 nostrum
932 1599 1125 1675 subiit,
1156 1600 1217 1659 in
1240 1600 1341 1658 illa
1366 1620 1521 1660 mors
1562 1600 1732 1659 nobis
1759 1601 1956 1659 debita
1983 1608 2386 1679 compensatur
2411 1620 2515 1678 per
2539 1621 2691 1659 mor-

284 1686 403 1737 tem
434 1678 666 1739 Christo
692 1679 825 1737 vadi
856 1687 1055 1739 nostro
1082 1680 1427 1758 impositam,
1460 1688 1518 1739 et
1538 1682 1664 1739 haec
1704 1680 1936 1758 quidem
1960 1681 2020 1739 in
2049 1682 2426 1759 sequentibus
2453 1681 2688 1739 demon·

286 1760 578 1835 strabitur,
612 1759 716 1819 sed
743 1759 900 1837 prior
927 1760 1080 1819 clare
1110 1761 1433 1820 ostenditur
1452 1781 1529 1820 ex
1566 1782 1637 1819 ea
1662 1762 1858 1838 phrasi
1886 1781 2003 1838 qua
2031 1762 2294 1821 Christus
2321 1760 2419 1820 vel
2447 1765 2556 1819 ἄη)
2595 1761 2695 1819 vel

288 1841 409 1920 ias-ig
430 1842 555 1916 ἦμὸι
576 1847 839 1899 mortuus
866 1840 1095 1900 dicitur.
1140 1840 1367 1900 Deinde
1385 1861 1517 1901 cum
1546 1840 1722 1923 λῦτςου
1741 1842 1930 1919 i'psum
1950 1842 2108 1919 quod
2125 1841 2276 1901 inter
2301 1860 2409 1900 nos
2435 1860 2690 1899 commu-

284 1926 469 1979 tatum
498 1940 625 1979 esse
670 1920 882 1979 fatetur
922 1920 1305 1997 adversarius,
1338 1921 1497 1980 aliud
1525 1941 1642 1979 non
1679 1922 1854 1981 fuerit
1880 1941 2054 1999 quam
2083 1942 2330 2001 persona
2355 1922 2483 1999 ipsa
2503 1921 2692 1981 Vadis

284 2000 485 2077 nostri,
516 2000 771 2078 seipsum
792 2000 945 2058 enim
966 2000 1277 2059 tradidisse
1298 2000 1527 2070 dicitur,
1556 2001 1770 2060 frustra
1797 2001 2176 2081 distinguitur
2201 2002 2572 2061 commutatio
2603 2002 2692 2059 in-

284 2086 373 2139 ter
392 2100 515 2138 rem
534 2089 593 2140 et
612 2099 904 2157 personas.
936 2080 1148 2153 Terti0,
1180 2080 1243 2137 Si
1260 2080 1634 2138 commutatio
1651 2100 1722 2138 ea
1737 2088 1972 2139 notatur
1999 2102 2128 2157 quae
2151 2090 2239 2140 est
2267 2080 2418 2139 inter
2443 2082 2694 2159 pretium

283 2167 343 2221 et
364 2178 667 2235 personam
688 2160 873 2236 pretio
894 2159 1267 2235 redemptam,
1289 2179 1427 2217 vera
1445 2158 1692 2217 infertur
1711 2159 2045 2235 satisfactio,
2065 2160 2210 2217 nihil
2233 2160 2384 2218 enim
2403 2161 2572 2218 nobis
2601 2180 2691 2217 sa-

283 2237 549 2297 tisfacere
578 2238 738 2297 aliud
778 2246 867 2297 est
904 2258 1077 2315 quam
1106 2240 1351 2315 pretium
1382 2238 1455 2297 ab
1484 2238 1600 2297 alio
1627 2238 1886 2298 debitum
1913 2240 2242 2317 persolvere
2264 2240 2346 2298 ita
2371 2248 2438 2299 ut
2465 2240 2694 2299 debitor

284 2338 355 2376 eo
384 2318 675 2393 liberetur,
708 2324 879 2395 atque
909 2318 1019 2378 hoc
1048 2319 1199 2377 clare
1228 2319 1476 2379 innuunt
1501 2320 1684 2378 verba
1721 2320 1908 2395 Pauli,
1941 2325 1976 2379 2
2009 2322 2137 2381 Cor.
2169 2340 2227 2378 v.
2263 2323 2355 2395 14,
2403 2322 2440 2353 “
2461 2320 2514 2379 si
2539 2340 2692 2378 unus

282 2418 389 2476 pro
400 2398 667 2457 omnibus
688 2407 949 2458 mortuus
966 2406 1073 2475 est,
1090 2400 1159 2458 E.
1183 2418 1383 2459 omnes
1406 2408 1543 2459 sunt
1560 2400 1830 2477 mortui,”
1851 2420 1968 2459 non
1991 2401 2233 2461 obscure
2257 2400 2478 2460 seilicet
2497 2400 2690 2477 desig-

282 2498 431 2537 nans
458 2479 539 2538 ita
568 2479 860 2539 Christum
888 2480 1145 2540 omnium
1190 2480 1503 2541 electorum
1530 2481 1662 2540 loco
1691 2482 2066 2541 substitutum
2095 2502 2222 2541 esse
2249 2489 2316 2541 ut
2334 2500 2492 2540 mors
2519 2500 2694 2558 quam

279 2580 387 2637 pro
414 2559 556 2637 ipsis
585 2560 859 2621 sustinuit
885 2560 969 2621 ita
1003 2561 1077 2619 iis
1124 2561 1439 2639 imputetur
1464 2570 1530 2621 ut
1558 2562 1762 2621 eodem
1789 2564 1919 2623 loco
1946 2563 2268 2623 habeantur
2293 2582 2362 2621 ac
2383 2561 2432 2621 si
2459 2561 2694 2639 ipsimet

282 2648 476 2700 essent
502 2643 731 2717 mortui,
757 2648 817 2700 et
836 2640 1147 2702 morientes
1172 2662 1277 2720 pro
1304 2643 1559 2721 peccatis
1602 2644 1724 2701 suis
1751 2643 2184 2703 satisfecissent.
2258 2643 2391 2701 Hoc
2419 2660 2559 2700 vero
2587 2662 2690 2717 po-

282 2720 411 2797 site,
442 2721 712 2780 nimirum
732 2721 1025 2781 Christum
1052 2722 1113 2780 in
1141 2722 1333 2782 locum
1362 2730 1622 2781 nostrum
1648 2722 1996 2781 successisse
2024 2731 2082 2781 et
2101 2741 2304 2799 poenas
2331 2720 2502 2779 nobis
2530 2719 2690 2778 debi-

280 2806 373 2859 tas
400 2801 621 2877 tulisse,
652 2802 819 2861 facile
848 2801 1143 2879 colligitur
1164 2802 1573 2861 satisfactionis
1600 2802 1835 2876 veritas,
1859 2802 2070 2879 quippe
2099 2802 2149 2859 si
2175 2802 2306 2859 loco
2332 2808 2530 2858 nostro
2552 2820 2690 2857 con·

280 2881 519 2940 stitutus
540 2881 601 2939 id
622 2882 811 2958 ipsum
832 2881 989 2959 quod
1012 2880 1382 2956 debebamus,
1405 2888 1650 2940 mortem
1675 2880 1912 2955 scilicet,
1937 2894 2244 2956 perpessus
2272 2887 2362 2937 est
2377 2887 2443 2937 ut
2469 2898 2577 2935 nos
2615 2880 2690 2937 ab

280 2978 351 3018 ea
376 2960 663 3033 liberaret,
714 2960 915 3035 utique
958 2978 1195 3018 necesse
1224 2967 1313 3019 est
1340 2980 1473 3018 eum
1501 2978 1640 3017 vere
1686 2958 2050 3033 satisfecisse,
2081 2978 2215 3017 nam
2245 2957 2382 3016 dare
2411 2956 2471 3016 id
2497 2958 2690 3033 ipsum

281 3038 439 3114 quod
456 3039 602 3097 alter
623 3038 871 3097 debebat
888 3045 953 3097 ut
972 3058 1075 3115 per
1111 3038 1173 3096 id
1199 3038 1389 3115 ipsum
1418 3058 1453 3096 a
1474 3037 1672 3097 debito
1699 3038 1994 3113 liberetur,
2025 3046 2085 3097 et
2105 3057 2174 3096 eo
2196 3036 2350 3114 dato,
2379 3037 2508 3116 ipso
2535 3036 2688 3118 facto

281 3137 413 3175 eum
434 3117 697 3193 liberare,
718 3126 809 3177 est
836 3118 1061 3177 solvere
1091 3126 1191 3176 aut
1218 3117 1567 3177 satisfacere.

364 3197 479 3256 VI.
525 3200 581 3257 3.
626 3198 759 3257 Non
786 3197 955 3256 aliter
980 3197 1235 3275 phrasim
1264 3197 1415 3257 hanc
1442 3197 1503 3255 in
1532 3197 1798 3275 subjecta
1825 3196 2068 3257 materia
2092 3195 2530 3274 intelligendam
2560 3218 2688 3257 esse

278 3296 355 3337 ex
383 3298 453 3337 eo
482 3278 654 3337 etiam
692 3278 970 3355 probatur
996 3277 1312 3337 clarissime
1354 3277 1512 3356 quod
1538 3298 1607 3337 ea
1634 3278 1972 3356 proponitur
1997 3287 2272 3354 tanquam
2303 3278 2527 3337 Christo
2543 3299 2688 3355 pro·

266 3360 411 3435 pria
438 3370 493 3419 et
506 3359 817 3437 peculiaris
844 3378 975 3435 quae
1002 3358 1085 3417 ita
1104 3358 1215 3435 ipsi
1244 3359 1517 3437 competit
1544 3368 1609 3419 ut
1635 3359 1802 3418 alteri
1829 3358 2006 3418 tribui
2033 3357 2478 3437 haudquaquam
2505 3361 2692 3437 possit

279 3442 403 3499 sine
450 3460 675 3500 summa
708 3440 769 3497 in
819 3439 1112 3498 Christum
1156 3438 1383 3517 injuria,
1414 3440 1628 3499 dieitur
1675 3439 1829 3498 enim
1872 3438 1972 3499 ille
2024 3442 2059 3473 “
2079 3458 2231 3499 unus
2273 3460 2378 3517 pro
2419 3440 2690 3500 omnibus

277 3521 596 3596 mortuus,''
629 3526 664 3580 2
695 3521 825 3579 Cor.
856 3539 914 3578 v.
950 3522 1043 3593 14,
1072 3526 1133 3579 et
1171 3520 1281 3578 hoc
1328 3521 1563 3599 ponitur
1600 3529 1878 3598 tanquam
1922 3520 2128 3580 summi
2174 3521 2387 3579 amoris
2428 3519 2686 3580 testimo-

275 3601 434 3659 nium
465 3600 849 3659 certissimum
876 3599 972 3659 cui
988 3599 1137 3659 alius
1163 3600 1360 3660 nullus
1388 3602 1746 3679 aequiparari,
1766 3601 1978 3660 nedum
2007 3600 2278 3678 praeferri,
2309 3601 2512 3678 possit,
2544 3601 2587 3660 J
2591 3602 2686 3660 oh.

275 3700 377 3739 xv.
406 3683 479 3739 13
500 3701 515 3755 ;
538 3681 693 3739 unde
722 3680 957 3755 Paulus,
992 3682 1023 3739 1
1054 3680 1183 3740 Cor.
1214 3681 1253 3739 i.
1287 3684 1379 3755 13,
1408 3682 1519 3740 hoc
1536 3691 1813 3759 tanquam
1843 3681 2072 3741 Christo
2102 3680 2212 3741 soli
2237 3680 2549 3758 proprium,
2575 3700 2685 3737 cae-

272 3760 415 3819 teris
433 3779 569 3817 vero
599 3760 867 3819 omnibus
894 3761 1451 3839 incommunicabile,
1472 3762 1810 3839 longissime
1831 3782 1868 3821 a
1885 3780 1946 3821 se
1973 3768 2249 3835 removet,
2278 3761 2313 3793 “
2337 3760 2438 3818 An
2469 3759 2686 3837 Paulus

272 3860 377 3917 pro
405 3838 574 3897 vobis
602 3840 913 3899 crucifixus
941 3850 1031 3901 est
1049 3843 1115 3899 ?''
1198 3842 1243 3902 J
1245 3862 1337 3900 am
1381 3862 1521 3902 vero
1567 3843 1617 3900 si
1661 3842 1887 3919 phrasis
1933 3843 2060 3901 haec
2103 3848 2328 3901 tantum
2357 3839 2690 3916 designaret

272 3918 655 3996 commodum,
703 3929 763 3979 et
810 3941 963 3981 mors
1008 3920 1223 3981 Christi
1250 3922 1517 3981 utilitatis
1559 3922 1846 3982 duntaxat
1893 3922 2076 3999 gradu
2126 3918 2381 3979 differret
2423 3940 2460 3978 a
2503 3927 2688 3978 morte

272 3998 690 4077 Apostolorum
732 4020 851 4060 non
895 4002 1125 4079 proprio
1168 4001 1284 4061 fine
1329 4010 1746 4079 segregaretur,
1777 4002 1924 4061 falsa
1971 4008 2166 4062 essent
2206 4000 2334 4059 haee
2375 3999 2687 4077 Scripturas

268 4079 441 4153 dieta,
472 4099 605 4138 eum
632 4089 853 4140 certum
881 4082 957 4140 sit
985 4090 1043 4141 et
1073 4081 1315 4140 Paulum
1346 4092 1403 4142 et
1432 4091 1714 4160 martyres
1754 4083 1970 4142 multos
2009 4088 2268 4140 mortuos
2295 4098 2422 4139 esse
2451 4086 2690 4139 eatenus

269 4180 375 4237 pro
402 4159 691 4234 fidelibus,
722 4160 784 4219 id
812 4170 901 4221 est
928 4161 989 4218 in
1016 4180 1212 4220 eorum
1242 4162 1553 4221 utilitatem
1581 4170 1642 4223 et
1669 4162 1932 4240 gratiam.
2017 4163 2164 4221 Nam
2196 4180 2326 4238 quae
2353 4160 2688 4219 discrimina

268 4240 365 4301 hie
382 4248 653 4318 ruspatur
673 4240 1055 4315 adversarius,
1084 4240 1147 4299 li.
1178 4240 1251 4301 de
1284 4242 1449 4301 Serv.
1477 4242 1539 4301 li.
1568 4242 1630 4301 ii.
1661 4262 1710 4301 e.
1741 4244 1798 4318 8,
1827 4249 1897 4300 ut
1921 4240 2354 4302 attributionem
2382 4240 2555 4298 istam
2583 4240 2686 4299 de·

270 4322 461 4381 trahat
503 4321 775 4381 fidelibus
820 4330 879 4380 et
928 4320 1037 4380 soli
1083 4321 1311 4380 Christo
1360 4330 1455 4381 eat
1496 4322 1924 4400 transcriptum,
1969 4322 2068 4380 vel
2107 4320 2326 4379 nullius
2352 4320 2522 4397 plane
2553 4331 2688 4381 sunt

264 4402 583 4478 commatis,
626 4402 727 4461 vel
768 4409 1171 4481 argumentum
1198 4401 1405 4461 fortius
1445 4402 1776 4478 stringunt:
1821 4402 2118 4461 contendit
2145 4399 2430 4477 siquidem
2459 4400 2688 4462 Christo

266 4503 385 4542 non
415 4482 639 4542 eaeteris
682 4483 835 4541 hanc
877 4482 1132 4561 phrasim
1179 4481 1290 4541 rite
1336 4482 1514 4541 tribui
1562 4482 1700 4559 quia
1745 4482 2008 4542 Christus
2050 4482 2271 4560 primus
2299 4482 2551 4541 omnium
2583 4504 2686 4561 pro

267 4563 537 4623 omnibus
564 4572 829 4623 mortuus
854 4571 961 4640 est,
984 4562 1069 4622 ita
1086 4570 1153 4621 ut
1174 4562 1452 4639 quicquid
1478 4582 1555 4622 ex
1582 4570 1919 4622 caeterorum
1946 4572 2130 4622 morte
2158 4563 2255 4622 vel
2283 4560 2687 4623 afflictionibus

266 4641 533 4703 beneficii
562 4643 773 4705 ad-nos
801 4643 1087 4705 redundat
1128 4642 1189 4703 id
1232 4662 1399 4702 omne
1446 4642 1676 4702 Christo
1719 4652 2018 4722 acceptum
2045 4643 2243 4704 referri
2271 4642 2496 4704 debeat.
2582 4644 2684 4721 At,
