3234 5192
293 378 522 420 msru'r.
553 356 626 438 1.]
1129 379 1358 420 nos'rnA
1389 379 1466 419 An
1497 381 1777 422 scenssm
1808 381 2076 422 RonANA.
2624 367 2701 424 23

281 528 406 579 tum
433 517 668 580 unicum
697 537 824 578 esse
875 517 1256 578 Mediatorem
1284 527 1561 596 nostrum,
1618 524 1649 580 1
1702 521 1849 580 Tim.
1881 523 1939 582 ii.
1970 525 2025 597 5,
2062 530 2121 581 et
2170 523 2357 599 Caput
2405 523 2699 600 Ecclesiae,

282 599 497 675 Ephes.
551 598 588 658 i.
637 600 756 672 203
813 597 1100 675 justitiam
1145 600 1274 675 ejus
1321 600 1554 659 unicum
1602 602 1887 676 meritum,
1928 621 2045 678 quo
2091 601 2238 680 justi
2280 603 2699 678 constituimur,

281 679 450 738 Rom.
481 699 540 736 ν.
575 681 650 738 18
685 679 792 754 193
845 677 972 754 ejus
1001 678 1468 738 intercessionem
1499 680 1735 740 unicum
1782 681 2035 740 medium
2065 680 2420 740 accendendi
2466 680 2542 739 ad
2588 683 2699 741 Pa-

277 767 442 835 trem,
487 758 629 818 Joh.
659 758 782 817 xiV.
830 761 884 830 6,
921 760 950 816 1
993 758 1134 818 Joh.
1165 758 1224 818 ii.
1259 762 1311 834 1,
1343 769 1400 818 et
1445 759 1661 836 Ephes.
1690 760 1751 818 ii.
1786 763 1877 820 18.
1964 760 2049 819 At
2092 759 2398 836 Pontificii,
2445 761 2537 820 his
2580 780 2699 820 non

279 837 554 914 contenti,
621 837 971 899 mediatores
1032 837 1195 912 alios,
1245 837 1405 898 aliud
1463 840 1807 898 sacrificium
1874 840 2351 917 propitiatorium,
2402 839 2517 898 alia
2580 860 2697 898 me-

273 918 400 993 rita,
441 918 602 977 aliud
629 925 804 994 caput
845 917 1154 976 commenti
1183 927 1336 977 sunt.
1419 918 1574 993 Quid
1601 929 1691 982 est
1738 920 2175 980 fundamentum
2202 928 2477 996 evertere,
2510 920 2561 978 si
2586 919 2697 978 hoc

269 1017 387 1056 non
415 1001 552 1058 est?

359 1077 569 1136 XLII.
615 1077 858 1136 Frustra
883 1096 1136 1152 regeres,
1165 1077 1357 1154 palam
1386 1087 1580 1137 tamen
1607 1099 1709 1138 eos
1738 1079 1993 1157 profiteri
2024 1099 2086 1138 se
2114 1078 2273 1138 istud
2314 1079 2576 1154 retinere,
2608 1079 2693 1136 ni-

275 1156 474 1233 hilque
501 1156 694 1216 minus
721 1176 895 1232 quam
923 1155 996 1214 de
1025 1177 1093 1216 co
1122 1157 1504 1216 convellendo
1533 1159 1807 1235 cogitare.
1874 1159 2029 1234 Quid
2050 1159 2203 1218 enim
2226 1160 2399 1234 juvat
2426 1159 2689 1235 retinere,

279 1237 330 1294 si
357 1257 490 1296 cum
517 1256 586 1296 eo
613 1237 936 1312 conjungas
963 1237 1318 1314 corruptelas
1346 1237 1612 1296 exitiales
1654 1239 1867 1314 quibus
1893 1238 2242 1314 pervertitur
2257 1243 2285 1298 Ρ
2348 1238 2501 1313 Quid
2520 1239 2691 1314 juva-

279 1315 367 1375 bit
393 1315 712 1375 adultcram
742 1317 988 1376 clamare
1017 1335 1080 1376 se
1124 1317 1333 1391 virum,
1383 1316 1476 1376 cui
1503 1317 1867 1376 matrimonio
1897 1319 2105 1394 juncta
2148 1325 2254 1390 cst,
2286 1336 2389 1393 pro
2427 1317 2691 1394 legitimo

279 1395 490 1454 marito
518 1415 622 1454 suo
647 1395 876 1471 habere,
907 1395 958 1454 si
986 1395 1312 1455 adulterum
1339 1395 1400 1454 in
1443 1396 1633 1456 sinum
1662 1396 1883 1473 recipit,
1914 1405 1973 1455 et
2018 1397 2273 1473 corporis
2301 1397 2391 1454 sui
2420 1396 2505 1454 illi
2534 1398 2689 1473 copi-

279 1494 378 1534 am
406 1474 544 1534 facit
558 1477 587 1532 ?
667 1473 768 1534 An
791 1476 984 1534 minus
1011 1474 1144 1534 ideo
1170 1475 1440 1536 adulterii
1469 1495 1568 1536 rea
1612 1484 1938 1554 peragetur,
1990 1495 2119 1536 cum
2158 1483 2383 1534 constet
2410 1483 2681 1551 protesta-

279 1554 497 1614 tionem
525 1573 650 1614 esse
679 1553 832 1614 facto
859 1555 1203 1614 contrariam
1224 1559 1254 1614 Ρ
1333 1554 1520 1614 Aliud
1567 1556 1763 1632 itaque
1792 1563 1881 1616 est
1928 1575 2028 1614 ore
2056 1565 2211 1614 tenus
2228 1555 2506 1632 prqfiteri,
2530 1554 2691 1614 aliud

278 1636 448 1694 corde
473 1637 736 1710 credet-03
787 1635 948 1694 aliud
973 1654 1183 1693 nomen
1213 1643 1424 1710 tenere,
1455 1635 1616 1694 aliud
1642 1655 1765 1695 rem
1814 1635 1998 1712 ipsam
2026 1643 2087 1694 ct
2112 1633 2451 1711 mysterium
2477 1653 2687 1710 agnos-

277 1734 423 1774 cere.
510 1715 734 1774 Damus
761 1733 860 1774 eos
888 1714 1143 1792 profiteri
1162 1714 1470 1790 Christum,
1503 1723 1562 1774 et
1588 1735 1799 1774 nomen
1828 1715 1957 1791 ejus
2002 1723 2333 1774 constanter
2361 1713 2687 1790 obtrudere,

279 1793 383 1852 sed
407 1795 630 1854 sincere
657 1793 928 1871 recipere,
959 1803 1018 1852 et
1045 1794 1132 1852 illi
1152 1813 1289 1854 vere
1337 1793 1629 1854 adhaerere
1676 1813 1976 1870 negamus,
2014 1795 2151 1870 quia
2198 1793 2393 1852 verbis
2443 1793 2687 1870 gloriam

275 1874 402 1950 ejus
423 1873 808 1951 praedicando,
833 1874 1040 1951 reipsa
1061 1874 1368 1950 abnegant,
1393 1874 1532 1934 dum
1560 1875 1711 1934 inter
1732 1893 1795 1934 se
1816 1881 1875 1933 et
1900 1873 2089 1950 ipsum
2118 1873 2322 1933 salutis
2349 1893 2494 1949 opus
2522 1873 2689 1932 dimi-

275 1951 452 2028 diant,
483 1962 542 2012 et
569 1953 728 2030 quod
753 1953 926 2014 unius
953 1953 1167 2012 Christi
1195 1962 1284 2013 est
1327 1953 1403 2012 ad
1441 1954 1706 2013 homines
1749 1953 2118 2014 transferunt.
2206 1953 2289 2011 Ut
2316 1971 2456 2028 ergo
2483 1951 2687 2012 funda-

277 2041 534 2092 mentum
563 2033 672 2092 rite
699 2042 978 2108 teneatur,
1009 2043 1128 2092 tres
1153 2033 1514 2094 conditiones
1541 2033 1905 2112 potissimum
1934 2033 2320 2110 requiruntur.
2360 2034 2413 2091 1.
2461 2031 2543 2091 Ut
2570 2051 2687 2092 non

277 2131 374 2171 ore
401 2121 628 2172 tantum
659 2112 762 2172 sed
783 2113 974 2188 corde,
1004 2132 1122 2172 non
1149 2113 1211 2170 in
1239 2113 1548 2172 verborum
1575 2114 1807 2188 cortice,
1856 2112 1960 2172 sed
1988 2113 2051 2170 in
2078 2132 2268 2170 rerum
2296 2119 2357 2170 et
2382 2112 2685 2188 mysterio-

277 2211 404 2252 rum
431 2192 677 2252 veritate
719 2193 1046 2270 recipiatur,
1078 2194 1544 2266 ffindanoentalia
1579 2193 1733 2252 enim
1774 2212 1888 2252 non
1932 2192 1991 2251 in
2033 2192 2211 2250 verbis
2258 2191 2574 2266 consistunt,
2622 2201 2687 2252 ut

275 2271 421 2332 bene
449 2271 652 2346 Hier-0,
697 2271 886 2330 sedin
909 2273 1197 2332 sententia.
1240 2276 1296 2332 2.
1343 2273 1428 2332 Ut
1465 2292 1582 2331 non
1607 2292 1743 2349 pars
1780 2280 2005 2332 tantum
2046 2270 2329 2347 quaedam,
2371 2269 2475 2328 sed
2502 2279 2687 2330 totum

275 2350 336 2409 in
363 2351 614 2416 solidum
641 2351 972 2426 retineatur,
1005 2351 1141 2428 quia
1167 2351 1466 2428 religionis
1494 2350 1759 2412 doctrina
1800 2359 1889 2410 est
1916 2371 2033 2410 una
2064 2349 2411 2428 copulativa,
2442 2369 2571 2426 quse
2601 2350 2682 2408 fa·

275 2430 354 2490 eit
380 2451 556 2490 unam
583 2451 652 2490 ac
673 2431 1032 2490 individuam
1054 2432 1315 2490 veritatis
1342 2431 1620 2508 regulam,
1644 2451 1775 2508 quae
1796 2451 1903 2490 nec
1936 2429 2307 2505 additionem,
2340 2447 2445 2488 nec
2462 2429 2683 2490 detrac-

275 2510 492 2569 tionem
518 2510 698 2570 ullam
727 2511 958 2588 patitur.
1003 2514 1060 2570 3.
1108 2511 1191 2572 Ut
1219 2511 1405 2570 solum
1435 2511 1558 2570 sine
1587 2511 1719 2570 aliis
1746 2511 1883 2570 ullis
1928 2511 2273 2570 assumentis
2300 2508 2681 2587 possideatur,

278 2590 493 2650 “aliud
517 2590 672 2650 enim
711 2589 1146 2650 fundamentum
1166 2611 1335 2652 nemo
1363 2610 1576 2668 ponere
1591 2599 1786 2670 potest
1804 2599 2015 2668 praeter
2034 2590 2344 2668 positum,’'
2376 2593 2402 2648 1
2439 2589 2568 2648 Cor.
2597 2589 2691 2648 iii.

275 2673 370 2728 11.
403 2669 576 2729 Unde
593 2670 694 2746 qui
709 2669 944 2730 unicum
970 2690 1086 2728 non
1113 2670 1306 2745 habet,
1325 2671 1496 2747 plane
1516 2690 1635 2730 non
1650 2671 1827 2730 habet
1848 2693 1863 2746 ;
1898 2670 2152 2730 ohram
2176 2690 2290 2730 non
2306 2669 2615 2750 papien-m,
2650 2672 2681 2728 1

275 2749 404 2808 Cor.
433 2750 474 2808 i.
501 2751 604 2824 133
636 2749 732 2809 vel
761 2749 920 2810 solus
947 2749 1128 2825 adest,
1142 2751 1240 2808 vel
1257 2750 1457 2826 abest;
1487 2751 1795 2828 impatiens
1822 2750 2123 2822 consortie,
2154 2769 2261 2808 nec
2288 2749 2553 2826 priorem,
2577 2769 2685 2808 nec

269 2849 468 2906 parem
489 2829 637 2888 ferre
663 2837 871 2906 potest.
959 2829 1056 2890 Sic
1083 2829 1304 2888 additio
1333 2830 1537 2905 omnis,
1567 2850 1687 2889 non
1715 2830 1907 2888 minus
1934 2849 2003 2888 ac
2030 2828 2327 2903 detractio,
2358 2829 2419 2886 in
2446 2827 2687 2887 materia

249 2909 400 2988 fidei
423 2911 668 2968 ecculm
695 2909 775 2968 ita
821 2909 1174 2986 prohibetur,
1203 2919 1269 2968 ut
1321 2909 1480 2986 quod
1507 2919 1596 2969 est
1612 2919 1847 2986 prater,
1896 2909 1972 2967 sit
2024 2907 2199 2966 etiam
2254 2916 2467 2981 contra,
2510 2907 2684 2966 Deut.

271 2989 351 3047 iv.
381 2993 438 3062 2,
469 2996 528 3048 et
555 3008 614 3047 v.
645 2989 741 3048 32.
791 2988 960 3048 Unde
992 2989 1209 3048 Paulus
1237 3008 1354 3048 non
1374 2989 1548 3065 jubet
1591 2997 1817 3046 tantum
1844 2987 2045 3062 fugero
2090 3004 2206 3058 eos,
2238 2985 2339 3059 qui
2366 2985 2685 3044 contrarias

273 3068 564 3128 doctrinas
591 3068 842 3143 tradunt,
869 3068 974 3128 sed
999 3068 1101 3144 qui
1129 3069 1398 3141 diversas,
1429 3075 1488 3126 et
1513 3067 1659 3126 alias
1686 3073 1724 3124 u·
1764 3070 1839 3130 τὶς
1866 3061 2315 3144 ἔπςοδιὸιααλιῒ,
2358 3066 2387 3120 1
2425 3063 2573 3122 Tim.
2604 3064 2683 3124 vi.

274 3151 332 3222 3,
361 3151 418 3206 4.
459 3147 639 3208 Vetat
667 3167 866 3225 sapere
891 3167 1010 3206 non
1037 3146 1210 3206 modo
1257 3155 1473 3222 contra,
1525 3145 1631 3204 sed
1674 3147 1792 3225 feu-ig
1846 3147 1881 3176 ‘⁶
1896 3163 2078 3220 supra
2124 3142 2187 3201 id
2213 3142 2370 3219 quod
2407 3144 2683 3221 scriptum

273 3228 421 3303 est,''
450 3229 478 3284 1
513 3227 643 3287 Cor.
702 3227 779 3289 iv,
811 3229 865 3302 6,
909 3234 970 3286 et
1015 3226 1368 3286 anathemati
1418 3225 1669 3302 subjicit,
1717 3224 1981 3302 quisquis
2029 3221 2339 3282 tentaverit
2388 3223 2679 3300 evangeli-

273 3327 400 3366 zare
431 3311 534 3384 παρ’
566 3305 591 3365 ‘o'
622 3317 842 3384 prester
867 3307 930 3365 id
956 3307 1115 3383 quod
1151 3306 1614 3383 evangelizatum
1664 3305 1851 3364 fuerat
1890 3305 1965 3362 ab
2010 3303 2153 3382 ipsc,
2204 3303 2336 3362 Gal.
2366 3303 2404 3362 i.
2436 3305 2491 3361 8.
2536 3303 2683 3362 Cum

269 3407 410 3464 ergo
437 3385 874 3448 fundamentum
903 3387 1026 3445 sive
1055 3386 1349 3460 doctrinas,
1381 3386 1506 3444 sive
1535 3385 1757 3460 salutis,
1797 3385 2031 3444 unicum
2075 3389 2301 3442 tantum
2330 3382 2423 3456 sit,
2452 3383 2605 3442 ultra
2624 3391 2684 3442 et

269 3474 480 3543 prater
503 3465 660 3541 quod
685 3466 834 3524 nihil
859 3466 1088 3525 admitti
1115 3473 1324 3543 potest,
1346 3465 1677 3542 quicunque
1708 3465 1895 3524 solum
1916 3483 2035 3522 non
2060 3463 2287 3536 retinet,
2312 3461 2543 3521 omnino
2564 3482 2683 3522 non

267 3546 496 3618 retinet,
527 3545 632 3604 sed
657 3546 884 3606 evertit.

350 3624 599 3684 XLIII.
643 3625 820 3684 Dices
873 3643 990 3683 non
1031 3623 1160 3684 tolli
1194 3623 1500 3684 veritatem
1542 3622 1987 3697 exclusivarum‚
2024 3639 2131 3679 nec
2177 3639 2282 3697 per
2324 3640 2682 3697 consequens

269 3703 706 3764 tundamentum
743 3703 942 3778 everti,
993 3704 1132 3780 quia
1184 3702 1558 3762 subordinata
1611 3721 1727 3761 non
1772 3708 2035 3778 pugnant
2063 3721 2079 3775 ;
2140 3699 2281 3758 talia
2316 3708 2507 3760 autem
2556 3719 2683 3760 esse

266 3783 542 3861 dogmata
559 3783 688 3856 ista,
711 3783 786 3844 de
807 3784 1017 3860 quibus
1037 3783 1246 3859 agitur,
1265 3802 1398 3859 quoe
1414 3801 1576 3844 suam
1601 3781 1831 3840 Christo
1852 3780 2097 3858 gloriam
2124 3787 2183 3838 et
2204 3781 2441 3858 ὑπαρχόν
2460 3797 2685 3854 semper

269 3863 636 3940 relinquant3
682 3863 900 3940 Papam
929 3862 1164 3942 quidem
1191 3881 1318 3922 esse
1363 3871 1534 3940 caput
1583 3860 1881 3934 Ecclesiae,
1914 3859 2016 3918 scd
2060 3857 2291 3916 visibile
2318 3867 2559 3930 tantum,
2592 3875 2679 3914 se-

271 3943 610 4002 cundarium
639 3951 698 4002 et
740 3942 1132 4016 ministeriale,
1181 3941 1284 4002 sed
1313 3941 1604 4000 Christum
1654 3959 1781 4000 esse
1810 3940 1996 3998 solum
2020 3945 2193 4014 caput
2218 3936 2569 4012 primarium,
2594 3936 2678 3992 in-

271 4023 500 4082 visibile
531 4045 546 4097 ;
593 4021 940 4082 mediatores
967 4029 1199 4082 sanctos
1243 4021 1416 4095 credi,
1465 4021 1569 4080 sed
1615 4017 2045 4078 intercessionis
2082 4024 2325 4089 tantum,
2386 4013 2679 4073 Christum

273 4103 460 4162 solum
487 4101 717 4178 proprie
745 4101 964 4162 dietum
1009 4099 1455 4177 redemptionis;
1527 4119 1703 4175 opera
1729 4107 1789 4158 et
1834 4097 2039 4156 merita
2076 4095 2307 4172 propria
2334 4093 2545 4166 induci,
2578 4093 2681 4152 sed

272 4202 400 4260 quse
427 4201 658 4242 omnem
685 4181 808 4240 vim
835 4201 1016 4255 suam,
1047 4189 1106 4240 et
1133 4179 1444 4239 efficaciam
1465 4198 1500 4236 a
1521 4179 1751 4237 Christo
1777 4185 2126 4250 mutuentur,
2150 4174 2251 4250 qui
2270 4172 2539 4231 fidelibus
2566 4173 2681 4230 vir-

273 4271 454 4322 tatem
503 4261 762 4320 merendi
791 4260 1139 4337 acquisivit;
1179 4258 1522 4320 sacrificium
1549 4257 1905 4316 missaticum
1946 4255 2159 4331 urgeri,
2196 4251 2297 4310 sed
2339 4251 2681 4312 sacrificium

274 4343 460 4402 crucis
485 4361 722 4400 manere
755 4359 982 4416 semper
1009 4339 1196 4400 solum
1218 4337 1694 4415 propitiatorium,
1726 4333 2033 4412 quiaillud
2052 4331 2197 4390 nihil
2212 4330 2373 4390 aliud
2395 4331 2486 4406 sit,
2508 4353 2681 4409 quam

277 4421 441 4480 istius
467 4421 938 4480 commemoratio
961 4427 1020 4478 et
1047 4419 1356 4496 applicatio
1381 4440 1394 4492 3
1441 4427 1502 4476 et
1540 4417 1625 4474 sic
1652 4417 1713 4474 in
1740 4414 1981 4487 caeteris,
2014 4421 2235 4470 tantum
2274 4411 2476 4472 abesse
2498 4421 2565 4472 ut
2592 4413 2679 4472 in-

269 4500 424 4574 juria
447 4499 552 4558 fiat
581 4501 828 4575 Christo,
881 4507 939 4558 et
968 4497 1153 4576 gloria
1179 4499 1306 4576 ejus
1327 4496 1715 4569 imminuatur,
1747 4503 1813 4552 ut
1839 4491 2025 4568 magis
2044 4491 2229 4568 gratia
2246 4491 2373 4568 ejus
2395 4511 2679 4550 commcn-

277 4579 444 4638 detur
483 4587 544 4638 et
585 4579 922 4640 illustretur.
991 4578 1062 4638 R.
1111 4577 1226 4642 Sed
1255 4579 1342 4636 hae
1393 4585 1528 4636 sunt
1572 4575 1772 4632 inanes
1816 4571 2056 4644 offucias,
2116 4591 2244 4648 quae
2298 4570 2679 4646 nequicquam

275 4657 668 4718 obtenduntur
695 4667 1018 4718 commento
1047 4658 1144 4716 isti
1173 4655 1535 4718 stabiliendo.
1587 4657 1637 4712 1.
1682 4652 1849 4728 Quod
1877 4651 1969 4708 hic
2010 4650 2078 4708 de
2100 4650 2552 4709 subordinatione
2580 4669 2677 4706 no-
