3234 5192
532 342 646 399 196
1305 358 1385 398 nr:
1414 358 1778 401 usenssaam
1807 360 2154 402 sucessione
2531 340 2794 420 [meru-r.
2821 360 2954 400 vm.

528 523 864 584 immediata
884 534 943 586 et
974 526 1149 604 plane
1177 528 1636 589 extraordinaria
1663 530 1985 605 vocatione,
2010 551 2140 609 quae
2161 550 2264 608 per
2289 526 2567 587 miracula
2593 526 2796 587 debuit
2815 546 2952 585 con-

532 602 763 679 firmari,
797 603 872 664 ad
896 605 1071 665 fidem
1092 626 1161 665 eo
1188 608 1377 685 magis
1404 609 1815 668 adstruendam
1841 610 2233 687 praedicationi
2280 608 2714 686 Apostolorum,
2761 609 2799 639 “
2823 606 2952 665 Deo

532 682 653 741 illis
669 685 1062 744 testimonium
1084 687 1421 763 perhibente
1450 688 1636 765 signis
1653 698 1712 747 et
1727 689 2069 766 prodigiis,”
2091 687 2200 749 &c.
2232 688 2386 747 Heb.
2416 688 2476 745 ii.
2496 690 2552 745 4.
2577 686 2664 745 At
2678 686 2781 745 ubi
2798 706 2954 745 nova

532 760 797 822 doctrina
822 784 941 823 non
967 766 1322 843 proponitur,
1355 767 1457 826 sed
1469 787 1599 844 quae
1627 778 1896 847 corrupta
1913 769 2022 829 fuit
2048 777 2108 828 et
2124 769 2445 841 obscurata,
2467 775 2810 843 repurgatur
2827 774 2952 825 tan-

534 848 675 919 tum,
708 851 767 902 et
792 844 1131 919 illustratur,
1161 846 1307 904 utin
1338 846 1768 905 Reformatione
1811 847 2042 923 factum,
2086 868 2203 907 non
2225 866 2371 925 opus
2387 846 2496 905 fuit
2522 845 2815 905 miraculis
2847 863 2952 903 no-

533 920 643 995 vis,
676 921 781 980 sed
800 923 925 981 sola
952 924 1117 982 verbi
1144 924 1587 1003 praedication03
1633 926 1834 986 eadem
1862 928 2017 987 enim
2043 928 2336 1003 miracula,
2367 925 2578 1004 quibus
2609 924 2871 983 Christus
2893 932 2954 983 et

537 999 811 1077 Apostoli
839 1020 1003 1061 suam
1047 1004 1457 1065 confirmarunt
1502 1005 1840 1083 doctrinam,
1890 1016 2147 1067 nostram
2195 1007 2386 1081 etiam,
2436 1025 2566 1082 quae
2613 1004 2818 1063 eadem
2843 1012 2950 1077 est,

536 1079 894 1140 confirmant.
977 1082 1034 1139 N
1036 1102 1067 1141 e
1087 1083 1212 1159 jam
1259 1083 1519 1145 dicamus
1565 1105 1896 1147 successum
1932 1086 2328 1147 admirabilem
2384 1084 2845 1158 Reformationis,
2897 1090 2958 1143 et

537 1161 975 1221 conversionem
1001 1162 1201 1221 mundi
1229 1173 1452 1223 tantum
1480 1185 1607 1224 esse
1635 1166 1992 1243 miraculum,
2024 1174 2090 1226 ut
2116 1167 2234 1244 qui,
2265 1164 2481 1223 mundo
2503 1164 2789 1239 credente,
2819 1182 2954 1243 pro-

536 1238 698 1318 digia
722 1240 912 1301 adhuc
939 1244 1161 1320 quaerit,
1192 1244 1316 1321 ipse
1344 1246 1420 1304 sit
1445 1244 1792 1322 prodigium,
1821 1255 1889 1305 ut
1913 1246 2257 1324 loquebatur
2286 1244 2673 1321 Augustinus.

538 1359 585 1405 3.
655 1360 881 1418 objoetio
958 1364 1021 1407 ab
1145 1322 1395 1383 XXVI.
1442 1328 1498 1385 3.
1532 1324 1800 1403 Objectio
1823 1335 2024 1385 contra
2065 1326 2445 1385 secessionem
2484 1323 2701 1400 petitur
2736 1322 2812 1380 ab
2849 1342 2951 1381 ex-

598 1420 1023 1525 aeapgigssvfett
1062 1404 1268 1480 emplis
1288 1404 1474 1542 {Erilis
1500 1412 1626 1541 tull?
1656 1405 1888 1541 {eteris
1909 1414 2031 1466 tum
2061 1405 2217 1465 Novi
2233 1402 2606 1495 Testamenti,
2637 1422 2715 1461 ex
2741 1402 2954 1494 quibus

600 1537 823 1580 mu-
1062 1491 1256 1621 {rs
1282 1486 2954 1641 Vffimfflffgggpg,333p3330333125333

542 1639 899 1717 temporibus
945 1660 1100 1700 nova
1144 1661 1263 1699 non
1290 1642 1593 1719 erigebant
1618 1642 1838 1717 altaria,
1869 1653 1936 1703 ut
1969 1644 2257 1705 ordinaria
2283 1643 2709 1702 celebrarentur
2736 1640 2954 1699 sacrifi-

545 1718 653 1777 cia.
738 1718 971 1779 Fideles
998 1739 1115 1778 non
1163 1721 1511 1781 secedebant
1537 1722 1611 1780 ab
1663 1722 1942 1798 Ecclesia,
1975 1723 2242 1800 quamvis
2269 1721 2645 1797 idololatrica,
2673 1729 2742 1780 ut
2769 1728 2956 1779 coetus

545 1806 838 1874 separatos
886 1799 958 1857 ab
986 1819 1057 1858 ea
1098 1808 1389 1877 cogerent,
1435 1808 1495 1859 et
1536 1820 1756 1859 novum
1801 1802 2182 1863 ministerium
2207 1803 2588 1863 instituerent.
2671 1800 2958 1876 Tempore

546 1878 761 1937 Christi
790 1878 1054 1937 Ecclesia
1099 1878 1143 1939 J
1145 1878 1357 1939 udai’ca
1396 1880 1828 1957 corruptissima
1856 1880 1997 1959 fuit3
2041 1903 2148 1941 nec
2176 1883 2443 1941 videmus
2487 1888 2681 1939 tamen
2733 1879 2954 1938 Simeo-

546 1976 699 2033 nem,
722 1958 1079 2034 Zachariam,
1105 1959 1361 2036 Annam,
1392 1957 1521 2036 &c.,
1551 1979 1680 2018 eam
1707 1959 2049 2021 deseruisse.
2097 1961 2465 2035 Nicodemus,
2486 1959 2588 2037 qui
2607 1958 2958 2035 discipulum

546 2038 762 2098 Christi
790 2058 851 2097 se
878 2036 1193 2116 profitetur,
1223 2059 1341 2098 non
1388 2039 1608 2100 secedit
1655 2060 1692 2098 a
1737 2038 1781 2099 J
1783 2038 1981 2116 udaeis,
2012 2048 2072 2100 et
2105 2050 2284 2101 noctu
2309 2048 2534 2100 tantum
2560 2039 2635 2097 ad
2663 2038 2959 2098 Christum

546 2118 787 2178 accedit.
871 2119 1089 2177 Paulus
1135 2118 1259 2196 ipse
1305 2120 1523 2196 legitur
1563 2120 1711 2178 ritus
1759 2128 1817 2178 et
1841 2120 2236 2197 :caeremonias
2263 2120 2306 2180 J
2307 2120 2565 2194 udaicas,
2609 2118 2784 2177 etiam
2821 2124 2960 2194 post

544 2218 744 2257 earum
764 2198 1214 2275 abrogationem,
1250 2198 1608 2275 observasse,
1641 2199 1978 2260 circumciso
2004 2200 2327 2275 Timothe0,
2359 2200 2494 2259 Act.
2545 2198 2686 2273 xvi„
2731 2216 2956 2255 nuncu-

544 2287 682 2354 pato
723 2286 862 2336 voto
890 2287 950 2337 et
976 2287 1243 2355 suscepta
1270 2278 1684 2355 purificatione,
1715 2278 1851 2338 Act.
1881 2280 2007 2339 xxi.
2072 2280 2276 2339 Patres
2302 2289 2436 2338 ante
2467 2276 2958 2337 Reformationem

446 2408 455 2422 .
544 2365 857 2434 potuerunt
882 2376 1113 2417 manere
1133 2358 1194 2415 in
1222 2356 1488 2419 Ecclesia
1505 2358 1784 2435 Romana,
1806 2368 1865 2422 et
1891 2360 1952 2419 in
1972 2380 2042 2421 ea
2059 2358 2288 2435 salvari,
2311 2358 2515 2436 quidni
2535 2366 2593 2417 et
2612 2356 2781 2417 nobis
2801 2356 2959 2416 idem

589 2445 819 2496 raestare
846 2436 1062 2497 liceat?

547 2457 586 2515 P
635 2516 921 2575 XXVII.
964 2516 1066 2575 Ad
1092 2518 1203 2577 hoc
1229 2539 1370 2578 vero
1399 2519 1461 2578 in
1504 2538 1718 2597 genere
1765 2519 2196 2597 respondemus,
2224 2520 2389 2598 leges
2428 2520 2525 2579 hic
2574 2515 2957 2579 attendendas

549 2616 694 2670 esse,
738 2616 855 2655 non
884 2597 1169 2675 exempla.
1254 2600 1378 2658 Nec
1406 2599 1578 2673 enim,
1609 2599 1768 2677 quod
1811 2599 1884 2658 ab
1912 2600 2024 2659 hoc
2051 2600 2148 2659 vel
2175 2600 2278 2658 ino
2306 2600 2465 2659 fideli
2492 2599 2811 2658 factitatum
2843 2604 2951 2672 est,

546 2676 742 2736 statim
770 2684 962 2754 potest
989 2686 1090 2738 aut
1105 2677 1279 2738 debet
1304 2678 1367 2737 in
1394 2678 1774 2738 imitationem
1801 2680 1969 2738 trahi.
2057 2680 2262 2757 Itaque
2278 2679 2416 2739 licet
2439 2678 2721 2753 nonnulli,
2751 2677 2812 2735 in
2841 2677 2957 2734 Ec-

550 2756 729 2815 clesia
754 2766 1023 2835 corrupta
1042 2766 1359 2835 versantes,
1392 2758 1464 2817 de
1494 2760 1816 2818 secessione
1837 2779 1956 2818 non
1997 2758 2209 2819 fuerint
2257 2758 2508 2834 solliciti,
2552 2778 2669 2816 non
2699 2755 2962 2833 sequitur

544 2836 700 2897 idem
748 2856 785 2895 a
830 2837 999 2897 nobis
1039 2838 1165 2898 sine
1204 2839 1350 2898 vitio
1378 2838 1640 2916 praestari
1667 2839 1942 2916 potuisse.
2027 2839 2161 2901 Non
2203 2846 2321 2897 tam
2364 2838 2648 2916 respicere
2675 2836 2958 2895 debemus

546 2917 688 2995 quid
735 2925 869 2977 ante
917 2937 1025 2977 nos
1068 2918 1284 2978 factum
1314 2918 1405 2993 sit,
1437 2939 1609 2997 quam
1645 2918 1790 2996 quid
1813 2918 1983 2978 nobis
2011 2938 2088 2977 ex
2115 2918 2302 2977 officio
2323 2918 2614 2996 agendum
2639 2916 2956 2976 incumbat.

546 3002 603 3056 2.
655 2996 756 3055 Ad
803 2998 1133 3076 exemplum
1162 2998 1349 3057 Mosis
1392 3008 1451 3057 et
1498 2998 1918 3077 Prophetarum
1963 3006 2023 3057 et
2050 3007 2384 3057 caeterorum
2432 2997 2692 3056 fidelium
2720 2994 2956 3055 Veteris

545 3077 919 3151 Testamenti,
964 3076 1101 3135 vide
1148 3096 1278 3155 quae
1306 3078 1463 3137 dicta
1510 3086 1648 3138 sunt
1675 3078 1840 3157 Disp.
1874 3078 1959 3137 ΙΙ.
2016 3078 2189 3137 Thes.
2221 3081 2276 3153 6,
2318 3082 2373 3152 7,
2398 3080 2453 3151 8,
2485 3078 2540 3151 9,
2570 3080 2662 3135 10.
2745 3074 2958 3136 Paucis

549 3155 941 3228 observamus,
971 3155 1174 3215 fideles
1200 3166 1339 3216 tunc
1381 3158 1658 3235 temporis
1700 3158 2008 3217 secessisse
2053 3158 2126 3215 ab
2166 3156 2490 3216 idololatris
2531 3156 2736 3215 saltem
2779 3174 2959 3231 nega-

548 3234 686 3307 tive,
716 3240 782 3293 ut
808 3241 967 3309 patet
986 3234 1049 3291 in
1076 3236 1251 3309 7000,
1295 3237 1398 3313 qui
1436 3256 1629 3313 genua
1653 3255 1772 3295 non
1797 3236 2086 3297 flexerunt
2113 3236 2339 3295 Bahali.
2424 3237 2552 3295 Imo
2599 3256 2716 3294 non
2743 3253 2962 3313 paucos

550 3312 725 3369 etiam
753 3312 1059 3374 secessisse
1086 3314 1354 3391 positive,
1384 3323 1450 3373 ut
1478 3316 1690 3391 Eliam,
1714 3316 1816 3393 qui
1841 3317 1904 3374 in
1931 3315 2224 3376 desertum
2262 3316 2497 3389 secedit,
2527 3335 2599 3374 ne
2627 3313 2959 3373 idololatria

548 3390 919 3470 pollueretur,
952 3390 1179 3451 Mosem
1206 3400 1267 3452 et
1293 3393 1551 3471 Levitas,
1580 3395 1684 3471 qui
1709 3394 1988 3453 ultionem
2017 3403 2252 3457 sumunt
2279 3396 2351 3455 de
2378 3394 2717 3470 idololatris,
2763 3392 2956 3452 Exod.

550 3470 742 3529 xxxii.
788 3472 883 3543 26,
928 3478 987 3529 et
1013 3472 1339 3549 prophetas,
1370 3474 1597 3550 quoties
1625 3473 2048 3535 invehebantur
2075 3474 2135 3533 in
2163 3484 2400 3553 peccata
2426 3475 2642 3553 populi,
2673 3481 2733 3533 et
2769 3472 2956 3531 idolo-

550 3550 779 3609 latriam
822 3550 909 3611 illi
950 3570 1114 3609 suam
1163 3553 1607 3629 exprobrabant.
1697 3552 1940 3628 Deinde,
1987 3555 2103 3613 alia
2158 3555 2268 3615 fuit
2315 3554 2590 3632 temporis
2617 3554 2794 3629 illius,
2841 3552 2958 3612 alia

549 3630 717 3690 istius
772 3630 937 3689 rati0.
1022 3630 1097 3691 In
1142 3629 1245 3692 illo
1292 3632 1453 3691 Deus
1481 3635 1701 3693 cultum
1730 3652 1900 3693 suum
1926 3634 2008 3694 ita
2034 3635 2136 3694 uni
2172 3635 2302 3693 loco
2331 3634 2652 3709 addixerat,
2683 3642 2751 3692 ut
2791 3630 2957 3691 nefas

550 3718 702 3769 esset
730 3710 845 3769 alio
889 3710 1216 3787 convenire,
1247 3712 1345 3773 vel
1382 3731 1545 3772 sacra
1586 3714 1794 3772 facere.
1883 3714 2001 3773 Sed
2040 3716 2166 3791 jam
2213 3715 2408 3774 ubivis
2447 3732 2754 3791 possumus
2780 3731 2958 3789 puras

548 3810 754 3851 manus
782 3790 857 3849 ad
889 3790 1077 3849 Deum
1106 3791 1385 3868 attollere,
1417 3800 1477 3851 et
1505 3794 1697 3852 Deum
1737 3793 1978 3853 adorare
2017 3794 2078 3853 in
2121 3794 2327 3873 spiritu
2367 3802 2426 3853 et
2451 3793 2714 3865 veritate,
2745 3791 2789 3852 J
2791 3811 2844 3849 o.
2873 3792 2957 3849 iv.

548 3874 645 3946 23,
677 3879 737 3930 et
768 3874 798 3929 1
831 3869 979 3929 Tim.
1010 3870 1069 3930 ii.
1100 3872 1156 3930 8.
1200 3869 1412 3945 Tertio,
1454 3872 1593 3932 licet
1620 3871 1948 3933 idololatria
1973 3874 2257 3933 obtineret
2284 3873 2434 3933 inter
2475 3872 2786 3946 Israelitas,
2817 3870 2958 3929 dum

546 3952 795 4029 populus
837 3950 912 4009 ad
952 3970 1153 4028 regum
1217 3950 1545 4029 exemplum
1588 3954 2053 4029 componebatur,
2097 3972 2214 4012 non
2273 3962 2468 4013 tamen
2509 3960 2747 4011 eatenus
2789 3950 2957 4008 inva-

548 4030 751 4107 luerat,
781 4038 849 4092 ut
894 4030 955 4091 in
996 4030 1189 4107 legem
1236 4030 1435 4106 abiret,
1480 4031 1565 4091 ita
1608 4039 1678 4090 ut
1733 4033 1980 4109 populus
2007 4052 2110 4111 per
2136 4034 2256 4091 vim
2306 4033 2381 4091 ad
2425 4051 2552 4091 eam
2601 4030 2951 4107 adigeretur.

550 4110 720 4183 Quod
775 4112 949 4170 etiam
1002 4110 1194 4170 locum
1248 4111 1460 4170 habere
1515 4111 1690 4171 debet
1733 4120 1998 4189 respectu
2053 4113 2330 4173 Ecclesiae
2378 4110 2422 4171 J
2425 4110 2648 4170 uda’icae
2697 4119 2956 4185 tempore

548 4190 779 4265 Christi,
804 4210 935 4267 quae
954 4198 1085 4250 utut
1112 4190 1305 4249 varios
1347 4191 1566 4251 abusus
1608 4199 1670 4250 et
1709 4192 2062 4269 corruptelas
2088 4193 2343 4268 haberet,
2395 4192 2520 4250 sola
2545 4198 2738 4249 tamen
2765 4188 2958 4247 adhuc

548 4278 672 4327 erat
701 4270 979 4344 Ecclesia,
1012 4271 1200 4331 solum
1241 4272 1537 4349 templum,
1568 4271 1631 4329 in
1678 4291 1795 4348 quo
1823 4272 1932 4331 rite
1959 4272 2112 4331 facta
2138 4272 2264 4331 fieri
2289 4279 2573 4349 poterant,
2614 4269 2747 4328 ideo
2787 4268 2849 4325 in
2887 4287 2960 4326 ea

548 4356 813 4423 poterant
841 4348 1039 4408 fideles
1067 4350 1256 4409 adhuc
1298 4350 1422 4411 sine
1450 4352 1688 4411 crimine
1729 4370 1998 4427 manere3
2070 4352 2185 4410 imo
2230 4360 2289 4411 et
2315 4350 2606 4409 debebant
2651 4348 2727 4406 ad
2773 4347 2960 4405 instar

553 4425 767 4484 Christi
814 4428 1032 4487 cultum
1078 4430 1405 4490 Mosai'cum
1448 4431 1776 4504 observare,
1807 4440 1866 4491 et
1910 4432 2067 4511 ipsos
2117 4430 2442 4491 Pharisaeos
2469 4430 2760 4501 docentes,
2791 4436 2850 4486 et
2893 4426 2956 4485 in

552 4503 826 4565 cathedra
853 4505 1039 4566 Mosis
1086 4508 1353 4569 sedentes
1400 4510 1616 4585 audire,
1648 4512 1822 4571 modo
1871 4513 1944 4571 ab
1973 4532 2170 4571 eorum
2199 4512 2480 4573 fermento
2509 4510 2620 4569 sibi
2663 4514 2956 4567 caverent.

556 4582 674 4641 Sed
702 4603 775 4642 ex
816 4603 932 4662 quo
962 4586 1225 4647 Christus
1254 4590 1473 4649 cultum
1515 4590 1844 4651 Mosai'cum
1887 4592 2210 4669 abrogavit,
2257 4600 2316 4650 et
2343 4589 2747 4667 evangelicum
2785 4586 2955 4645 insti-

547 4662 695 4741 tuit;
740 4684 815 4724 ex
843 4683 960 4743 quo
1002 4664 1325 4725 Ecclesiam
1367 4668 1752 4728 Christianam
1794 4670 2093 4749 fundavit3
2159 4671 2390 4731 Christo
2431 4666 2810 4741 renunciaret,
2853 4665 2960 4742 qui
