3234 5192
352 342 589 385 msrcr.
622 330 805 409 xxm]
914 346 991 387 m:
1022 345 1512 388 sansuc‘rroms
1543 345 1789 389 cumsri
1819 348 2250 401 rsnrscrtoxz.
2656 342 2772 399 685

362 494 502 546 sunt
535 488 743 547 Causae
771 498 1009 565 propter
1046 507 1193 564 quas
1234 489 1294 545 id
1336 488 1518 547 faciat
1546 490 1728 561 DeuS,
1772 493 1875 549 sed
1918 493 2268 551 conditiones
2295 514 2430 552 eum
2465 498 2679 571 quibus
2707 498 2769 557 id

363 568 679 643 exequitur
697 569 879 643 juxta
902 568 1193 641 promissa
1220 586 1345 636 sua,
1376 585 1485 624 nec
1511 576 1725 627 notant
1753 589 1952 645 quare,
1983 572 2086 628 sed
2118 572 2383 647 qualibus
2410 574 2526 631 hoe
2553 577 2768 634 benefi-

362 646 521 703 cium
550 646 862 721 indulgere
890 645 1260 704 constituerit
1288 646 1469 703 Deus.

446 724 760 783 XXXVI.
806 724 905 783 Sic
932 744 1006 782 ex
1032 726 1211 799 plena
1238 731 1616 798 peecatorum
1639 726 1982 784 remissione
2005 728 2310 803 colligitur
2337 730 2768 791 satisfactionis

366 801 672 861 PersectiO.
752 804 983 861 Eadem
1012 804 1189 860 etiam
1217 804 1660 861 demonstratur
1687 805 2008 863 clarissime
2037 824 2108 863 ex
2139 807 2308 864 tertio
2339 808 2765 885 Satiffactionis

364 885 578 959 effectu,
622 882 842 939 scilicet
876 881 1379 939 Consummatione
1409 882 1719 957 fidelium:
1766 883 1928 941 Nam
1973 886 2018 941 si
2057 884 2324 943 Christus
2371 887 2770 948 satisfactione

365 976 477 1017 sua
502 960 938 1019 consummavit
974 962 1178 1017 fideles
1218 960 1281 1015 in
1324 966 1634 1031 aeternum,
1677 980 1796 1019 non
1827 970 2022 1037 potest
2051 982 2171 1021 non
2199 984 2322 1022 esse
2349 967 2610 1040 perfecta
2637 968 2768 1040 ejus

365 1038 702 1109 satisfactio,
722 1058 856 1113 quae
880 1039 1049 1097 istius
1068 1038 1592 1097 consummationis
1610 1059 1790 1098 eausa
1805 1048 1896 1099 est
1912 1049 1972 1098 et
1987 1042 2466 1103 fundamentum.
2516 1052 2551 1079 “
2573 1044 2768 1105 Unica

368 1118 729 1187 oblatione‚'’
758 1117 957 1193 inquit
982 1118 1213 1192 Apost„
1252 1123 1285 1150 “
1306 1122 1576 1176 τιτιλιίωι
1604 1121 2039 1178 consummavit
2065 1121 2128 1179 in
2155 1131 2510 1197 perpetuum
2533 1143 2633 1181 eos
2662 1124 2768 1201 qui

365 1196 863 1267 sanctificantur,'’
896 1196 1049 1254 Heb.
1082 1216 1137 1252 x.
1175 1196 1262 1252 14.
1323 1196 1446 1255 Ubi
1476 1216 1620 1255 voce
1649 1217 1686 1255 a
1707 1199 1885 1255 sacris
1907 1199 2092 1274 petita
2121 1208 2291 1257 notat
2318 1201 2657 1259 antithesim
2687 1205 2765 1259 ad

371 1275 717 1333 Sacerdotes
746 1274 1059 1347 Leviticos,
1105 1276 1211 1351 qui
1254 1276 1489 1332 easdem
1534 1277 1751 1351 saepius
1795 1278 2098 1335 offerendo
2130 1278 2400 1336 victimas
2437 1300 2558 1337 non
2591 1288 2768 1355 potu-

365 1360 545 1411 erunt
570 1360 769 1410 tamen
802 1354 1033 1411 auferre
1062 1359 1319 1429 peccata,
1350 1360 1411 1411 et
1437 1354 1597 1412 viam
1623 1353 1900 1412 fidelibus
1927 1357 2004 1412 ad
2032 1358 2247 1414 coelum
2285 1366 2345 1415 et
2377 1359 2633 1415 salutem
2663 1380 2767 1433 pa·-

364 1432 635 1503 tefacere,
655 1452 787 1507 quae
816 1450 1019 1489 eorum
1052 1440 1139 1489 est
1166 1431 1447 1507 perfectio
1475 1440 1537 1491 et
1562 1433 2015 1491 consummatio,
2069 1442 2103 1468 ‘⁸
2123 1436 2250 1493 Lex
2278 1435 2496 1507 enim‚’'
2527 1444 2596 1493 ut
2622 1438 2768 1496 alibi

366 1519 555 1582 notat,
584 1531 708 1585 cap,
739 1512 838 1568 vii.
868 1512 959 1583 19,
1004 1518 1039 1545 “
1064 1510 1213 1567 nihil
1252 1512 1487 1570 ἔτιλιίαπ
1524 1510 1804 1586 perfecit”
1835 1519 1895 1569 et
1921 1513 2372 1585 consummavit,
2413 1516 2555 1591 quia
2582 1523 2652 1573 ut
2679 1516 2768 1574 in-

364 1593 537 1648 firma
562 1591 680 1647 fuit
707 1591 769 1647 in
800 1608 992 1661 carne,
1024 1589 1197 1647 Rom.
1228 1591 1349 1648 viii.
1382 1592 1436 1662 3,
1471 1590 1622 1649 nihil
1651 1591 2004 1667 habuitque
2033 1593 2129 1649 vel
2157 1594 2380 1667 peceati
2408 1602 2639 1651 reatum
2667 1612 2769 1653 ex-

364 1670 572 1745 piaret,
604 1670 697 1726 vel
726 1671 1023 1727 maculam
1047 1670 1289 1739 deleret,
1319 1676 1499 1745 atque
1526 1668 1613 1727 ita
1639 1670 1854 1727 eoelum
1883 1671 2055 1727 nobis
2083 1671 2353 1745 aperiret,
2384 1690 2518 1747 quae
2546 1674 2662 1730 tria
2688 1676 2766 1732 ad

364 1748 785 1823 perfectionem
814 1749 1083 1805 fidelium
1112 1748 1588 1806 constituendam
1617 1748 2022 1824 requiruntur,
2065 1748 2266 1824 priora
2306 1752 2429 1808 duo
2463 1752 2769 1828 perfectio-

364 1848 494 1885 nem
520 1827 732 1903 qratioe
759 1827 1147 1897 constituunt,
1178 1844 1311 1903 quae
1332 1826 1760 1902 justificatione
1786 1834 1846 1885 et
1874 1828 2330 1886 sanctificatione
2360 1836 2607 1899 constat,
2637 1850 2771 1905 pos-

364 1912 622 1963 tremum
644 1906 1054 1983 perfectionem
1078 1905 1281 1981 yloriae
1308 1924 1442 1979 quae
1472 1906 1533 1963 in
1564 1906 1696 1963 coeli
1724 1906 1995 1980 ingressu
2024 1915 2083 1964 et
2109 1906 2380 1965 beatifica
2401 1908 2511 1965 Dei
2542 1909 2768 1967 visione

363 1985 557 2059 posita
594 1991 697 2041 est.
785 1984 965 2041 Unde
996 1982 1253 2057 Spiritus
1278 1986 1617 2059 ππλιιυμίιοι
1647 1984 1930 2041 dicuntur
1967 1985 2142 2055 beati,
2183 1985 2340 2042 Heb.
2369 1986 2470 2042 xii.
2503 1986 2594 2043 23.
2683 1988 2771 2045 At

368 2062 641 2119 Christus
670 2061 907 2118 unicam
945 2062 1037 2117 sui
1074 2062 1259 2136 ipsius
1294 2063 1550 2119 hostiam
1580 2062 1835 2119 offerens
1863 2063 2295 2119 consummavit
2321 2063 2383 2119 in
2411 2071 2768 2138 perpetuum

366 2139 853 2208 sanctificandos;
903 2137 989 2195 ita
1018 2146 1086 2195 ut
1112 2140 1284 2195 nulla
1310 2140 1567 2213 amplius
1596 2158 1748 2213 opus
1775 2140 1852 2196 sit
1879 2140 2000 2195 alia
2035 2139 2246 2209 host-ia,
2287 2140 2431 2214 quia
2469 2142 2770 2215 perfectis-

364 2218 512 2275 simo
548 2216 762 2273 merito
790 2235 899 2273 suo
927 2221 987 2272 et
1008 2216 1262 2273 efficacia
1290 2217 1605 2291 aequisivit
1637 2217 1808 2273 nobis
1836 2224 1894 2273 et
1923 2216 2151 2273 confert
2178 2218 2380 2275 omnia
2407 2220 2484 2275 ad
2513 2219 2767 2279 salutem

365 2295 708 2365 necessaria,
754 2293 1295 2353 reconciliationem
1325 2314 1463 2353 cum
1491 2294 1640 2367 Dec,
1679 2295 2084 2353 remissionem
2120 2303 2517 2371 peccatorum,
2548 2317 2767 2374 purga-

364 2376 589 2433 tionem
618 2372 1128 2443 conscientiarum,
1159 2380 1219 2431 et
1244 2376 1715 2449 redemptionem
1753 2382 2054 2432 aeternam.
2130 2372 2311 2432 Unde
2337 2375 2401 2431 in
2429 2376 2557 2451 ipso
2585 2378 2767 2437 habe-

363 2472 499 2511 mus
532 2454 692 2510 unde
729 2453 903 2528 plene
938 2453 1333 2527 justificemur
1377 2463 1437 2511 et
1482 2454 1931 2524 sanctificemur,
1971 2460 2030 2511 et
2072 2455 2149 2511 ad
2193 2453 2514 2529 perfectam
2558 2458 2768 2517 salutis

362 2532 789 2609 possessionem
817 2534 1205 2603 adducamur,
1236 2530 1392 2591 Heb.
1420 2533 1523 2591 xii.
1555 2536 1609 2592 2.
1673 2532 1976 2601 Quorsum
1997 2540 2199 2591 autem
2227 2535 2354 2591 haec
2382 2534 2584 2591 omnia
2611 2536 2768 2594 dic-e-

364 2621 589 2685 rentur,
635 2612 684 2669 si
710 2611 971 2687 perfecta
997 2630 1117 2669 non
1144 2611 1264 2669 fuit
1291 2612 1422 2686 ejus
1452 2610 1810 2682 satisfactio,
1853 2618 1913 2668 et
1939 2611 1988 2668 si
2014 2612 2230 2669 merita
2255 2620 2316 2669 et
2341 2612 2768 2674 satisfactiones

361 2700 580 2750 nostrae
624 2690 713 2748 illi
757 2698 898 2747 sunt
940 2691 1341 2765 adjungendas
1388 2698 1457 2747 ut
1498 2692 1880 2763 perficiantur
1913 2696 1972 2745 et
2006 2697 2492 2747 consummentur
2517 2694 2720 2751 fideles
2742 2698 2768 2752 ἓ

365 2770 519 2828 Sane
548 2788 670 2827 non
699 2775 933 2844 poterat
959 2770 1151 2825 dicere
1182 2768 1411 2825 Paulus
1441 2768 1619 2825 unica
1645 2769 1760 2825 ista
1788 2766 2090 2823 oblatione
2118 2770 2519 2825 consummari
2544 2771 2764 2843 fideles,

359 2850 409 2904 si
437 2850 631 2905 multa
658 2846 781 2904 alia
805 2848 1006 2904 adhue
1042 2864 1079 2902 a
1114 2852 1282 2921 parte
1316 2854 1524 2903 nostra
1551 2846 2014 2920 requirebantur
2039 2846 2116 2900 ad
2144 2845 2384 2918 plenam
2411 2848 2766 2920 redemptio-

356 2944 494 2983 nem
523 2926 1017 2998 consequendam.

439 3000 794 3059 XXXVII.
836 3000 899 3059 N
904 3020 969 3059 ec
1006 3002 1171 3058 aliud
1200 3002 1335 3058 vult
1364 3000 1700 3077 Apostolus
1724 3000 1788 3057 in
1817 2997 2197 3056 vexatissimo
2223 3000 2358 3057 loeo
2385 3004 2459 3060 ad
2492 3002 2650 3064 Heb.
2682 3010 2761 3069 xi.

358 3083 453 3153 39,
481 3083 577 3153 40,
608 3081 711 3138 ubi
739 3077 900 3151 dicit,
947 3086 981 3113 ‘⁶
1007 3078 1216 3137 Patres
1252 3097 1375 3136 non
1404 3080 1728 3138 obtinuisse
1756 3076 2229 3155 promissionem,
2264 3078 2567 3147 Quoniam
2597 3085 2764 3147 Deus

359 3164 433 3219 de
476 3159 648 3218 nobis
685 3159 897 3239 κρεῖττόν
922 3185 971 3229 τι
1000 3158 1215 3215 melius
1242 3158 1385 3233 quid
1418 3159 1779 3233 providerat,
1822 3157 1901 3215 ἵνα
1925 3158 1994 3231 μὲ
2022 3162 2174 3239 χυςὶς
2203 3158 2332 3234 sip&
2359 3167 2638 3223 τελειωθεῖσι
2684 3186 2760 3226 ne

304 3246 310 3251 '
356 3241 482 3299 sine
510 3240 682 3297 nobis
710 3238 1325 3297 consummarentur.”
1400 3235 1565 3294 Nam
1607 3236 1730 3295 sive
1770 3236 2008 3297 τιλιίυσιι
2048 3238 2222 3295 istam
2249 3238 2658 3316 intelligamus
2687 3248 2762 3304 de

356 3319 867 3377 consummatione
894 3315 1103 3392 gratiae
1133 3334 1266 3391 quae
1295 3315 1391 3372 hic
1414 3316 1733 3386 obtinetur,
1765 3318 1888 3375 sive
1916 3320 1990 3374 de
2013 3320 2522 3378 consummatione
2549 3325 2760 3397 glorioe

356 3418 493 3475 quae
515 3398 579 3453 in
602 3398 761 3455 coelis
788 3400 1029 3453 demum
1053 3396 1423 3469 expectanda
1444 3394 1623 3466 venit,
1654 3396 1777 3452 sive
1801 3396 1989 3476 (quod
2011 3395 2196 3453 satius
2219 3396 2479 3477 videtur)
2505 3403 2579 3459 de
2599 3412 2762 3462 utra-

355 3496 490 3553 que,
520 3483 751 3535 certum
778 3483 865 3533 est
894 3473 1101 3532 Patres
1122 3472 1271 3531 VJr.
1296 3491 1417 3531 non
1446 3473 1568 3531 sine
1596 3474 1757 3532 nobis
1781 3474 1962 3532 fuisse
1992 3483 2447 3548 consuminatOS,
2473 3480 2615 3552 quia
2636 3500 2756 3540 non

356 3557 476 3613 alio
506 3555 703 3611 medio
733 3562 794 3611 et
818 3553 1048 3624 merite,
1084 3572 1207 3610 non
1234 3553 1357 3610 alio
1384 3552 1691 3626 sanguine,
1715 3554 1910 3611 aliove
1940 3552 2167 3629 Spiritu
2195 3553 2310 3611 hoc
2336 3558 2586 3613 assecuti
2615 3566 2757 3617 sunt

356 3652 539 3709 quam
570 3632 787 3691 Christi
815 3631 1233 3706 Redemptoris
1260 3631 1432 3704 cujus
1462 3632 1746 3712 ἔνο-ἄςκησιν
1774 3640 1832 3689 et
1859 3631 2287 3689 exhibitionem
2315 3633 2532 3690 nostris
2573 3654 2756 3694 reser-

352 3730 493 3769 vare
521 3712 717 3769 voluit
743 3710 1127 3787 temporibuS,
1158 3717 1219 3767 et
1246 3710 1327 3767 sic
1368 3710 1569 3767 melius
1606 3712 1753 3786 quid
1781 3729 1888 3785 pro
1917 3712 2090 3767 nobis
2115 3710 2444 3783 prospicere
2467 3732 2480 3781 ;
2522 3719 2590 3770 ut
2618 3733 2757 3773 con-

353 3797 551 3861 staret,
597 3809 717 3847 non
761 3790 995 3847 diversa
1020 3788 1120 3846 via
1147 3788 1189 3845 J
1194 3790 1400 3845 udaeos
1431 3795 1493 3845 et
1523 3788 1745 3848 Gentes
1787 3790 1864 3845 ad
1907 3790 2161 3845 salutem
2203 3788 2528 3861 pervenire,
2587 3796 2752 3867 quod

352 3869 656 3926 videretur
696 3868 923 3927 factum
968 3868 1015 3927 si
1060 3868 1171 3925 sub
1203 3866 1279 3924 V.
1305 3867 1393 3936 ¹1¹„
1438 3873 1498 3923 et
1540 3868 1666 3925 sine
1708 3867 1879 3924 nobis
1905 3866 2299 3924 consummati
2325 3790 2619 3947 fuissent&
2650 3875 2753 3929 sed

350 3955 639 4022 utrosque
668 3948 743 4004 ab
771 3949 980 4004 eodem
1008 3946 1175 4003 fonte
1202 3946 1451 4003 salutem
1478 3946 1738 4018 haurire,
1769 3947 1843 4003 ab
1875 3946 2080 4002 eadem
2112 3942 2463 4001 Mediatoris
2493 3948 2757 4008 satisfac-

351 4026 515 4085 tione.
544 4034 603 4083 et
628 4027 839 4100 gratia,
882 4026 987 4102 qui
1019 4023 1190 4081 Idem
1218 4024 1337 4082 fuit
1362 4025 1508 4094 heri,
1552 4025 1730 4083 hodie
1759 4032 1819 4081 et
1845 4024 1907 4079 in
1937 4024 2151 4091 secula,
2200 4022 2355 4080 Heb.
2386 4023 2507 4081 xiii.
2539 4026 2594 4097 8,
2639 4028 2753 4085 hoc

350 4105 699 4162 beneficium
730 4103 1028 4180 consequi.
1089 4102 1251 4170 Quid
1279 4122 1441 4178 ergo,
1483 4102 1736 4179 inquies,
1768 4104 1872 4160 An
1905 4119 2024 4157 non
2055 4098 2258 4156 Patres
2278 4100 2407 4175 jam
2437 4104 2546 4160 sub
2578 4104 2656 4163 V.
2681 4106 2749 4166 Τ.

350 4184 473 4239 vivi
502 4191 562 4240 et
580 4183 890 4257 justificati
918 4190 976 4239 et
1005 4182 1349 4239 sanctificati
1374 4182 1559 4251 fuere,
1604 4190 1664 4241 et
1689 4190 1828 4258 post
1853 4187 2105 4236 mortem
2133 4178 2473 4235 felicitatem
2505 4183 2704 4259 adepti
2727 4187 2756 4245 ἓ

355 4262 637 4332 OmninO,
670 4261 849 4318 Absit
876 4260 1029 4317 enim
1063 4269 1132 4317 ut
1160 4278 1295 4317 cum
1326 4260 1656 4318 Soeinianis
1683 4268 1742 4317 et
1764 4259 1894 4317 aliis
1916 4277 1947 4315 a
1980 4256 2147 4330 regni
2189 4258 2473 4314 coelorum
2506 4264 2758 4335 promis-

350 4340 515 4398 sione
544 4358 645 4397 eos
672 4341 941 4397 exclusos
968 4346 1285 4413 putemus3
1352 4338 1467 4396 Sed
1499 4338 1583 4395 ita
1609 4345 1807 4397 tamen
1845 4336 2060 4393 salvati
2105 4341 2245 4392 sunt
2285 4343 2355 4394 ut
2395 4336 2471 4394 ab
2513 4358 2600 4410 ee,
2647 4344 2753 4416 qui

349 4419 565 4477 nostris
605 4420 849 4475 demum
892 4415 1254 4493 temporibus
1288 4416 1660 4473 exhibendus
1686 4416 1822 4486 fuit,
1856 4414 2092 4473 Christo
2119 4415 2281 4472 salus
2310 4414 2574 4491 ipsorum
2603 4438 2755 4477 scm-

348 4518 453 4573 per
480 4498 800 4573 penderet3
844 4496 989 4571 quia
1018 4496 1238 4552 virtute
1264 4493 1486 4551 futurae
1529 4494 1947 4553 satisfactionis
1988 4492 2206 4551 Christi
2249 4500 2308 4551 et
2348 4495 2750 4558 remissionem

348 4584 729 4651 peecatorum
756 4582 814 4632 et
842 4576 1028 4632 vitam
1058 4573 1461 4631 obtinuerunt.
1537 4572 1680 4631 Non
1722 4591 1864 4647 ergo
1907 4577 2058 4653 75:⁶32,-
2101 4573 2245 4648 ἑκῧιν,
2293 4572 2373 4631 id.
2412 4576 2649 4632 seorsim
2690 4587 2750 4635 et

346 4656 603 4732 separati
632 4674 667 4713 a
694 4654 866 4711 nobis
892 4654 1007 4711 hoc
1033 4652 1317 4729 quicquid
1346 4658 1433 4710 est
1453 4652 1719 4709 beneficii
1761 4652 2136 4721 habuerunt3
2179 4671 2302 4709 non
2326 4655 2487 4727 quod
2519 4654 2749 4728 aliquid
