3234 5192
512 318 629 383 734
658 362 669 373 .
1082 326 1165 374 ns
1192 324 1543 370 CONCORDIA
1572 322 1758 365 num
1785 324 1861 364 nr
1903 322 2136 377 neom,
2167 322 2296 365 nro.
2479 305 2740 389 [nxsrur.
2771 328 2919 375 xxv.

510 477 659 535 tiam
680 474 978 547 imputata
994 476 1100 541 est,
1123 488 1199 528 ex
1219 468 1263 527 J
1266 470 1455 527 aeobo
1479 489 1495 540 ς
1528 466 1599 525 Ε.
1629 474 1762 524 tum
1783 465 1964 523 ctiam
1982 466 2348 541 justificatus
2371 469 2596 545 absque
2619 470 2920 545 operibus,

510 573 579 613 ac
605 552 855 629 proinde
877 550 1057 609 simul
1084 556 1143 607 et
1168 566 1275 623 per
1296 565 1477 623 opera
1502 545 1660 615 fidei,
1689 553 1750 603 et
1773 546 1997 621 absque
2019 546 2296 619 operibus
2312 565 2386 603 ex
2411 548 2530 604 fide
2549 548 2918 623 justificatus

512 638 619 701 est,
648 630 713 687 in
742 629 1019 687 secunda.
1107 628 1358 697 Quarto,
1383 626 1571 686 Omne
1588 642 1740 698 opus
1757 623 1994 697 justum
2031 630 2092 680 et
2117 625 2256 683 vitae
2285 632 2526 683 aeternae
2544 627 2922 686 meritorium

511 718 603 769 est
628 728 705 767 ex
728 710 865 778 fide,
892 713 1041 765 teste
1070 706 1435 765 Adversario
1460 704 1565 779 qui
1594 702 1818 772 asserit,
1845 702 1906 758 li.
1925 701 2004 759 iv.
2023 720 2071 759 c.
2101 702 2190 776 18,
2209 721 2331 761 11011
2351 722 2522 778 posse
2551 721 2921 780 quemquam

516 807 589 847 ea
614 788 789 846 edere
818 802 1001 859 opera
1027 804 1103 842 ex
1130 784 1351 860 quibus
1380 801 1581 841 coram
1607 780 1739 839 Deo
1751 780 2115 854 justificetur
2149 782 2265 839 nisi
2301 782 2468 857 prius
2495 802 2534 841 a
2561 783 2692 841 Deo
2710 784 2921 858 justus

514 868 623 924 fiat
662 866 857 941 prima
892 864 1000 921 illa
1037 862 1467 938 justificatione
1517 878 1653 934 quae
1701 866 1792 915 est
1837 876 1914 915 ex
1935 860 2058 915 fide
2083 861 2308 936 absque
2335 862 2650 936 operibus;
2695 864 2786 919 At
2811 863 2922 921 illa

515 947 663 1003 fides
707 943 1043 1001 Abrahami
1068 960 1203 1016 quae
1231 940 1324 996 illi
1367 941 1446 997 ad
1488 938 1532 996 J
1536 937 1800 995 ustitiam
1845 944 2126 1012 reputata
2151 947 2256 1010 est,
2277 938 2397 997 fuit
2423 958 2574 1016 opus
2593 939 2830 1014 justum
2859 949 2924 1000 et

516 1021 907 1092 meritorium,
935 1038 1167 1095 proque
1209 1018 1321 1075 tali
1361 1036 1399 1075 a
1442 1017 1573 1074 Deo
1608 1015 1952 1089 judicatum
1999 1023 2059 1073 et
2105 1024 2433 1092 acceptum,
2461 1037 2596 1093 quae
2625 1026 2766 1075 sunt
2791 1022 2924 1094 ipsa

518 1098 873 1160 Bellarmini
914 1100 1097 1155 verba
1137 1096 1395 1166 ibidem;
1438 1096 1599 1152 unde
1625 1094 1772 1151 fides
1799 1094 1908 1151 illa
1925 1095 2135 1152 debuit
2161 1114 2286 1153 esse
2313 1114 2387 1152 ex
2414 1096 2536 1154 alia
2559 1098 2697 1166 fide,
2725 1104 2786 1155 et
2811 1099 2923 1157 illa

518 1179 795 1253 deinceps
838 1194 917 1233 ex
962 1177 1100 1250 alia,
1148 1176 1357 1232 eadem
1401 1173 1563 1230 enim
1610 1190 1842 1247 semper
1883 1173 2044 1229 valet
2085 1174 2259 1244 ratio,
2289 1180 2350 1231 et
2385 1174 2470 1231 sic
2495 1175 2560 1231 in
2587 1175 2920 1247 infinitum3

522 1258 731 1325 Quum
759 1255 831 1313 Ε.
852 1254 1217 1328 justificatus
1237 1258 1327 1310 est
1352 1270 1426 1309 ex
1452 1254 1569 1309 fide
1596 1251 1818 1324 absque
1845 1251 2122 1325 operibus
2150 1260 2220 1309 ut
2255 1252 2390 1309 vult
2416 1251 2664 1330 Paulus,
2699 1254 2924 1328 justifi-

519 1342 687 1394 catus
729 1340 821 1391 est
860 1351 934 1389 ex
972 1332 1254 1408 operibus
1300 1348 1376 1387 ex
1404 1328 1793 1400 Bellarmino,
1819 1347 1890 1386 ac
1925 1330 2174 1403 proinde
2201 1329 2483 1388 coincidit
2509 1338 2762 1407 utraque
2791 1334 2921 1390 haec

520 1431 704 1489 quam
732 1410 944 1470 statuit
969 1411 1012 1469 J
1016 1411 1348 1469 ustificatio.
1376 1408 1678 1467 Viderunt
1705 1408 1822 1465 hoc
1846 1412 1906 1463 et
1932 1406 2045 1481 ipsi
2066 1407 2109 1465 J
2111 1414 2322 1465 esui'tae
2345 1430 2361 1479 ;
2393 1409 2576 1467 Unde
2591 1407 2636 1467 J
2640 1411 2921 1469 ustinian.

518 1493 583 1548 in
611 1510 702 1565 ep.
733 1491 809 1547 ad
841 1489 1015 1547 Rom.
1046 1509 1095 1547 c.
1124 1490 1225 1560 iv„
1253 1489 1409 1545 hanc
1436 1485 1913 1543 conciliationem
1935 1486 2128 1560 rejicit
2155 1487 2388 1544 duabus
2415 1487 2790 1562 potissimum
2818 1491 2926 1546 ad-

519 1571 736 1627 ductus
754 1568 1087 1626 rationibus
1110 1588 1123 1625 1
1171 1568 1222 1623 1.
1254 1565 1399 1641 quia
1423 1564 1474 1622 si
1494 1566 1663 1622 locus
1692 1562 1843 1623 Gen.
1875 1582 1972 1621 xv.
2003 1565 2130 1638 agit
2157 1559 2232 1621 de
2259 1564 2453 1638 prima
2479 1564 2521 1622 J
2525 1566 2922 1625 ustificatione

518 1646 704 1720 impii,
762 1652 833 1702 ut
880 1644 1107 1703 Paulus
1154 1646 1344 1715 docet,
1389 1660 1628 1700 necesse
1673 1649 1765 1699 est
1809 1640 1852 1699 J
1855 1643 2110 1699 acobum
2137 1642 2308 1700 abuti
2335 1644 2450 1700 hoc
2475 1644 2815 1701 testimonio
2843 1648 2922 1703 ad

522 1724 564 1782 J
568 1723 982 1781 ustificationis
1010 1724 1286 1781 secundae
1314 1727 1597 1778 naturam
1625 1720 2082 1793 declarandam;
2113 1720 2167 1777 2.
2191 1720 2336 1795 quia
2363 1740 2488 1778 non
2516 1722 2666 1779 bene
2689 1720 2732 1779 J
2739 1723 2928 1781 ustifi-

520 1802 739 1861 cationi
776 1803 1051 1859 secundae
1100 1800 1283 1857 tribui
1330 1804 1525 1873 potest
1551 1799 1718 1872 quod
1765 1797 1856 1853 illi
1884 1799 2095 1856 tribuit
2121 1798 2164 1856 J
2167 1799 2390 1857 acobus
2417 1801 2580 1874 quod
2611 1800 2924 1859 Abraham

518 1898 623 1956 per
650 1897 784 1937 eam
832 1878 1065 1936 dicatur
1112 1878 1337 1935 amicus
1387 1876 1501 1933 Dei
1542 1876 1752 1945 factus,
1783 1876 2078 1950 siquidem
2116 1877 2248 1951 jam
2295 1877 2527 1953 pridem
2551 1878 2670 1936 fuit
2697 1880 2924 1939 amicus

520 1966 580 2016 et
606 1956 651 2016 J
651 1965 839 2015 ustus.
894 1956 1067 2015 Idem
1114 1956 1295 2015 sentit
1324 1954 1528 2013 Estius
1573 1953 1638 2011 in
1665 1952 1708 2011 J
1711 1972 1797 2012 ac.
1829 1972 1878 2012 c.
1910 1955 1990 2028 ii.,
2019 1974 2144 2013 non
2171 1956 2452 2030 ignobilis
2479 1975 2554 2013 ex
2581 1957 2789 2014 eadem
2817 1958 2930 2018 So-

522 2038 734 2095 cietate
764 2036 1044 2112 Scriptor.

607 2114 802 2175 VIII.
848 2116 979 2173 Alii
1029 2114 1100 2174 E.
1132 2114 1429 2174 Pontificii
1476 2114 1696 2191 quibus
1737 2132 1856 2170 non
1885 2113 2114 2188 placuit
2138 2113 2474 2172 istiusmodi
2501 2122 2925 2187 commentum,

523 2196 703 2253 aliam
750 2194 1183 2252 conciliationis
1222 2194 1384 2251 viam
1428 2193 1752 2262 iniverunt,
1780 2210 1903 2248 non
1949 2194 2376 2268 distinguendo
2403 2192 2446 2250 J
2450 2193 2925 2265 ustificationcm,

525 2277 629 2332 sed
658 2294 835 2349 opera
864 2290 998 2345 quae
1026 2274 1183 2331 fiunt
1208 2282 1338 2330 ante
1366 2282 1419 2329 et
1436 2283 1567 2347 post
1589 2274 1788 2349 fldem,
1814 2270 2076 2328 Paulum
2103 2290 2324 2345 negare
2351 2272 2594 2347 quidem
2621 2290 2732 2329 nos
2748 2272 2930 2347 justi-

523 2352 686 2409 ficari
714 2350 1007 2426 operibuS,
1038 2352 1143 2406 sed
1172 2349 1241 2405 iis
1269 2368 1403 2423 quoe
1452 2350 1802 2425 praecedunt
1825 2348 2006 2405 fidem
2031 2356 2093 2405 et
2133 2367 2268 2423 quae
2294 2349 2454 2407 facta
2479 2350 2664 2407 solius
2691 2358 2926 2408 naturae

525 2429 755 2485 viribus
804 2429 931 2485 sine
974 2427 1167 2498 gratia
1196 2425 1433 2493 Christi,
1464 2426 1670 2499 qualia
1699 2424 1968 2482 Gentiles
2011 2427 2368 2482 exercebant
2392 2433 2461 2484 et·
2471 2428 2787 2499 jactabant
2813 2428 2858 2485 J
2862 2448 2934 2486 u-

526 2506 660 2575 daei,
690 2505 990 2562 Jacobum
1017 2519 1159 2558 vero
1203 2501 1246 2559 J
1250 2502 1706 2558 ustificationem
1743 2500 2002 2557 tribuere
2031 2502 2326 2575 operibus,
2355 2506 2458 2559 sed
2487 2504 2558 2559 iis
2585 2522 2720 2577 quoe
2749 2508 2934 2564 fidem

526 2590 861 2658 sequuntur
888 2587 948 2637 et
967 2580 1120 2637 fiunt
1140 2598 1246 2655 per
1261 2579 1518 2653 gratiam
1548 2576 1784 2636 Christi.
1839 2576 2056 2651 Itaque
2078 2580 2310 2635 nullam
2331 2581 2620 2636 hactenus
2647 2582 2808 2638 inter
2829 2603 2934 2643 eos

526 2679 651 2718 esse
698 2658 1173 2736 repugnantiam.
1258 2656 1414 2715 Haec
1458 2664 1547 2714 est
1590 2654 2070 2731 frequentissima
2111 2656 2410 2714 distinctio
2458 2658 2620 2731 apud
2661 2676 2761 2715 eos
2805 2680 2939 2735 qua

528 2746 822 2797 conantur
850 2738 1095 2795 eludere
1121 2738 1255 2796 loca
1280 2736 1485 2794 omnia
1506 2734 1765 2793 Paulina
1791 2753 1926 2811 quae
1948 2736 2242 2792 adducere
2271 2736 2530 2793 solemus
2556 2744 2766 2794 contra
2787 2737 2829 2795 J
2837 2759 2936 2797 us·-

528 2817 723 2877 titiam
751 2818 1141 2875 inhaerentem
1166 2818 1289 2875 sive
1317 2814 1360 2872 J
1362 2814 1821 2873 ustificationem
1847 2832 1922 2870 ex
1953 2813 2247 2889 operibus,
2277 2832 2458 2889 quam
2483 2832 2558 2871 ex
2587 2814 2932 2876 Lombardo

530 2904 591 2955 et
617 2896 848 2954 Thoma
884 2898 1162 2953 haustam
1190 2895 1445 2953 retinent
1473 2910 1680 2950 omnes
1704 2891 1828 2949 fere
1855 2892 2226 2963 recentiores,
2255 2892 2538 2951 Bellarm.
2569 2893 2789 2952 Becan.
2823 2898 2936 2953 Al—

530 2976 798 3050 phonsus
825 2992 863 3031 a
893 2974 1117 3049 Castro,
1150 2973 1437 3043 Salmero,
1465 2972 1605 3043 alii3
1635 2970 1678 3028 J
1685 2971 1962 3028 ustinian.
1993 2989 2135 3028 vero
2156 2971 2550 3045 peculiariter,
2583 2972 2804 3046 Estius,
2833 2974 2934 3031 Ti-

530 3053 695 3109 rinus
722 3053 891 3110 illam
918 3060 1137 3125 urgent
1162 3054 1238 3109 ad
1269 3051 1521 3109 istorum
1548 3050 1819 3107 locorum
1847 3050 2342 3107 conciliationem.

613 3130 729 3188 IX.
775 3130 893 3189 Sed
920 3148 1042 3186 non
1062 3129 1431 3187 commodior
1457 3136 1546 3185 est
1572 3130 1700 3185 haec
1727 3128 1948 3185 solutio
1974 3128 2350 3203 praecedenti.
2415 3130 2634 3202 Primo,
2659 3131 2802 3207 quia
2817 3131 2934 3191 fal-

530 3207 760 3265 sissima
785 3207 998 3263 nititur
1044 3207 1380 3280 hypothesi,
1410 3204 1674 3263 Paulum
1712 3206 1907 3262 nimir.
1937 3207 2001 3263 in
2031 3206 2452 3280 Disputatione
2479 3226 2590 3265 sua
2616 3210 2932 3267 excludere

530 3290 763 3341 tantum
792 3282 1253 3356 irregenitorum
1280 3301 1462 3358 opera
1510 3302 1646 3357 quae
1671 3284 1828 3341 fiunt
1853 3290 1992 3341 ante
2017 3285 2216 3355 fidem,
2246 3302 2369 3343 non
2397 3304 2540 3343 vero
2566 3288 2688 3345 alia
2731 3306 2868 3361 quae
2897 3306 2936 3346 a

529 3360 751 3421 renatis
776 3361 930 3417 fiunt
956 3359 1243 3435 illamque
1270 3368 1720 3434 consequuntur
1741 3382 1756 3430 3
1801 3362 1892 3418 At
1911 3360 2273 3418 contrarium
2294 3372 2461 3439 patet
2486 3365 2814 3422 innumeris
2839 3384 2936 3423 ar-

528 3437 849 3513 gumentis,
893 3437 1087 3513 primo
1116 3435 1368 3494 dicimus
1388 3456 1525 3494 cum
1558 3438 1923 3508 Salmerone,
1953 3439 2101 3495 dum
2127 3438 2252 3512 ipse
2279 3442 2584 3515 rejiciebat
2609 3443 2932 3502 distinctio·

532 3534 669 3573 nem
692 3534 943 3591 operum
964 3514 1471 3573 caeremonialium
1491 3533 1530 3573 a
1554 3515 1884 3573 moralibus
1911 3535 2046 3591 quae
2073 3516 2151 3574 ab
2173 3517 2304 3576 aliis
2326 3520 2524 3577 afferri
2551 3522 2720 3591 solet,
2753 3528 2787 3557 ‘⁴
2809 3540 2934 3580 non

532 3613 655 3653 esse
680 3594 1069 3653 limitandum
1096 3594 1261 3669 quod
1293 3594 1625 3668 Apostolus
1651 3612 1774 3650 non
1801 3594 2138 3665 limitavit,''
2167 3596 2271 3651 sed
2301 3598 2634 3671 Apostolus
2660 3600 2934 3659 absolute

530 3680 592 3731 et
632 3673 976 3748 simpliciter
1002 3672 1269 3730 excludit
1314 3691 1353 3729 a
1397 3670 1439 3728 J
1444 3671 1838 3729 ustificatione
1865 3690 2044 3747 opera
2071 3672 2274 3729 omnia
2299 3676 2524 3750 absque
2550 3677 2683 3734 ulla
2708 3679 2940 3737 restric-

530 3752 694 3810 tione
722 3759 784 3809 et
830 3750 1207 3821 limitatione,
1254 3749 1324 3807 E.
1352 3768 1475 3807 non
1503 3751 1784 3824 quaedam
1805 3756 2061 3821 tantum,
2092 3752 2195 3807 sed
2225 3753 2424 3811 omnia
2450 3754 2749 3829 intelligit.
2834 3756 2937 3815 Se·

532 3830 751 3901 cund0‚
780 3830 1059 3904 operibus
1110 3828 1285 3885 malis
1333 3828 1487 3884 nihil
1513 3846 1746 3885 necesse
1772 3828 1892 3885 fuit
1917 3835 2084 3885 tanto
2111 3828 2418 3888 molimine
2448 3832 2938 3905 justificationem

532 3910 860 3978 detrahere,
905 3909 1021 3963 hoc
1067 3906 1223 3963 enim
1273 3906 1435 3980 apud
1466 3924 1670 3963 omnes
1695 3906 1816 3963 fuit
1841 3907 1900 3963 in
1933 3906 2234 3977 confesso;
2277 3916 2342 3966 at
2371 3910 2575 3967 omnia
2601 3929 2786 3987 opera
2811 3912 2937 3971 sine

532 3987 651 4043 fide
675 3986 836 4043 facta
861 3986 1024 4043 mala
1049 3991 1207 4053 sunt,
1236 3983 1547 4058 siquidem,
1586 3990 1734 4041 teste
1763 3985 1998 4058 Apost.,
2043 3991 2078 4018 ‘⁴
2100 3985 2390 4062 quicquid
2415 3989 2484 4045 fit
2509 3989 2633 4046 sine
2661 3992 2780 4048 fide
2805 4010 2941 4066 pec-

534 4071 736 4122 catum
764 4064 911 4133 est,''
942 4062 1118 4121 Rom.
1146 4061 1267 4118 xiv.
1298 4061 1392 4119 23.
1475 4061 1697 4132 Tertio,
1725 4062 1808 4119 sic
1849 4062 2240 4137 intelligenda
2265 4075 2354 4123 est
2395 4067 2660 4125 exclusio
2690 4086 2939 4143 operum

536 4143 699 4217 apud
730 4140 993 4199 Paulum
1020 4147 1091 4197 ut
1118 4140 1310 4197 omnis
1338 4140 1698 4197 excludatur
1741 4139 2042 4213 gloriati0,
2073 4140 2247 4200 Rom.
2277 4143 2360 4201 iii.
2391 4142 2506 4214 27;
2552 4145 2641 4202 At
2660 4147 2774 4203 nisi
2801 4147 2941 4204 sim-

536 4220 770 4295 pliciter
796 4218 999 4277 omnia
1026 4217 1268 4276 omnino
1296 4218 1692 4275 excludantur
1713 4235 1892 4291 opera
1911 4218 2093 4275 etiam
2112 4218 2270 4278 facta
2293 4229 2427 4297 post
2451 4224 2649 4295 fidem,
2677 4242 2800 4283 non
2829 4225 2944 4283 erit

536 4299 782 4356 exclusa
824 4296 1125 4373 gloriatiO,
1170 4296 1466 4373 siquidem
1514 4312 1694 4370 opera
1737 4294 1847 4353 illa
1890 4297 2206 4370 finguntur
2252 4302 2570 4374 procedere
2597 4302 2775 4359 simul
2801 4320 2942 4361 cum

538 4376 732 4448 gratia
758 4394 831 4432 ex
858 4376 1081 4433 virtute
1108 4374 1279 4431 liberi
1305 4372 1551 4444 arbitrii,
1574 4379 1635 4430 et
1655 4380 2008 4431 statuuntur
2034 4393 2156 4432 esse
2179 4378 2393 4437 merita
2419 4379 2718 4453 condigni,
2747 4388 2811 4438 at
2837 4382 2942 4439 ubi

536 4459 626 4508 est
652 4454 931 4510 meritum
960 4454 1209 4527 aliquod
1256 4451 1339 4510 ibi
1366 4458 1456 4510 est
1502 4450 1802 4525 gloriatio,
1846 4458 1881 4486 “
1903 4452 1955 4510 si
1982 4452 2298 4513 Abraham
2323 4476 2398 4515 ex
2427 4458 2703 4532 operibus
2723 4458 2943 4531 justifi-

536 4535 707 4585 catus
732 4536 838 4597 est,
858 4530 1043 4587 habet
1070 4532 1145 4588 de
1171 4548 1291 4606 quo
1318 4530 1669 4603 glorietur,'’
1697 4530 1872 4589 Rom.
1894 4530 1974 4589 iv.
1993 4532 2049 4588 2.
2097 4532 2350 4607 Quarto,
2375 4534 2668 4610 Exempla
2686 4554 2724 4593 a
2747 4535 2940 4595 Paulo

528 4606 726 4664 allata
755 4605 1091 4663 Abrahami
1118 4614 1179 4667 et
1207 4608 1475 4682 Davidis,
1501 4606 1676 4667 Rom.
1706 4608 1805 4680 iv„
1835 4626 1958 4666 non
1985 4615 2130 4667 sunt
2175 4612 2250 4668 de
2277 4613 2422 4687 ipsis
2449 4620 2586 4671 ante
2613 4615 2945 4672 conversio-
