3234 5192
491 311 611 367 620
1055 324 1133 362 m:
1176 321 1659 364 sArrsrAcrmms
1688 320 1925 360 cnms‘n
1954 321 2274 362 vum-urs.
2487 304 2761 385 [msrmu
2812 329 2986 370 xrx.

571 465 932 525 Athanasius
981 465 1304 544 Episcopus
1353 462 1793 522 Alexandrinus
1836 463 1937 540 qui
1982 463 2091 522 sub
2121 464 2499 524 Constantino
2526 466 2727 527 floruit
2762 469 2975 530 cirea
2994 511 3009 524 .

494 547 795 605 ann.340.

579 628 665 686 De
697 626 1099 684 Incarnatione
1128 623 1314 683 Verbi
1343 624 1471 697 Dei,
1497 643 1552 700 p.
1585 625 1681 682 52.

578 713 614 741 “
645 707 892 763 Θανάτου
921 707 1031 782 γὰρ
1073 726 1134 770 ην
1161 709 1342 782 χξεία,
1375 707 1472 760 καὶ
1511 701 1743 760 θάνατον
1770 703 1892 780 ὑπὲρ
1921 703 2127 758 πάντων
2154 700 2251 759 ’ἔδει
2292 705 2524 781 γένεσθαι
2552 707 2637 762 ἵνα
2658 711 2717 764 τὸ
2748 713 2965 787 «παρὰ

495 790 700 845 πάντων
741 789 1062 861 ὀφειλόμενον
1103 785 1336 862 γένηται·
1382 786 1498 856 ὅθεν,
1540 784 1607 847 ὡς
1651 787 1894 860 προεῖπον,
1927 785 1951 838 ὁ
1981 786 2143 860 λόγος
2184 784 2298 840 ἐπεὶ
2339 787 2431 840 οὐκ
2470 785 2565 841 οἷον
2608 809 2663 842 rs
2706 784 2779 853 ἦν
2834 792 2965 845 αὑ-

495 873 577 925 τὸν
620 869 886 922 ἀποθανεῖν
929 865 1220 942 (ἀθάνατος
1261 865 1372 940 γὰρ
1415 859 1500 942 ἦν)
1545 860 1737 919 ἕλαῧεν
1774 863 1952 939 ἐαυτῷ
1996 865 2149 932 σῶμα
2200 866 2259 919 τὸ
2302 865 2571 934 δυνάμενον
2612 870 2953 933 ἀποθανεῦ.

495 951 575 1004 ἵνα
620 948 686 1010 ὡς
729 944 849 1001 ἴδιον
891 948 1009 1000 ἀντὶ
1038 945 1242 999 πάντων
1270 945 1402 998 αὐτὸ
1443 942 1814 1020 προσενέγκῃ,”
1846 946 1969 1016 &c.,
2000 951 2059 1000 et
2086 943 2227 1002 ibid.
2256 965 2313 1021 p.
2344 947 2439 1020 69,
2488 948 2525 978 ‘⁴
2549 951 2649 1002 xa?
2692 951 2779 1024 τῷ
2820 971 2957 1004 τω-

496 1027 630 1102 οὑτῳ
673 1027 761 1082 τοῦ
801 1024 1039 1082 Sauara&
1081 1027 1262 1100 «τρόπῳ
1305 1023 1336 1088 ἡ
1383 1022 1610 1100 σωτηςῖα
1668 1027 1802 1078 *τοῖσι
1855 1023 2035 1099 γέγονε
2080 1028 2179 1080 καὶ
2234 1024 2265 1090 ἡ
2310 1029 2477 1089 κτίσις
2518 1029 2679 1082 πᾶσά
2738 1031 2949 1086 λελύ-

495 1124 707 1186 τςωται·
773 1103 918 1168 οὗτος
959 1106 1090 1160 ἐστίν
1131 1104 1161 1168 ἡ
1205 1105 1412 1158 πάντων
1441 1102 1574 1180 ζωὴ,
1622 1107 1719 1158 καὶ
1760 1103 1829 1166 ὡς
1884 1104 2140 1180 πρόξεινον
2180 1105 2303 1181 ὑπὲξ
2346 1108 2440 1171 τῆς
2482 1107 2690 1162 πάντων
2740 1125 2953 1176 «ως-η-

495 1193 612 1268 ςίας
654 1186 964 1262 ἁντίψυχον
1005 1187 1063 1240 τὸ
1105 1183 1291 1239 ἑαυτοῦ
1335 1184 1490 1251 σῶμα
1519 1185 1590 1246 εἰς
1618 1181 1848 1238 §dvctv-ov
1876 1185 2163 1260 παραδοὺς,
2194 1182 2303 1242 ἂρ..
2349 1186 2539 1243 Morte
2566 1187 2722 1244 enim
2754 1207 2947 1265 opus

492 1268 602 1326 fuit
629 1275 687 1325 et
708 1275 948 1324 mortem
977 1283 1080 1341 pro
1110 1262 1377 1321 omnibus
1405 1261 1603 1320 inferri
1630 1281 1930 1320 necessum
1958 1272 2096 1336 erat,
2122 1272 2188 1322 ut
2214 1264 2373 1341 quod
2400 1266 2473 1323 ab
2503 1266 2778 1326 omnibus
2812 1268 2945 1326 de-

491 1347 676 1406 bitum
706 1355 829 1404 erat
854 1347 1110 1403 lueretur
1133 1366 1146 1416 ;
1194 1343 1595 1418 Quamobrem,
1620 1350 1685 1400 ut
1714 1341 1856 1415 dixi,
1884 1343 2148 1400 Verbum
2172 1344 2445 1421 quoniam
2474 1346 2619 1403 mori
2648 1367 2769 1405 non
2804 1369 2941 1425 po-

494 1429 605 1487 tuit
633 1435 832 1504 utpote
859 1424 1198 1499 immortale,
1243 1443 1452 1499 corpus
1481 1422 1590 1480 sibi
1619 1423 1865 1498 sumpsit
1892 1423 2047 1498 quod
2076 1425 2223 1482 mori
2251 1433 2490 1502 poterat,
2523 1426 2791 1504 illudque
2854 1439 2938 1487 ut

494 1527 662 1566 suum
683 1527 788 1583 pro
800 1506 1082 1579 omnibuS,
1107 1500 1494 1578 obtulit,”&c.
1520 1502 1598 1560 Et
1615 1501 1756 1561 alibi
1776 1519 1832 1578 p.
1850 1505 1951 1561 66.
1980 1507 2014 1536 “
2039 1503 2171 1562 Hoc
2190 1505 2390 1563 mortis
2408 1517 2623 1582 genere
2640 1507 2935 1567 omnium

495 1588 652 1646 salus
680 1594 880 1663 parata
907 1593 1011 1657 est,
1044 1593 1102 1642 et
1131 1584 1317 1641 omnis
1346 1590 1607 1641 creatura
1634 1582 1933 1659 redempta
1956 1605 1969 1658 3
2019 1583 2163 1642 Haec
2192 1592 2281 1643 est
2309 1587 2566 1644 omnium
2602 1585 2727 1644 vita
2754 1598 2823 1647 et
2852 1597 2937 1648 ut

493 1667 622 1724 ovis
650 1685 754 1741 pro
803 1664 1058 1722 omnium
1107 1663 1292 1721 salute
1341 1662 1620 1742 vicarium
1661 1662 2193 1740 succedaneumque
2224 1685 2390 1723 suum
2422 1685 2629 1742 corpus
2656 1667 2721 1724 in
2748 1687 2931 1727 mor-

490 1756 607 1804 tem
625 1744 920 1818 tradidit,''
946 1740 1054 1800 Sto.
1075 1741 1146 1799 Id
1167 1743 1352 1820 ipsum
1376 1742 1499 1800 fuse
1523 1741 1584 1798 iu
1605 1741 1809 1800 eodem
1829 1743 1958 1802 loco
1980 1745 2157 1802 variis
2178 1745 2497 1804 rationibus
2514 1748 2925 1824 persequitur.

572 1824 827 1882 Basilius
857 1823 1109 1898 Magnus
1140 1821 1629 1899 Archiepiseopus
1652 1822 2021 1882 Caesariensis
2050 1824 2110 1880 in
2134 1825 2498 1902 Cappadocia
2517 1827 2617 1903 qui
2648 1827 2923 1888 Valente

500 1906 818 1982 imperante
846 1902 1040 1961 floruit
1067 1922 1200 1960 ann.
1232 1905 1367 1976 370,
1398 1911 1458 1960 et
1487 1903 1594 1960 sub
1626 1901 1907 1962 Gratiano
1930 1903 2091 1962 obiit.

578 1984 798 2043 Homil.
829 1984 888 2041 in
920 1983 1074 2042 Psal.
1105 1982 1290 2056 xlviii,
1323 1982 1422 2060 qui
1453 1981 1605 2040 Heb.
1638 1981 1783 2040 xlix.
1810 2005 1824 2055 3

569 2073 605 2101 “
637 2064 826 2143 Εὐςὲθη
873 2063 938 2135 ἓν,
990 2066 1116 2133 ὁμοῦ
1161 2063 1366 2119 πάντων
1395 2060 1657 2137 ἀντάξιον,
1703 2065 1726 2117 ὀ
1754 2063 1895 2128 ἐδόθη
1946 2066 2018 2127 εἰς
2047 2064 2201 2133 τιμὴν
2230 2067 2529 2141 λυτξώσεως
2569 2068 2665 2132 τῆς
2692 2067 2921 2145 ψυχῆς

497 2147 658 2218 ἡμῶν,
691 2149 748 2201 τὸ
777 2143 926 2222 ἅγιον
955 2149 1053 2200 καὶ
1081 2141 1368 2212 πολύτιμον
1395 2142 1540 2211 αἷμα
1571 2146 1660 2198 τοῦ
1694 2146 1878 2220 Κυρίου
1908 2143 2053 2211 ἡμῶν
2083 2147 2231 2209 Intro&
2258 2148 2496 2222 Χριστοῦ.
2584 2145 2915 2206 Inventuln

490 2235 580 2285 est
607 2245 785 2284 unum
813 2225 1034 2282 caeteris
1064 2223 1330 2281 omnibus
1358 2222 1725 2299 praestantius
1752 2223 1997 2299 pretium
2026 2224 2182 2299 quod
2212 2223 2409 2282 datum
2438 2233 2528 2286 est
2548 2226 2609 2282 in
2636 2226 2915 2306 redemp-

489 2307 706 2364 tionem
749 2305 956 2361 animae
1003 2310 1230 2376 nostrae,
1279 2310 1512 2360 sanctus
1555 2309 1615 2360 et
1662 2303 1947 2377 pretiosus
1988 2304 2226 2380 sanguis
2257 2304 2495 2362 Domini
2538 2307 2722 2364 nostri
2750 2306 2915 2367 Jesu

494 2384 764 2442 Christi.”
2485 2431 2489 2435 Α

573 2460 920 2520 Ambrosius
966 2459 1420 2518 Mediolanensis
1470 2460 1794 2537 Episcopus
1822 2463 1922 2538 qui
1952 2462 2233 2522 Gratiano
2260 2471 2319 2522 et
2347 2463 2676 2524 Theodosio
2707 2466 2913 2544 Impe-

493 2543 756 2601 rantibus
785 2540 936 2598 vixit
963 2559 1095 2598 ann.
1127 2542 1198 2597 37
1207 2543 1244 2596 4
1275 2560 1290 2615 ;

571 2622 700 2681 Lib.
733 2621 804 2680 de
833 2621 876 2680 J
880 2619 1058 2696 oseph
1089 2619 1330 2677 Patriar.
1361 2639 1410 2677 c.
1442 2621 1478 2675 4
1504 2641 1518 2694 ;

575 2706 611 2737 “
631 2701 921 2761 Venditus
969 2707 1058 2759 est
1105 2700 1148 2760 J
1152 2699 1332 2776 oseph
1359 2699 1418 2756 in
1469 2700 1739 2776 AEgypto
1766 2699 1904 2776 quia
1934 2701 2196 2761 Christus
2239 2713 2517 2762 venturus
2546 2713 2667 2763 erat
2692 2706 2771 2763 ad
2799 2727 2909 2766 eos

485 2784 696 2862 quibus
725 2783 944 2841 dictum
990 2788 1078 2840 est
1125 2779 1386 2840 Peccatis
1429 2780 1641 2838 vestris
1670 2781 1891 2840 venditi
1918 2781 2075 2840 estis.
2162 2783 2241 2842 Et
2287 2783 2419 2842 ideo
2462 2803 2567 2842 suo
2612 2787 2903 2862 sanguine

487 2865 730 2924 redemit
757 2883 903 2941 quos
931 2862 1161 2940 propria
1198 2869 1434 2939 peccata
1462 2859 1859 2919 vendiderant.
1948 2861 2065 2919 Sed
2101 2863 2373 2921 venditus
2402 2863 2667 2923 Christus
2694 2866 2903 2924 condi·

487 2946 660 3004 tiouis
689 2943 1052 3020 susceptione
1081 2942 1420 3018 nonculpae,
1441 2941 1777 3018 peccatique
1806 2940 1989 3018 pretio
2016 2961 2133 3000 non
2162 2951 2406 3018 tenetur,
2438 2945 2575 3020 quia
2594 2954 2903 3020 peccatum

485 3027 609 3103 ipse
637 3046 754 3082 non
781 3025 934 3082 fecit.
1021 3023 1216 3081 Pretio
1244 3023 1423 3098 igitur
1467 3030 1663 3080 nostro
1692 3020 1967 3094 debitum,
2000 3040 2115 3080 non
2162 3041 2266 3080 suo
2294 3043 2407 3082 aere
2434 3025 2741 3101 contra-xit,
2772 3026 2901 3084 chi·

485 3104 836 3180 rographum
866 3103 1116 3176 sustulit,
1149 3102 1548 3160 foeneratorem
1595 3101 1857 3175 removit,
1890 3101 2106 3160 exemit
2152 3101 2489 3179 debitorem,
2522 3124 2673 3163 unus
2698 3107 2897 3163 exsol-

487 3185 574 3240 vit
595 3183 752 3258 quod
779 3183 853 3238 ab
883 3183 1150 3239 omnibus
1177 3180 1551 3239 debebatur.'’

570 3263 649 3319 Et
667 3261 727 3318 li.
753 3261 824 3317 de
857 3260 1033 3316 Esau.
1065 3279 1164 3318 seu
1195 3261 1333 3334 fuga
1361 3260 1559 3318 seculi.
1589 3279 1639 3317 c.
1665 3264 1696 3316 7
1722 3281 1735 3332 ;

571 3344 606 3373 “
631 3342 798 3398 Deus·
820 3338 951 3397 ideo
980 3340 1232 3416 suscepit
1261 3358 1506 3412 carnem,
1537 3348 1602 3397 ut
1632 3337 1999 3398 maledictum
2032 3341 2219 3400 carnis
2247 3341 2584 3418 peccatricis
2613 3342 2897 3412 aboleret,

485 3429 544 3480 et
571 3420 758 3478 factus
779 3427 869 3478 est
895 3439 997 3495 pro
1020 3419 1188 3476 nobis
1215 3418 1582 3476 maledictum
1606 3427 1672 3476 ut
1698 3418 2024 3478 benedictio
2046 3422 2379 3481 absorberet
2406 3421 2899 3500 maledictionem,

486 3501 790 3578 integritas
834 3505 1150 3576 peccatum,
1200 3497 1564 3573 indulgentia
1613 3499 1971 3572 sententiam,
2004 3502 2127 3560 vita
2162 3509 2423 3574 mortem,
2456 3503 2709 3580 suscepit
2736 3503 2897 3562 enim

486 3591 725 3641 mortem
760 3589 822 3640 ut
849 3579 1180 3656 impleretur
1208 3577 1507 3650 sententia,
1540 3578 1843 3637 satisfieret
1877 3579 2139 3656 judicato
2164 3602 2269 3658 per
2305 3582 2675 3640 maledictum
2704 3584 2900 3642 caruis

485 3663 822 3741 peccatricis
849 3679 1032 3736 usque
1061 3658 1135 3717 ad
1163 3666 1421 3716 mortem.
1468 3659 1629 3716 Nihil
1657 3679 1796 3735 ergo
1819 3659 2031 3718 factum
2056 3671 2144 3720 est
2170 3671 2370 3720 contra
2392 3663 2732 3722 sententiam
2764 3664 2894 3738 Dei,

485 3765 614 3802 cum
647 3743 722 3801 sit
750 3741 962 3799 divinae
991 3739 1246 3798 conditio
1273 3738 1510 3815 impleta
1537 3739 1894 3814 sentcntiae,''
1924 3737 2031 3798 Sec.
2070 3741 2079 3772 '-

573 3825 650 3882 Et
677 3823 736 3881 li.
768 3822 848 3880 iii.
880 3821 950 3879 de
984 3819 1216 3895 Virgin.
1249 3819 1356 3877 sub
1384 3819 1554 3878 finem
1580 3841 1594 3892 ;

572 3907 606 3936 ‘⁶
627 3904 874 3962 Eramus
919 3900 1280 3978 oppignerati
1323 3898 1475 3958 malo
1505 3899 1773 3957 creditori
1822 3901 2110 3975 peccatis3
2156 3900 2551 3960 contraximus
2595 3901 2895 3977 chirogra-

486 3985 662 4062 phum
693 3984 895 4060 culpoe,
927 4001 1154 4058 poenam
1185 3980 1482 4056 sanguinis
1511 3978 1883 4038 debebamus,
1968 3981 2148 4040 Venit
2178 3980 2463 4039 Dominus
2492 3981 2689 4056 JesuS,
2720 4001 2891 4040 suum

487 4085 592 4142 pro
607 4064 776 4122 nobis
795 4083 894 4120 san
901 4061 1134 4138 guinem
1153 4060 1364 4119 obtulit
1383 4060 1437 4134 ;”
1471 4061 1550 4118 Et
1577 4079 1731 4133 mox,
1757 4062 1791 4091 “
1814 4059 1971 4135 Ergo
1989 4070 2047 4119 et
2064 4069 2123 4119 te
2140 4061 2379 4136 dignum
2406 4081 2541 4136 gere
2560 4062 2661 4120 tali
2684 4061 2892 4138 pretio,

486 4165 560 4203 ne
583 4144 778 4203 veniat
798 4143 1076 4216 ChristuS,
1103 4142 1278 4219 quite
1305 4139 1625 4212 mundavit,
1650 4139 1751 4215 qui
1778 4148 1835 4197 te
1864 4140 2123 4214 redemit,
2146 4150 2203 4198 et
2234 4141 2355 4199 site
2386 4141 2445 4198 in
2468 4150 2704 4218 peccato
2726 4141 2893 4199 inve-

485 4225 636 4282 nerit
663 4225 818 4282 dicat
845 4223 968 4298 tibi,
1003 4221 1143 4296 Quae
1173 4222 1392 4281 utilitas
1421 4221 1480 4278 in
1509 4219 1789 4296 sanguiue
1818 4239 1947 4277 meo
1968 4224 1996 4279 Ρ
2066 4221 2217 4294 Quid
2246 4219 2461 4297 profert
2488 4222 2595 4281 tibi
2624 4221 2760 4279 dum
2790 4221 2891 4280 de·

487 4304 702 4361 scendo
731 4303 788 4360 in
819 4303 1240 4379 corruptionem
1260 4303 1322 4361 ‘1⁹³’
1354 4299 1461 4359 &a

573 4381 937 4457 Augustinus
965 4383 1066 4459 qui
1094 4383 1152 4439 in
1181 4383 1344 4441 initio
1373 4379 1558 4458 quint-i
1587 4379 1769 4438 seculi
1799 4378 1949 4438 vixit
1978 4401 1993 4454 3

569 4460 698 4518 Lib.
721 4460 842 4516 xiV.
866 4471 1064 4519 contra
1095 4463 1373 4522 Faustum
1405 4459 1810 4533 Manichaeum,
1842 4481 1892 4517 c.
1924 4464 1981 4518 4.

571 4542 606 4573 “
633 4539 898 4614 Suscepit
927 4541 1189 4598 Christus
1217 4543 1339 4599 sine
1369 4549 1530 4598 reatu
1559 4540 1904 4616 supplicium
1934 4547 2212 4614 nostrum,
2236 4547 2301 4600 ut
2329 4539 2463 4604 inde
2486 4539 2739 4598 solveret
2766 4560 2887 4599 roa·

486 4628 610 4678 tum
639 4624 917 4690 nostrum,
947 4627 1006 4676 et
1031 4619 1222 4678 finiret
1248 4620 1420 4678 etiam
1451 4619 1795 4696 supplicium
1824 4621 2146 4678 nostrum.'’
