3234 5192
546 354 667 412 650
1104 370 1183 411 nn
1213 368 1690 413 sumne-nonis
1719 368 1953 410 cums-1¹1
1981 366 2299 409 vantram-s.
2523 346 2787 427 [nrsrur.
2816 366 2954 409 xxi.

542 511 933 585 crucifixum,”
966 511 997 569 1
1030 512 1160 571 Cor.
1188 512 1249 570 ii.
1278 513 1317 571 8
1340 534 1355 587 ;
1404 514 1439 545 “
1462 512 1754 571 Christum
1783 530 1846 569 se
1872 529 1976 588 per
2003 508 2267 587 spiritum
2295 514 2574 567 veternum
2601 506 2947 582 obtulisse,''

543 590 698 650 Heb.
727 592 808 650 ix.
844 594 917 649 14
941 614 955 668 ;
1000 600 1061 650 et
1099 595 1135 625 ‘⁸
1156 592 1218 650 vi
1256 591 1673 651 indissolubilis
1699 590 1836 675 vitae
1863 610 1980 649 non
2009 588 2322 649 secundum
2351 586 2686 646 mandatum
2713 588 2950 647 carnale

541 670 758 731 factum
800 670 979 729 fuisse
1024 670 1433 746 sacerdotem,”
1478 670 1636 731 Heb.
1666 671 1766 729 vii.
1801 673 1910 742 16;
1958 672 1993 702 “
2016 668 2352 745 sanguinem
2393 668 2436 727 J
2439 686 2543 726 esu
2581 667 2794 726 Christi
2833 668 2950 727 filii

542 750 655 809 Dei
698 770 805 809 nos
847 770 1095 827 purgare
1138 751 1213 810 ab
1257 751 1413 809 omni
1454 752 1750 829 peccat0,”
1800 753 1828 807 l
1859 749 2002 808 Joh.
2033 749 2072 808 i.
2103 753 2159 807 7.
2240 752 2298 807 4.
2345 747 2578 806 Falsum
2626 748 2798 805 etiam
2841 746 2944 806 hic

540 830 899 907 supponitur,
933 830 1223 889 Christum
1267 831 1517 889 leniores
1552 850 1754 908 poenas
1779 830 1981 888 tulisse
2010 848 2184 905 quam
2211 848 2340 905 quae
2367 827 2536 885 nobis
2562 826 2938 885 debebantur.

540 909 743 987 Neque
787 910 939 968 enim
984 909 1229 969 dicimus
1272 918 1504 988 propter
1545 929 1806 987 personae
1847 909 2190 986 dignitatem
2231 908 2293 965 in
2332 908 2561 966 Christo
2597 906 2805 980 levius,
2839 908 2942 965 vel

536 990 685 1048 infra
712 988 1065 1066 condignum
1091 989 1384 1049 vindicata
1422 989 1601 1049 fuisse
1642 997 1880 1067 peccata
1917 997 2130 1062 nostra,
2172 988 2276 1047 sed
2315 1007 2444 1046 cum
2484 986 2710 1045 debitas
2737 1005 2942 1047 eorum

535 1089 737 1147 poenas
774 1088 973 1128 omnes
1014 1069 1226 1143 tulerit,
1274 1089 1351 1127 ex
1390 1089 1650 1147 personae
1695 1069 1978 1146 dignitate
2020 1067 2198 1127 fluere
2241 1068 2445 1127 merito
2489 1066 2735 1125 dicimus
2777 1066 2944 1143 quod

535 1151 684 1207 tanti
727 1150 1047 1207 habeantur
1088 1148 1259 1225 pretii
1298 1149 1374 1207 ad
1414 1168 1523 1208 nos
1565 1147 1947 1208 redimendos.
2023 1148 2228 1225 Itaque
2263 1146 2380 1205 duo
2409 1147 2504 1205 hic
2529 1145 2944 1223 conjungenda

536 1249 663 1288 esse
690 1237 977 1306 putamus,
1012 1236 1378 1305 peccatorum
1414 1228 1670 1288 omnium
1699 1230 1920 1305 justam
1947 1228 2411 1305 persolutionem,
2441 1234 2502 1285 et
2529 1224 2944 1285 satisfactionis

534 1308 693 1367 illius
724 1309 977 1367 valorem
1005 1308 1329 1381 infinitum;
1372 1328 1571 1385 poenas
1599 1309 1754 1368 enim
1783 1328 1982 1367 omnes
2007 1308 2306 1384 impositas
2333 1325 2460 1365 esse
2487 1306 2699 1366 clamat
2727 1305 2938 1382 Isaiae,

538 1407 587 1448 c.
631 1388 757 1463 liii„
808 1396 865 1447 et
913 1389 1145 1463 Paulus,
1194 1388 1325 1447 Gal.
1372 1389 1472 1462 iii„
1518 1389 1658 1447 dnm
1705 1388 1788 1447 ait
1833 1386 2048 1447 factum
2092 1387 2268 1447 fuisse
2309 1386 2554 1467 κατ-εἰςιν,
2604 1385 2940 1445 maledictio

535 1468 691 1537 euim
738 1488 938 1527 omnes
990 1488 1190 1547 poenas
1243 1469 1505 1543 includit,
1560 1468 1817 1527 valorem
1863 1486 2004 1525 vero
2049 1467 2289 1526 istarum
2335 1484 2634 1543 poenarum
2681 1486 2756 1525 ex
2805 1465 2938 1543 ipsa

533 1568 779 1625 persona
806 1548 1115 1625 petendum
1144 1568 1271 1607 esse
1298 1568 1374 1606 ex
1402 1568 1472 1607 eo
1499 1556 1673 1623 patet,
1713 1547 1872 1624 quod
1901 1548 2060 1605 Deus
2088 1546 2300 1605 dicitur
2323 1545 2700 1623 acquisivisse
2729 1545 2936 1605 Eccle-

536 1628 679 1686 siam
709 1628 987 1703 sanguine
1018 1648 1139 1702 suo,
1170 1636 1229 1686 et
1258 1628 1521 1687 Christus
1546 1647 1652 1705 per
1681 1627 1955 1705 Spiritum
1985 1635 2260 1685 aeternum
2291 1646 2352 1685 se
2381 1625 2676 1699 obtulisse,
2707 1622 2816 1683 Sco.

614 1706 795 1765 XVI.
839 1710 919 1765 3⁰.
952 1706 1177 1783 Excip„
1226 1707 1359 1764 Non
1400 1726 1571 1784 posse
1620 1706 1877 1765 divinam
1924 1706 2044 1763 vim
2091 1706 2306 1765 Christi
2347 1704 2606 1764 conferre
2647 1705 2934 1782 passioni-

532 1786 643 1845 bus
670 1785 1029 1860 infinitatem,
1053 1786 1190 1862 quia
1210 1786 1354 1844 alias
1376 1794 1712 1864 sequeretur
1733 1786 2024 1845 Christum
2045 1794 2330 1863 quatenus
2349 1784 2460 1843 fuit
2480 1795 2728 1844 aeternus
2750 1784 2932 1859 Deus,

531 1886 764 1943 passum
794 1865 987 1940 fuisse,
1018 1866 1249 1942 quando
1292 1886 1411 1924 non
1451 1866 1592 1925 satis
1637 1874 1760 1925 erat
1805 1865 2094 1924 Christum
2137 1866 2236 1943 qui
2265 1884 2468 1942 passus
2495 1864 2622 1940 fuit,
2651 1873 2932 1924 ueternum

534 1944 723 2008 Deum
752 1964 895 2021 esse,
924 1944 1036 2003 nisi
1064 1945 1238 2005 etiam
1266 1954 1552 2023 quatenus
1586 1946 1749 2005 Deus
1790 1955 2038 2006 aeternus
2059 1954 2154 2005 'est
2181 1945 2352 2004 fuerit
2377 1964 2600 2022 passus,
2632 1964 2764 2003 cum
2789 1964 2932 2003 vero

530 2026 641 2085 hoc
668 2025 783 2084 dici
810 2024 1253 2103 haudquaquam
1288 2026 1487 2103 possit,
1517 2046 1626 2086 nec
1668 2044 1838 2103 posse
1875 2025 2090 2103 pariter
2129 2025 2300 2085 istam
2327 2024 2668 2085 infinitatem
2696 2044 2770 2083 ex
2797 2044 2929 2101 per-

531 2125 687 2165 sonae
716 2106 999 2182 dignitate
1027 2106 1164 2183 peti.
1208 2106 1405 2183 Resp.,
1443 2106 1524 2167 Ut
1550 2126 1736 2184 poenae
1775 2106 1890 2166 sint
1917 2105 2173 2182 infinitae,
2203 2124 2321 2163 non
2347 2124 2584 2164 necesse
2612 2113 2702 2163 est
2727 2114 2794 2163 ut
2821 2104 2928 2163 Di-

529 2186 745 2245 vinitas
772 2187 899 2263 ipsa
924 2206 1095 2263 passa
1124 2186 1214 2260 sit,
1246 2206 1377 2263 quae
1404 2186 1776 2265 impassibilis
1821 2195 1926 2259 est,
1973 2186 2076 2244 sed
2104 2184 2314 2244 suffieit
2339 2194 2404 2243 ut
2431 2204 2677 2262 persona
2702 2184 2930 2262 patiens

528 2265 729 2325 divina
756 2267 868 2341 sit;
912 2266 1179 2343 quamvis
1206 2267 1352 2325 nihil
1395 2286 1706 2344 perpessus
1750 2266 1828 2325 sit
1871 2266 2133 2325 Christus
2161 2276 2444 2342 quatenus
2471 2272 2560 2323 est
2591 2264 2768 2339 Deus,
2796 2284 2927 2341 per-

526 2364 669 2403 sona
696 2354 888 2403 tamen
916 2346 1017 2402 illa
1044 2364 1173 2422 quse
1204 2345 1365 2404 Deus
1412 2354 1519 2422 est,
1549 2366 1750 2423 poenas
1791 2347 1896 2404 has
1923 2345 2076 2405 tulit.
2159 2344 2294 2405 Non
2320 2344 2478 2403 valet
2505 2364 2644 2421 ergp
2673 2363 2924 2420 conseq.,

526 2425 789 2483 Christus
817 2432 1103 2499 quatenus
1146 2433 1235 2482 est
1278 2434 1527 2484 aeternus
1574 2426 1753 2500 Deus,
1783 2426 1882 2483 vel
1923 2426 2052 2502 ipsa
2093 2425 2154 2483 in
2197 2443 2266 2483 eo
2309 2432 2523 2483 aeterna
2554 2422 2772 2498 Deitas,
2801 2424 2928 2500 pati

524 2523 641 2562 non
667 2511 873 2579 potest,
904 2521 1061 2580 erge,
1092 2521 1198 2561 nec
1226 2503 1346 2561 vim
1374 2512 1474 2567 aut
1500 2505 1750 2582 pretium
1777 2504 2027 2563 tribuere
2055 2504 2522 2583 perpessionibus
2547 2522 2692 2580 quas
2719 2504 2922 2564 huma·

522 2602 601 2641 na
634 2590 839 2641 natura
885 2582 999 2658 ipsi
1044 2583 1423 2659 personaliter
1468 2584 1632 2643 unita
1676 2584 1965 2643 sustinuit.
2059 2583 2208 2658 Quia
2247 2584 2502 2643 actiones
2541 2592 2600 2641 et
2623 2581 2926 2659 passiones

524 2681 724 2723 omnes
752 2670 887 2721 sunt
914 2681 1189 2739 personae,
1213 2670 1273 2721 et
1300 2683 1336 2721 a
1355 2663 1640 2741 dignitate
1661 2684 1922 2742 personae
1945 2664 2303 2723 aestimantur
2323 2673 2382 2724 et
2402 2660 2922 2722 denominationem

522 2742 828 2819 accipiunt,
858 2750 925 2801 ut
952 2762 987 2801 a
1002 2742 1288 2819 principio
1316 2746 1481 2820 quod,
1512 2744 1650 2803 licet
1677 2764 1780 2821 pro
1809 2744 2012 2803 harum
2039 2744 2368 2803 conditione
2397 2738 2770 2803 attribuendae
2797 2739 2918 2801 sint

520 2831 739 2882 naturae
768 2843 844 2881 ex
870 2842 987 2899 qua
1015 2831 1203 2881 ortum
1229 2822 1461 2899 habent,
1494 2832 1559 2883 ut
1575 2825 1862 2902 principio
1889 2845 2018 2901 que.

604 2902 819 2962 XVII.
863 2907 943 2962 4⁰.
976 2904 1203 2981 Exeip.,
1236 2902 1364 2963 Etsi
1408 2912 1613 2964 natura
1662 2904 1863 2963 divina
1911 2912 2329 2982 supponeretur
2353 2923 2541 2981 passa,
2571 2922 2688 2961 non
2716 2920 2922 2979 seque·

520 2992 694 3058 retur,
747 2984 884 3060 quia
930 2983 1170 3042 infinita}
1198 2983 1431 3043 virtutis
1458 2994 1563 3059 est,
1607 2983 1823 3043 idcirco
1851 3004 2208 3061 quaeeunque
2236 2984 2298 3042 in
2325 2984 2452 3061 ipsa
2491 2991 2642 3057 sunt,
2681 2980 2922 3041 infinito

478 3094 493 3107 ι
518 3083 645 3123 esse
672 3064 924 3137 virtutis,
966 3072 1033 3122 ut
1075 3064 1437 3140 operationes
1483 3065 1595 3123 Dei
1642 3066 2014 3141 quantumvis
2057 3064 2312 3137 maximi,
2345 3083 2461 3121 non
2489 3070 2682 3121 tamen
2709 3061 2922 3121 infiniti

519 3150 653 3202 sunt
680 3143 865 3219 pretii,
890 3142 1027 3201 licet
1050 3144 1165 3201 sint
1186 3144 1259 3201 ab
1280 3164 1349 3202 eo
1371 3144 1469 3222 qui
1488 3144 1747 3203 infinitus
1769 3151 1858 3203 est
1883 3167 1896 3203 :
1942 3144 2036 3203 Ita
2057 3144 2128 3203 de
2146 3143 2510 3221 passionibus
2527 3141 2916 3217 statuendum,

518 3242 636 3279 non
663 3240 831 3297 posse
862 3222 1055 3279 statim
1076 3222 1284 3281 infiniti
1305 3224 1474 3300 pretii
1495 3224 1629 3297 diei,
1651 3224 1789 3283 licet
1809 3224 1870 3282 in
1897 3224 2120 3283 infinito
2149 3224 2280 3282 sint.
2326 3223 2522 3300 Resp.,
2550 3222 2668 3280 Sed
2694 3222 2790 3280 hic
2811 3221 2920 3281 fal-

517 3300 647 3359 lunt
673 3311 731 3357 et
757 3299 1036 3358 falluntur
1056 3299 1414 3361 Adversarii.
1462 3306 1517 3361 1.
1546 3303 1854 3380 Nunquam
1883 3304 2138 3362 diximus
2167 3303 2545 3362 Divinitatem
2573 3302 2756 3379 ipsam
2785 3320 2918 3378 pas-

519 3398 641 3437 sam
655 3398 779 3437 esse
798 3378 885 3437 vel
904 3380 1025 3455 pati
1042 3379 1315 3457 potuisse,
1337 3381 1441 3439 sed
1460 3391 1682 3441 tantum
1701 3404 2000 3461 personam
2013 3384 2324 3461 patientem
2340 3384 2526 3441 Deum
2546 3381 2750 3458 fuisse;
2775 3381 2918 3440 Pas·

518 3478 619 3518 sus
646 3466 733 3517 est
763 3460 923 3535 Ergo
950 3460 1050 3536 qui
1071 3462 1232 3519 Deus
1259 3470 1352 3535 est,
1386 3461 1489 3519 sed
1515 3482 1632 3520 non
1659 3483 1776 3539 qua
1805 3466 1979 3523 Deus.
2029 3468 2086 3522 2.
2119 3464 2184 3521 Si
2213 3464 2373 3522 Deus
2400 3480 2604 3540 passus
2633 3470 2738 3535 est,
2768 3461 2918 3521 bene

518 3539 777 3616 sequitur
800 3539 1099 3616 passiones
1146 3558 1272 3599 esse
1316 3540 1570 3601 infinitas
1616 3552 1884 3622 respectu
1931 3562 2207 3621 personae,
2239 3543 2348 3602 etsi
2377 3542 2490 3601 sint
2518 3542 2580 3599 in
2607 3561 2670 3601 se
2697 3540 2916 3619 finitae3

516 3618 928 3697 distinguenda
954 3639 1092 3697 ergo
1119 3620 1215 3678 hic
1243 3620 1496 3681 infinitas
1526 3624 1761 3699 physica
1788 3624 1954 3701 cujus
1981 3623 2305 3700 subjeetum
2331 3622 2557 3681 finitum
2585 3641 2769 3699 capax
2797 3640 2920 3679 non

516 3709 623 3774 est,
655 3700 729 3758 ab
756 3692 1037 3759 infinita‘te
1081 3701 1303 3775 morali,
1334 3702 1522 3778 qualis
1562 3702 1625 3761 in
1665 3703 1849 3781 pretio
1877 3702 2097 3761 attendi
2125 3702 2310 3761 solet:
2353 3704 2648 3779 passiones
2676 3700 2920 3760 infinita

518 3789 654 3839 sunt
679 3799 796 3838 non
843 3780 1019 3857 priori
1067 3780 1169 3839 sed
1216 3782 1520 3858 posteriori
1566 3802 1759 3842 sensu.
1843 3786 1898 3842 3.
1945 3782 2039 3841 Ex
2067 3802 2136 3840 eo
2164 3782 2324 3858 quod
2352 3782 2514 3841 Deus
2540 3790 2630 3841 est
2656 3780 2918 3839 infinitus

518 3858 779 3937 sequitur
804 3860 1055 3938 quidem,
1087 3860 1363 3938 quiequid
1390 3870 1479 3921 est
1506 3863 1563 3921 in
1592 3865 1720 3921 Deo
1749 3882 1876 3922 esse
1906 3862 2117 3939 pariter
2143 3861 2448 3937 infinitum,
2479 3862 2583 3921 sed
2609 3876 2728 3919 non
2753 3860 2918 3936 quic·

516 3939 657 4017 quid
684 3948 775 3999 est
798 3961 841 3998 a
866 3942 995 3999 Deo
1018 3940 1215 4005 statim
1244 3950 1333 3999 est
1360 3941 1646 4000 infinitum
1675 3942 1873 4001 eadem
1903 3942 2141 4001 ratione.
2214 3941 2258 4002 J
2261 3961 2354 3999 am
2381 3961 2554 4018 opera
2591 3940 2684 4000 dei
2725 3948 2914 4000 trans·

516 4020 712 4079 euntia
752 4027 888 4079 sunt
928 4039 965 4077 a
992 4020 1119 4079 Deo
1148 4028 1207 4078 et
1233 4040 1347 4078 non
1376 4021 1437 4079 in
1468 4022 1611 4095 Deo,
1663 4021 1816 4080 unde
1843 4042 1962 4080 non
1988 4022 2197 4079 mirum
2225 4021 2273 4080 si
2301 4022 2543 4080 eandem
2571 4020 2914 4079 infinitatem

515 4100 777 4159 absolute
804 4120 921 4159 non
949 4100 1312 4177 participant.
1397 4100 1639 4159 Interim
1667 4109 1862 4160 tamen
1889 4101 1999 4160 etsi
2025 4122 2144 4159 non
2171 4102 2288 4161 sint
2314 4101 2540 4160 infinita
2566 4101 2828 4160 absolute
2857 4110 2920 4159 et

514 4179 866 4257 simpliciter,
916 4179 1167 4257 aliquam
1209 4188 1402 4239 tamen
1442 4180 1784 4240 infinitatem
1823 4182 2184 4259 participant,
2230 4182 2282 4240 si
2323 4201 2440 4240 non
2483 4182 2546 4239 iu
2593 4180 2920 4241 substantia

512 4260 718 4336 operis,
764 4260 965 4319 saltem
1007 4260 1068 4318 in
1108 4259 1281 4318 modo
1322 4260 1687 4337 operationis.
1775 4261 1870 4320 Sic
1915 4270 2176 4321 creatura
2214 4282 2332 4321 non
2360 4269 2450 4320 est
2475 4260 2702 4320 infinita
2729 4259 2834 4319 sed
2857 4264 2916 4318 τὶ

511 4358 705 4398 creare
742 4347 831 4397 est
868 4340 1105 4399 infinitae
1142 4340 1392 4401 virtutis.
1478 4340 1573 4399 Ita
1598 4341 1708 4400 etsi
1735 4341 2034 4418 passiones
2063 4342 2278 4401 Christi
2304 4361 2420 4400 non
2447 4340 2699 4401 habeant
2725 4340 2916 4399 infini-

510 4424 686 4475 tatem
716 4418 1031 4494 physicam,
1076 4440 1205 4497 quae
1233 4422 1294 4478 in
1320 4420 1539 4479 nullam
1566 4440 1689 4480 rem
1717 4430 1964 4481 creatam
1993 4421 2200 4481 cadere
2224 4430 2432 4499 potest,
2477 4422 2694 4479 habent
2721 4428 2917 4480 tamen

510 4496 783 4553 moralem
812 4495 871 4553 in
900 4500 1083 4575 pretio
1110 4508 1169 4559 et
1196 4500 1591 4575 aestimatione,
1623 4521 1754 4579 quae
1780 4502 1876 4562 hie
1904 4501 2130 4561 sufficit.

590 4572 847 4631 XVIII.
893 4576 989 4637 Sic
1016 4580 1125 4639 fuit
1150 4580 1336 4657 prima
1361 4581 1611 4659 objectio
1639 4592 1904 4657 exparte
1921 4602 2124 4659 poenoe.
2211 4580 2537 4641 Secundam
2557 4577 2722 4639 addit
2751 4578 2916 4641 Soci-

506 4670 615 4709 nus
644 4672 717 4710 ex
748 4671 815 4711 eo
842 4656 1081 4729 petitam
1120 4658 1279 4735 quod
1304 4678 1475 4736 poena
1495 4662 1808 4737 corporalis
1829 4662 1888 4718 in
1915 4662 2090 4719 alium
2121 4660 2414 4720 transferri
2442 4681 2556 4720 non
2585 4660 2784 4738 possit,
2813 4668 2920 4721 aut
