3234 5192
492 330 607 389 198
1280 342 1359 385 ns
1388 341 1752 386 messanam
1781 341 2130 384 ssessslous
2487 316 2748 404 [meru-r.
2777 344 2912 387 vm.

492 487 555 547 in
581 486 759 545 cultu.
842 482 898 543 N
900 502 993 543 am
1020 482 1215 561 quoad
1239 482 1601 543 validitatem
1629 483 1729 542 vel
1755 482 2180 542 invaliditatem
2197 480 2470 559 baptismi
2489 483 2911 561 haereticorum,

492 563 887 644 agnoscebant
912 564 1201 641 utrinque,
1233 584 1350 623 non
1373 584 1500 623 esse
1524 583 1756 623 causam
1785 562 2163 623 sufficientem
2191 563 2588 639 separationis,
2610 583 2718 623 nec
2739 584 2914 641 super

491 647 655 705 illam
682 644 1064 703 secessionem
1094 663 1257 703 suam
1284 643 1605 703 fundabant
1635 643 1973 717 Donatistae,
1999 652 2065 702 ut
2094 642 2349 719 August.
2373 662 2489 701 non
2511 644 2691 702 semel
2711 644 2909 703 obser-

493 733 598 784 vat
644 731 799 783 cont.
844 724 1072 783 Cresco.
1114 723 1218 783 lib.
1248 724 1309 782 ii.
1338 744 1463 801 cap.
1494 727 1549 797 3,
1596 730 1658 781 et
1701 722 1888 801 Epist.
1934 725 2032 781 48.
2120 721 2237 781 Sed
2277 729 2518 796 tantum,
2555 723 2713 799 quod
2759 723 2914 782 inter

496 804 818 883 Episcopos
846 822 983 862 suos
1008 802 1321 862 retinerent
1352 802 1699 878 Traditores,
1729 802 1826 861 vel
1856 801 2150 861 ordinatos
2177 820 2214 859 a
2248 800 2665 877 TraditoribuS,
2697 802 2759 861 id
2799 810 2906 879 est,

493 884 596 963 qui
620 883 801 943 libros
830 902 1025 942 sacros
1062 881 1419 941 tradiderant
1465 882 1930 959 persecutoribus
1967 881 2404 940 comburendos.
2489 880 2704 956 Quales
2745 890 2910 942 erant

496 963 855 1036 Caecilianus,
886 962 988 1038 qui
1014 961 1409 1037 accusabatur,
1432 962 1597 1039 quasi
1637 969 1894 1039 tempore
1919 960 2336 1039 persecutionis
2360 960 2542 1019 libros
2571 980 2764 1020 sacros
2791 970 2908 1021 tra·

493 1043 739 1101 didisset
765 1040 1202 1117 comburendos,
1252 1040 1409 1117 quod
1456 1048 1652 1100 tamen
1698 1040 1907 1099 falsum
1952 1048 2112 1117 erat;
2157 1048 2216 1099 et
2245 1040 2418 1099 Felix
2447 1040 2904 1119 Aptungitanus,

493 1122 595 1200 qui
623 1121 994 1180 Caecilianum
1022 1119 1387 1179 ordinaverat
1414 1121 1475 1179 in
1502 1120 1784 1180 Mensorii
1822 1120 2033 1180 locum.
2115 1120 2336 1178 Verum
2364 1120 2496 1196 quis
2523 1120 2769 1196 ignorat,
2799 1140 2908 1181 nos

496 1201 776 1261 Ecclesiae
825 1200 1102 1258 Romanae
1150 1200 1468 1278 impingere
1517 1199 1711 1259 varios
1758 1219 1980 1259 errores
2027 1199 2420 1277 gravissimos,
2464 1208 2524 1257 et
2551 1199 2908 1260 idololatrias

494 1280 896 1356 crassissimas,
927 1299 1057 1357 quse
1084 1300 1218 1339 eum
1246 1279 1432 1340 salute
1460 1280 1775 1339 consistere
1803 1281 2141 1357 nequeant?
2221 1284 2278 1337 2.
2324 1279 2646 1338 Donatistae
2675 1299 2802 1339 sese
2829 1279 2905 1339 ab

496 1361 761 1420 Ecclesia
788 1368 1254 1438 segregaverant,
1286 1359 1609 1419 secessione
1656 1359 2001 1434 voluntaria,
2051 1358 2213 1417 nulla
2239 1358 2316 1416 ad
2343 1378 2470 1417 eam
2497 1358 2561 1416 vi
2586 1358 2684 1418 vel
2711 1378 2903 1435 perse·

494 1441 725 1501 cutione
754 1440 961 1515 adacti,
1015 1440 1278 1499 Ecclesia
1325 1440 1467 1517 ipsis
1510 1438 1828 1499 identidem
1875 1438 2336 1499 communionem
2385 1456 2550 1497 suam
2597 1446 2657 1497 et
2702 1458 2906 1517 pacem

492 1520 783 1579 offerente.
870 1518 987 1578 Sed
1012 1519 1110 1578 hie
1136 1519 1465 1578 voluntaria
1510 1538 1629 1577 non
1671 1518 1796 1594 fuit,
1835 1518 1940 1578 sed
1981 1525 2180 1576 coacta
2205 1516 2454 1577 secessio
2481 1524 2696 1577 nostra.
2786 1518 2904 1577 Ec-

492 1600 670 1658 clesia
698 1599 962 1657 Romana
986 1598 1113 1676 ipsa
1132 1618 1241 1657 nos
1269 1618 1305 1656 a
1332 1618 1392 1657 se
1422 1598 1728 1675 separavit,
1757 1618 1866 1657 nos
1886 1597 2238 1675 proscripsit,
2262 1604 2322 1655 et
2341 1596 2703 1656 anathemate
2732 1596 2902 1674 feriit,

492 1678 631 1756 quia
668 1678 1007 1736 nolebamus
1046 1678 1291 1736 retinere
1332 1685 1393 1737 et
1431 1677 1689 1755 profiteri
1715 1678 1844 1754 ejus
1871 1696 2108 1753 errores,
2141 1684 2199 1735 et
2225 1676 2540 1736 etiamnum
2565 1676 2756 1752 hodie,
2787 1697 2905 1754 quo

490 1778 610 1836 prae
640 1776 701 1815 se
729 1756 840 1815 fert
865 1757 1022 1815 velle⁴
1045 1775 1152 1815 nos
1180 1757 1254 1815 ad
1282 1776 1344 1815 se
1371 1774 1661 1831 revocare,
1685 1764 1982 1834 oppugnat
2003 1755 2322 1815 doctrinam
2339 1763 2612 1832 nostram,
2636 1764 2702 1815 ut
2720 1758 2902 1816 haere-

492 1838 666 1896 ticam
694 1843 755 1895 et
780 1835 855 1894 ad
882 1836 1011 1913 ejus
1038 1836 1409 1913 ejerationem
1436 1836 1595 1913 cogit
1623 1844 1908 1913 quotquot
1927 1835 2003 1894 ad
2025 1836 2209 1914 ipsam
2230 1835 2529 1895 accedunt.
2613 1836 2757 1911 Quis
2783 1856 2904 1895 non

490 1915 653 1975 videt
674 1914 819 1975 duas
839 1915 981 1974 istas
998 1914 1349 1974 differentias
1364 1914 1604 1974 reddere
1627 1916 2008 1975 secessionem
2021 1915 2454 1974 Donatistarum
2478 1915 2902 1974 schismaticam

492 2004 551 2055 et
578 1996 868 2073 injustam,
900 2003 960 2054 et
986 2003 1241 2055 nostram
1262 2014 1380 2054 non
1400 1993 1572 2054 modo
1592 1995 1974 2071 innocentem,
2001 1993 2104 2053 sed
2125 2002 2183 2053 et
2200 1994 2462 2053 absolute
2484 1995 2906 2055 necessariam?

491 2074 819 2152 Peccatum,
843 2075 1000 2153 quod
1029 2075 1307 2134 Ecclesiae
1327 2074 1756 2153 impingebatur
1782 2095 1817 2134 a
1846 2074 2186 2149 Donatistis,
2217 2074 2326 2133 fuit
2351 2074 2567 2134 factum
2589 2074 2901 2152 Caeciliani,

444 2222 449 2227 ,
488 2155 646 2232 quod
672 2174 779 2215 nec
805 2156 1109 2233 probatum
1137 2173 1172 2212 a
1200 2155 1540 2230 Donatistis,
1570 2173 1680 2213 nec
1707 2154 2032 2214 confessum
2060 2154 2134 2211 ab
2163 2153 2535 2227 Orthodoxis,
2560 2162 2732 2231 atque
2753 2153 2901 2214 adeo

486 2254 690 2293 verum
726 2255 844 2294 non
887 2242 1047 2312 erat;
1091 2254 1198 2294 nec
1227 2236 1277 2293 si
1302 2253 1507 2294 verum
1533 2234 1755 2311 fuisset,
1797 2242 2023 2312 poterat
2061 2235 2283 2310 justam
2327 2233 2638 2292 accessioni
2666 2253 2900 2294 causam

488 2313 642 2389 dare,
672 2315 810 2391 quia
836 2314 1049 2373 factum
1098 2322 1223 2373 erat
1267 2333 1423 2373 mere
1462 2313 1782 2391 personale,
1813 2314 1980 2392 cujus
2011 2313 2276 2372 Ecclesia
2316 2312 2602 2372 catholica
2627 2331 2746 2371 non
2773 2322 2898 2374 erat

486 2414 601 2468 rea,
631 2413 740 2451 nec
769 2393 1093 2453 Donatistae
1134 2393 1542 2471 obligabantur
1587 2393 1662 2451 ad
1709 2393 1856 2452 illud
1901 2392 2262 2472 probandum
2301 2392 2399 2451 vel
2441 2392 2814 2469 sequendum,
2846 2393 2900 2452 si

484 2471 807 2531 voluissent
832 2472 909 2530 ad
936 2492 1063 2531 eam
1081 2472 1285 2533 redire.
1342 2474 1563 2532 Verum
1585 2491 1708 2547 nos,
1733 2473 1833 2549 qui
1874 2492 2210 2531 accusamus
2233 2471 2554 2531 Ecclesiam
2575 2473 2896 2531 Romanam

484 2552 777 2610 variorum
805 2571 1079 2627 errorum,
1129 2554 1229 2630 qui
1278 2560 1435 2612 certo
1476 2551 1737 2630 persuasi
1779 2571 1976 2611 sumus
2004 2572 2130 2610 esse
2158 2552 2500 2611 idololatriae
2527 2570 2722 2629 ream;
2766 2572 2893 2629 nos,

480 2632 582 2709 qui
608 2650 947 2691 accusamur
972 2632 1045 2690 ab
1074 2632 1338 2692 Ecclesia
1367 2632 1631 2691 Romana
1658 2631 1894 2691 haeresis
1917 2652 1932 2707 ς
1995 2631 2285 2708 quomodo
2327 2650 2634 2709 possumus
2663 2632 2739 2690 ad
2765 2652 2894 2691 eam

482 2711 671 2771 redire
700 2712 823 2770 sine
853 2711 1057 2772 salutis
1084 2720 1283 2789 aperto
1310 2712 1657 2787 discrimine,
1683 2712 1868 2771 coacti
1888 2710 2100 2789 quippe
2127 2711 2382 2788 profiteri
2411 2710 2718 2786 doctrinas,
2750 2730 2895 2789 quas

482 2792 659 2851 falsas
687 2797 745 2850 et
771 2792 1073 2851 haereticas
1100 2791 1403 2867 credimus,
1426 2793 1646 2850 cultum
1668 2791 1993 2865 observare,
2017 2810 2188 2868 quem
2219 2791 2432 2849 scimus
2461 2810 2588 2849 esse
2604 2790 2890 2867 illicitum,

478 2879 537 2931 et
584 2872 804 2948 ejerare
848 2871 1157 2948 doctrinas,
1200 2891 1346 2949 quas
1392 2870 1728 2931 verissimas
1768 2890 1895 2931 esse
1925 2890 2000 2931 ex
2031 2870 2146 2929 Dei
2173 2869 2352 2929 verbo
2387 2870 2889 2948 persuasissimum

479 2951 779 3011 habemus.

474 3070 572 3117 Pro
636 3072 955 3127 synon-cumo
1077 3029 1337 3089 XXXI.
1384 3030 1482 3091 Sic
1518 3038 1719 3091 contra
1759 3030 2143 3090 secessionem
2171 3029 2485 3107 disputant.
2554 3028 2890 3087 Videndum

497 3142 671 3229 1-123
704 3134 939 3230 Ἓὲἷὲιιω.
991 3110 1418 3266 {tffpssffii'ff
1437 3108 2246 3266 fflfflmssgssffitf·
2326 3108 2890 3265 {ffizssnssafitiffi

466 3288 617 3345 pace
656 3268 943 3342 Ecclesiae,
983 3287 1112 3344 quse
1154 3268 1326 3327 toties
1366 3268 1535 3326 nobis
1576 3268 2011 3327 commendatur
2036 3287 2073 3326 a
2100 3267 2347 3326 Christo,
2430 3267 2487 3324 N
2487 3286 2581 3325 am
2609 3268 2658 3325 si
2685 3286 2888 3345 pacem

474 3367 607 3406 cum
636 3346 903 3405 omnibus
930 3364 1185 3424 quaerere
1213 3354 1271 3405 et
1297 3366 1603 3423 procurare
1641 3346 1936 3420 debemus,
1969 3347 2020 3405 si
2045 3348 2370 3424 proximum
2399 3345 2572 3405 etiam
2601 3356 2887 3406 errantem

473 3426 718 3502 diligere
746 3433 1023 3499 tenemur,
1054 3424 1258 3501 quidni
1287 3424 1731 3502 syncretismum
1757 3444 1888 3484 cum
1931 3445 2000 3484 eo
2028 3426 2222 3485 fovere
2263 3426 2578 3503 poterimus
2597 3428 2627 3485 Ρ
2702 3427 2879 3505 Resp.

478 3508 515 3540 “
541 3506 879 3583 Speciosum
906 3504 1140 3581 quidem
1163 3512 1253 3563 est
1277 3523 1489 3563 nomen
1510 3504 1730 3581 pacis,''
1759 3504 1949 3581 inquit
1972 3504 2249 3580 Hilarius,
2284 3508 2397 3564 “et
2422 3506 2663 3583 pulchra
2691 3506 2886 3583 opinio

471 3585 728 3661 unitatis,
760 3584 863 3643 sed
890 3583 1021 3662 quis
1049 3583 1307 3660 ambigat
1334 3603 1459 3642 eam
1488 3584 1672 3642 solam
1709 3584 1938 3642 unicam
1986 3603 2112 3643 esse
2162 3585 2440 3644 Ecclesiae
2485 3603 2704 3664 pacem,
2752 3604 2882 3664 quoe

474 3665 689 3727 Christi
717 3673 805 3725 est
825 3665 891 3723 ἵν’
976 3662 1147 3739 Quod
1175 3663 1225 3722 si
1264 3664 1400 3723 talis
1442 3682 1561 3741 pax
1607 3682 1713 3741 per
1756 3663 2198 3741 syncretismum
2246 3664 2446 3723 haberi
2487 3672 2678 3740 queat,
2726 3665 2880 3723 ultro

470 3746 750 3823 largimur
775 3743 964 3803 modis
986 3742 1253 3803 omnibus
1282 3762 1409 3802 esse
1426 3742 1814 3820 quaerendam.
1888 3742 2004 3802 Sed
2026 3743 2075 3801 si
2104 3744 2227 3801 sine
2255 3742 2590 3821 praejudicio
2618 3743 2880 3803 veritatis

474 3834 535 3885 et
560 3824 795 3906 pietatis
822 3822 1071 3883 obtineri
1097 3843 1213 3881 non
1240 3830 1448 3901 potest,
1493 3822 1626 3899 quis
1672 3821 1888 3881 dixerit
1912 3842 2115 3899 pacem
2157 3823 2333 3882 talem
2377 3821 2686 3900 optandam
2730 3842 2875 3898 esse,

467 3906 565 3965 vel
592 3904 961 3983 quaerendam
980 3906 1011 3961 ?
1092 3904 1306 3962 Fateor
1333 3903 1383 3961 si
1408 3901 1784 3979 pacificandae
1813 3902 2092 3961 Ecclesiae
2119 3922 2258 3961 vera
2285 3910 2344 3961 et
2364 3902 2513 3961 seria
2528 3902 2692 3961 fieret
2717 3920 2876 3960 men-

467 3984 567 4061 tio,
597 3984 819 4044 nullum
850 3984 1009 4061 pium
1038 4001 1165 4041 esse
1194 3982 1421 4057 debere,
1445 3981 1545 4057 qui
1572 3982 1822 4040 libenter
1841 4000 2009 4041 aures
2029 3982 2396 4058 animumque
2418 4001 2534 4042 non
2555 4000 2874 4040 accommo-

468 4064 651 4124 daret.
734 4064 922 4123 Nemo
950 4061 1104 4122 enim
1130 4070 1221 4121 est
1246 4062 1344 4120 vel
1371 4060 1648 4120 mediocri
1695 4060 1926 4137 pietatis
1975 4080 2146 4120 sensu
2195 4061 2489 4139 praeditus,
2539 4079 2712 4138 quem
2759 4080 2878 4118 non

466 4144 761 4205 excruciet
799 4142 957 4201 foeda
997 4142 1123 4201 haec
1167 4149 1227 4201 et
1268 4140 1555 4200 horrenda
1603 4140 1858 4218 corporis
1903 4140 2118 4201 Christi
2165 4141 2455 4200 laceratio·
2543 4139 2658 4199 Sed
2687 4140 2738 4199 si
2765 4141 2877 4199 hoc

464 4232 751 4302 praetextu
777 4223 1041 4283 homines
1069 4222 1247 4281 astuti
1268 4240 1330 4280 se
1358 4220 1670 4294 insinuant,
1700 4227 1766 4279 ut
1793 4239 1829 4278 a
1857 4219 2079 4279 sincera
2107 4219 2321 4279 Christi
2349 4220 2612 4279 doctrina
2636 4238 2744 4278 nos
2773 4218 2873 4277 ab·

461 4304 694 4377 ducant,
743 4302 875 4379 quis
914 4302 1095 4361 vellet
1134 4320 1335 4379 pacem
1371 4300 1670 4359 hominum
1723 4299 2019 4374 redimere,
2069 4301 2229 4378 pacis
2269 4300 2482 4357 divinae
2527 4298 2829 4375 dispendio
2846 4302 2875 4357 Ρ

464 4381 793 4459 Optandum
825 4401 962 4441 sane
991 4400 1164 4459 super
1190 4380 1401 4456 omnia,
1430 4388 1497 4439 ut
1522 4400 1640 4458 pax
1683 4398 1813 4439 cum
1855 4379 2123 4439 omnibus
2171 4380 2408 4453 colatur,
2461 4377 2562 4437 sed
2592 4402 2628 4436 u
2655 4374 2872 4454 ’vnum-ov,

463 4460 653 4537 inquit
684 4459 916 4536 Paulus,
950 4461 1118 4519 Rom.
1148 4461 1271 4537 xii„
1304 4462 1353 4519 si
1380 4461 1567 4538 gloria
1611 4460 1741 4535 Dei,
1773 4460 1822 4519 si
1863 4460 2010 4520 ratio
2037 4460 2299 4518 veritatis
2340 4466 2400 4517 et
2427 4458 2630 4517 salutis
2659 4468 2872 4518 nostrae

461 4541 573 4599 hoc
600 4538 832 4617 patitur,
865 4540 914 4598 si
941 4558 1058 4616 pax
1086 4539 1286 4598 divina
1311 4558 1428 4598 non
1455 4539 1835 4614 rescinditur;
1878 4538 2036 4617 quod
2063 4539 2158 4597 hic
2185 4537 2308 4595 fieri
2335 4556 2452 4595 non
2479 4556 2666 4613 posse,
2697 4539 2872 4597 rebus

461 4620 545 4679 sic
574 4616 877 4694 stantibus,
920 4636 1255 4696 persuasum
1302 4619 1601 4679 habemus.
1689 4618 1810 4677 Nec
1847 4618 2018 4677 aliter
2051 4616 2126 4677 de
2164 4617 2426 4693 proximi
2463 4617 2750 4676 dilectione
2777 4636 2866 4675 ra-
