3234 5192
932 992 1478 1070 DISPUTATIO
1541 992 2140 1087 THEOLOGIGA,

576 1232 750 1321 DE
874 1231 1823 1324 SCRIPTURAE
1945 1232 2475 1326 SACRAE

728 1489 1276 1558 AUTHORITATE
1346 1489 1745 1560 ADVERSUS
1818 1492 2328 1567 PONTIFIOEOS,

1143 1719 1359 1779 PARS
1430 1720 1911 1783 POSTERIOR.

1343 1988 1733 1999 -—-—-.——--.

889 2174 1283 2251 Respondente
1309 2173 1354 2233 J
1357 2192 1558 2233 onum
1587 2175 1633 2235 J
1636 2193 1795 2235 soen
1822 2176 2117 2235 Bernemi.

393 2334 444 2392 Ι.
490 2331 776 2411 Aggressi
804 2352 1002 2393 sumus
1029 2333 1344 2393 novissime
1373 2353 1612 2412 gravem
1656 2342 1715 2393 et
1755 2340 2189 2408 momentosam,
2221 2352 2350 2409 quae
2380 2331 2549 2392 nobis
2591 2354 2723 2392 cum

314 2413 632 2473 Pontificiis
660 2412 963 2473 intercedit
991 2416 1060 2473 de
1087 2415 1402 2491 Scripturoe
1444 2414 1815 2489 Authorz‘tate,
1850 2414 2332 2489 Controversiam,
2366 2420 2423 2471 et
2468 2413 2723 2473 vidimus

305 2514 434 2571 quse
463 2493 749 2553 faciebant
777 2493 853 2553 ad
881 2502 1066 2553 status
1109 2493 1458 2569 Quaestionis
1507 2494 1969 2568 illustrationem,
2000 2502 2066 2552 ut
2095 2494 2247 2553 clare
2276 2500 2565 2553 constaret
2593 2496 2723 2571 quis

306 2594 621 2634 consensus
651 2573 747 2632 vel
775 2574 1073 2633 dissensus
1102 2582 1255 2634 esset
1283 2576 1434 2635 inter
1453 2584 1685 2651 partes:
1732 2574 2025 2633 Nonnulla
2054 2574 2227 2632 etiam
2268 2574 2391 2651 jam
2420 2576 2720 2651 proposui·

307 2675 452 2733 mus,
477 2664 536 2714 et
563 2653 988 2713 vindicavimus
1010 2664 1352 2731 argumenta
1377 2654 1452 2713 ad
1483 2655 1783 2713 sententiae
1806 2653 2160 2713 Orthodoxae
2189 2654 2677 2713 confirmationem
2706 2678 2719 2715 :

310 2735 406 2792 Ad
434 2736 550 2793 alia
595 2754 748 2793 nunc
796 2734 1210 2794 transeundum
1255 2744 1361 2811 est,
1410 2734 1620 2812 quibus
1670 2734 1871 2793 eadem
1910 2734 2125 2793 veritas
2170 2734 2609 2809 demonstretur,
2662 2744 2721 2794 et

308 2816 618 2892 Scripturae
648 2816 873 2874 αὖσιιτία
901 2815 974 2873 ab
1005 2814 1270 2873 Ecclesia
1293 2814 1691 2891 independens
1719 2821 2025 2873 asseratur.

299 2933 368 2979 H·
397 2935 667 2993 Argumen.
688 2948 786 2991 quo
910 2894 996 2955 ΙΙ.
1045 2895 1140 2953 Sic
1170 2914 1309 2972 ergo
1342 2894 1653 2971 Scripturas
1694 2893 2117 2952 Authoritatem
2158 2911 2265 2951 nec
2294 2890 2486 2968 quoad
2515 2912 2577 2951 se
2606 2912 2715 2951 nec

365 2995 600 3050 probatur
625 2993 787 3050 Son-ip·
828 2974 1020 3053 quoad
1047 2995 1154 3033 nos
1183 2976 1256 3033 ab
1287 2974 1564 3034 Ecclesiae
1593 2973 1949 3032 Testimonio
1966 2972 2217 3051 pendere
2246 2972 2451 3029 iterum
2476 2970 2713 3030 demon-

366 3058 494 3095 turae
567 3052 781 3095 authori·
825 3064 1091 3115 stramuS.
1196 3054 1259 3112 Si
1304 3053 1723 3113 Testimonium
1778 3053 2093 3112 humanum
2145 3060 2203 3110 et
2245 3049 2486 3109 fallibile
2540 3050 2714 3111 fidem

361 3115 784 3214 ᾓξωαξοὲοξῖζ
825 3135 1081 3194 divinam
1111 3142 1172 3195 et
1199 3133 1561 3193 infallibilem
1589 3132 1831 3192 fundare
1870 3151 1987 3189 non
2017 3140 2227 3209 potest,
2260 3130 2540 3189 Ecelesiae
2569 3132 2709 3191 'Pes-

359 3230 444 3272 siae
466 3226 779 3281 Testimonio,
821 3216 1123 3275 timonium
1192 3234 1312 3274 non
1369 3212 1582 3291 poterit
1650 3212 1827 3273 ullam
1900 3212 2211 3291 Scripturae
2280 3212 2709 3271 Authoritatem

357 3287 473 3389 {32²
516 3289 599 3335 *³³¹²
655 3286 780 3331 ΜΗ·
822 3294 1148 3355 conciliare.
1233 3293 1318 3354 At
1366 3313 1568 3352 verum
1612 3292 1791 3371 prius,
1824 3294 1984 3370 Ergo
2030 3300 2089 3353 et
2128 3293 2433 3371 posterius.
2520 3292 2715 3351 Minor

457 3378 469 3391 ’
821 3395 925 3453 per
952 3394 1014 3434 se
1041 3382 1239 3453 patet3
1286 3375 1431 3435 Cum
1453 3374 1606 3433 enim
1648 3374 1795 3433 nihil
1824 3373 1923 3433 det
1971 3374 2129 3453 quod
2170 3393 2289 3432 non
2328 3373 2523 3449 habet,
2555 3374 2713 3451 quod

294 3457 608 3516 humanum
653 3463 744 3515 est
791 3464 851 3515 et
893 3455 1193 3532 incertum,
1237 3454 1598 3515 certitudinis
1641 3453 1854 3513 divinoe
1894 3474 2013 3515 non
2053 3461 2245 3532 potest
2286 3473 2411 3514 esse
2455 3474 2629 3513 causa
2656 3465 2714 3514 et

297 3536 752 3596 fundamentum.
837 3536 1262 3613 Consequentia
1289 3554 1428 3595 vero
1451 3556 1526 3594 ex
1549 3555 1617 3594 eo
1648 3534 1941 3612 colligitur
1965 3558 1979 3595 :
2022 3534 2178 3613 quod
2208 3535 2607 3612 qualecunque
2636 3535 2712 3595 sit

299 3616 576 3677 Ecclesiae
605 3614 1066 3692 Testimonium;
1110 3635 1227 3674 non
1255 3615 1416 3675 aliud
1457 3615 1534 3674 sit
1575 3634 1749 3693 quam
1805 3616 2137 3687 humanum,
2168 3621 2369 3692 utpote
2412 3614 2709 3673 hominum

293 3696 418 3755 sive
448 3697 822 3774 conjunctim,
855 3696 979 3755 sive
1037 3696 1278 3755 seorsim
1333 3694 1690 3765 testantium,
1740 3695 1987 3773 ideoque
2042 3694 2285 3753 fallibile
2330 3701 2389 3751 et
2444 3693 2705 3751 dubium.

297 3774 467 3850 Quod
491 3777 734 3835 ulterius
783 3776 1154 3835 confirmatur
1181 3796 1256 3835 ex
1277 3796 1364 3850 e0,
1396 3775 1553 3853 quod
1592 3775 1858 3834 Christus
1902 3794 2084 3853 agens
2113 3773 2185 3833 de
2214 3772 2569 3831 Testimonio
2598 3772 2642 3831 J
2645 3793 2705 3830 ο·

293 3855 477 3929 annis,
509 3856 552 3913 J
554 3857 649 3914 oh.
678 3875 736 3914 v.
761 3858 857 3931 34,
901 3856 1241 3934 profiteatur
1287 3858 1322 3889 “
1350 3854 1426 3915 Se
1455 3874 1572 3913 non
1601 3856 1861 3933 accipere
1890 3853 2283 3915 testimonium
2315 3852 2389 3910 ab
2410 3852 2706 3925 homine,’'

295 3942 362 3993 ut
389 3933 609 4009 doceat,
640 3935 906 4013 quamvis
955 3956 1024 3995 eo
1065 3942 1263 3995 utatur
1297 3942 1363 3995 ut
1401 3954 1462 3995 se
1507 3936 1551 3995 J
1553 3935 1737 3994 udaeis
1791 3933 2203 4008 accommodet,
2267 3932 2367 4009 qui
2414 3931 2459 3991 J
2461 3950 2705 3989 oannem

293 4022 568 4091 tanquam
619 4014 826 4073 Virum
874 4015 1156 4077 divinitus
1196 4016 1437 4077 missum
1482 4035 1696 4093 magno
1750 4015 1812 4073 in
1858 4014 2043 4092 pretio
2086 4012 2394 4086 habebant,
2446 4011 2705 4087 adeoque

290 4094 686 4155 testimonium
729 4095 860 4171 ejus
901 4116 1172 4173 respuere
1219 4116 1338 4155 non
1383 4095 1677 4155 audebant
1704 4118 1720 4171 ;
1784 4114 1902 4153 non
1942 4104 2133 4153 tamen
2164 4091 2312 4150 illud
2350 4099 2581 4167 captare
2608 4091 2706 4149 vel

289 4194 564 4252 quaerere,
617 4174 784 4251 quasi
828 4194 897 4234 eo
941 4176 1202 4253 indigeat
1243 4176 1318 4235 ad
1363 4174 1771 4235 authoritatem
1823 4174 1935 4232 sibi
1973 4170 2431 4241 conciliandam3
2490 4168 2703 4229 habere

287 4254 440 4313 enim
471 4274 533 4313 se
561 4254 738 4331 longe
768 4255 958 4331 majus
980 4256 1416 4333 Testimonium,
1447 4274 1563 4331 quo
1593 4255 1807 4313 certius
1847 4254 2188 4327 innotescat,
2220 4250 2451 4327 propria
2478 4249 2702 4310 scilicet

289 4334 493 4412 Opera,
555 4335 746 4395 Patris
775 4335 956 4413 ipsius
986 4335 1298 4395 Graculum
1341 4336 1568 4393 coelitus
1612 4333 1894 4402 auditum,
1944 4330 2425 4405 tum,Scripturis
2474 4331 2700 4409 consig-

283 4424 502 4490 natum,
534 4436 656 4475 ver.
687 4418 785 4476 36.
873 4414 1046 4476 Unde
1077 4416 1522 4493 chrysostomus
1563 4414 1627 4471 in
1662 4413 1721 4471 h.
1749 4412 1790 4471 1.
1837 4412 1929 4482 ἐγὼ
1965 4412 2052 4487 μὴ
2089 4415 2176 4469 &vn
2206 4406 2388 4485 ἔδιᾶμην
2415 4432 2500 4475 τις
2528 4410 2701 4471 τοῦτον

281 4496 558 4578 μςτυςίας
585 4498 693 4563 θιὶς
723 4492 785 4555 ὃν
811 4493 1119 4578 drogus-lm.
1185 4497 1220 4528 “
1240 4496 1370 4572 Ego
1405 4492 1642 4571 quidem
1684 4492 1845 4550 Deus
1874 4512 2003 4551 cum
2050 4491 2176 4568 sim,
2208 4511 2325 4549 non
2370 4492 2701 4571 indigebam

283 4577 409 4653 ejus
459 4578 788 4637 testimonio
833 4578 992 4655 quod
1047 4578 1360 4634 humanum
1417 4573 1564 4648 est,'’
1622 4572 1868 4630 innuens
1924 4570 2145 4631 scilicet
2191 4570 2504 4631 absurdum
2554 4592 2699 4648 esse,

285 4656 468 4715 Deum
501 4658 754 4717 humano
783 4677 954 4734 egere
984 4654 1306 4731 tesimoni0,
1331 4652 1498 4731 quasi
1530 4650 1815 4710 Dominus
1833 4670 1868 4709 a
1886 4670 2072 4728 servo,
2100 4652 2337 4711 Creator
2362 4673 2397 4711 a
2422 4660 2699 4727 creatura,
