3234 5192
526 330 600 385 78
1306 352 1385 391 ns
1414 350 1777 391 necessasia
1807 349 2154 390 sacsssioun
2559 327 2820 409 [DlsPUT.
2851 349 2932 389 iv.

522 484 869 563 defensores,
900 509 1073 566 quam
1100 511 1417 570 mangones
1447 501 1505 551 et
1551 491 1991 569 interpolatores
2037 498 2235 567 agunt,
2267 487 2616 566 propudiosa
2661 488 2934 565 dogmata
2991 488 3003 497 ’

523 584 627 624 sua
676 568 915 627 subdole
964 570 1231 648 velando,
1264 581 1322 632 et
1364 572 1714 647 excusand0,
1766 580 1824 629 et
1871 570 2084 629 foedam
2116 569 2372 646 Papismi
2397 569 2732 643 novitatem,
2765 570 2934 628 novis

520 646 795 724 quotidie,
827 648 930 707 sed
948 669 1082 709 vere
1110 653 1470 712 veteratoriis
1499 652 1718 711 artibus
1741 649 2111 709 incrustando
2135 672 2149 725 3
2181 650 2296 706 imo
2334 648 2410 706 ad
2435 648 2618 705 instar
2647 648 2933 725 Principis

518 726 882 785 tenebrarum
912 749 973 787 se
1002 730 1063 789 in
1090 732 1361 808 angelum
1407 732 1554 790 lucis
1603 730 2080 805 transformantis,
2112 729 2412 789 nobiscum
2439 728 2616 804 loqui,
2648 736 2707 786 et
2735 729 2928 787 nobis-

518 826 647 863 cum
678 806 794 865 fere
816 810 1027 868 sentire
1074 810 1362 886 simulant,
1404 830 1754 889 gravemque
1799 810 1910 868 sibi
1938 809 2205 886 injuriam
2248 809 2374 867 fieri
2409 816 2742 885 queruntur,
2773 808 2930 886 quod

412 936 419 945 .
517 885 629 943 sibi
658 906 879 946 errores
906 889 1051 946 varii
1073 900 1281 967 praeter
1328 892 1411 949 rei
1454 892 1756 950 veritatem
1807 891 1862 947 in
1893 889 2262 966 dogmatibus
2291 897 2349 963 et
2377 888 2536 946 cultu
2563 887 2926 964 affingantur.

516 964 697 1024 Plane
743 968 893 1027 sicut
940 970 1163 1045 hyaense
1206 972 1485 1029 humanas
1514 970 1856 1029 aemulantur
1902 989 2094 1043 voceS,
2144 968 2408 1026 homines
2452 967 2746 1041 illecturae,
2783 987 2929 1045 quos

512 1044 739 1104 illectos
767 1055 826 1105 et
852 1056 1126 1107 attractos
1155 1050 1451 1125 devorent,
1496 1051 1579 1109 ita
1624 1050 1954 1108 seductores
2001 1049 2098 1107 isti
2141 1049 2480 1107 Sanctorum
2526 1047 2787 1124 linguam
2832 1067 2926 1106 co-

508 1133 722 1183 nantur
748 1128 1011 1202 mutuari,
1044 1138 1109 1187 ut
1138 1130 1425 1207 simplices
1454 1141 1512 1189 et
1540 1130 1802 1188 incautos
1831 1128 1906 1187 ad
1933 1137 2121 1187 castra
2161 1148 2265 1186 sua
2291 1127 2600 1205 pelliciunt,
2633 1136 2692 1185 et
2718 1127 2926 1204 pellec-

512 1212 604 1262 tos
652 1204 885 1263 tandem
934 1209 1213 1284 gehennae
1240 1210 1391 1269 filios
1419 1210 1680 1283 reddant,
1713 1217 1770 1267 et
1825 1209 2030 1267 misere
2075 1207 2334 1286 perdant.
2399 1204 2498 1265 Ne
2535 1227 2675 1283 ergo
2702 1226 2805 1283 per
2845 1232 2928 1271 rm

504 1281 745 1359 puoaeu'ae,
770 1292 853 1351 τίῖς
874 1288 1065 1353 πλάνης
1094 1290 1311 1366 imponi
1365 1290 1534 1348 nobis
1584 1290 1856 1364 sinamuS,
1889 1297 1947 1347 et
1985 1288 2142 1345 omni
2170 1294 2349 1345 vento
2379 1286 2655 1344 doctrinae
2684 1287 2922 1345 circum-

505 1364 754 1424 feramur
772 1388 873 1443 per
886 1372 1088 1435 κυβείαν
1104 1378 1161 1428 et
1174 1374 1480 1451 πανουςγὶιν
1500 1369 1771 1451 &vogin-m,
1787 1368 1952 1426 larva
1973 1368 2090 1426 illis
2119 1367 2295 1425 semel
2314 1366 2684 1439 detrahenda,
2703 1375 2769 1425 ut
2790 1387 2922 1426 con-

506 1452 621 1503 stet
647 1444 951 1505 falsissime
980 1449 1147 1507 nobis
1175 1450 1417 1527 impingi
1438 1450 1764 1508 schismatis
1786 1458 1845 1507 et
1865 1447 2250 1521 dissidiorum,
2275 1446 2486 1523 quibus
2507 1445 2730 1504 laborat
2750 1446 2922 1505 hodie

507 1524 866 1584 Christianus
895 1528 1068 1603 orbiS,
1101 1530 1333 1605 crimen,
1365 1539 1424 1588 et
1450 1529 1888 1588 insidiosissime
1917 1528 2076 1605 pacis
2105 1546 2310 1584 nomen
2343 1524 2589 1599 obtrudi,
2619 1525 2718 1582 ubi
2767 1546 2924 1584 mera

504 1606 783 1680 quaeritur
824 1626 1080 1666 errorum
1140 1608 1495 1685 incrustatiO,
1548 1619 1606 1667 et
1654 1608 1831 1686 impia
1884 1628 1951 1665 ac
1999 1606 2345 1665 damnabilis
2393 1605 2737 1682 religionum
2793 1632 2918 1677 wey-

503 1709 677 1764 κςαστς
705 1695 763 1743 et
792 1687 1070 1745 confusio.

588 1764 698 1822 IV.
744 1765 1106 1824 Gravissimo
1156 1786 1291 1825 sane
1338 1786 1399 1825 se
1438 1768 1820 1825 obstrinxisse
1866 1766 2101 1825 crimine
2150 1786 2250 1824 eos
2277 1785 2394 1824 non
2450 1764 2771 1840 diffitemur,
2820 1766 2920 1842 qui

505 1844 683 1901 sacris
712 1843 837 1901 istis
867 1845 1121 1904 dissidiis
1150 1846 1509 1905 occasionem
1536 1847 1707 1924 primi
1756 1846 2138 1923 praebuerunt‚
2179 1845 2389 1923 quibus
2419 1844 2631 1903 factum
2678 1852 2744 1903 ut
2785 1844 2919 1903 sim-

503 1922 642 1998 plex
692 1932 749 1981 et
776 1924 1010 2005 ἅῤῥιιφος,
1057 1934 1123 1985 ut
1167 1928 1305 1984 olim
1336 1927 1566 2001 Christi,
1619 1928 1703 1985 sic
1731 1926 1991 1985 veritatis
2040 1926 2235 1984 tunica
2281 1924 2714 2001 discerperetur.
2806 1924 2922 1983 Sed

502 2002 660 2078 quod
706 2004 874 2063 nobis
914 2006 1243 2084 impingunt
1286 2006 1602 2065 adversarii
1647 2007 1878 2081 crimen,
1929 2004 1990 2063 id
2023 2006 2155 2082 jure
2209 2006 2414 2063 merito
2454 2004 2512 2061 in
2561 2012 2922 2063 accusatores

505 2091 918 2161 retorquemus,
950 2086 1239 2163 quomodo
1270 2086 1448 2163 Elias,
1479 2087 1577 2164 qui
1606 2087 1681 2145 ab
1707 2086 1949 2144 Achabo
1977 2105 2109 2143 reus
2139 2084 2464 2144 conturbati
2495 2084 2728 2142 Israelis
2755 2105 2917 2161 pera-

505 2162 765 2239 gebatur,
798 2165 1035 2242 impium
1064 2186 1259 2243 regem
1307 2167 1419 2225 hoc
1470 2168 1595 2243 ipso
1628 2167 1864 2226 crimine
1894 2166 2076 2224 teneri
2104 2165 2419 2223 certissime
2469 2164 2792 2237 evincebat,
2823 2173 2914 2222 ut-

504 2250 637 2319 pote
666 2244 765 2319 qui
794 2265 990 2303 veram
1018 2245 1326 2323 abjecisset
1352 2247 1710 2325 religionem,
1753 2256 1811 2304 et
1853 2244 2133 2303 nefandos
2163 2245 2402 2302 Bahalis
2431 2243 2622 2303 cultus
2653 2244 2914 2303 induxis-

506 2331 611 2397 set,
648 2326 675 2380 1
713 2324 859 2401 Reg.
890 2326 1053 2383 xviii.
1110 2330 1200 2401 17,
1238 2330 1329 2385 18.
1382 2327 1476 2385 Ita
1519 2326 1662 2404 quid
1703 2324 2017 2404 proclivius
2066 2344 2237 2401 quam
2266 2324 2672 2398 demonstrare,
2703 2343 2918 2400 nequa-

505 2421 678 2478 quam
706 2424 741 2461 a
769 2405 936 2463 nobis
963 2406 1177 2465 malum
1215 2407 1326 2465 hoc
1375 2406 1692 2484 profectum
1721 2426 1865 2482 esse,
1896 2405 1997 2483 qui
2027 2404 2237 2463 Christi
2269 2404 2587 2462 doctrinam
2615 2403 2916 2461 intemera-

502 2489 622 2539 tam
670 2484 980 2543 retinemus
1022 2495 1080 2544 et
1128 2488 1435 2564 sequimur,
1481 2486 1585 2545 sed
1634 2486 1706 2545 ab
1751 2487 1823 2545 iis
1872 2494 2076 2559 ortum,
2109 2484 2207 2559 qui
2237 2484 2528 2541 coelestem
2557 2492 2616 2541 et
2661 2483 2917 2542 divinam

500 2561 651 2619 hanc
679 2561 997 2622 doctrinam
1040 2565 1234 2643 impiis
1280 2567 1577 2625 hominum
1623 2566 1960 2625 commentis
2003 2564 2371 2622 multifariam
2415 2563 2818 2639 depravarunt,
2859 2573 2918 2621 et

500 2640 731 2717 abjecto
758 2663 896 2702 vero
928 2644 1036 2703 Dei
1066 2647 1227 2705 cultu
1254 2645 1507 2723 impuros
1552 2656 1608 2706 et
1660 2645 2048 2704 idololatricos
2093 2644 2151 2701 in
2183 2643 2502 2701 Ecclesiam
2533 2642 2916 2701 Christianam

500 2720 961 2783 introduxerunt.
1006 2716 1188 2800 Quod'
1224 2726 1274 2785 si
1322 2727 1674 2803 praejudiciis
1701 2747 1817 2785 non
1846 2732 2274 2783 excaecarentur
2301 2723 2388 2779 illi
2415 2742 2544 2780 cum
2574 2722 2784 2798 quibus
2811 2742 2914 2781 ne·

500 2802 727 2877 gotium
754 2804 922 2862 nobis
950 2816 1054 2879 est,
1086 2805 1252 2865 facile
1282 2806 1353 2865 de
1382 2827 1443 2865 re
1474 2814 1595 2864 tota
1613 2806 1898 2883 judicium
1927 2804 2052 2861 fieri
2079 2812 2290 2879 posset,
2323 2803 2371 2863 si
2401 2802 2604 2860 sedulo
2631 2802 2913 2878 inquirer-

499 2900 677 2957 emus,
709 2884 943 2960 quinam
989 2906 1023 2943 a
1066 2886 1345 2963 religione
1396 2887 1724 2945 Christiana
1771 2895 1830 2943 et
1887 2883 2226 2961 Apostolica
2255 2881 2584 2955 defecerint,
2615 2880 2772 2957 quod
2811 2901 2915 2958 per

498 2962 862 3022 collationem
910 2966 1186 3025 doctrinae
1232 2967 1303 3025 ab
1354 2967 1609 3043 utrisque
1658 2965 1883 3024 traditae
1929 2983 2060 3021 cum
2088 2962 2349 3020 doctrina
2377 2961 2718 3038 Apostolica
2746 2959 2912 3019 facile

496 3040 847 3117 deprehendi
876 3055 1087 3122 posset.
1131 3047 1352 3105 Verum
1379 3047 1517 3124 quia
1546 3047 1686 3105 satis
1703 3044 2037 3120 intelligunt
2063 3042 2399 3115 adversarii,
2432 3041 2515 3099 sic
2543 3042 2692 3099 male
2739 3040 2912 3099 rebus

494 3121 615 3179 suis
644 3123 971 3181 consultum
997 3127 1134 3197 fore,
1160 3135 1219 3184 et
1244 3127 1371 3185 luce
1400 3126 1717 3184 meridiana
1737 3124 1949 3182 clarius
1987 3141 2310 3195 evasurum,
2341 3122 2620 3198 abjecisse
2649 3140 2710 3179 se
2739 3120 2912 3178 fidem

495 3202 675 3257 semel
724 3202 951 3261 Sanctis
997 3205 1282 3279 traditam,
1314 3214 1373 3263 et
1417 3205 1724 3263 deflexisse
1767 3224 1804 3262 a
1840 3223 1978 3261 vero
2023 3202 2476 3275 ChristianismO,
2509 3199 2912 3276 compendium

494 3278 605 3337 hoc
634 3280 775 3356 ipsis
824 3302 939 3340 non
982 3283 1187 3359 placet,
1240 3294 1297 3342 et
1322 3284 1437 3341 alia
1464 3304 1585 3342 rem
1613 3282 2031 3360 aggrediuntur
2057 3282 2169 3354 via,
2201 3300 2378 3357 quum
2407 3280 2606 3338 relicto
2634 3279 2911 3338 doctrinoe

494 3359 777 3432 examine,
824 3360 899 3419 ad
946 3362 1221 3420 Ecclesiae
1270 3364 1666 3421 auctoritatem
1716 3383 1822 3420 nos
1871 3360 2155 3419 abducere
2186 3368 2472 3436 satagunt,
2505 3368 2564 3417 et
2605 3360 2770 3435 quasi
2798 3359 2912 3417 hoc

490 3436 609 3495 illis
652 3439 1021 3517 privilegium
1070 3442 1361 3519 proprium
1415 3452 1583 3512 esset,
1637 3442 1963 3501 schismatis
2004 3458 2134 3497 reos
2174 3458 2448 3515 peragere
2477 3458 2594 3496 non
2622 3438 2907 3515 dubitant,

490 3526 777 3654 ¹quotquot
804 3520 878 3578 ab
928 3521 1191 3581 Ecclesia
1220 3522 1497 3597 Romana,
1548 3541 1890 3600 quacunque
1939 3518 2170 3579 tandem
2205 3518 2276 3576 de
2307 3538 2480 3576 causa
2528 3520 2908 3577 secessionem

514 3598 726 3657 aciunt.

573 3678 647 3736 V.
696 3680 824 3739 Hac
852 3689 973 3739 arte
1014 3682 1105 3741 usi
1148 3691 1283 3742 sunt
1322 3703 1439 3759 prae
1481 3682 1688 3742 ceteris
1727 3681 2038 3739 Perronius
2065 3688 2124 3739 et
2151 3680 2433 3737 Rickelius
2463 3677 2812 3753 Cardinales,
2843 3687 2910 3739 ut

488 3758 813 3835 legitimum
856 3760 1122 3839 fugerent
1150 3783 1537 3839 congressum,
1571 3772 1630 3821 et
1667 3760 1942 3839 jugulum
1969 3780 2158 3818 causae
2187 3759 2558 3817 declinarent.
2644 3758 2766 3816 Nec
2793 3758 2908 3816 alio

491 3840 726 3916 respicit
754 3841 1057 3901 Tractatus
1088 3842 1366 3916 Gallicus,
1397 3843 1709 3900 novissime
1739 3841 1930 3900 editus
1959 3840 2213 3914 Parisiis,
2245 3839 2318 3897 de
2345 3838 2701 3915 Praejudiciis
2731 3838 2906 3914 leyiti·

492 3919 593 3977 mis
633 3923 903 3979 adversus
934 3922 1286 3995 Calvim'stas,
1313 3922 1371 3978 in
1398 3941 1514 3998 quo
1545 3930 1746 3979 auctor
1773 3922 2016 3979 aliorum
2047 3919 2295 3995 vestigia
2323 3937 2605 3995 premens,
2637 3926 2696 3975 et
2723 3938 2904 3976 cram-

488 3998 619 4057 bem
650 4002 859 4077 saepius
889 4010 1173 4059 recoctam
1202 4001 1367 4059 nobis
1396 4020 1699 4076 reponens,
1729 4020 1943 4076 magno
1965 3999 2256 4057 molimine
2279 3998 2394 4056 duo
2422 4018 2539 4075 prae
2563 3998 2786 4055 caeteris
2807 3996 2904 4054 de-

489 4089 805 4140 monstrare
850 4090 1105 4139 conatur.
1194 4081 1406 4153 Prim0‚
1436 4079 1789 4138 tutissimum
1817 4089 1876 4138 et
1905 4077 2538 4155 compendiosissimum
2559 4096 2756 4134 veram
2773 4077 2905 4135 reli-

490 4158 721 4233 gionem
750 4182 785 4219 a
812 4160 958 4219 falsa
988 4160 1323 4219 secernendi
1366 4160 1617 4217 medium
1663 4179 1809 4233 esse,
1841 4179 1958 4217 non
1997 4159 2148 4217 viam
2187 4158 2426 4216 rationis
2454 4166 2508 4215 et
2532 4156 2904 4229 discussionis,

487 4257 659 4313 quam
696 4260 900 4317 urgere
936 4242 1203 4315 solemus,
1237 4248 1301 4298 ut
1343 4239 1632 4316 dogmata,
1663 4232 1792 4313 qu‘ae
1821 4238 1879 4296 in
1909 4238 2020 4296 hoc
2047 4237 2142 4295 vel
2177 4238 2278 4295 illo
2307 4246 2460 4295 coetu
2489 4244 2902 4312 proponuntur,

488 4318 887 4392 expendantur
934 4329 993 4379 et
1041 4320 1426 4378 discutiantur
1466 4340 1539 4377 ex
1588 4318 1898 4394 Scripturas
1945 4318 2134 4375 Sacrae
2177 4336 2374 4375 norma
2397 4360 2412 4391 ,
2458 4315 2561 4373 sed
2588 4316 2738 4372 viam
2777 4316 2902 4373 sub·

486 4394 759 4455 missionis
800 4408 857 4456 ct
884 4400 1250 4475 auctoritatis,
1282 4408 1346 4457 ut
1379 4407 1609 4474 vocant,
1644 4406 1708 4455 ut
1747 4398 1806 4455 in
1835 4417 2102 4473 suprema
2131 4396 2408 4455 Ecclesiae
2438 4395 2778 4453 auctoritate
2807 4414 2902 4451 ac-

482 4474 863 4549 quiescamus,
894 4477 1180 4555 fidemque
1218 4487 1473 4537 nostram
1502 4478 1589 4536 illi
1616 4488 1890 4555 tanquam
1919 4496 2134 4534 normae
2163 4484 2334 4534 certae
2363 4482 2421 4533 et
2447 4474 2738 4532 infallibili
2767 4474 2901 4533 sub-

473 4552 763 4629 jiciamus,
794 4575 965 4632 quam
1010 4576 1125 4615 non
1166 4558 1305 4617 alibi
1346 4578 1519 4635 quam
1562 4557 1718 4635 apud
1763 4556 2082 4616 Ecclesiam
2125 4575 2286 4613 suam
2329 4554 2564 4631 reperiri
2593 4554 2898 4631 pertendit.

484 4630 767 4711 SecundO,
800 4644 885 4694 tot
914 4636 1263 4713 praejudiciis
1292 4638 1630 4715 religionem
1659 4646 1716 4696 et
1737 4636 1910 4695 fidem
1933 4644 2184 4695 nostram
2210 4633 2459 4710 gravari,
2493 4642 2572 4708 ut,
2605 4634 2652 4691 si
2671 4634 2898 4693 nullum
