3234 5192
487 340 606 399 300
1213 354 1292 397 ns
1319 358 1532 401 ’ramus
1559 358 1839 401 Tns'rmus
1868 358 2257 401 cms'rmus.
2544 342 2806 425 [msrts'r.
2836 364 2897 406 v.

485 496 528 556 J
532 494 745 555 ustitiae
781 496 1204 574 plenitudinem
1231 506 1290 559 et
1311 500 1712 561 certitudinem
1741 500 1803 559 in
1832 500 2047 559 Christi
2089 500 2441 578 ascensione,
2472 502 2575 579 qui
2601 502 2893 581 justitiam

485 576 810 636 seculorum
832 578 1112 655 adduxit3
1157 582 1202 640 J
1204 581 1382 639 udicii
1409 583 1711 639 veritatem
1741 587 1800 638 et
1826 578 2295 639 infallibilitatem
2324 582 2387 639 in
2413 602 2587 658 poena
2634 583 2890 660 Diaboli,

483 658 584 735 qui
605 665 789 717 morte
819 657 1034 717 Christi
1060 660 1217 717 vinci
1245 669 1305 720 et
1332 660 1606 719 confundi
1633 658 1849 733 debuit,
1883 658 2005 718 Col.
2036 659 2095 717 ii.
2130 663 2221 734 15,
2255 660 2316 718 H
2320 662 2409 719 eb.
2440 662 2497 719 ii.
2534 665 2626 721 14.

1090 740 1280 799 XXI.
1329 740 1426 799 Sic
1473 740 1739 817 exposito
1788 738 2023 797 testium
2068 739 2307 798 istorum
2350 741 2700 816 testimonie,
2748 741 2793 801 J
2795 762 2890 801 am

1001 820 1201 878 Unitas
1212 828 1302 879 est
1312 818 1719 897 expendenda3
1740 822 1829 877 καὶ
1850 820 1894 875 u'
1907 824 2028 899 τρεῖς
2037 816 2085 877 ἓν
2100 824 2191 878 εἰσὶ
2208 819 2396 896 inquit
2406 821 2451 879 J
2453 840 2685 897 oannes,
2699 822 2761 879 hi
2778 830 2891 881 tres

1005 920 1176 957 unum
1197 908 1341 957 sunt.
1425 899 1575 957 Nam
1603 899 1743 975 quia
1768 898 1839 957 de
1868 899 2129 975 pluribus
2157 899 2297 975 agit,
2328 908 2393 959 ut
2429 918 2627 959 eorum
2659 901 2890 978 pondus

483 986 542 1038 et
569 979 887 1038 authoritas
940 979 1126 1055 major
1173 980 1265 1053 sit,
1317 997 1661 1037 consensum
1706 997 1901 1037 eorum
1943 978 2146 1053 innuit,
2178 987 2237 1037 et
2278 986 2343 1037 ut
2369 998 2713 1039 consensum
2760 1000 2889 1058 per·

481 1058 695 1117 fectum
723 1058 944 1133 doceat,
976 1056 1050 1115 ad
1079 1058 1358 1117 unitatem
1386 1058 1651 1118 essentiae
1696 1057 1972 1133 ascendit,
2014 1078 2145 1133 quse
2181 1058 2420 1117 unitatis
2468 1060 2787 1119 voluntatis
2816 1061 2892 1120 sit

481 1137 936 1197 fundamentum.
1021 1136 1324 1197 Reclamat
1363 1137 1458 1196 hic
1485 1138 1735 1213 socium,
1762 1138 1863 1213 qui
1890 1145 1955 1196 ut
1982 1136 2181 1197 eludat
2205 1138 2325 1197 vim
2354 1140 2699 1215 argumenti,
2730 1140 2890 1218 quod

479 1218 616 1279 hinc
643 1217 892 1296 petimus
919 1236 1023 1295 pro
1045 1219 1303 1296 ὅμωυοσήι
1329 1238 1719 1295 personarum,
1744 1216 2033 1295 pertendit
2052 1217 2203 1276 hanc
2225 1218 2503 1277 unitatem
2532 1218 2890 1279 referendam

479 1318 610 1357 esse
649 1298 727 1357 ad
751 1298 1017 1357 unitatem
1045 1306 1271 1358 tantum
1315 1318 1605 1357 consensus
1649 1305 1708 1356 et
1751 1296 2081 1372 testimonii,
2113 1305 2173 1355 et
2214 1297 2325 1356 hoc
2354 1300 2618 1357 evincere
2656 1300 2887 1377 satagit,

481 1385 606 1437 tum
634 1399 710 1439 ex
738 1398 912 1455 scopo
939 1378 984 1439 J
985 1378 1206 1453 oannis,
1235 1377 1336 1455 qui
1379 1386 1469 1437 est
1495 1378 1775 1436 unitatem
1823 1376 2137 1437 testimonii
2165 1378 2424 1453 probare,
2455 1386 2579 1439 tum
2608 1398 2683 1437 ex
2714 1380 2889 1439 variis

486 1456 797 1537 Scripturas
823 1458 968 1517 locis
989 1458 1296 1535 parallelis,
1320 1457 1379 1515 in
1398 1457 1610 1533 quibus
1638 1456 1841 1515 eadem
1868 1476 1989 1515 vox
2014 1476 2131 1515 non
2152 1457 2266 1515 alio
2296 1476 2469 1517 sensu
2496 1459 2647 1517 sumi
2673 1468 2883 1537 potest,

481 1545 606 1597 tum
635 1557 710 1598 ex
737 1538 1144 1597 nonnullorum
1173 1537 1641 1597 orthodoxorum
1662 1537 1964 1612 sententia,
2008 1536 2109 1613 qui
2135 1536 2414 1596 unitatem
2452 1558 2765 1597 consensus
2792 1540 2889 1597 hic

481 1618 898 1694 respiciendam
921 1636 1046 1677 esse
1075 1626 1329 1676 censent.
1414 1618 1536 1676 Nos
1579 1635 1736 1692 ver0,
1786 1636 1905 1675 non
1951 1636 2231 1694 negamus
2275 1618 2509 1693 quidem
2538 1618 2889 1695 Apostolum

481 1698 762 1756 unitatem
791 1715 1104 1755 consensus
1133 1705 1192 1755 et
1229 1697 1546 1757 testimonii
1572 1696 1885 1771 attendere,
1932 1696 2035 1755 sed
2075 1696 2233 1774 quod
2280 1706 2418 1774 agat
2444 1706 2668 1757 tantum
2696 1698 2769 1757 de
2797 1716 2882 1772 ea,

481 1777 720 1835 exclusa
745 1776 968 1836 unitate
996 1776 1277 1851 essentiae,
1308 1796 1711 1854 pernegamus,
1796 1776 1925 1835 Imo
1954 1776 2355 1835 contendimus
2382 1778 2662 1837 unitatem
2691 1796 2886 1837 essen·

481 1856 577 1914 tiae
606 1856 700 1915 hic
729 1857 920 1931 statui,
952 1864 1227 1932 tanquam
1265 1856 1699 1915 fundamentum
1744 1856 1983 1915 unitatis
2011 1856 2347 1915 voluntatis.
2432 1857 2711 1917 Rationes
2759 1856 2885 1933 qui-

477 1934 590 1995 bus
617 1936 958 1995 adducimur
982 1936 1058 1995 ad
1097 1936 1208 1995 hoc
1256 1936 1605 1995 credendum
1636 1944 1771 1995 sunt
1815 1936 2173 2013 gravissimae
2198 1958 2212 1994 ε
2234 1939 2311 2009 ,1.
2334 1936 2611 2013 loquendi
2658 1937 2881 2012 modus,

479 2016 579 2093 qui
609 2024 918 2093 usurpatur
943 2036 980 2074 a
1005 2017 1050 2075 J
1052 2036 1237 2077 oanne
1265 2017 1324 2074 in
1363 2016 1744 2076 describenda
1787 2016 2021 2076 testium
2070 2016 2405 2074 Coelestium
2446 2026 2507 2076 et
2533 2017 2889 2076 terrestrium

481 2096 735 2173 unitate;
781 2096 930 2155 Nam
952 2096 1024 2155 de
1051 2096 1418 2155 terrestribus
1446 2096 1681 2173 quidem
1728 2094 1871 2155 dicit
1898 2115 2024 2155 esse
2054 2101 2115 2161 εἰς
2142 2100 2197 2153 τὶ
2224 2093 2284 2171 i‘v,
2326 2115 2453 2153 esse
2490 2097 2549 2155 in
2569 2118 2757 2173 unum,
2788 2095 2885 2154 vel

479 2178 564 2234 ad
587 2196 798 2249 unum;
841 2175 945 2235 sed
971 2177 1044 2234 de
1072 2176 1405 2235 coelestibus
1432 2176 1573 2235 dicit
1614 2176 1952 2252 simpliciter
2000 2195 2113 2233 esse
2156 2196 2343 2249 unum,
2374 2180 2428 2233 τὶ
2464 2174 2512 2235 ‘3-
2556 2182 2663 2236 εἰσ).
2745 2176 2887 2237 Jam

479 2274 619 2315 vero
647 2257 697 2315 si
725 2256 924 2314 eadem
954 2256 1258 2332 utrobique
1287 2256 1480 2314 unitas
1506 2255 1887 2332 intelligenda
1914 2263 2084 2329 esset,
2128 2255 2398 2313 nimirum
2426 2257 2619 2315 unitas
2647 2274 2885 2315 consen·

481 2354 597 2409 sus,
630 2355 893 2411 quaenam
936 2343 1134 2412 posset
1179 2354 1306 2393 esse
1351 2336 1596 2393 diversas
1644 2334 1954 2394 locutionis
1990 2335 2155 2407 ratio,
2207 2354 2384 2410 quare
2432 2355 2549 2392 non
2592 2335 2891 2412 praevertit

479 2415 905 2492 gravissimum,
936 2415 1094 2491 qnod
1121 2434 1196 2473 ex
1223 2415 1335 2473 isto
1365 2434 1628 2473 sermone
1670 2414 1941 2472 fidelibus
1968 2413 2320 2487 imminebat,
2344 2414 2681 2490 periculum,
2714 2434 2787 2472 ne
2824 2415 2887 2471 in

480 2514 730 2553 errorem
759 2494 1182 2570 inducerentur,
1211 2495 1493 2553 unitatem
1533 2494 1801 2552 essentiae
1830 2492 1889 2550 in
1935 2494 2182 2551 testibus
2236 2492 2365 2551 istis
2408 2492 2699 2569 fingendO,
2757 2512 2887 2570 quas

479 2575 640 2633 nulla
689 2583 880 2634 tamen
935 2577 1102 2633 erat?
1141 2594 1319 2650 quare
1373 2594 1490 2632 non
1519 2573 1663 2633 dicit
1715 2573 1788 2632 de
1832 2572 2110 2649 utrisque,
2168 2571 2265 2630 vel
2312 2576 2367 2629 τὸ
2422 2569 2481 2645 i‘v,
2539 2572 2637 2631 vel
2690 2578 2753 2637 εἰς
2828 2576 2885 2630 τὶ

477 2651 522 2713 ἲν
549 2660 638 2713 εἰσ-ι’
657 2658 686 2713 Ρ
731 2654 882 2713 Sane
901 2654 1060 2713 nulla
1079 2663 1271 2733 potest
1293 2654 1641 2713 discriminis
1662 2653 1831 2711 istius
1852 2652 1998 2711 ratio
2016 2651 2269 2729 genuina
2288 2650 2495 2727 afferri,
2514 2652 2627 2711 nisi
2647 2652 2888 2711 unitatis

479 2734 873 2793 diversitatem
892 2734 1144 2811 aliquam
1165 2753 1564 2811 agnoscamus,
1588 2742 1657 2792 ut
1676 2740 1854 2792 testes
1875 2731 2109 2809 quidem
2128 2739 2428 2791 terrestres
2447 2732 2728 2791 unitatem
2752 2750 2890 2789 con-

477 2832 682 2874 sensus
700 2815 912 2873 habere
934 2814 1216 2886 dicantur,
1241 2814 1378 2891 quia
1398 2814 1458 2872 in
1479 2833 1659 2873 unum
1682 2811 2031 2889 conspirant.
2096 2810 2212 2871 Sed
2240 2819 2419 2869 testes
2448 2812 2713 2871 coelestes
2739 2832 2884 2889 prae·

475 2902 564 2953 ter
591 2896 870 2955 unitatem
923 2894 1256 2969 testimonii,
1308 2894 1477 2953 etiam
1527 2893 1807 2952 unitatem
1844 2891 2127 2951 essentiae.
2199 2890 2321 2949 Nec
2350 2891 2563 2968 opponi
2604 2890 2777 2950 debet
2812 2890 2887 2949 ab

477 2974 753 3034 haeretico
800 2974 998 3033 Editio
1029 2973 1473 3053 complutensis,
1499 2992 1629 3050 quae
1659 2972 1731 3031 de
1757 2971 2005 3031 testibus
2027 2970 2361 3029 coelestibus
2392 2970 2533 3029 dicit
2574 2990 2700 3031 esse
2738 2976 2801 3036 εἰς
2828 2975 2886 3030 τὶ

473 3051 556 3115 ‘t'vz
601 3056 750 3113 Nam
779 3056 950 3114 unius
973 3055 1204 3114 Codicis
1231 3054 1550 3114 authoritas
1603 3072 1721 3111 non
1748 3060 1940 3129 potest
1988 3051 2269 3128 abrogare
2313 3050 2487 3109 fidem
2536 3052 2887 3127 reliquorum

478 3135 732 3193 omniurn
755 3134 1306 3211 probatissimorum,
1337 3154 1484 3211 quos
1515 3134 1667 3193 Rob.
1716 3132 2059 3209 Stephanus,
2104 3131 2291 3190 etalii
2332 3150 2547 3207 magna
2593 3152 2731 3189 cura
2768 3131 2887 3190 col·

475 3213 760 3289 legerunt,
793 3215 892 3289 qui
921 3222 1251 3273 constanter
1276 3215 1583 3273 lectionem
1611 3220 1867 3271 nostram
1895 3212 2162 3271 retinent.

558 3292 784 3349 XXII.
820 3293 1103 3367 Secundo,
1134 3312 1344 3368 scopus
1373 3292 1647 3369 Apostoli
1668 3291 1779 3349 hoc
1806 3291 2039 3349 evincit.
2124 3290 2273 3348 Nam
2300 3298 2368 3348 ut
2394 3290 2503 3367 ipsi
2532 3290 2889 3367 propositum

477 3378 567 3429 est
608 3370 1000 3429 demonstrare
1043 3371 1425 3429 indubitatam
1465 3370 1641 3428 fidem
1683 3370 1973 3445 evangelii
2014 3389 2089 3427 ex
2128 3368 2349 3428 unitate
2378 3369 2628 3443 testium,
2660 3370 2760 3447 qui
2802 3369 2889 3428 illi

475 3448 868 3507 testimonium
896 3449 1234 3525 perhibent:
1259 3449 1352 3508 Ita
1377 3469 1494 3507 non
1510 3448 1701 3525 potuit
1718 3449 1929 3507 certius
1951 3448 2119 3507 istam
2136 3447 2414 3507 unitatem
2444 3457 2503 3507 et
2530 3448 2889 3509 identitatem

477 3547 793 3587 consensus
820 3529 1080 3605 probare,
1111 3548 1286 3605 quam
1313 3548 1388 3587 ex
1417 3529 1639 3587 unitate
1672 3537 1731 3587 et
1771 3527 2071 3586 identitate
2100 3528 2364 3587 essentiae
2389 3550 2403 3587 ε
2468 3528 2616 3586 Nam
2658 3530 2759 3588 ubi
2800 3538 2891 3589 est

477 3608 732 3687 perfecta
786 3608 1080 3685 ὄμβουλίκ,
1128 3608 1210 3666 ibi
1257 3608 1432 3667 debet
1476 3607 1650 3667 etiam
1700 3626 1826 3667 esse
1874 3607 2129 3684 perfecta
2175 3610 2425 3683 ὄμοσυσύι.
2536 3608 2733 3667 Tertio
2777 3609 2889 3669 hoc

477 3688 668 3766 ipsum
697 3689 866 3748 docet
894 3690 1108 3747 testium
1149 3689 1382 3747 istorum
1421 3688 1747 3765 appellatio,
1793 3688 1937 3747 Cum
1978 3687 2131 3745 enim
2160 3698 2440 3747 vocentur
2468 3697 2623 3747 testes
2651 3690 2709 3747 in
2736 3692 2887 3765 coeIO,

477 3788 594 3828 non
623 3769 794 3829 modo
824 3768 1010 3828 voluit
1036 3768 1298 3828 Joannes
1327 3768 1598 3844 indicare,
1624 3788 1725 3827 eos
1766 3768 2031 3827 coelestes
2072 3786 2217 3840 esse,
2262 3776 2321 3825 et
2360 3768 2589 3827 coelitus
2630 3769 2889 3829 testimo·

476 3849 635 3908 nium
667 3849 895 3909 Christo
923 3849 1256 3926 perhibere;
1301 3848 1444 3907 alias
1483 3868 1602 3906 non
1642 3860 1761 3907 tres
1800 3856 2043 3923 tantum,
2088 3847 2192 3906 sed
2230 3847 2405 3924 longe
2432 3848 2627 3924 plures
2654 3858 2893 3926 possent

476 3928 608 4003 dici,
641 3930 924 4007 siquidem
953 3938 1012 3989 et
1041 3929 1258 4007 Angeli
1285 3929 1395 3987 hac
1435 3928 1655 3987 ratione
1696 3928 1901 3987 Testes
1928 3928 1988 3985 in
2017 3927 2164 3987 coelo
2192 3928 2365 3987 etiam
2391 3936 2629 4005 possent
2656 3930 2887 4007 vocari;

483 4008 600 4069 Sed
627 4018 686 4068 et
713 4020 924 4069 natura
953 4011 1182 4083 ᾱίιῆηοε,
1214 4008 1502 4085 quomodo
1531 4008 1741 4067 coelum
1770 4008 1829 4066 in
1864 4008 2161 4086 Scriptura
2185 4026 2338 4085 saepe
2366 4028 2469 4085 pro
2502 4008 2628 4068 Deo
2656 4030 2896 4088 usurpa·

479 4098 589 4165 tur,
621 4090 774 4149 unde
803 4112 858 4149 v.
891 4094 946 4165 9,
977 4098 1148 4149 vocat
1175 4090 1286 4147 hoc
1313 4088 1704 4147 testimonium
1746 4088 1871 4163 Dei,
1903 4088 2059 4165 quod
2088 4090 2324 4165 opponit
2350 4088 2680 4149 testimonio
2710 4091 2895 4149 homi-

483 4178 640 4230 num.
751 4170 890 4231 Jam
933 4170 982 4229 si
1023 4178 1141 4229 tres
1182 4170 1279 4229 isti
1321 4176 1498 4228 testes
1539 4177 1675 4227 sunt
1714 4168 1915 4245 divini,
1968 4168 2181 4228 debent
2230 4188 2356 4227 esse
2399 4189 2579 4228 unum
2628 4171 2895 4231 essentiae

485 4252 722 4326 unitate,
753 4252 892 4329 quia
916 4270 1068 4311 unus
1093 4259 1320 4310 tantum
1347 4258 1435 4309 est
1461 4268 1701 4307 numero
1740 4249 1920 4325 Deus,
1950 4257 2010 4308 et
2035 4249 2180 4307 nihil
2208 4259 2298 4308 est
2324 4250 2383 4307 in
2416 4250 2560 4323 De0,
2590 4250 2747 4325 quod
2774 4268 2893 4307 non

478 4330 554 4388 sit
579 4330 702 4407 ipse
733 4332 912 4391 Deus.
999 4330 1382 4390 confirmatur
1415 4330 1638 4397 Quarto
1667 4329 1729 4387 id
1769 4330 1958 4408 ipsum
2000 4350 2074 4389 ex
2106 4330 2343 4387 Testium
2374 4330 2605 4387 istorum
2632 4330 2889 4401 conjunc·

479 4410 624 4468 tione
641 4431 663 4467 .·
705 4410 853 4469 Nam
881 4411 980 4488 qui
1009 4420 1187 4471 testes
1216 4411 1389 4471 simul
1416 4412 1863 4489 conjunguntur,
1886 4410 2167 4469 eteoclem
2196 4409 2368 4467 modo
2396 4428 2573 4466 unum
2603 4406 2889 4493 dicuntur,

479 4507 676 4547 eorum
720 4490 893 4547 etiam
933 4491 995 4548 in
1037 4492 1256 4551 unitate
1299 4490 1504 4551 similis
1545 4500 1636 4549 est
1676 4492 1840 4549 ratio.
1927 4490 2013 4549 At
2042 4489 2230 4563 Pater,
2264 4488 2521 4547 Verbum
2551 4494 2610 4543 et
2640 4484 2891 4561 Spiritus

479 4568 925 4645 conjunguntur,
977 4578 1036 4629 et
1083 4570 1288 4630 eodem
1333 4571 1506 4629 modo
1553 4590 1735 4629 unum
1780 4570 2065 4644 dicuntur,
2122 4569 2281 4644 Ergo
2325 4584 2522 4625 eorum
2566 4563 2627 4621 in
2670 4562 2891 4621 unitate

479 4646 684 4705 similis
711 4646 886 4707 debet
911 4666 1038 4705 esse
1065 4650 1214 4707 ratio
1238 4671 1252 4709 :
1295 4650 1340 4709 J
1343 4668 1436 4709 am
1469 4650 1642 4708 Pater
1683 4656 1743 4707 et
1778 4648 2027 4727 Spiritus
2058 4648 2307 4707 Sanctus
2334 4664 2410 4703 ex
2437 4651 2629 4702 mente
2658 4642 2889 4701 Adver-

485 800 660 849 Unitas
740 801 965 849 'I'estium

638 861 814 918 qualis.
