3234 5192
759 1264 1384 1343 DISPUTATIO
1453 1260 2144 1353 THEOLOGIGA,

343 1518 490 1610 DE
591 1520 1032 1614 TRIBUS
1131 1518 1694 1613 TESTIBUS
1792 1508 2593 1611 COELESTIBUS.

1223 1980 1316 2040 Ex
1349 1984 1378 2039 1
1411 1982 1558 2041 Jou.
1589 2002 1645 2039 v.
1680 1984 1734 2040 7.

749 2166 1142 2241 Respondente
1184 2164 1536 2224 Bsnnmc‘ro
1579 2164 1843 2223 Prcrn'ro
1876 2160 2197 2223 Genevemi.

350 2321 402 2380 Ι.
428 2320 574 2381 Cum
594 2324 710 2381 Iac
728 2324 961 2401 eitfldes
985 2323 1296 2399 Catholica,
1307 2330 1456 2383 teste
1467 2322 1808 2397 AthanasiQ
1822 2330 1885 2381 ut
1909 2340 2081 2381 unum
2098 2323 2287 2379 Deum
2302 2318 2362 2379 in
2385 2318 2683 2395 Trinitaoe,

263 2412 322 2462 et
348 2400 680 2462 Trinitatem
726 2403 784 2461 in
819 2404 1043 2464 Unitate
1067 2422 1416 2481 veneremur,
1461 2410 1522 2463 et
1562 2410 1875 2480 augustum
1906 2402 2019 2460 hoc
2074 2400 2421 2479 Mysterium
2475 2396 2687 2459 rationi

265 2481 642 2559 inaccessum,
674 2490 734 2542 et
759 2484 1073 2543 multorum
1099 2484 1500 2543 haereticorum
1529 2491 1793 2543 veterum
1818 2490 1879 2541 et
1905 2480 2289 2541 recentiorum
2307 2479 2687 2558 blasphemiis

267 2561 612 2640 impetitum,
635 2564 990 2642 praecipuum
1022 2564 1349 2642 Religionis
1371 2563 1714 2623 Christianae
1742 2562 2061 2623 constituat
2087 2561 2529 2621 fundamentum
2550 2582 2565 2636 3
2612 2560 2686 2619 In

269 2640 333 2700 id
359 2642 726 2719 potissimum
752 2664 918 2703 mens
945 2644 1044 2723 pia
1071 2644 1246 2704 debet
1273 2644 1605 2703 incumbere
1632 2651 1701 2703 ut
1726 2642 1801 2702 de
1828 2642 2073 2701 veritate
2100 2644 2229 2718 ejus
2256 2641 2319 2699 in
2344 2640 2525 2700 verbo
2552 2661 2687 2719 pro-

271 2720 463 2800 posita
515 2724 703 2801 magis
753 2744 820 2783 ac
861 2724 1051 2801 magis
1092 2724 1540 2802 persuadentem
1585 2731 1645 2782 et
1700 2723 1751 2781 si
1778 2727 1833 2780 τὶ
1888 2725 1994 2787 πὸς
2033 2740 2153 2780 non
2198 2727 2392 2798 potest
2434 2720 2683 2799 assequi,

267 2802 430 2880 quod
451 2801 742 2863 creaturis
769 2812 1046 2881 negatum
1075 2813 1181 2881 est,
1224 2818 1280 2866 τὲ
1307 2802 1380 2863 ’ὅτι
1407 2812 1604 2865 tamen
1630 2803 1871 2861 firmiter
1897 2809 1957 2861 et
1984 2802 2322 2860 inconcusse
2351 2808 2563 2859 teneat.

355 2881 444 2939 II.
489 2884 636 2941 Cum
663 2903 804 2943 vero
831 2904 908 2943 ex
949 2884 1236 2960 omnibus,
1265 2903 1398 2961 quae
1437 2885 1550 2942 hoc
1579 2882 1793 2941 docent
1818 2880 2161 2958 mysterium
2192 2878 2504 2956 Scripturae
2544 2878 2685 2939 Ors-

269 2961 438 3037 culis,
476 2962 702 3021 nullum
747 2962 1100 3024 luculentius
1127 2964 1206 3024 sit
1259 2972 1320 3023 et
1345 2963 1632 3023 illustrius
1658 2960 1877 3021 celebri
1924 2960 1967 3019 J
1970 2959 2175 3019 oannis
2222 2958 2369 3033 loco,
2412 2958 2516 3017 ubi
2572 2964 2688 3018 tres

273 3040 482 3099 Testes
527 3040 806 3101 Coelestes
870 3050 1152 3103 testantes
1208 3043 1451 3119 inducit,
1507 3060 1683 3119 quem
1736 3048 2043 3118 propterea
2101 3034 2413 3097 orthodoxi
2460 3056 2688 3116 semper

271 3128 550 3197 tanquam
594 3120 936 3198 palmarium
982 3123 1271 3183 haereticis
1300 3129 1710 3202 opposuerunt,
1742 3128 1801 3180 et
1844 3120 1907 3178 in
1951 3119 2119 3197 cujus
2156 3118 2483 3178 detorsione
2511 3118 2687 3179 etiam

269 3200 592 3260 adversarii
613 3220 840 3260 omnem
869 3221 1034 3261 suam
1059 3203 1404 3263 industriam
1443 3210 1506 3262 et
1530 3201 1753 3279 ingenii
1780 3220 2023 3260 acumen
2050 3198 2420 3273 collocarunt,
2450 3207 2517 3259 ut
2560 3200 2687 3278 eJus

271 3281 394 3339 vim
421 3300 764 3359 quacunque
791 3281 1028 3341 tandem
1053 3283 1278 3343 ratione
1305 3283 1641 3343 eluderent:
1687 3280 1822 3340 Non
1848 3280 2135 3359 ingratam
2158 3288 2217 3339 et
2240 3279 2505 3339 inutilem
2534 3280 2684 3341 veri·

272 3361 410 3420 tetis
439 3361 716 3421 studiosis
755 3382 863 3421 nos
909 3361 1161 3423 facturos
1204 3383 1326 3423 rem
1369 3382 1570 3423 sumus
1613 3361 1897 3437 arbitrati,
1928 3361 1977 3421 si
2023 3360 2197 3439 paulo
2227 3360 2551 3421 accuratius
2576 3361 2688 3421 hac

272 3438 628 3501 Academica
653 3442 990 3501 velitatione
1017 3442 1079 3502 in
1105 3444 1234 3537 ejus
1259 3463 1493 3504 sensum
1519 3442 1895 3521 inquiremus,
1925 3449 1985 3501 et
2004 3441 2309 3501 veritatem
2338 3440 2689 3501 sacrosancti

271 3520 442 3580 istius
488 3522 750 3599 mysterii
799 3522 1080 3583 adversus
1105 3524 1316 3602 impias
1355 3525 1715 3601 impurorum
1737 3522 2139 3583 haereticorum
2178 3523 2445 3600 strophas
2494 3522 2683 3581 vindi-

274 3619 492 3660 cemus.

341 3680 481 3756 ‚IIL
546 3680 746 3739 Verba
799 3682 843 3741 J
845 3681 1048 3743 oannis
1107 3690 1260 3759 sunt,
1319 3686 1389 3742 1¹²
1440 3683 1551 3761 Ep.
1608 3682 1747 3760 Cap.
1804 3702 1863 3740 v.
1932 3701 2055 3741 ver.
2112 3685 2167 3756 7,
2236 3704 2361 3761 τςιις
2414 3705 2519 3759 γης
2574 3684 2685 3738 εἰσὶν

273 3758 332 3818 οἵ
342 3767 696 3840 μαςτυςοῧνπς
717 3762 756 3819 ἓν
783 3765 982 3841 οὖςανᾷ,
1005 3766 1028 3821 ὅ
1059 3766 1250 3844 Παντὸς,
1295 3766 1318 3821 ὅ
1345 3762 1528 3837 Δι’γος,
1557 3768 1649 3823 καὶ
1676 3768 1731 3821 τὶ
1776 3768 1979 3837 Πνεῦμα
2003 3760 2165 3833 ἅγιον,
2190 3766 2281 3818 καὶ
2310 3762 2354 3817 οἱ
2378 3766 2501 3839 resi}
2528 3756 2571 3817 ἵν
2596 3764 2683 3818 εἰσ-ι

277 3843 314 3873 “
338 3840 482 3899 Tres
510 3841 662 3898 enim
686 3851 821 3901 sunt
848 3844 948 3921 qui
976 3851 1262 3904 testantur
1287 3844 1349 3902 in
1387 3844 1567 3919 Coelo,
1601 3844 1791 3918 Pater,
1822 3842 2039 3918 Serm0,
2071 3849 2130 3899 et
2160 3840 2409 3917 Spiritus
2435 3840 2493 3897 S.
2524 3847 2583 3897 et
2622 3838 2687 3897 hi

275 3928 394 3979 tres
436 3939 614 3979 unum
657 3923 850 3981 sunt.''
938 3923 1164 4001 Scopus
1210 3922 1486 4001 Apostoli
1525 3931 1618 3983 est
1660 3922 1997 3983 confirmare
2044 3921 2219 3979 fidem
2257 3918 2569 3995 Evangelii
2614 3921 2686 3979 de

275 3999 590 4058 Divinitate
647 4000 874 4077 Christi,
924 4012 979 4062 et
1013 4004 1191 4077 officio
1237 4006 1352 4080 ejus
1391 4004 1759 4063 Mediator-io.
1862 4002 2044 4079 Cujus
2092 4022 2127 4059 a
2154 3998 2436 4077 principio
2466 3998 2685 4076 Capitis

276 4080 561 4139 salutares
589 4079 812 4141 fructus
839 4090 898 4142 et
923 4082 1166 4143 effectus
1192 4092 1514 4159 notaverat,
1543 4084 1747 4161 quales
1796 4090 1931 4141 sunt
1976 4084 2029 4141 1.
2073 4079 2403 4159 spiritualis
2446 4096 2683 4154 regene-

273 4158 440 4231 rati0,
472 4167 534 4219 et
555 4160 670 4219 Dei
723 4182 792 4221 ac
827 4163 1080 4240 proximi
1108 4164 1360 4241 dilectio,
1411 4184 1532 4223 ver.
1565 4162 1620 4239 1,
1674 4161 1937 4223 “Omnis
1963 4160 2065 4238 qui
2093 4158 2276 4220 credit
2302 4157 2460 4235 quod
2504 4158 2685 4217 Jesus

275 4247 366 4299 est
395 4239 676 4317 Christus,
706 4262 784 4301 ex
831 4242 959 4303 Deo
985 4244 1218 4321 genitus
1260 4254 1367 4319 est,
1398 4252 1458 4304 et
1483 4244 1673 4303 omnis
1698 4242 1802 4319 qui
1828 4240 2023 4317 diligit
2059 4260 2191 4300 eum
2220 4238 2321 4313 qui
2348 4238 2565 4314 genuit,
2596 4236 2683 4297 di·

273 4318 408 4397 ligit
435 4319 610 4379 etiam
638 4342 774 4381 eum
813 4324 919 4402 qui
960 4326 1195 4401 genitus
1238 4333 1328 4384 est
1354 4324 1427 4384 ab
1456 4344 1544 4383 eo.
1588 4329 1645 4383 2.
1677 4320 2086 4380 Mandatorum
2115 4318 2443 4379 divinorum
2488 4318 2685 4379 obser-

275 4400 452 4477 vatio,
516 4421 638 4462 ver.
695 4406 753 4479 2,
800 4406 860 4464 3.
967 4408 1023 4465 3.
1093 4404 1360 4465 Victoria
1431 4403 1505 4462 de
1575 4400 1811 4477 mundo,
1898 4420 2019 4461 ver.
2076 4403 2132 4473 4,
2198 4400 2252 4475 5,
2321 4400 2357 4432 “
2401 4398 2686 4474 Quoniam

273 4480 552 4621 quictanid
577 4491 778 4543 natum
806 4492 897 4545 est
922 4504 999 4544 ex
1028 4485 1156 4545 Deo
1184 4484 1368 4544 vincit
1391 4482 1691 4559 mundum,
1721 4489 1781 4541 et
1814 4480 1941 4539 haec
1980 4488 2072 4540 est
2096 4478 2361 4540 Victoria
2386 4498 2517 4558 quse
2543 4480 2689 4543 vicit

276 4578 418 4619 mun
461 4580 574 4637 um,
597 4582 804 4640 nempe
831 4564 979 4623 fides
1005 4573 1220 4625 nostra.
1306 4564 1452 4640 Quis
1469 4570 1561 4623 est
1586 4562 1691 4641 qui
1709 4560 1893 4621 vincit
1916 4561 2215 4637 mundum,
2234 4560 2349 4621 nisi
2374 4560 2478 4639 qui
2504 4562 2688 4621 credit

271 4638 320 4701 J
321 4658 488 4701 esum
505 4661 636 4701 esse
667 4642 778 4704 Dei
801 4643 1019 4703 Filium
1037 4645 1104 4703 ?’'
1147 4642 1299 4719 Quia
1323 4663 1464 4705 vero
1490 4643 1801 4723 plurimum
1830 4641 2103 4703 intererat
2128 4642 2255 4721 ejus
2282 4640 2685 4703 certitudinem

2405 4740 2447 4781 ἰ’
