3234 5192
299 355 532 397 nisi-ur.
562 332 677 418 xa]
856 353 937 396 nn
966 353 1449 398 sarrano-noma
1478 353 1719 396 cunis-n
1747 352 2164 396 necessu-Ara.
2600 337 2714 398 387

296 495 748 575 complectamur
796 494 1210 573 Positiombns,
1256 503 1315 556 et
1361 495 1597 575 publica
1643 495 2048 573 disquisitione
2095 494 2535 574 expendendam
2579 514 2714 554 cum

296 577 451 638 bono
480 577 609 636 Deo
634 595 1041 654 proponamus.

380 657 563 716 VIII.
594 655 765 731 Quod
784 663 1094 734 antequam
1110 655 1407 733 faciamus,
1426 656 1786 734 praecognita
1803 654 2070 733 quaedam
2089 654 2164 716 de
2182 673 2326 714 voce
2343 655 2420 714 ad
2435 655 2520 714 rei
2547 655 2610 714 ill
2617 673 2712 714 us·

294 737 603 798 trationem
628 737 956 796 necessaria
970 735 1367 814 praestruenda
1392 745 1548 797 sunt.
1575 737 1989 814 Satthsactionis
2009 755 2128 795 vox
2152 735 2379 794 Latinis
2407 755 2632 812 semper
2651 734 2714 794 in

296 837 409 878 usu
434 817 545 877 fuit
573 816 936 892 creberrimo,
967 815 1073 876 sed
1098 817 1265 876 varia
1306 817 1730 895 significatione
1771 824 2083 894 usurpata;
2129 815 2279 874 Nam
2307 823 2374 875 ut
2399 835 2554 874 nune
2581 813 2712 872 mit-

297 905 489 957 tamus
516 897 931 974 generaliorem
961 896 1349 973 significatum
1376 917 1492 975 quo
1518 897 1849 972 satisfacere
1877 896 1928 956 is
1955 895 2167 956 dicitur
2193 894 2296 974 qui
2322 895 2496 955 alicui
2523 892 2715 972 placet

296 986 357 1038 et
383 997 601 1037 morem
628 977 799 1056 gerit,
826 977 1119 1053 quomodo
1149 977 1404 1055 Ulpiano
1431 977 1672 1037 authore
1699 976 1754 1036 ei
1795 977 2122 1051 satisfacere
2149 976 2395 1035 dicimur
2421 976 2589 1054 cujus
2617 977 2710 1033 de-

296 1058 569 1118 siam-ium
610 1057 920 1134 implemus,
950 1056 1187 1116 Certum
1214 1065 1307 1116 est
1345 1057 1408 1115 in
1455 1075 1567 1116 usu
1610 1057 1906 1116 communi
1935 1056 2202 1116 bifariam
2229 1055 2362 1131 dici,
2394 1055 2491 1114 vel
2518 1054 2592 1114 de
2619 1075 2711 1114 re-

287 1139 598 1214 paratione
624 1139 864 1213 qffemoe,
894 1136 992 1195 vel
1020 1135 1093 1196 de
1138 1137 1410 1196 solutione
1456 1137 1638 1214 debiti,
1669 1137 1881 1196 satisfit
1923 1136 2080 1196 enim
2120 1156 2226 1214 pro
2253 1133 2490 1212 offensa,
2521 1143 2582 1196 et
2605 1154 2712 1213 pro

296 1217 495 1277 debito
519 1240 534 1294 ;
578 1217 731 1276 Nam
757 1215 861 1294 qui
887 1235 951 1276 se
978 1225 1190 1294 purgat
1217 1224 1277 1276 et
1303 1225 1547 1277 excusat
1593 1217 1750 1294 apud
1777 1237 1910 1276 eum
1935 1218 2038 1294 qui
2065 1215 2342 1275 offensam
2369 1235 2574 1293 passus
2603 1223 2710 1290 est,

293 1299 621 1372 satisfacere
646 1297 875 1371 dieitur,
905 1296 1059 1355 unde
1087 1305 1314 1356 veteres
1343 1297 1622 1356 Romana
1643 1297 1860 1374 linguae
1886 1297 2206 1374 Scriptores
2225 1313 2359 1356 eum
2379 1295 2714 1356 satisfacere

298 1375 516 1453 dicunt,
547 1377 647 1454 qui
674 1377 773 1437 vel
798 1375 951 1435 facto
980 1377 1077 1436 vel
1101 1376 1299 1436 verbis
1344 1383 1591 1437 testatur
1639 1377 1752 1436 sibi
1779 1376 1974 1436 dolere
2001 1377 2161 1454 quod
2187 1376 2432 1436 alterum
2475 1375 2708 1452 laeserit,

296 1455 693 1535 ultionemque
718 1455 1059 1534 simpliciter
1085 1456 1441 1534 deprecatur,
1470 1465 1531 1517 et
1576 1457 1730 1518 velle
1779 1477 1842 1516 se
1889 1457 1952 1515 in
1993 1456 2238 1534 gratiam
2268 1475 2396 1516 cum
2425 1475 2496 1516 eo
2523 1455 2714 1515 redire

296 1536 621 1615 significat3
666 1536 849 1596 Cicer.
878 1539 916 1594 2
948 1536 1201 1614 Philipp.
1232 1539 1271 1571 ‘⁶
1286 1536 1648 1615 Acceperam
1667 1538 1794 1615 jam
1815 1545 1950 1596 ante
1979 1537 2224 1597 Caesaris
2249 1536 2448 1596 literas
2475 1543 2541 1596 ut
2567 1535 2712 1594 mihi

295 1617 565 1676 satisfieri
589 1625 817 1695 paterer
842 1635 881 1674 a
905 1617 1023 1692 te,”
1068 1616 1149 1676 id.
1178 1617 1497 1694 acciperem
1532 1617 1938 1696 purgationem
1985 1623 2044 1677 et
2070 1617 2504 1676 excusationem
2531 1625 2710 1676 tuam.

299 1698 399 1757 Sic
426 1697 713 1757 Alcmena
739 1695 895 1774 apud
924 1697 1213 1773 Plautum,
1256 1697 1676 1776 Amphitryoni
1719 1693 1934 1765 iratior,
1981 1718 2016 1756 a
2043 1717 2160 1774 quo
2188 1716 2252 1756 se
2279 1697 2712 1758 contumeliosis

294 1779 491 1838 verbis
516 1779 715 1838 laesam
740 1776 921 1836 fuisse
950 1776 1337 1854 conqueritur,
1367 1777 1672 1856 profitetur
1711 1795 1774 1836 se
1801 1797 1920 1837 non
1945 1777 2114 1837 aliter
2139 1797 2274 1838 cum
2299 1797 2370 1837 eo
2397 1777 2712 1838 redituram

293 1857 358 1918 in
384 1858 629 1936 gratiam
655 1857 771 1918 nisi
798 1856 1158 1933 satisfecerit,
1190 1856 1485 1936 Amphitr.
1514 1857 1652 1917 Act.
1681 1860 1741 1917 3.

850 2017 1007 2084 Quin
1032 2037 1151 2094 ⁶90,
1180 2017 1389 2094 inquit,
1418 2019 1577 2076 illum
1602 2027 1706 2076 aut
1733 2020 2008 2092 deseram,

848 2097 968 2155 Aut
990 2098 1309 2172 saasfaciat
1334 2098 1472 2156 mila·
1483 2121 1508 2171 ;
1549 2107 1722 2174 atque
1749 2098 1974 2172 afflaret
1999 2097 2230 2172 insuper

848 2177 1018 2235 Nolle
1042 2195 1160 2236 esse
1186 2177 1339 2236 dieta
1364 2196 1491 2254 quoe
1516 2177 1576 2236 in
1602 2197 1690 2236 me
1717 2177 1986 2237 insontem
2003 2175 2264 2253 protulit.

377 2333 537 2392 Hinc
564 2331 973 2394 satisfactionis
1016 2335 1263 2396 formula
1288 2336 1445 2414 apud
1482 2337 1730 2398 Veteres
1773 2343 1914 2412 erat,
1947 2337 1985 2370 ‘⁴
2007 2337 2240 2396 Nollem
2267 2334 2501 2410 factum,
2523 2333 2712 2412 jusju-

294 2413 538 2473 randum
568 2413 719 2474 dabo
744 2423 804 2474 te
850 2435 977 2476 esse
1018 2415 1325 2495 indignum
1344 2418 1455 2477 hae
1496 2417 1760 2513 injuria.”
1843 2416 2150 2478 Terentius
2179 2415 2486 2495 Adelphis,
2520 2417 2557 2450 ‘⁶
2579 2416 2712 2492 Ego

293 2501 493 2554 vestra
532 2494 658 2553 haec
686 2495 863 2572 novi;
906 2497 1121 2557 nollem
1168 2498 1403 2575 factum,
1447 2496 1857 2577 jusjurandum
1885 2497 2120 2558 dabitur
2145 2515 2274 2558 esse
2301 2505 2360 2558 te
2405 2495 2712 2572 indiarum

294 2573 507 2651 injuria
533 2574 697 2634 hac.”
778 2575 867 2637 At
891 2597 996 2656 pro
1024 2577 1221 2638 debito
1248 2579 1459 2639 satisfit
1503 2579 1787 2640 solvendo
1815 2577 2076 2638 debitum
2103 2585 2164 2637 et
2188 2576 2490 2636 liberando
2517 2576 2708 2636 fidem.

297 2652 469 2714 Unde
498 2662 588 2714 est
615 2656 773 2732 quod
798 2657 861 2716 in
908 2677 1021 2718 usu
1066 2659 1113 2718 J
1118 2659 1632 2719 urisconsultorum
1673 2658 2070 2733 satr‘ffactt‘omb
2097 2665 2158 2716 et
2203 2657 2489 2716 solutionis
2533 2675 2712 2716 voces

292 2753 411 2794 non
450 2755 581 2794 raro
622 2743 897 2813 tanquam
938 2738 1377 2816 aequipollentes
1421 2746 1808 2815 usurpantur3
1855 2737 2080 2814 Saepius
2121 2743 2318 2796 tamen
2357 2743 2447 2796 est
2487 2756 2618 2795 cum
2645 2744 2712 2795 ut

292 2813 582 2874 distinetae
612 2825 979 2892 separantur;
1011 2817 1241 2877 Solvere
1280 2817 1435 2876 enim
1476 2819 1529 2876 is
1556 2815 1788 2894 proprie
1816 2815 2028 2875 dicitur
2053 2815 2157 2893 qui
2196 2815 2321 2893 ipse
2349 2833 2452 2891 per
2479 2835 2541 2874 se
2581 2835 2713 2892 pre-

290 2895 439 2954 tium
494 2904 775 2971 numerat,
821 2897 1163 2971 Saoebfacere
1188 2897 1293 2973 qui
1334 2896 1495 2973 quod
1532 2896 1686 2954 alius
1707 2894 1882 2954 debet
1907 2894 2006 2952 vel
2043 2893 2398 2971 aequivalens
2427 2893 2620 2969 solvit,
2667 2894 2708 2952 1.

296 2974 615 3034 Solutionis
665 2974 739 3032 D.
792 2974 864 3034 de
908 2975 1219 3035 verborum
1258 2975 1431 3052 signi.
1458 2977 1501 3034 1.
1530 2975 1611 3033 iv.
1695 2973 1826 3047 Quo
1865 2973 2118 3050 pertinet
2157 2971 2500 3032 scholastica
2539 2974 2708 3032 satis-

292 3053 560 3113 factionis
588 3053 847 3113 definitio
888 3073 1021 3113 cum
1048 3055 1261 3114 dicitur
1286 3073 1414 3114 esse
1445 3056 1482 3088 ‘⁴
1504 3052 1833 3113 voluntaria
1859 3052 2108 3113 redditio
2135 3052 2537 3130 equivalentis
2563 3054 2710 3115 alias

291 3132 589 3206 indebiti‚”
618 3152 751 3191 cum
791 3133 1059 3193 nimirum
1103 3134 1410 3212 fidejussor
1450 3134 1611 3212 quod
1651 3132 1802 3192 alius
1841 3132 2017 3193 debet
2053 3141 2154 3194 aut
2181 3132 2538 3211 aequivalens
2577 3135 2706 3194 red-

292 3211 381 3272 dit
408 3212 695 3289 creditori,
720 3213 876 3272 Scot.
904 3214 967 3272 in
994 3213 1075 3272 iv.
1120 3213 1273 3273 Dist.
1303 3233 1403 3272 xv.

374 3291 495 3354 IX.
538 3293 615 3354 In
641 3294 821 3354 saeris
838 3293 1234 3368 satisfactiones
1263 3313 1381 3352 vox
1408 3293 1520 3353 hoc
1547 3293 1784 3371 gemino
1807 3293 2026 3373 pariter
2053 3313 2228 3356 sensu
2252 3301 2578 3373 usurpatur,
2609 3295 2708 3356 vel

288 3393 395 3452 pro
422 3374 629 3434 humili
650 3373 1027 3448 confessione,
1056 3374 1352 3452 agnitione
1372 3373 1613 3452 peccati,
1642 3381 1705 3433 et
1744 3375 2022 3452 petitione
2050 3375 2253 3452 veniae,
2291 3375 2390 3435 vel
2416 3393 2520 3455 pro
2549 3377 2706 3438 solu-

289 3454 447 3514 tione
488 3454 661 3532 plena
688 3474 805 3532 qua
844 3454 1091 3531 justitiae
1142 3453 1359 3514 divinae
1406 3475 1511 3532 pro
1551 3463 1922 3532 peccatorum
1973 3454 2188 3516 debitis
2229 3455 2470 3533 satisfit;
2519 3457 2708 3518 Priori

290 3551 466 3593 sensu
492 3541 825 3612 peccatores
852 3533 1123 3593 dicuntur
1150 3535 1361 3612 saepius
1397 3534 1553 3612 apud
1582 3535 1787 3594 Patres
1815 3538 1944 3595 Deo
1987 3538 2312 3612 satisfacere
2339 3556 2470 3596 cum
2497 3537 2706 3597 humili

288 3613 651 3673 confessione
696 3621 997 3690 peecatum
1038 3623 1377 3692 agnoscunt,
1427 3623 1488 3674 et
1528 3614 1761 3676 veniam
1815 3616 1944 3694 ejus
1985 3615 2381 3694 deprecantur.
2423 3617 2705 3693 Origenes

289 3691 467 3752 homi.
498 3695 555 3752 3.
598 3693 659 3751 in
686 3693 730 3753 J
734 3691 831 3752 ud.
863 3696 899 3728 “
920 3693 1187 3756 Humilia
1222 3695 1472 3774 teipsum
1514 3695 1644 3754 Deo
1687 3703 1748 3754 et
1785 3696 2102 3757 satisfacito
2147 3704 2208 3756 et
2234 3697 2295 3755 in
2343 3695 2706 3758 confessione

288 3771 699 3850 poenitentise,”
728 3774 1083 3852 Lactantius,
1126 3775 1187 3836 li.
1232 3774 1313 3836 iv.
1356 3795 1407 3836 e.
1454 3778 1548 3850 17,
1582 3777 1619 3809 ‘⁴
1641 3774 1705 3834 Si
1751 3783 1990 3853 peccata
2027 3783 2226 3836 noan-a
2263 3775 2512 3836 confessi
2561 3779 2704 3837 satis

290 3851 422 3911 Deo
447 3852 804 3930 fecerimus,”
852 3855 1085 3934 Cypria.
1130 3855 1206 3916 de
1244 3855 1425 3933 lapsis
1471 3855 1736 3932 loquens,
1799 3855 2172 3916 “Peccatum
2215 3873 2380 3916 suum
2441 3855 2702 3916 satisfac-

288 3932 447 3992 tione
487 3933 713 4009 humili,
756 3941 817 3994 et
856 3934 1103 4013 simplici
1164 3935 1505 3996 confitentes
1528 3938 1579 4012 ;'’
1641 3935 1735 3994 Ita
1774 3935 1964 3995 omnis
2002 3935 2321 4013 peccatoris
2365 3935 2702 4012 poenitentis

288 4021 454 4072 actus
492 4014 597 4091 qui
648 4015 775 4075 Deo
800 4015 993 4093 placet
1030 4017 1272 4095 ejusque
1312 4015 1544 4076 veniam
1584 4023 1646 4076 et
1685 4015 1932 4092 gratiam
1973 4015 2258 4093 impetrat,
2307 4035 2426 4093 quo
2482 4015 2705 4077 scilicet

287 4099 537 4154 testatur
563 4093 675 4154 sibi
702 4094 775 4154 de
803 4095 1071 4156 admissis
1110 4095 1365 4174 peccatis
1392 4095 1767 4156 vehementer
1791 4094 2006 4172 dolere,
2037 4115 2220 4172 eaque
2253 4115 2318 4155 se
2345 4095 2498 4155 facta
2525 4097 2698 4172 nolle,

286 4173 549 4252 adeoque
592 4192 671 4234 ex
715 4175 909 4236 animo
952 4177 1159 4253 cupere
1188 4177 1251 4234 in
1306 4176 1420 4236 Dei
1468 4176 1715 4253 gratiam
1759 4175 1965 4250 redire,
2019 4175 2415 4251 satelffactiom’s
2467 4176 2700 4237 nomine

286 4254 443 4332 apud
484 4273 585 4314 eos
626 4254 825 4331 venit3
871 4255 951 4314 Et
974 4255 1115 4332 quia
1138 4255 1353 4316 nobilis
1388 4255 1672 4333 imprimis
1717 4263 1844 4315 erat
1881 4255 2176 4332 lapsorum
2219 4254 2473 4315 fidelium
2519 4258 2701 4334 poeni·

286 4334 470 4394 tentia
508 4334 759 4413 publica,
790 4335 852 4393 in
892 4355 963 4394 ea
988 4335 1353 4413 potissimum
1397 4341 1455 4393 et
1496 4334 1780 4411 singulari
1805 4333 2056 4410 quadam
2091 4335 2314 4395 ratione
2340 4335 2511 4396 haesit
2550 4339 2706 4417 apud

286 4421 515 4474 veteres
557 4414 969 4476 satisfactionis
1022 4415 1403 4489 vocabulum3
1464 4413 1638 4474 Unde
1665 4413 1726 4471 in
1756 4414 2021 4474 Ecclesia
2057 4415 2453 4490 satisfacubnis
2493 4437 2705 4478 nomen

288 4492 603 4555 increbruit
630 4494 707 4554 ad
748 4494 1132 4573 significanda
1172 4493 1407 4572 publiea
1432 4491 1536 4552 illa
1573 4493 1930 4570 poenitentiae
1955 4494 2286 4555 testimonia
2313 4517 2444 4575 quae
2471 4498 2544 4558 ab
2585 4501 2704 4561 illis

286 4574 391 4650 qui
417 4574 478 4632 in
506 4595 687 4652 grave
706 4573 946 4653 aliquod
972 4583 1033 4633 et
1058 4573 1347 4634 notorium
1388 4581 1690 4652 peecatum
1717 4573 2039 4635 inciderant
2080 4575 2310 4652 publice
2351 4579 2616 4640 solebant
2641 4581 2702 4639 in

289 4653 557 4714 Ecclesia
583 4655 768 4716 veteri
808 4653 885 4714 ad
910 4653 1171 4716 fidelitun
1198 4653 1654 4731 adificationem,
1679 4661 1738 4714 et
1777 4653 2110 4716 offendiculi
2135 4655 2259 4717 dati
2283 4661 2700 4738 reparationem
