3234 5192
562 305 681 367 726
1368 325 1448 365 m:
1491 323 1745 367 cuicum
1790 324 2141 367 romu-1010.
2493 303 2760 389 [msrur.
2791 326 2976 369 xxxv.

562 488 679 546 quo
706 467 887 528 utitur
916 467 990 527 ad
1017 465 1446 545 persuadendos
1472 468 1698 529 animos
1723 475 1954 528 nostros
1981 465 2056 528 de
2081 467 2166 527 rei
2191 466 2440 548 alicujus
2467 469 2731 529 veritate.
2778 470 2974 529 Priori

562 548 738 609 modo
764 548 955 608 induit
979 557 1205 608 tantum
1230 548 1524 607 notionem
1552 568 1738 609 causae
1777 548 2052 621 efficientis
2082 567 2187 626 per
2211 568 2388 627 quam
2427 548 2732 625 credimus,
2773 560 2978 629 poste-

562 629 703 689 riori
730 629 905 689 etiam
932 630 1221 705 objectiva,
1249 648 1380 707 quse
1407 628 1524 689 duo
1550 630 1690 707 quia
1717 648 1942 707 semper
1966 628 2028 687 in
2053 629 2166 688 hoc
2191 628 2523 689 testimonio
2555 629 2804 707 Spiritus
2831 650 2976 690 con-

563 718 892 785 nectuntur,
926 708 1235 789 (siquidem
1263 728 1381 767 non
1407 708 1522 769 alio
1547 708 1738 769 tendit
1763 710 1890 788 ejus
1911 708 2166 786 operatio
2194 709 2254 766 in
2281 709 2452 768 nobis
2479 728 2654 787 quam
2674 719 2740 769 ut
2765 720 2973 789 poten-

563 798 653 850 ter
674 790 925 868 applicet
950 789 1241 849 mentibus
1266 789 1481 848 nostris
1508 789 1807 849 veritatem
1837 789 2132 849 coelestem
2160 788 2222 847 in
2249 790 2449 848 Verbo
2475 789 2764 865 traditam,
2793 790 2976 850 adeo—-

564 890 679 949 que
724 870 915 929 radios
958 870 1090 929 illos
1130 870 1191 927 in
1232 889 1302 928 ea
1342 869 1848 946 circumfulgentes
1883 870 2220 947 majestatie,
2251 870 2640 945 sublimitatis,
2681 868 2970 948 efficaciae,

564 950 843 1025 veritatis,
876 949 1214 1025 sanctitatis,
1248 947 1374 1024 &c.,
1406 950 1522 1008 alte
1548 948 1888 1028 imprimat,)
1910 950 2048 1008 hinc
2069 949 2284 1010 factum
2312 958 2378 1010 ut
2404 950 2672 1009 nonnulli
2697 950 2761 1008 in
2781 950 2970 1029 Spiri-

564 1039 661 1091 tus
688 1030 1017 1090 testimonio
1046 1038 1347 1106 utramque
1368 1029 1527 1088 illam
1550 1030 1716 1105 σχέο-ιι
1737 1030 2165 1107 conjunxerint,
2185 1039 2310 1090 tum
2333 1030 2684 1109 objectivam
2705 1038 2828 1090 tum
2847 1032 2971 1091 effi-

564 1113 830 1171 cientem.
895 1110 1094 1187 Atque
1132 1110 1245 1169 hoc
1286 1128 1461 1169 sensu
1490 1110 1790 1169 Confessio
1819 1109 2124 1169 Gallicana
2157 1110 2537 1188 intelligenda
2577 1119 2682 1185 est,
2727 1130 2858 1170 cum
2887 1113 2974 1171 ait

566 1194 605 1227 ‘⁶
625 1211 743 1250 non
769 1200 994 1252 tantum
1023 1209 1099 1248 ex
1126 1189 1417 1249 communi
1445 1189 1726 1249 Ecclesiae
1765 1208 2068 1265 consensu,
2112 1190 2216 1249 sed
2257 1191 2430 1249 etiam
2466 1191 2650 1249 multo
2676 1191 2865 1269 magis
2893 1213 2974 1251 ex

560 1272 893 1331 testimonio
934 1278 994 1330 et
1034 1270 1345 1329 intrinseca
1381 1270 1753 1347 persuasione
1799 1270 2048 1349 Spiritus
2079 1270 2276 1329 Sancti
2301 1271 2482 1330 libros
2509 1290 2704 1330 sacros
2729 1272 2974 1348 agnosci

565 1352 889 1411 Canonicos
906 1353 963 1428 ;’'
1007 1370 1139 1410 nam
1168 1370 1271 1429 per
1297 1350 1543 1428 Spiritus
1584 1352 1952 1411 testimonium
1991 1369 2108 1410 non
2143 1351 2419 1428 intelligit
2445 1358 2669 1410 tantum
2697 1351 2820 1409 vim
2847 1352 2972 1410 effi·

562 1452 759 1492 cacem
785 1452 903 1510 qua
926 1432 1073 1491 fides
1116 1431 1429 1491 efficienter
1454 1432 1828 1509 producitur,
1876 1431 1981 1491 sed
2023 1432 2251 1510 proprie
2290 1431 2572 1491 rationem
2598 1440 2658 1491 et
2683 1431 2971 1490 motivum

561 1513 729 1572 verbi
754 1532 870 1590 quo
900 1514 1081 1572 utitur
1112 1511 1361 1590 Spiritus
1386 1510 1462 1571 ad
1488 1511 1952 1589 persuadendum
1979 1512 2129 1570 hanc
2159 1511 2477 1585 veritatem,
2509 1510 2729 1570 scilicet
2757 1510 2971 1570 doctri-

561 1612 697 1651 nam
725 1593 908 1669 ipsam
936 1592 1231 1651 coelestem
1258 1592 1529 1651 cordibus
1566 1591 1911 1669 applicatam
1941 1612 2044 1670 per
2075 1592 2370 1669 Spiritum,
2402 1592 2664 1669 opposite
2690 1591 2765 1650 ad
2791 1593 2969 1651 ratio-

559 1690 691 1729 nem
720 1672 1042 1730 naturalem
1071 1680 1131 1730 et
1156 1691 1389 1731 sensum
1418 1692 1483 1730 ac
1506 1672 1796 1750 judicium
1835 1672 2151 1732 humanum
2182 1672 2339 1749 quod
2365 1671 2535 1751 plane
2563 1670 2626 1730 in
2653 1672 2781 1731 istis
2809 1692 2970 1751 mys-

559 1751 722 1811 teriis
749 1750 1158 1827 dignoscendis
1186 1769 1405 1810 caecum
1432 1760 1537 1826 est,
1573 1754 1602 1809 1
1639 1752 1768 1811 Cor.
1799 1752 1858 1810 ii.
1893 1754 1988 1811 14.
2057 1752 2303 1827 Quando
2329 1771 2470 1810 vero
2495 1754 2684 1811 stricte
2710 1752 2972 1811 testimo-

559 1830 718 1890 nium
754 1830 1003 1907 Spiritus
1032 1830 1275 1890 sumitur
1300 1850 1405 1909 pro
1426 1850 1495 1889 ea
1522 1830 1779 1890 efficacia
1805 1832 2008 1909 gratiae
2035 1852 2165 1909 quae
2193 1852 2256 1891 se
2275 1839 2435 1892 tenet
2457 1852 2531 1892 ex
2547 1841 2724 1910 parte
2747 1834 2974 1908 subjecti

562 1930 665 1971 seu
692 1910 964 1990 potentiae
992 1910 1378 1985 intellectivae,
1422 1930 1553 1988 quas
1583 1911 1797 1971 habilis
1825 1919 1884 1971 et
1909 1920 2045 1990 apta
2073 1912 2334 1971 redditur
2371 1913 2448 1971 ad
2487 1932 2559 1972 ea
2599 1912 2972 1991 percipienda

561 2011 693 2070 quae
718 2000 1117 2070 proponuntur
1142 2000 1203 2051 et
1228 2011 1359 2070 quae
1385 1991 1575 2069 posita
1602 2000 1692 2051 est
1719 1992 1780 2051 in
1807 1992 2092 2052 infusione
2119 1993 2354 2052 habitus
2380 1992 2534 2070 fidei,
2573 2002 2635 2053 et
2659 1994 2970 2053 collatione

562 2072 767 2133 auxilii
788 2072 1057 2151 specialis
1077 2072 1152 2132 ad
1170 2070 1519 2133 credendum
1539 2074 1868 2148 necessarii,
1888 2081 2028 2133 tunc
2042 2073 2220 2134 habet
2235 2082 2458 2133 tantum
2480 2074 2760 2133 rationem
2779 2093 2976 2133 causae

561 2152 879 2230 efficientis,
903 2174 1021 2213 non
1048 2154 1145 2231 obj
1151 2152 1372 2228 ectivae,
1396 2172 1504 2212 nec
1520 2153 1670 2213 bene
1687 2153 2268 2231 contradistinguitur
2308 2154 2640 2214 testimonio
2672 2153 2974 2213 Ecclesiae.

643 2235 897 2294 XXIV.
941 2233 1275 2311 Antequam
1321 2232 1455 2292 finis
1502 2234 1595 2308 sit,
1620 2233 1876 2294 breviter
1921 2234 2198 2293 diluenda
2223 2244 2314 2295 est
2360 2234 2684 2294 criminatio
2731 2234 2974 2313 duplex,

560 2334 677 2392 qua
703 2314 885 2389 vulgo
913 2313 1147 2390 gravari
1172 2314 1321 2371 solet
1346 2311 1609 2371 doctrina
1637 2313 1978 2372 Orthodoxa
2005 2314 2158 2372 eirca
2183 2314 2337 2373 hunc
2365 2315 2638 2391 Spiritum
2660 2337 2682 2372 .-
2714 2318 2766 2374 1.
2799 2314 2974 2389 Quod

559 2394 637 2453 sit
646 2394 944 2467 fanaticus
970 2400 1029 2450 et
1053 2391 1506 2467 Anabaptisticus
1528 2413 1555 2455 ,·
1584 2394 1640 2448 2.
1673 2391 1841 2464 Quod
1862 2392 1938 2450 sit
1957 2393 2235 2467 pravatus.
2267 2394 2415 2451 Nam
2445 2396 2604 2470 prius
2621 2394 2767 2453 illud
2796 2395 2978 2453 vehe-

558 2478 782 2529 menter
808 2471 1017 2529 falsum
1060 2478 1150 2528 est
1176 2478 1235 2527 et
1278 2468 1713 2543 calumniosum,
1745 2469 1957 2547 quippe
2003 2470 2266 2529 Fanatici
2298 2472 2574 2547 Spiritum
2615 2474 2910 2533 divellunt
2935 2494 2980 2533 a

564 2550 876 2629 Scriptura,
907 2558 967 2609 et
986 2548 1293 2627 indulgent
1318 2546 1770 2607 revelationibus
1797 2548 2144 2625 quibusdam
2193 2550 2664 2609 extraordinariis
2705 2562 2766 2611 et
2821 2556 2978 2613 ἔνθου-

558 2637 787 2697 πασμοΐς
818 2653 835 2691 t
876 2629 965 2690 At
995 2628 1243 2707 Spiritus
1268 2627 1427 2688 istud
1446 2628 1837 2688 testimonium
1867 2648 1983 2705 quo
2010 2628 2410 2687 contendimus
2437 2630 2768 2706 persuaderi
2800 2636 2984 2695 nobis

562 2712 873 2790 Scripturse
900 2710 1281 2786 divinitatem,
1310 2728 1431 2769 non
1456 2708 1630 2768 insert
1655 2728 1868 2768 novam
1896 2709 2148 2787 aliquam
2171 2717 2230 2768 et
2257 2709 2772 2769 extraordinariam
2797 2730 2976 2773 reve-

555 2792 834 2853 lationem
880 2790 1211 2851 immediate
1238 2810 1273 2849 a
1304 2789 1523 2868 Spiritu
1561 2789 1622 2849 S.
1650 2788 1963 2867 profectam
2006 2789 2130 2849 sine
2157 2790 2392 2868 Verbo;
2435 2790 2552 2849 imo
2600 2790 2750 2849 nihil
2805 2792 2972 2854 aliud

556 2881 648 2933 est
675 2893 849 2951 quam
876 2871 1247 2933 revelationis
1271 2870 1334 2929 in
1380 2870 1507 2949 ipsa
1555 2870 1852 2947 Scriptura
1897 2870 2064 2930 faetae
2113 2891 2191 2930 ex
2235 2878 2398 2948 parte
2436 2871 2648 2949 objecti
2674 2880 2882 2949 potens
2909 2882 2974 2935 et

559 2954 766 3013 efficax
793 2953 1103 3032 applicatio
1130 2964 1189 3012 et
1214 2951 1552 3029 impressio:
1595 2950 1679 3010 ita
1715 2959 1782 3010 ut
1815 2970 2004 3028 neque
2057 2951 2306 3029 Spiritus
2347 2953 2471 3011 sine
2519 2952 2830 3030 Scriptura,
2857 2972 2974 3013 nec

562 3034 861 3113 Scriptura
889 3036 1013 3095 sine
1045 3032 1263 3110 Spiritu
1290 3032 1386 3090 hic
1414 3031 1654 3091 veniant
1679 3031 2046 3106 attendenda,
2077 3032 2183 3091 sed
2219 3031 2512 3091 indivulso
2538 3053 2698 3091 nexu
2725 3033 2970 3110 conjun-

601 3114 751 3173 enda
779 3114 895 3173 sint
922 3134 999 3173 ex
1026 3113 1243 3172 foedere
1272 3112 1401 3187 Dei,
1434 3112 1550 3170 Isa.
1579 3112 1685 3171 lix.
1716 3114 1812 3184 21,
1846 3114 1885 3146 “
1903 3112 2164 3171 Verbum
2191 3111 2350 3189 quod
2375 3112 2544 3190 posui
2571 3113 2632 3170 in
2661 3132 2758 3173 ore
2785 3120 2886 3172 tuo
2907 3122 2972 3174 et

602 3193 809 3271 piritus
836 3195 938 3269 qui
964 3201 1053 3252 est
1080 3192 1141 3249 in
1178 3200 1237 3251 te
1262 3211 1380 3251 non
1406 3190 1740 3267 recedent,”
1767 3189 1877 3251 &c.
1919 3191 2180 3251 Verbum
2207 3193 2547 3269 proponitur
2587 3193 2968 3269 extrinsecus,

558 3272 809 3349 Spiritus
850 3272 1009 3330 intus
1050 3280 1335 3348 operatur,
1366 3271 1628 3331 Verbum
1681 3278 1882 3331 movet
1920 3279 1980 3332 et
2025 3273 2246 3348 suadet,
2282 3272 2530 3350 Spiritus
2563 3280 2864 3350 permovet
2903 3282 2970 3333 et

552 3350 880 3429 persuadet,
908 3350 1057 3409 illud
1082 3358 1173 3409 est
1217 3350 1401 3409 instar
1442 3351 1682 3410 seminis
1727 3350 1790 3408 in
1816 3358 2028 3410 terram
2045 3352 2306 3430 projecti,
2337 3353 2448 3411 iste
2495 3352 2678 3411 instar
2729 3351 2970 3413 virtutis

553 3431 804 3490 vivificae
832 3450 949 3508 qua
994 3429 1286 3490 radicatur
1332 3430 1391 3487 in
1419 3430 1590 3489 nobis
1616 3438 1676 3489 et
1703 3432 2004 3508 germinat.
2085 3432 2210 3491 Nec
2254 3432 2414 3493 aliud
2459 3432 2651 3494 innuit
2679 3432 2966 3509 ChristuS,

552 3512 599 3573 J
600 3513 695 3571 oh.
717 3510 839 3571 xvi.
867 3514 959 3588 14,
974 3530 1105 3571 cum
1116 3508 1199 3571 ait
1211 3510 1485 3587 Spiritum
1504 3510 1577 3569 de
1600 3530 1706 3569 suo
1727 3520 2115 3588 accepturum,
2139 3512 2258 3571 “de
2278 3532 2408 3572 meo
2429 3513 2966 3591 accipietss’ginquit,

555 3594 670 3653 “et
696 3592 1071 3653 annunciabit
1090 3589 1319 3666 vobis,''
1346 3600 1413 3651 ut
1430 3590 1583 3650 enim
1600 3590 1850 3669 Spiritus
1871 3592 1932 3651 S.
1961 3592 2218 3670 operatio
2229 3602 2512 3669 quatenus
2523 3601 2615 3653 est
2629 3594 2968 3653 Paracletus

552 3682 612 3735 et
640 3674 981 3733 Consolator
1006 3692 1125 3733 non
1151 3671 1265 3730 alio
1284 3671 1485 3745 tendit,
1515 3691 1690 3749 quam
1711 3671 1787 3730 ad
1815 3672 2257 3750 applicationem
2273 3672 2682 3732 beneficiorum
2704 3673 2920 3733 Christi
2943 3697 2962 3751 ;

549 3761 745 3815 tamen
766 3754 880 3813 alio
907 3752 1151 3812 refertur
1170 3752 1297 3830 ejus
1314 3752 1706 3811 testimonium
1736 3761 2022 3828 quatenus
2049 3760 2138 3812 est
2163 3755 2385 3812 Doctor
2409 3753 2659 3812 veritatis
2685 3772 2858 3829 quam
2887 3754 2966 3813 ad

551 3834 1014 3911 obsignationem
1043 3832 1319 3892 doctrinae
1360 3831 1545 3910 ipsius
1586 3832 1650 3890 in
1681 3832 2005 3909 Evangelio
2047 3832 2293 3893 traditae.
2365 3833 2508 3892 Cum
2536 3852 2678 3911 ergo
2711 3832 2965 3911 Spiritus

549 3914 624 3974 de
650 3934 766 3992 quo
794 3914 1084 3991 loquimur
1109 3932 1145 3971 a
1176 3912 1473 3990 Scriptura
1514 3931 1810 3989 nunquam
1857 3913 2102 3989 aberret,
2135 3913 2236 3972 sed
2265 3912 2342 3971 ad
2371 3913 2727 3991 Scripturam
2765 3912 2964 3990 ducat,

548 4002 611 4055 et
634 3994 698 4053 in
717 4014 788 4053 ea
814 3992 1159 4071 explicanda
1184 4000 1343 4051 totus
1364 4000 1694 4070 occupetur,
1723 4001 1885 4072 patet
1911 4012 2028 4053 non
2058 3992 2182 4053 sine
2211 3992 2428 4071 insigni
2454 3992 2763 4069 calumnia,
2795 3992 2964 4051 Ana-

546 4074 623 4135 ba
662 4074 919 4133 tisticum
940 4081 1000 4133 et
1026 4071 1337 4131 fanaticum
1366 4071 1501 4131 dici.
2850 4126 2862 4139 ,

621 4094 845 4215 hv.
893 4152 1008 4213 Sed
1051 4172 1169 4212 non
1196 4152 1405 4211 minori
1452 4151 1666 4226 injuria
1681 4153 1948 4229 privatus
1973 4160 2034 4214 et
2059 4152 2326 4231 proprius
2359 4153 2588 4230 dicitur,
2617 4161 2684 4213 ut
2715 4152 2962 4231 Staplet.

535 4234 831 4313 privatum
876 4233 1161 4313 superbias
1207 4233 1485 4311 Spiritum
1524 4252 1561 4291 a
1614 4232 1784 4291 nobis
1829 4233 2040 4311 jactari
2094 4234 2399 4309 clamabat,
2445 4242 2505 4294 et
2557 4234 2658 4293 alii
2713 4232 2964 4293 subinde

544 4322 833 4393 oggerunt
859 4334 984 4389 nos,
1008 4322 1211 4373 contra
1237 4313 1491 4387 Petrum,
1522 4316 1594 4371 2·
1623 4332 1748 4390 cap.
1775 4313 1815 4372 i.
1845 4316 1942 4380 20.
1971 4312 2332 4392 prophetiam
2365 4314 2555 4373 facere
2607 4310 2736 4379 ἰδίαις
2781 4312 2962 4373 ima-'e-

542 4416 678 4459 πως.
721 4394 899 4472 Resp.
918 4396 1187 4454 Rivatus
1212 4394 1365 4455 enim
1393 4393 1641 4470 Spiritus
1667 4392 1932 4453 bifariam
1952 4394 2068 4453 dici
2094 4403 2305 4472 potest,
2336 4393 2454 4453 Vel
2479 4394 2835 4470 oriqinalieer
2862 4392 2964 4453 vel

541 4474 846 4549 subjective,
870 4474 987 4533 Vel
1012 4475 1234 4534 ratione
1250 4474 1531 4551 principii
1551 4493 1588 4532 a
1613 4493 1730 4552 quo
1759 4474 1956 4551 oritur,
1974 4474 2073 4533 vel
2099 4474 2320 4534 ratione
2347 4476 2576 4551 subJecti
2598 4481 2657 4534 et
2681 4473 2964 4552 potentia

539 4551 639 4611 cui
664 4550 924 4626 inhaeret,
955 4553 1071 4612 Vel
1096 4574 1202 4633 pro
1229 4554 1405 4631 genio
1431 4562 1491 4615 et
1538 4554 1776 4614 arbitrio
1805 4555 2104 4634 cujusque,
2132 4554 2231 4615 vel
2249 4572 2356 4632 pro
2383 4554 2498 4613 Dei
2525 4553 2680 4613 dono
2709 4552 2964 4631 singulis

539 4629 811 4694 fidelibus
835 4632 1087 4711 proprio.
1132 4634 1446 4694 Posteriori
1472 4652 1648 4696 sensu
1688 4634 1894 4697 damus
1933 4634 2212 4713 »Spiritum
2228 4635 2538 4713 proprium
2565 4643 2626 4696 et
2661 4633 2964 4715 privatum
