3234 5192
350 423 585 467 msrur.
620 414 791 487 xxm]
877 428 954 467 1111
986 428 1479 471 &manaucatis
1508 428 1750 471 cnatsri
1784 434 2208 473 PERFECTIONE.
2650 420 2765 477 683

358 566 689 627 Publicano
712 572 1022 629 observare
1044 577 1130 628 est
1147 570 1246 646 qui
1268 570 1485 630 dicitur
1502 574 1872 631 descendisse
1890 574 2253 649 justificatus
2281 576 2531 635 domum
2552 596 2723 636 suam
2747 599 2762 648 ;

360 647 449 704 At
478 648 531 705 si
556 666 700 706 vera
727 658 814 708 est
842 650 1135 707 sententia
1164 650 1685 721 Adversariorum,
1708 652 1950 711 dimissa
1977 654 2156 727 culpa
2184 654 2346 710 omni
2375 654 2583 712 debuit
2609 657 2762 713 ferre

357 726 625 801 aliquam
653 746 905 803 poenam.
990 728 1082 786 De
1129 726 1307 785 Petro
1335 728 1515 787 etiam
1558 729 1814 788 dubium
1843 749 1964 787 non
1993 739 2096 801 est,
2127 732 2270 805 quin
2301 732 2474 789 trinae
2503 734 2764 808 abnega·

358 804 539 862 tionis
578 814 885 880 peccatum
927 806 1019 863 illi
1062 807 1375 865 remissum
1425 808 1517 878 sit,
1567 808 1742 866 nulla
1787 816 1983 867 tamen
2011 809 2142 884 ejus
2169 809 2389 883 legitur
2417 811 2758 872 satisfactio,

359 880 626 940 Jubetur
652 884 893 960 quidem
922 904 1061 943 oves
1087 886 1305 945 Christi
1332 905 1590 961 pascere,
1624 893 1684 943 et
1708 886 1925 945 fratres
1943 906 2081 945 suos
2099 890 2446 948 confirmare
2469 910 2484 959 ;
2519 888 2638 947 Sed
2657 909 2764 949 110-

360 978 460 1017 mo
489 962 706 1020 dixerit
733 965 862 1021 haec
888 965 967 1021 ad
995 982 1177 1041 opera
1202 965 1462 1040 poenalia
1489 983 1612 1023 esse
1641 966 1967 1024 referenda.
2001 964 2181 1024 Unde
2212 966 2492 1025 Ambros.
2523 968 2582 1025 in
2614 969 2758 1029 xxii.

365 1038 545 1097 Lucae
567 1048 740 1111 recte,
782 1048 819 1076 ἰ
839 1042 1003 1100 Petri
1029 1044 1366 1117 lachrymas
1392 1044 1547 1118 lego,
1576 1044 2041 1102 satisfactionem
2069 1064 2192 1101 non
2218 1046 2416 1119 lego.''
2449 1045 2600 1103 Cum
2617 1066 2760 1123 ergo

360 1125 591 1176 constet
610 1118 913 1178 Christum
940 1121 1013 1178 iis
1040 1122 1257 1197 quibus
1284 1128 1525 1197 peccata
1544 1122 1770 1180 remisit
1791 1125 1990 1181 nullas
2009 1130 2210 1181 tamen
2232 1144 2434 1199 poenas
2458 1124 2760 1197 inflixisse,

356 1195 583 1254 frustra
608 1198 823 1257 volunt
868 1200 1114 1257 remissa
1139 1200 1319 1274 culpa
1363 1218 1669 1275 superesse
1697 1208 1896 1258 tamen
1922 1202 2200 1260 fidelibus
2229 1202 2497 1278 aliquam
2523 1222 2758 1278 poenam

359 1276 663 1334 luendam.
748 1276 901 1335 Haec
943 1278 1102 1335 enim
1144 1279 1418 1353 exempla
1464 1280 1686 1336 divinae
1715 1278 1778 1336 in
1815 1281 2164 1354 poenitentes
2191 1281 2608 1339 misericordiae
2638 1301 2761 1340 non

361 1354 551 1412 alium
578 1356 641 1411 in
668 1356 847 1413 finem
874 1357 1157 1413 videntur
1186 1357 1357 1415 nobis
1385 1357 1446 1414 in
1484 1357 1611 1415 Scri
1657 1356 1804 1415 turis
1832 1358 2152 1434 proposita,
2183 1377 2368 1433 quarn
2395 1364 2466 1416 ut
2493 1368 2763 1434 peccato·

360 1449 454 1489 res
480 1434 840 1507 intelligant,
872 1454 1006 1510 quae
1035 1435 1352 1511 qualisque
1379 1436 1493 1494 sibi
1520 1455 1559 1493 a
1662 1436 1864 1495 omino
1893 1436 2261 1511 expectanda
2287 1438 2363 1495 sit
2383 1446 2760 1512 peccatorum

362 1528 647 1570 remissio.
666 1534 684 1549 ·

446 1590 655 1649 XXX.
684 1588 741 1654 7.
773 1590 1018 1668 Pugnat
1038 1610 1177 1650 cum
1203 1593 1433 1652 ratione
1456 1593 1678 1671 peccati
1704 1594 1866 1670 quod
1889 1612 2044 1669 saepe
2071 1612 2177 1670 per
2205 1595 2460 1652 debitum
2487 1596 2766 1671 exprimi-

362 1675 480 1739 tur,
510 1678 581 1728 ut
607 1670 773 1727 Deus
798 1670 1119 1729 Creditoris
1145 1673 1385 1730 nomine
1411 1672 1783 1747 indigitatur‚
1807 1679 2141 1747 peccatores
2167 1674 2524 1745 debitorum,
2547 1682 2608 1733 et
2627 1692 2768 1733 con-

363 1748 609 1807 donatio
654 1751 894 1823 peccati,
946 1750 1131 1809 debiti
1178 1750 1523 1809 remissione
1569 1752 1860 1809 innuitur.
1945 1750 2110 1809 Nam
2155 1753 2204 1809 si
2249 1760 2480 1811 certum
2507 1760 2595 1811 est
2621 1762 2767 1813 tunc

362 1827 606 1886 demum
635 1828 753 1885 dici
780 1829 1091 1887 remissum
1118 1831 1387 1888 debitum
1414 1831 1659 1905 quando
1688 1830 1942 1887 creditor
1966 1830 2121 1887 nihil
2149 1830 2404 1907 amplius
2429 1832 2565 1889 vult
2591 1850 2665 1889 ex
2693 1852 2764 1890 00

362 1923 681 1981 reposcere,
730 1926 839 1965 nec
885 1908 1119 1966 debitor
1165 1916 1405 1967 tenetur
1446 1909 1712 1978 solvere3
1753 1909 2066 1967 fatendum
2107 1910 2287 1981 etiam
2335 1916 2424 1967 est
2469 1916 2601 1967 tum
2631 1930 2766 1968 vere

362 1994 673 2059 peccatum
699 2004 872 2061 posse
910 1987 1027 2043 dici
1050 1988 1471 2057 condonatum,
1502 1988 1744 2063 quando
1771 1988 1962 2045 omnis
1991 1988 2120 2061 ejus
2147 2006 2270 2045 non
2297 1994 2538 2045 tantum
2567 1990 2763 2065 culpa,

363 2064 466 2119 sed
488 2071 549 2120 et
574 2082 749 2137 poena
776 2065 1013 2121 sublata
1040 2071 1146 2135 est,
1169 2065 1253 2122 ita
1274 2074 1343 2123 ut
1358 2066 1511 2122 nihil
1535 2066 1795 2139 amplius
1811 2072 2083 2139 peccator
2103 2065 2322 2122 divinae
2343 2066 2596 2139 justitiae
2624 2085 2768 2142 pen-

365 2142 505 2197 dere
532 2148 823 2197 teneatur.
907 2140 1072 2199 Nam
1113 2142 1163 2198 si
1209 2160 1385 2217 poena
1411 2144 1689 2217 quaedam
1716 2149 2050 2216 superesset
2077 2142 2342 2211 ferenda,
2371 2162 2680 2217 perperam
2707 2152 2770 2203 et

364 2218 518 2276 falso
547 2220 841 2276 diceretur
888 2219 1330 2289 condonatum;
1374 2221 1884 2295 quemadmodum
1924 2220 1974 2277 is
2015 2219 2348 2276 ludibrium
2396 2222 2638 2279 deberet
2663 2224 2770 2299 qui

366 2298 589 2355 diceret
614 2298 885 2355 debitum
912 2315 1036 2354 esse
1083 2298 1397 2355 remissum
1423 2299 1518 2373 cuj
1528 2316 1596 2355 us
1643 2304 1844 2354 tamen
1893 2297 2116 2355 solutio
2145 2299 2242 2355 vel
2279 2299 2482 2357 totalis
2508 2300 2606 2356 vel
2632 2318 2773 2375 par-

364 2376 527 2434 tialis
555 2375 829 2451 exigitur.
866 2438 875 2453 .
915 2376 996 2434 Et
1042 2377 1157 2433 hoc
1202 2376 1399 2451 ipsum
1446 2378 1832 2435 confirmatur
1875 2395 1950 2433 ex
1976 2395 2046 2434 eo
2075 2378 2241 2452 quod
2289 2376 2455 2435 Deus
2481 2378 2630 2437 velit
2657 2396 2769 2437 nos

369 2456 707 2513 condonare
733 2454 1019 2530 proximis
1047 2454 1317 2526 offensas,
1346 2455 1855 2533 quemadmodum
1901 2462 2108 2513 nostra
2154 2455 2325 2513 nobis
2361 2465 2604 2531 peccata
2629 2476 2769 2516 con-

368 2535 572 2606 donat,
603 2532 755 2609 Eph.
784 2535 863 2592 iv.
896 2535 991 2606 32,
1038 2540 1072 2567 “
1098 2533 1302 2593 Estote
1330 2535 1583 2593 invicem
1625 2534 1886 2608 benigni,
1915 2535 2340 2607 misericordes,
2369 2536 2774 2595 condonantes

369 2613 641 2685 invicem,
670 2614 823 2672 sicut
851 2614 1016 2673 Deus
1042 2612 1105 2670 in
1137 2613 1372 2673 Christo
1401 2612 1765 2673 condonavit
1789 2612 2016 2671 vobis.''
2060 2612 2140 2671 Et
2178 2614 2242 2670 in
2270 2615 2536 2672 oratione
2566 2616 2776 2674 Domi-

368 2694 507 2751 nica
537 2694 716 2768 jubet
759 2712 927 2752 orare
976 2693 1175 2751 Deum
1216 2700 1251 2727 “
1270 2702 1339 2752 ut
1368 2693 1634 2751 dimittat
1660 2691 1834 2748 nobis
1861 2692 2065 2749 debita
2092 2700 2316 2762 nostra,
2346 2694 2500 2751 sicut
2526 2696 2776 2752 dimitti-

370 2790 507 2829 mus
552 2773 925 2830 debitoribus
972 2771 1245 2842 nostris,'’
1272 2772 1494 2829 Matth.
1536 2771 1615 2827 vi.
1651 2770 1741 2827 12.
1827 2769 1870 2827 J
1873 2788 1969 2826 am
1999 2770 2047 2827 si
2076 2769 2243 2827 Deus
2273 2772 2608 2829 condonare
2635 2772 2780 2830 dici-

370 2857 473 2907 tur
516 2858 825 2924 peccatum
872 2851 1104 2908 ratione
1146 2851 1356 2923 culpae,
1404 2849 1507 2905 sed
1534 2866 1658 2903 non
1697 2848 1929 2905 ratione
1958 2846 2151 2903 omnis
2177 2865 2385 2923 poenae,
2409 2858 2691 2924 sequetur
2716 2856 2777 2907 01

373 2946 480 2985 nos
508 2946 677 3003 posse
705 2928 823 2985 dici
851 2928 1108 2985 offensas
1134 2926 1417 2985 fratribus
1444 2924 1741 2981 remittere
1769 2924 2011 2999 quando
2039 2923 2162 2980 illis
2192 2926 2429 2999 culpam
2457 2928 2772 3003 donamus,

372 3006 513 3063 11001
538 3024 771 3083 poenam
797 3007 895 3063 vel
924 3012 1115 3063 totam
1141 3006 1237 3062 vel
1280 3022 1354 3060 ex
1381 3010 1549 3077 parte
1594 3001 1906 3075 exigamus
1930 3023 1944 3059 ε
1991 3001 2172 3070 Quod
2202 3019 2338 3058 cum
2367 3002 2442 3059 sit
2471 3010 2532 3061 et
2558 3023 2597 3062 a
2622 3024 2775 3080 prae-

373 3092 544 3159 cepto
576 3084 810 3155 Christi,
840 3091 902 3141 et
944 3102 980 3141 a
1019 3083 1282 3140 fraterna
1309 3081 1594 3139 charitate
1641 3078 2090 3153 alienissimum,
2121 3097 2256 3154 quae
2284 3080 2534 3138 totalem
2561 3092 2621 3139 et
2649 3084 2774 3141 cul-

373 3182 466 3237 pas
498 3170 559 3220 et
600 3181 789 3238 poenae
837 3161 1242 3219 remissionem
1288 3160 1571 3235 postulat,
1602 3157 1874 3233 sequitur
1919 3155 2119 3215 Deum
2146 3158 2324 3216 etiam
2359 3176 2498 3216 cum
2527 3161 2774 3219 remittit

376 3247 691 3316 utramque
712 3241 1014 3316 respicere,
1047 3245 1107 3296 et
1137 3257 1207 3296 eo
1236 3237 1428 3313 magis
1456 3238 1617 3313 quod
1651 3235 1818 3294 Deus
1857 3236 2136 3294 infinitics
2173 3237 2521 3297 clementior
2550 3238 2626 3297 sit
2665 3241 2773 3299 ho-

378 3336 556 3376 mine.

458 3397 706 3456 XXXI.
750 3398 806 3455 8.
850 3396 1094 3471 Pugnat
1136 3414 1275 3455 011111
1322 3396 1555 3454 ratione
1574 3416 1784 3473 poenoe.
1864 3394 2030 3454 Nam
2065 3396 2113 3452 si
2140 3416 2320 3473 poena
2345 3416 2468 3455 non
2496 3399 2684 3457 alium
2711 3400 2774 3457 in

376 3476 556 3535 finem
583 3476 873 3553 infligitur
897 3475 1013 3533 nisi
1038 3483 1111 3534 ut
1135 3474 1421 3551 puniatur
1447 3477 1642 3551 culpa,
1666 3493 1789 3533 non
1805 3476 2024 3549 poterit
2051 3478 2231 3553 culpa
2255 3477 2480 3534 remitti
2507 3477 2620 3534 nisi
2647 3477 2776 3554 ipsa

376 3576 553 3631 poena
580 3558 847 3614 tollatur.
916 3554 1081 3612 Nam
1108 3556 1351 3630 dempta
1377 3555 1555 3629 culpa
1580 3572 1687 3629 per
1713 3555 2008 3629 integram
2035 3555 2442 3613 remissionem
2471 3556 2623 3612 nihil
2649 3575 2776 3614 am-

376 3635 537 3710 plius
564 3640 829 3709 superest
854 3652 963 3709 pro
992 3652 1114 3709 quo
1143 3632 1624 3691 satisfaciendum
1651 3634 1760 3690 sit:
1808 3633 2046 3707 Quippe
2073 3652 2196 3690 non
2223 3635 2293 3691 fit
2318 3633 2639 3691 satisfactio
2667 3652 2776 3709 pro

378 3732 571 3788 poena,
601 3716 702 3771 sed
729 3732 909 3789 poena
954 3712 1242 3771 satisfacit
1267 3729 1374 3787 pro
1402 3712 1598 3786 culpa.
1683 3710 1864 3768 Unde
1895 3710 2164 3769 Christus
2193 3729 2315 3769 non
2343 3711 2518 3769 aliter
2545 3712 2775 3769 satisfe-

377 3792 457 3849 cit
484 3810 592 3867 pro
620 3799 822 3851 nostra
842 3793 1037 3867 culpa,
1066 3809 1249 3867 quam
1275 3788 1521 3847 ferendo
1548 3808 1783 3864 poenam
1813 3807 1947 3864 quae
1975 3788 2066 3848 illi.
2094 3790 2458 3860 debebatur3
2505 3789 2586 3847 Et
2607 3790 2685 3846 ob
2710 3790 2775 3848 id

376 3888 613 3947 poenam
658 3878 921 3929 nostram
968 3871 1029 3927 in
1074 3888 1135 3928 se
1175 3869 1410 3943 recepit,
1441 3874 1511 3924 ut
1554 3884 1666 3924 nos
1693 3885 1731 3924 a
1755 3874 1926 3925 reatu
1967 3868 2158 3943 culpae
2186 3875 2246 3925 et
2273 3887 2310 3925 a
2335 3886 2510 3942 poena
2535 3876 2777 3943 propter

379 3951 545 4007 illam
590 3949 793 4007 debita
838 3950 1139 4008 eximeret.
1226 3947 1289 4005 Si
1337 3964 1479 4021 ergo
1529 3963 1767 4002 omnem
1810 3946 2049 4020 culpam
2098 3947 2376 4014 abolevit,
2407 3953 2476 4004 ut
2511 3947 2776 4004 fatentur

383 4026 750 4097 Adversarii,
784 4028 1015 4096 Quidni
1040 4027 1221 4085 etiam
1268 4042 1508 4083 omnem
1534 4042 1772 4097 poenam
1815 4024 2080 4095 abstulit,
2109 4026 2352 4101 quando
2381 4025 2516 4081 ideo
2543 4024 2686 4081 tulit
2711 4024 2776 4082 in

381 4125 443 4164 se
470 4112 540 4163 ut
566 4126 604 4164 a
630 4106 801 4164 nobis
846 4106 1147 4165 auferret?
1228 4104 1477 4163 Frustra
1523 4119 1666 4178 ergo
1694 4103 2097 4159 remissionem
2145 4103 2336 4177 culpae.
2385 4103 2514 4160 dari
2542 4110 2776 4179 perten-

380 4186 538 4241 dunt
564 4202 702 4242 011111
748 4185 1078 4243 retentione
1122 4202 1331 4258 poenae,
1362 4200 1498 4239 cum
1526 4180 1823 4239 remittere
1851 4181 2090 4254 culpam
2117 4180 2268 4237 nihil
2296 4181 2459 4238 aliud
2490 4182 2566 4239 sit
2591 4199 2776 4256 quam

382 4282 514 4321 eam
541 4264 704 4321 110110
751 4262 981 4339 punire,
1013 4270 1083 4320 ut
1130 4262 1399 4337 agnoscit
1428 4260 1640 4318 Scotus
1669 4260 1729 4315 in
1756 4260 1813 4316 4.
1846 4259 1997 4316 Dist.
2029 4257 2207 4315 Disti.
2238 4258 2333 4329 22,
2362 4277 2462 4333 qu.
2498 4261 2528 4317 1
2554 4282 2569 4331 ;
2613 4261 2776 4318 unde

384 4342 670 4416 August„
722 4360 896 4398 serm.
928 4341 1061 4411 141,
1106 4342 1181 4398 de
1208 4340 1517 4414 Tempore,
1561 4343 1597 4371 “
1625 4336 1898 4395 Christus
1925 4336 2418 4394 communicando
2467 4338 2776 4396 nobiscum

383 4420 509 4477 sine
538 4420 717 4495 culpa
742 4438 994 4495 poenam,
1024 4426 1084 4477 et
1110 4420 1350 4494 culpam
1391 4416 1569 4474 solvit
1588 4423 1650 4471 01
1675 4415 1970 4489 poenam.''

467 4497 753 4557 XXXII.
801 4498 1077 4573 Denique
1122 4502 1421 4571 repugnat
1447 4492 1630 4550 ctiam
1661 4492 1981 4551 Veteribus
2010 4494 2114 4567 qui
2143 4496 2381 4570 culpam
2409 4514 2446 4553 a
2487 4514 2664 4573 poena
2689 4496 2779 4553 di-

384 4578 529 4635 10111
573 4596 692 4634 11011
732 4595 899 4653 posse
926 4594 1048 4633 non
1076 4576 1257 4633 semel
1296 4578 1608 4642 testantur,
1652 4571 1902 4629 Tertull.
1931 4572 2008 4629 de
2036 4572 2211 4648 Bapt.
2242 4592 2290 4631 c.
2322 4573 2377 4644 9,
2421 4580 2457 4609 “
2483 4574 2778 4651 Exempto

384 4657 607 4715 scilicet
632 4663 803 4714 reatu
845 4655 1127 4713 eximitur
1178 4661 1239 4712 et
1290 4651 1518 4728 poena.”
1590 4650 1894 4726 Chrysost.
1923 4652 2106 4711 homi.
2136 4654 2192 4723 8,
2221 4654 2300 4711 ad
2327 4652 2522 4725 Rom„
2567 4661 2602 4688 “
2619 4653 2782 4714 ‘On-w

382 4738 533 4819 χιίςις
564 4736 893 4819 συγχόςηπς,
919 4734 1041 4793 ’ὅπου
1068 4730 1117 4793 31
1146 4732 1455 4811 συγχᾶςηπς
1485 4728 1685 4807 0153ψά
1711 4731 1938 4807 xil-«ns,
1967 4730 2072 4788 ubi
2099 4732 2294 4806 gratia
2339 4732 2423 4790 ibi
2453 4734 2644 4803 venia,
2675 4734 2784 4793 ubi.
