3234 5192
267 372 502 416 nrsru'r.
531 355 692 434 xm]
909 373 989 412 nn
1019 359 1494 414 sarrsrac'rion‘rs
1523 371 1761 414 cmusn
1788 371 2105 414 vnmra‘rn.
2566 359 2685 418 59⁷

267 535 390 574 sam
431 523 492 576 et
521 514 877 594 Scripturam
906 515 1124 576 audire.
1157 514 1546 592 Philosophus
1575 533 1714 574 sane
1742 513 1955 573 diserte
1982 514 2095 572 hoc
2112 513 2431 592 profitetur,
2454 516 2557 576 lib.
2580 517 2682 592 iii.‚

269 596 408 654 Eth.
439 617 564 674 cap.
595 601 649 671 2,
681 602 851 670 ιἰγιοσῖ
867 599 955 672 μὲν
983 599 1088 662 τὰς
1115 598 1140 654 0‘
1164 600 1404 676 μοχθηςὸς
1433 595 1476 654 οἵ
1499 592 1576 653 δεῖ
1597 595 1843 674 πςᾶπω,
1868 598 1957 653 καὶ
1984 591 2049 653 ὗν
2076 592 2131 656 δὲ
2176 595 2421 670 ἀφωνίη,
2467 601 2557 655 ue*
2596 594 2683 656 ’ui

261 679 348 738 vin
367 677 590 742 voa-&m
617 679 887 758 ἁμςτίω,
919 674 1084 736 ἄδικοι
1109 683 1199 735 καὶ
1229 679 1354 742 Ἅλυς
1388 681 1537 734 κακοὶ
1577 681 1809 751 γίνονται,
1858 679 1894 708 “
1919 674 2161 752 Ignorat
2206 676 2439 752 quidem
2470 677 2681 754 impro-

267 757 376 814 bus
405 759 592 818 omnis
621 778 750 836 quae
773 760 889 816 sint
917 759 1143 833 agenda
1171 766 1230 816 et
1257 777 1292 814 a
1318 757 1530 833 quibus
1558 754 1983 831 abstinendum,
2014 755 2330 832 injustique
2358 764 2419 815 et
2446 758 2680 816 omnino

264 837 402 894 mali
421 859 496 896 ex
521 859 710 897 errore
735 839 1106 912 nascuntur‚’'
1125 845 1184 896 et
1204 837 1378 914 paulo
1399 844 1532 915 post
1551 837 1733 912 addit,
1762 842 1965 908 ἄγνοιαν
1991 838 2073 898 τὸν
2094 836 2135 894 ὃ
2163 835 2443 916 urg-meins,
2474 835 2681 908 ἔγνωσαν

261 920 346 979 τὸν
375 918 484 976 καθ’
512 923 646 994 ἕλω,
672 924 838 978 αἰτίαν
865 917 980 977 εἴκω
1007 926 1095 978 τοῦ
1119 924 1296 992 κακοῦ,
1341 917 1784 993 “ignorantiam
1813 935 1942 993 quae
1986 924 2075 974 est
2102 915 2163 974 in
2190 917 2489 977 intellectu
2515 938 2677 994 prac-

262 998 396 1070 ticO,
445 1009 504 1058 et
540 1000 926 1076 ignorantiam
973 998 1379 1072 universalem,
1427 1015 1661 1056 causam
1704 1015 1832 1056 esse
1860 995 1988 1056 vitii
2009 996 2065 1072 3³²
2096 1004 2269 1055 vocat
2294 996 2679 1074 ignorantiam

263 1079 376 1135 καθ’
402 1079 518 1136 ἕλον
547 1099 676 1155 quae
704 1099 822 1138 non
852 1080 1033 1138 oritur
1073 1099 1150 1138 ex
1191 1077 1518 1155 ignorantia
1544 1076 1701 1150 facti,
1729 1077 1855 1136 haee
1882 1077 2037 1135 enim
2065 1084 2323 1151 excusat,
2356 1077 2459 1136 sed
2486 1099 2562 1137 ex
2589 1077 2677 1155 ig-

267 1161 531 1216 norantia
551 1161 720 1236 juris.
767 1161 924 1218 Hinc
951 1159 1094 1218 alibi
1119 1159 1262 1217 dicit
1279 1157 1462 1216 malos
1489 1157 1697 1234 decipi,
1728 1157 1865 1234 qnia
1890 1156 2080 1234 inquit
2103 1153 2234 1220 ὁδουὲ
2262 1161 2486 1228 <oa-‘maa
2514 1161 2679 1224 αὐτοῖς

259 1242 462 1314 ἀγαθον,
495 1240 609 1314 οὐχ’
639 1237 781 1316 οἶα,
816 1245 852 1273 “
877 1239 1107 1298 videtur
1133 1239 1276 1318 ipsis
1304 1238 1517 1297 bonum
1536 1238 1675 1296 licet
1692 1257 1807 1296 non
1836 1237 1966 1297 sit.’'
2002 1238 2135 1295 Huc
2166 1238 2302 1296 facit
2330 1240 2501 1297 etiam
2530 1239 2679 1299 illud

265 1319 537 1394 Socratis,
569 1323 606 1352 ‘⁴
627 1327 908 1396 praesente
959 1319 1201 1378 scientia
1246 1338 1364 1377 nou
1409 1319 1739 1396 peccatur,''
1770 1324 1831 1378 et
1880 1317 2366 1378 scholasticorum
2424 1318 2671 1395 axioma,

261 1399 302 1430 “
323 1399 510 1457 omnis
537 1419 784 1477 peccans
813 1410 902 1459 est
922 1400 1214 1476 ignorans·
1303 1397 1418 1458 Sed
1441 1418 1513 1456 ne
1535 1398 1669 1477 quis
1690 1398 1847 1457 dicat
1866 1398 2143 1474 mysteria
2162 1397 2299 1456 fidei
2322 1399 2415 1458 hic
2444 1419 2479 1457 a
2504 1400 2675 1460 nobis

259 1477 335 1535 ad
361 1477 835 1556 philosophorum
864 1499 1114 1538 canones
1143 1479 1319 1556 exigi,
1347 1479 1508 1558 (licet
1535 1498 1705 1538 suum
1732 1479 1906 1537 etiam
1936 1477 2013 1536 sit
2037 1478 2265 1556 pondus
2293 1478 2673 1556 philosophiae

259 1575 416 1616 sanae
445 1567 504 1617 et
547 1559 754 1619 sobriae
795 1560 871 1618 ad
914 1560 1356 1619 illustrationem
1401 1558 1741 1635 dogmatum
1781 1558 2256 1636 theologicorum,
2285 1579 2488 1618 verum
2518 1560 2672 1618 enim

258 1655 398 1696 vero
426 1657 544 1697 non
571 1640 928 1715 contradicit,
953 1640 1070 1699 imo
1120 1640 1230 1700 sibi
1278 1640 1392 1718 ipsi
1435 1638 1631 1698 lumen
1680 1638 1881 1698 afferre
1910 1637 2126 1717 potest)
2158 1638 2460 1700 audiamus
2486 1641 2672 1716 ipsam

261 1717 617 1795 scripturam
641 1743 654 1796 ;
687 1721 782 1780 hic
809 1741 950 1780 vero
977 1720 1146 1780 nobis
1173 1729 1370 1799 aperte
1390 1719 1566 1796 facit;
1597 1720 1806 1797 impios
1828 1718 1981 1777 enim
2009 1738 2209 1778 omnes
2232 1723 2429 1782 stultos
2454 1729 2513 1779 et
2538 1726 2673 1784 arud-

257 1823 370 1864 ·rovs
401 1809 588 1875 vocat,
623 1801 778 1860 Psal.
809 1802 930 1860 xiv.
965 1803 1017 1876 1,
1050 1801 1223 1861 Prov.
1248 1801 1285 1858 i.
1310 1805 1366 1877 7,
1391 1805 1486 1877 22,
1509 1808 1568 1859 et
1589 1800 1711 1859 viii.
1737 1803 1791 1873 5,
1815 1807 1875 1858 et
1895 1799 1975 1856 ix.
2000 1802 2056 1874 4,
2087 1803 2114 1856 1
2148 1799 2262 1858 Tit.
2282 1799 2363 1858 iii.
2387 1803 2443 1876 3,
2470 1821 2671 1876 caecos,

255 1879 540 1955 tenebras,
575 1881 726 1958 Eph.
760 1903 814 1940 v.
845 1885 900 1957 8,
933 1890 991 1940 et
1019 1882 1097 1942 iv.
1135 1885 1224 1956 18,
1260 1884 1295 1915 “
1313 1880 1415 1958 qui
1440 1889 1685 1959 peccant
1732 1901 1809 1940 ex
1855 1879 2199 1956 ignorantia,
2233 1878 2671 1940 obtenebratum

253 1958 538 2019 habentes
565 1961 941 2036 intellectum,
971 1961 1070 2038 qui
1101 1962 1291 2020 Deum
1319 1981 1428 2019 nee
1455 1969 1745 2020 noverunt
1772 1980 1879 2018 nec
1928 1960 2218 2035 viderunt,
2267 1963 2291 2018 1
2330 1961 2373 2020 J
2376 1961 2469 2019 oh.
2500 1961 2581 2019 iii.
2612 1965 2669 2020 6.

256 2037 557 2112 Quomodo
587 2061 726 2100 vero
754 2043 866 2099 hoc
915 2061 1050 2099 vere
1095 2040 1210 2098 dici
1255 2048 1466 2116 posset,
1499 2039 1612 2096 nisi
1660 2048 1960 2116 peccatum
1988 2040 2243 2116 ipsorum
2270 2041 2672 2118 qualecunque

253 2119 348 2192 sit,
381 2139 514 2177 cum
541 2139 730 2178 errore
761 2129 820 2178 et
845 2119 1174 2196 ignorantia
1214 2119 1409 2197 aliqua
1437 2137 1665 2194 semper
1690 2119 2063 2194 conjunctum
2091 2121 2289 2176 esset?
2333 2119 2468 2177 Huc
2496 2120 2671 2196 perti—

255 2206 357 2255 net
383 2199 557 2256 etiam
606 2199 764 2275 quod
810 2207 1110 2276 peccatum
1157 2199 1406 2276 primum
1455 2198 1703 2274 deceptio
1732 2205 1969 2256 vocetur
1997 2196 2071 2255 ab
2101 2196 2333 2273 Apost.,
2365 2201 2395 2255 1
2426 2197 2577 2258 Tim.
2608 2198 2667 2258 ii.

261 2281 352 2351 14,
382 2297 518 2336 nam
548 2278 810 2356 deceptio
839 2279 1028 2338 omnis
1053 2297 1305 2338 errorem
1333 2278 1622 2356 supponit,
1655 2287 1713 2338 et
1734 2295 2006 2354 quorsum
2028 2275 2393 2354 pertinebant
2417 2277 2671 2338 rationes

259 2357 492 2416 Diaboli
519 2379 624 2436 per
651 2369 976 2436 serpentem
1003 2359 1293 2436 loquentis
1321 2359 1434 2418 nisi
1451 2367 1516 2418 ut
1544 2357 1882 2434 deciperet?
1909 2355 2081 2414 Adeo
2108 2375 2225 2416 non
2252 2364 2445 2432 potest
2471 2357 2671 2418 invadi

252 2456 362 2495 arx
410 2439 730 2500 voluntatis
772 2441 884 2499 nisi
934 2440 1194 2518 capiatur
1235 2440 1420 2518 primo
1463 2438 1793 2497 intellectus
1832 2436 2013 2496 veluti
2040 2436 2555 2516 propugnaculum,
2588 2439 2673 2499 sic

259 2517 512 2595 Salomo,
546 2521 721 2580 Prov.
750 2521 872 2581 xiv.
904 2525 998 2596 22,
1049 2523 1084 2553 ‘⁶
1105 2522 1318 2580 Errant
1338 2519 1438 2598 qui
1468 2527 1779 2596 operantur
1804 2517 2019 2576 malum
2040 2517 2095 2593 ;''
2140 2538 2247 2578 nec
2275 2517 2434 2576 aliud
2462 2517 2673 2579 docent

254 2598 397 2676 ipsae
441 2621 617 2660 voces
661 2621 836 2664 rna-m
881 2601 1035 2680 apud
1065 2601 1364 2677 Hebraeos,
1397 2606 1456 2660 et
1479 2601 1516 2658 ὦ
1656 2600 1776 2656 ae‘rm
1804 2599 1958 2676 apud
1988 2599 2243 2674 Graecos,
2274 2619 2405 2677 quae
2440 2619 2478 2657 a
2503 2619 2672 2675 scopo

251 2681 531 2740 aberrare
575 2692 635 2742 et
682 2683 910 2742 deviare
957 2681 1304 2760 significant,
1335 2681 1473 2758 quia
1519 2701 1556 2736 n
1622 2679 1743 2738 lum
1772 2689 1863 2738 est
1888 2686 2186 2755 peecatum
2216 2679 2278 2736 in
2306 2699 2422 2756 quo
2450 2699 2567 2738 non
2596 2680 2672 2738 sit

253 2760 520 2836 quaedam
551 2762 837 2821 aberratio
865 2783 901 2821 a
929 2763 1051 2820 vita
1078 2762 1154 2821 ad
1181 2769 1440 2836 mortem,
1473 2780 1508 2818 a
1535 2759 1665 2818 Deo
1694 2758 1771 2818 ad
1797 2756 2094 2834 mundum,
2118 2779 2155 2816 a
2174 2759 2323 2816 coelo
2345 2758 2421 2816 ad
2437 2767 2667 2834 terram,

251 2859 288 2896 a
316 2840 592 2899 beatitate
619 2841 693 2899 ad
722 2842 981 2900 exitium.

338 2919 457 2977 IX.
503 2921 660 2978 Hine
688 2927 848 2996 patet
875 2919 998 2978 sine
1025 2919 1248 2979 ratione
1291 2917 1711 2976 Adversarium
1754 2935 1830 2974 ex
1858 2935 1927 2974 eo
1954 2915 2112 2992 quod
2141 2915 2414 2974 Pontifex
2442 2915 2674 2976 offerret

256 3016 362 3073 pro
405 2999 748 3074 ignorantiis
793 3007 852 3057 et
894 2999 1098 3058 erratis
1141 2997 1416 3074 colligere
1463 2997 1719 3056 voluisse
1762 3013 1867 3072 pro
1914 2995 2193 3072 gravibus
2248 2995 2500 3071 peccatis
2552 3017 2671 3056 non

255 3076 555 3152 obtulisse,
614 3078 900 3156 siquidem
963 3098 1084 3138 vox
1147 3085 1238 3136 est
1291 3076 1595 3154 generaIiS‚
1652 3095 1785 3154 quae
1847 3074 2115 3134 omnibus
2168 3074 2671 3136 indiscriminatim

256 3157 510 3234 peccatis
557 3167 713 3218 recte
761 3158 1052 3217 tribuitur.
1143 3156 1312 3216 Unde
1361 3156 1518 3234 apud
1565 3172 1687 3212 Lxx
1715 3153 1894 3227 ἅγιαι
1940 3155 2090 3213 idem
2132 3164 2223 3215 est
2260 3155 2419 3232 quod
2445 3168 2583 3219 :nu
2612 3169 2671 3216 et

256 3249 408 3300 nvn-aia
437 3258 568 3315 quae
595 3259 770 3297 voces
799 3238 970 3296 etiam
999 3247 1174 3297 atrox
1210 3239 1384 3296 scelus
1425 3244 1484 3296 et
1523 3235 1784 3296 delictum
1826 3235 2170 3313 significant,
2200 3236 2340 3296 item
2380 3236 2441 3295 id
2478 3237 2667 3313 ipsum

253 3326 347 3377 est
368 3318 524 3395 quod
551 3329 650 3380 sris
679 3320 1048 3395 transgressio
1077 3326 1136 3377 et
1162 3317 1436 3394 rebellio;
1479 3317 1562 3376 sic
1589 3327 1691 3377 nm
1720 3316 1794 3376 de
1830 3316 2083 3393 peccatis
2124 3317 2185 3374 in
2210 3336 2423 3394 genere
2450 3316 2568 3376 imo
2594 3318 2668 3377 de

253 3399 624 3476 gravioribus
665 3400 890 3473 dicitur,
943 3399 1099 3458 Psal.
1130 3397 1288 3457 cxix.
1319 3401 1415 3472 21,
1451 3399 1486 3431 “
1509 3397 1713 3457 Perdis
1763 3396 2041 3474 superbos
2088 3397 2429 3456 maledictos
2472 3409 2659 3460 euni-x

253 3501 482 3558 vniam
529 3481 861 3539 aberrantes
891 3499 930 3538 a
959 3478 1264 3557 praeceptis
1280 3478 1396 3537 tuis
1417 3477 1474 3554 ;’'
1497 3487 1556 3538 et
1584 3477 1743 3538 cxix.
1772 3480 1903 3552 118,
1930 3477 2102 3536 Prov.
2126 3479 2250 3538 xix.
2274 3481 2371 3552 27,
2394 3478 2669 3536 aberrare

255 3581 294 3619 a
321 3560 682 3618 sermonibus
710 3560 966 3619 scientiae
995 3567 1084 3618 est
1099 3558 1438 3636 simpliciter
1462 3577 1734 3636 peccare3
1762 3566 1825 3616 et
1854 3558 2041 3616 Isai'as
2068 3557 2207 3616 dum
2235 3557 2511 3616 describit
2537 3577 2667 3634 gra·

257 3640 498 3698 vissima
525 3640 614 3698 sui
643 3640 917 3718 temporis
944 3646 1198 3718 peccata,
1227 3638 1570 3698 aderrorem
1597 3657 1668 3697 ea
1693 3637 1885 3712 refert,
1917 3637 2033 3696 Isa.
2063 3637 2271 3696 xxviii.
2302 3641 2359 3708 7,
2392 3640 2427 3671 “
2447 3637 2666 3696 Verum

257 3729 455 3780 tamen
479 3720 578 3778 isti
607 3721 745 3778 vino
775 3730 964 3780 errant
990 3747 1070 3784 uu
1099 3727 1158 3778 et
1186 3726 1326 3796 potu
1373 3718 1711 3793 inebriante,
1743 3717 2125 3776 absorbentur
2150 3737 2187 3776 a
2211 3718 2367 3791 vino,
2398 3717 2671 3776 oberrant

257 3820 376 3878 prae
409 3809 551 3877 potu
577 3799 914 3878 inebriante,
945 3808 1138 3860 errant
1165 3799 1226 3860 in
1252 3797 1546 3858 functione
1563 3797 1835 3872 videntia
1867 3797 2121 3858 titubant
2146 3797 2207 3855 in
2229 3797 2587 3874 judicatione
2612 3797 2669 3872 ;'’

255 3881 342 3938 sic
369 3879 668 3940 crucifixio
699 3880 913 3940 Christi
941 3901 1070 3959 quae
1097 3879 1250 3938 facta
1277 3887 1368 3939 est
1392 3879 1468 3938 ab
1496 3879 1680 3954 impiis
1706 3878 1959 3938 manibus
1987 3877 2197 3936 dicitur
2224 3897 2369 3954 opus
2397 3876 2667 3953 ignoran-

257 3960 373 4037 tiae,
407 3960 542 4018 Act.
571 3961 654 4019 iii.
690 3965 780 4037 17,
805 3969 864 4020 et
897 3964 926 4020 1
959 3963 1090 4020 Cor.
1125 3960 1184 4018 ii.
1215 3961 1272 4018 8.
1361 3957 1477 4017 Sed
1502 3957 1644 4035 quid
1672 3958 1845 4017 anxie
1872 3978 2041 4017 nsum
2068 3977 2278 4016 vocum
2304 3956 2666 4035 inquirimus,

259 4060 392 4100 cum
423 4041 585 4098 Deus
615 4042 736 4119 ipse
767 4051 966 4118 aperte
993 4043 1120 4101 haee
1157 4042 1454 4116 ὦγιαίμιτιι
1501 4037 1711 4097 referat
1736 4038 1813 4096 ad
1841 4038 2035 4097 omnia
2061 4045 2315 4115 peccata,
2358 4055 2492 4094 nam
2524 4037 2665 4095 Lev.

258 4121 401 4196 xvi„
453 4120 720 4199 princeps
765 4122 1128 4182 sacerdotum
1169 4121 1411 4198 jubetur
1455 4117 1719 4178 confiteri
1766 4118 1860 4177 die
1900 4117 2371 4196 propitiationum
2412 4137 2565 4176 r-nm
2609 4121 2670 4178 ss

261 4203 434 4260 etiam
467 4212 590 4262 νύξ)
621 4201 853 4260 Israe'lis
881 4211 939 4260 et
967 4223 1177 4264 :mmm
1207 4206 1268 4262 bs
1301 4198 1552 4258 “omnia
1573 4205 1812 4276 peccata
1839 4197 2095 4258 eorum.’'
2154 4196 2267 4272 Qui
2295 4195 2438 4256 dicit
2464 4196 2665 4272 iniqui-

259 4291 400 4341 tates
419 4289 480 4340 et
504 4283 826 4340 rebelliones
852 4281 971 4341 imo
996 4283 1188 4341 omnia
1204 4287 1448 4358 peccata
1485 4278 1907 4352 universaliter,
1938 4297 2014 4336 an
2041 4277 2195 4336 solas
2222 4276 2583 4338 infirmitates
2612 4285 2670 4336 et

261 4361 618 4440 ignorantias
646 4362 970 4438 intelligit?
1011 4361 1196 4422 Nemo
1227 4379 1381 4420 sanae
1408 4358 1618 4417 mentis
1646 4357 1708 4416 id
1736 4357 2060 4416 crediderit.

343 4443 428 4501 X.
487 4445 543 4501 2.
593 4442 710 4502 Sed
749 4451 815 4502 ut
854 4442 1212 4502 liberaliores
1252 4441 1448 4513 simus,
1486 4437 1689 4498 demus
1718 4436 2069 4515 Apostolum
2111 4435 2183 4494 de
2224 4433 2559 4513 {qnorantiis
2612 4446 2673 4496 et

258 4522 552 4584 erroribus
577 4522 774 4601 loqui3
819 4521 918 4580 An
955 4531 1258 4600 propterea
1297 4517 1665 4579 excludenda
1698 4527 1869 4578 erunt
1908 4524 2145 4596 peccata
2180 4516 2449 4595 graviora
2464 4519 2493 4575 P
2555 4516 2611 4575 N
2612 4537 2673 4576 e-

261 4623 570 4683 quaquam,
602 4603 738 4680 quia
763 4623 882 4663 non
909 4603 1166 4680 loquitur
1191 4601 1467 4661 exalta-sive
1493 4598 1661 4675 quasi
1688 4597 1801 4658 ista
1827 4597 2158 4676 expiatione
2186 4617 2331 4674 opus
2358 4617 2473 4656 non
2494 4597 2670 4657 habe-

259 4693 406 4760 rent,
455 4683 560 4745 sed
603 4683 906 4743 ostendere
951 4691 1178 4744 tantum
1223 4681 1410 4742 voluit
1451 4679 1627 4740 etiam
1666 4699 1743 4738 ea
1782 4688 2021 4758 peecata
2063 4698 2194 4755 quae
2241 4677 2411 4738 nobis
2454 4677 2674 4738 leviora
