<?xml version="1.0" encoding="UTF-8"?>
<!DOCTYPE html PUBLIC "-//W3C//DTD XHTML 1.0 Transitional//EN"
    "http://www.w3.org/TR/xhtml1/DTD/xhtml1-transitional.dtd">
<html xmlns="http://www.w3.org/1999/xhtml" xml:lang="en" lang="en">
 <head>
  <title>
</title>
<meta http-equiv="Content-Type" content="text/html;charset=utf-8" />
  <meta name='ocr-system' content='tesseract 3.04.00' />
  <meta name='ocr-capabilities' content='ocr_page ocr_carea ocr_par ocr_line ocrx_word'/>
</head>
<body>
  <div class='ocr_page' id='page_1' title='image "./denecessariasec00turrgoog_0185.png"; bbox 0 0 3234 5192; ppageno 0'>
   <div class='ocr_carea' id='block_1_1' title="bbox 287 346 2696 431">
    <p class='ocr_par' dir='ltr' id='par_1_1' title="bbox 287 346 2696 431">
     <span class='ocr_line' id='line_1_1' title="bbox 287 346 2696 431; baseline 0.002 -20"><span class='ocrx_word' id='word_1_1' title='bbox 287 369 517 413; x_wconf 77' lang='lat' dir='ltr'><strong>msrur.</strong></span> <span class='ocrx_word' id='word_1_2' title='bbox 548 346 691 431; x_wconf 66' lang='lat' dir='ltr'><strong>vra]</strong></span> <span class='ocrx_word' id='word_1_3' title='bbox 1014 366 1243 409; x_wconf 67' lang='lat' dir='ltr'><strong>xosrm</strong></span> <span class='ocrx_word' id='word_1_4' title='bbox 1274 368 1351 407; x_wconf 76' lang='lat' dir='ltr'><strong>AB</strong></span> <span class='ocrx_word' id='word_1_5' title='bbox 1380 368 1663 409; x_wconf 71' lang='lat' dir='ltr'><strong>schssm</strong></span> <span class='ocrx_word' id='word_1_6' title='bbox 1693 370 1961 412; x_wconf 69' lang='lat' dir='ltr'><strong>nomm.</strong></span> <span class='ocrx_word' id='word_1_7' title='bbox 2581 359 2696 417; x_wconf 84' lang='lat'><strong>153</strong></span> 
     </span>
    </p>
   </div>
   <div class='ocr_carea' id='block_1_2' title="bbox 293 507 2716 4753">
    <p class='ocr_par' dir='ltr' id='par_1_2' title="bbox 293 507 2716 3057">
     <span class='ocr_line' id='line_1_2' title="bbox 294 507 2699 590; baseline 0.001 -17"><span class='ocrx_word' id='word_1_8' title='bbox 294 512 429 573; x_wconf 88' lang='lat' dir='ltr'><strong>dum</strong></span> <span class='ocrx_word' id='word_1_9' title='bbox 455 530 757 590; x_wconf 74' lang='lat' dir='ltr'>precamur</span> <span class='ocrx_word' id='word_1_10' title='bbox 782 507 1017 586; x_wconf 84' lang='lat' dir='ltr'><strong>differri,</strong></span> <span class='ocrx_word' id='word_1_11' title='bbox 1049 510 1325 569; x_wconf 70' lang='lat' dir='ltr'><strong>Romanae</strong></span> <span class='ocrx_word' id='word_1_12' title='bbox 1354 511 1722 571; x_wconf 75' lang='lat' dir='ltr'><strong>diuturnitati</strong></span> <span class='ocrx_word' id='word_1_13' title='bbox 1767 511 2086 571; x_wconf 84' lang='lat' dir='ltr'><strong>favemus.&#39;’</strong></span> <span class='ocrx_word' id='word_1_14' title='bbox 2171 514 2328 573; x_wconf 88' lang='lat' dir='ltr'><strong>Hinc</strong></span> <span class='ocrx_word' id='word_1_15' title='bbox 2356 514 2496 574; x_wconf 90' lang='lat' dir='ltr'><strong>alibi</strong></span> <span class='ocrx_word' id='word_1_16' title='bbox 2523 524 2699 576; x_wconf 85' lang='lat' dir='ltr'><strong>testa-</strong></span> 
     </span>
     <span class='ocr_line' id='line_1_3' title="bbox 296 591 2688 675; baseline 0.002 -23"><span class='ocrx_word' id='word_1_17' title='bbox 296 602 402 669; x_wconf 82' lang='lat' dir='ltr'><strong>tur,</strong></span> <span class='ocrx_word' id='word_1_18' title='bbox 432 592 635 651; x_wconf 88' lang='lat' dir='ltr'><strong>fideles</strong></span> <span class='ocrx_word' id='word_1_19' title='bbox 661 610 826 651; x_wconf 86' lang='lat' dir='ltr'><strong>orare</strong></span> <span class='ocrx_word' id='word_1_20' title='bbox 846 610 953 669; x_wconf 91' lang='lat' dir='ltr'><strong>pro</strong></span> <span class='ocrx_word' id='word_1_21' title='bbox 980 610 1145 649; x_wconf 85' lang='lat' dir='ltr'><strong>mora</strong></span> <span class='ocrx_word' id='word_1_22' title='bbox 1146 591 1303 671; x_wconf 59' lang='lat' dir='ltr'><strong>fineis,</strong></span> <span class='ocrx_word' id='word_1_23' title='bbox 1334 610 1452 649; x_wconf 87' lang='lat' dir='ltr'><strong>non</strong></span> <span class='ocrx_word' id='word_1_24' title='bbox 1479 610 1581 668; x_wconf 91' lang='lat' dir='ltr'><strong>pro</strong></span> <span class='ocrx_word' id='word_1_25' title='bbox 1604 592 1882 651; x_wconf 90' lang='lat' dir='ltr'><strong>dilatione</strong></span> <span class='ocrx_word' id='word_1_26' title='bbox 1909 592 2043 651; x_wconf 85' lang='lat' dir='ltr'><strong>finis</strong></span> <span class='ocrx_word' id='word_1_27' title='bbox 2070 594 2287 670; x_wconf 89' lang='lat' dir='ltr'><strong>mundi,</strong></span> <span class='ocrx_word' id='word_1_28' title='bbox 2318 596 2476 672; x_wconf 89' lang='lat' dir='ltr'><strong>quod</strong></span> <span class='ocrx_word' id='word_1_29' title='bbox 2495 616 2688 675; x_wconf 90' lang='lat' dir='ltr'><strong>perpe-</strong></span> 
     </span>
     <span class='ocr_line' id='line_1_4' title="bbox 294 670 2697 753; baseline 0.001 -20"><span class='ocrx_word' id='word_1_30' title='bbox 294 693 413 733; x_wconf 77' lang='lat' dir='ltr'><strong>ram</strong></span> <span class='ocrx_word' id='word_1_31' title='bbox 424 672 659 750; x_wconf 85' lang='lat' dir='ltr'><strong>quidam</strong></span> <span class='ocrx_word' id='word_1_32' title='bbox 670 672 997 746; x_wconf 88' lang='lat' dir='ltr'><strong>voluerunt,</strong></span> <span class='ocrx_word' id='word_1_33' title='bbox 1012 670 1116 731; x_wconf 86' lang='lat' dir='ltr'><strong>sed</strong></span> <span class='ocrx_word' id='word_1_34' title='bbox 1126 690 1229 748; x_wconf 90' lang='lat' dir='ltr'><strong>pro</strong></span> <span class='ocrx_word' id='word_1_35' title='bbox 1246 690 1413 729; x_wconf 84' lang='lat' dir='ltr'><strong>mora</strong></span> <span class='ocrx_word' id='word_1_36' title='bbox 1416 673 1558 749; x_wconf 77' lang='lat' dir='ltr'><strong>finis</strong></span> <span class='ocrx_word' id='word_1_37' title='bbox 1578 672 1802 748; x_wconf 79' lang='lat' dir='ltr'><strong>imperii</strong></span> <span class='ocrx_word' id='word_1_38' title='bbox 1809 674 2072 747; x_wconf 79' lang='lat' dir='ltr'><strong>Romani,</strong></span> <span class='ocrx_word' id='word_1_39' title='bbox 2087 674 2252 751; x_wconf 80' lang='lat' dir='ltr'><strong>cujus</strong></span> <span class='ocrx_word' id='word_1_40' title='bbox 2263 674 2697 753; x_wconf 80' lang='lat' dir='ltr'><strong>dissipationem</strong></span> 
     </span>
     <span class='ocr_line' id='line_1_5' title="bbox 294 750 2702 837; baseline 0.001 -24"><span class='ocrx_word' id='word_1_41' title='bbox 294 761 557 813; x_wconf 87' lang='lat' dir='ltr'><strong>secutura</strong></span> <span class='ocrx_word' id='word_1_42' title='bbox 566 760 690 812; x_wconf 89' lang='lat' dir='ltr'><strong>erat</strong></span> <span class='ocrx_word' id='word_1_43' title='bbox 707 750 1057 812; x_wconf 87' lang='lat' dir='ltr'><strong>Antichristi</strong></span> <span class='ocrx_word' id='word_1_44' title='bbox 1075 751 1371 811; x_wconf 78' lang='lat' dir='ltr'><strong>revelatio,</strong></span> <span class='ocrx_word' id='word_1_45' title='bbox 1403 751 1656 828; x_wconf 87' lang='lat' dir='ltr'><strong>Cyrillus</strong></span> <span class='ocrx_word' id='word_1_46' title='bbox 1675 752 1966 811; x_wconf 87' lang='lat' dir='ltr'><strong>Hierosol.</strong></span> <span class='ocrx_word' id='word_1_47' title='bbox 1991 752 2224 813; x_wconf 88' lang='lat' dir='ltr'><strong>Catech.</strong></span> <span class='ocrx_word' id='word_1_48' title='bbox 2252 757 2280 812; x_wconf 97' lang='lat'>1</span> <span class='ocrx_word' id='word_1_49' title='bbox 2293 759 2344 829; x_wconf 95' lang='lat'><strong>1,</strong></span> <span class='ocrx_word' id='word_1_50' title='bbox 2372 758 2632 837; x_wconf 56' lang='lat' dir='ltr'><strong>“Eme-raa</strong></span> <span class='ocrx_word' id='word_1_51' title='bbox 2651 754 2702 817; x_wconf 71' lang='grc' dir='ltr'><strong>δι</strong></span> 
     </span>
     <span class='ocr_line' id='line_1_6' title="bbox 297 830 2702 915; baseline 0.001 -22"><span class='ocrx_word' id='word_1_52' title='bbox 297 838 629 915; x_wconf 66' lang='grc' dir='ltr'><strong>δπςιιςιμυος</strong></span> <span class='ocrx_word' id='word_1_53' title='bbox 641 846 967 913; x_wconf 63' lang='grc' dir='ltr'><strong>Απιχςιστος</strong></span> <span class='ocrx_word' id='word_1_54' title='bbox 988 830 1143 907; x_wconf 69' lang='grc' dir='ltr'><strong><em>οὗτος,</em></strong></span> <span class='ocrx_word' id='word_1_55' title='bbox 1164 834 1279 890; x_wconf 67' lang='grc' dir='ltr'><strong>ὅταν</strong></span> <span class='ocrx_word' id='word_1_56' title='bbox 1298 840 1609 913; x_wconf 54' lang='lat' dir='ltr'><strong>thenon-n</strong></span> <span class='ocrx_word' id='word_1_57' title='bbox 1627 834 1672 891; x_wconf 76' lang='grc' dir='ltr'><strong>οἱ</strong></span> <span class='ocrx_word' id='word_1_58' title='bbox 1684 858 1843 912; x_wconf 62' lang='lat' dir='ltr'><strong>zaga</strong></span> <span class='ocrx_word' id='word_1_59' title='bbox 1859 860 1942 897; x_wconf 71' lang='grc' dir='ltr'><strong>της</strong></span> <span class='ocrx_word' id='word_1_60' title='bbox 1967 846 2196 909; x_wconf 71' lang='lat' dir='ltr'><strong>Pupuum</strong></span> <span class='ocrx_word' id='word_1_61' title='bbox 2215 846 2498 904; x_wconf 66' lang='grc' dir='ltr'><strong><em>βασιλεως.</em></strong></span> <span class='ocrx_word' id='word_1_62' title='bbox 2523 838 2702 899; x_wconf 84' lang='lat' dir='ltr'><strong>Venit</strong></span> 
     </span>
     <span class='ocr_line' id='line_1_7' title="bbox 293 912 2701 992; baseline 0.002 -19"><span class='ocrx_word' id='word_1_63' title='bbox 293 925 483 973; x_wconf 85' lang='lat' dir='ltr'><strong>autem</strong></span> <span class='ocrx_word' id='word_1_64' title='bbox 510 913 819 992; x_wconf 72' lang='lat' dir='ltr'><strong>praedictus</strong></span> <span class='ocrx_word' id='word_1_65' title='bbox 845 913 945 971; x_wconf 86' lang='lat' dir='ltr'><strong>ille</strong></span> <span class='ocrx_word' id='word_1_66' title='bbox 974 912 1388 989; x_wconf 88' lang='lat' dir='ltr'><strong>Antichristus,</strong></span> <span class='ocrx_word' id='word_1_67' title='bbox 1419 932 1549 971; x_wconf 90' lang='lat' dir='ltr'><strong>cum</strong></span> <span class='ocrx_word' id='word_1_68' title='bbox 1598 914 1885 990; x_wconf 87' lang='lat' dir='ltr'><strong>completa</strong></span> <span class='ocrx_word' id='word_1_69' title='bbox 1911 913 2123 973; x_wconf 88' lang='lat' dir='ltr'><strong>fuerint</strong></span> <span class='ocrx_word' id='word_1_70' title='bbox 2149 923 2408 992; x_wconf 87' lang='lat' dir='ltr'><strong>tempora</strong></span> <span class='ocrx_word' id='word_1_71' title='bbox 2450 917 2701 977; x_wconf 88' lang='lat' dir='ltr'><strong>Romani</strong></span> 
     </span>
     <span class='ocr_line' id='line_1_8' title="bbox 293 992 2702 1079; baseline 0.002 -26"><span class='ocrx_word' id='word_1_72' title='bbox 293 994 574 1071; x_wconf 85' lang='lat' dir='ltr'><strong>imperii.&#39;’</strong></span> <span class='ocrx_word' id='word_1_73' title='bbox 646 993 1097 1069; x_wconf 75' lang='lat' dir='ltr'><strong>Chrysostomus</strong></span> <span class='ocrx_word' id='word_1_74' title='bbox 1122 992 1184 1049; x_wconf 91' lang='lat' dir='ltr'><strong>in</strong></span> <span class='ocrx_word' id='word_1_75' title='bbox 1209 992 1365 1051; x_wconf 89' lang='lat' dir='ltr'><strong>hunc</strong></span> <span class='ocrx_word' id='word_1_76' title='bbox 1404 992 1597 1051; x_wconf 90' lang='lat' dir='ltr'><strong>locum</strong></span> <span class='ocrx_word' id='word_1_77' title='bbox 1626 1012 1898 1072; x_wconf 82' lang='lat' dir='ltr'><strong>expresse</strong></span> <span class='ocrx_word' id='word_1_78' title='bbox 1924 994 2035 1053; x_wconf 89' lang='lat' dir='ltr'><strong>hoc</strong></span> <span class='ocrx_word' id='word_1_79' title='bbox 2075 994 2250 1054; x_wconf 85' lang='lat' dir='ltr'><strong>refert</strong></span> <span class='ocrx_word' id='word_1_80' title='bbox 2291 995 2366 1054; x_wconf 89' lang='lat' dir='ltr'><strong>ad</strong></span> <span class='ocrx_word' id='word_1_81' title='bbox 2404 1022 2564 1079; x_wconf 61' lang='grc' dir='ltr'><strong>εςχηι</strong></span> <span class='ocrx_word' id='word_1_82' title='bbox 2607 1024 2702 1057; x_wconf 74' lang='grc' dir='ltr'><strong>πη</strong></span> 
     </span>
     <span class='ocr_line' id='line_1_9' title="bbox 294 1072 2704 1153; baseline 0.002 -20"><span class='ocrx_word' id='word_1_83' title='bbox 294 1088 539 1150; x_wconf 66' lang='lat' dir='ltr'><strong>ruamur,</strong></span> <span class='ocrx_word' id='word_1_84' title='bbox 570 1082 631 1133; x_wconf 94' lang='lat' dir='ltr'><strong>et</strong></span> <span class='ocrx_word' id='word_1_85' title='bbox 656 1073 785 1133; x_wconf 84' lang='lat' dir='ltr'><strong>vult</strong></span> <span class='ocrx_word' id='word_1_86' title='bbox 812 1073 895 1131; x_wconf 88' lang='lat' dir='ltr'><strong>sic</strong></span> <span class='ocrx_word' id='word_1_87' title='bbox 924 1072 1167 1132; x_wconf 80' lang='lat' dir='ltr'><strong>obscure</strong></span> <span class='ocrx_word' id='word_1_88' title='bbox 1210 1072 1456 1132; x_wconf 90' lang='lat' dir='ltr'><strong>Paulum</strong></span> <span class='ocrx_word' id='word_1_89' title='bbox 1495 1072 1800 1150; x_wconf 88' lang='lat' dir='ltr'><strong>loquutum</strong></span> <span class='ocrx_word' id='word_1_90' title='bbox 1827 1072 2023 1151; x_wconf 88' lang='lat' dir='ltr'><strong>fuisse,</strong></span> <span class='ocrx_word' id='word_1_91' title='bbox 2071 1075 2256 1153; x_wconf 85' lang='lat' dir='ltr'><strong>“quia</strong></span> <span class='ocrx_word' id='word_1_92' title='bbox 2281 1076 2464 1137; x_wconf 91' lang='lat' dir='ltr'><strong>nollet</strong></span> <span class='ocrx_word' id='word_1_93' title='bbox 2490 1079 2704 1138; x_wconf 82' lang='lat' dir='ltr'><strong>frustra</strong></span> 
     </span>
     <span class='ocr_line' id='line_1_10' title="bbox 296 1152 2702 1234; baseline 0.002 -21"><span class='ocrx_word' id='word_1_94' title='bbox 296 1154 627 1214; x_wconf 87' lang='lat' dir='ltr'><strong>inimicitias</strong></span> <span class='ocrx_word' id='word_1_95' title='bbox 654 1153 961 1231; x_wconf 72' lang='lat' dir='ltr'><strong>suscipere,</strong></span> <span class='ocrx_word' id='word_1_96' title='bbox 985 1159 1045 1212; x_wconf 89' lang='lat' dir='ltr'><strong>et</strong></span> <span class='ocrx_word' id='word_1_97' title='bbox 1070 1152 1301 1212; x_wconf 86' lang='lat' dir='ltr'><strong>inutilia</strong></span> <span class='ocrx_word' id='word_1_98' title='bbox 1324 1152 1638 1229; x_wconf 83' lang='lat' dir='ltr'><strong>pericula.’&#39;</strong></span> <span class='ocrx_word' id='word_1_99' title='bbox 1705 1153 2178 1230; x_wconf 75' lang='lat' dir='ltr'><strong>chrysostomum</strong></span> <span class='ocrx_word' id='word_1_100' title='bbox 2210 1166 2528 1234; x_wconf 88' lang='lat' dir='ltr'><strong>sequuntur</strong></span> <span class='ocrx_word' id='word_1_101' title='bbox 2555 1158 2615 1216; x_wconf 89' lang='lat' dir='ltr'><strong>in</strong></span> <span class='ocrx_word' id='word_1_102' title='bbox 2642 1159 2702 1217; x_wconf 90' lang='lat' dir='ltr'><strong>h.</strong></span> 
     </span>
     <span class='ocr_line' id='line_1_11' title="bbox 325 1232 2702 1315; baseline 0.002 -22"><span class='ocrx_word' id='word_1_103' title='bbox 325 1236 367 1294; x_wconf 93' lang='lat' dir='ltr'><strong>l.</strong></span> <span class='ocrx_word' id='word_1_104' title='bbox 394 1234 733 1295; x_wconf 85' lang='lat' dir='ltr'><strong>ecumenius</strong></span> <span class='ocrx_word' id='word_1_105' title='bbox 761 1240 821 1292; x_wconf 89' lang='lat' dir='ltr'><strong>et</strong></span> <span class='ocrx_word' id='word_1_106' title='bbox 839 1232 1345 1311; x_wconf 83' lang='lat' dir='ltr'><strong>Theophylactus,</strong></span> <span class='ocrx_word' id='word_1_107' title='bbox 1366 1232 1430 1290; x_wconf 90' lang='lat' dir='ltr'><strong>in</strong></span> <span class='ocrx_word' id='word_1_108' title='bbox 1474 1252 1545 1291; x_wconf 90' lang='lat' dir='ltr'><strong>ea</strong></span> <span class='ocrx_word' id='word_1_109' title='bbox 1570 1233 1769 1309; x_wconf 83' lang='lat' dir='ltr'><strong>verba,</strong></span> <span class='ocrx_word' id='word_1_110' title='bbox 1805 1236 2046 1293; x_wconf 72' lang='lat' dir='ltr'><strong>Tantum</strong></span> <span class='ocrx_word' id='word_1_111' title='bbox 2073 1244 2150 1311; x_wconf 77' lang='lat' dir='ltr'><strong>ut,</strong></span> <span class='ocrx_word' id='word_1_112' title='bbox 2183 1238 2282 1313; x_wconf 81' lang='lat' dir='ltr'><strong>qui</strong></span> <span class='ocrx_word' id='word_1_113' title='bbox 2308 1246 2467 1315; x_wconf 77' lang='lat' dir='ltr'><strong>tenet,</strong></span> <span class='ocrx_word' id='word_1_114' title='bbox 2501 1248 2702 1298; x_wconf 79' lang='lat' dir='ltr'><strong>teneat.</strong></span> 
     </span>
     <span class='ocr_line' id='line_1_12' title="bbox 302 1312 2704 1391; baseline 0.002 -17"><span class='ocrx_word' id='word_1_115' title='bbox 302 1315 492 1374; x_wconf 88' lang='lat' dir='ltr'><strong>“Hoc</strong></span> <span class='ocrx_word' id='word_1_116' title='bbox 519 1315 665 1388; x_wconf 86' lang='lat' dir='ltr'><strong>est,&#39;’</strong></span> <span class='ocrx_word' id='word_1_117' title='bbox 688 1313 895 1390; x_wconf 90' lang='lat' dir='ltr'><strong>inquit,</strong></span> <span class='ocrx_word' id='word_1_118' title='bbox 942 1314 977 1346; x_wconf 77' lang='lat'><strong>‘⁴</strong></span> <span class='ocrx_word' id='word_1_119' title='bbox 1002 1312 1327 1372; x_wconf 89' lang='lat' dir='ltr'><strong>Romanum</strong></span> <span class='ocrx_word' id='word_1_120' title='bbox 1367 1312 1672 1390; x_wconf 87' lang='lat' dir='ltr'><strong>imperium</strong></span> <span class='ocrx_word' id='word_1_121' title='bbox 1711 1312 1949 1373; x_wconf 89' lang='lat' dir='ltr'><strong>tolletur</strong></span> <span class='ocrx_word' id='word_1_122' title='bbox 1989 1334 2020 1373; x_wconf 92' lang='lat' dir='ltr'><strong>e</strong></span> <span class='ocrx_word' id='word_1_123' title='bbox 2063 1315 2270 1391; x_wconf 91' lang='lat' dir='ltr'><strong>medi0,</strong></span> <span class='ocrx_word' id='word_1_124' title='bbox 2299 1324 2438 1377; x_wconf 83' lang='lat' dir='ltr'><strong>tunc</strong></span> <span class='ocrx_word' id='word_1_125' title='bbox 2467 1318 2704 1378; x_wconf 85' lang='lat' dir='ltr'><strong>effectu·</strong></span> 
     </span>
     <span class='ocr_line' id='line_1_13' title="bbox 298 1390 2704 1474; baseline 0.002 -21"><span class='ocrx_word' id='word_1_126' title='bbox 298 1414 401 1453; x_wconf 87' lang='lat' dir='ltr'><strong>rus</strong></span> <span class='ocrx_word' id='word_1_127' title='bbox 428 1401 517 1453; x_wconf 88' lang='lat' dir='ltr'><strong>est</strong></span> <span class='ocrx_word' id='word_1_128' title='bbox 542 1393 659 1467; x_wconf 85' lang='lat' dir='ltr'><strong>ille,</strong></span> <span class='ocrx_word' id='word_1_129' title='bbox 702 1411 909 1470; x_wconf 85' lang='lat' dir='ltr'><strong>nempe</strong></span> <span class='ocrx_word' id='word_1_130' title='bbox 946 1390 1400 1452; x_wconf 87' lang='lat' dir='ltr'><strong>Antichristus.&#39;’</strong></span> <span class='ocrx_word' id='word_1_131' title='bbox 1485 1391 1835 1452; x_wconf 84' lang='lat' dir='ltr'><strong>Ambrosius</strong></span> <span class='ocrx_word' id='word_1_132' title='bbox 1875 1394 1938 1451; x_wconf 90' lang='lat' dir='ltr'><strong>in</strong></span> <span class='ocrx_word' id='word_1_133' title='bbox 1975 1398 2010 1453; x_wconf 79' lang='lat'><strong>2</strong></span> <span class='ocrx_word' id='word_1_134' title='bbox 2040 1394 2244 1455; x_wconf 87' lang='lat' dir='ltr'><strong>Thess.</strong></span> <span class='ocrx_word' id='word_1_135' title='bbox 2282 1396 2363 1474; x_wconf 89' lang='lat' dir='ltr'><strong>ii.,</strong></span> <span class='ocrx_word' id='word_1_136' title='bbox 2409 1400 2446 1431; x_wconf 88' lang='lat'><strong>“</strong></span> <span class='ocrx_word' id='word_1_137' title='bbox 2466 1398 2545 1457; x_wconf 83' lang='lat' dir='ltr'><strong>Et</strong></span> <span class='ocrx_word' id='word_1_138' title='bbox 2581 1407 2704 1457; x_wconf 88' lang='lat' dir='ltr'><strong>tum</strong></span> 
     </span>
     <span class='ocr_line' id='line_1_14' title="bbox 299 1472 2705 1555; baseline 0.002 -23"><span class='ocrx_word' id='word_1_139' title='bbox 299 1472 653 1533; x_wconf 81' lang='lat' dir='ltr'><strong>revelabitur</strong></span> <span class='ocrx_word' id='word_1_140' title='bbox 678 1472 927 1551; x_wconf 89' lang='lat' dir='ltr'><strong>iniquus,</strong></span> <span class='ocrx_word' id='word_1_141' title='bbox 956 1480 1089 1550; x_wconf 89' lang='lat' dir='ltr'><strong>post</strong></span> <span class='ocrx_word' id='word_1_142' title='bbox 1114 1472 1460 1546; x_wconf 84' lang='lat' dir='ltr'><strong>defectum‚”</strong></span> <span class='ocrx_word' id='word_1_143' title='bbox 1490 1473 1696 1551; x_wconf 85' lang='lat' dir='ltr'><strong>inquit,</strong></span> <span class='ocrx_word' id='word_1_144' title='bbox 1743 1474 1781 1506; x_wconf 86' lang='lat'><strong>“</strong></span> <span class='ocrx_word' id='word_1_145' title='bbox 1796 1474 1964 1551; x_wconf 85' lang='lat' dir='ltr'><strong>regni</strong></span> <span class='ocrx_word' id='word_1_146' title='bbox 2007 1474 2271 1551; x_wconf 88' lang='lat' dir='ltr'><strong>Romani,</strong></span> <span class='ocrx_word' id='word_1_147' title='bbox 2313 1478 2705 1555; x_wconf 84' lang='lat' dir='ltr'><strong>appariturum</strong></span> 
     </span>
     <span class='ocr_line' id='line_1_15' title="bbox 300 1552 2707 1636; baseline 0.002 -24"><span class='ocrx_word' id='word_1_148' title='bbox 300 1553 727 1613; x_wconf 87' lang='lat' dir='ltr'><strong>Antichristum</strong></span> <span class='ocrx_word' id='word_1_149' title='bbox 754 1553 895 1613; x_wconf 88' lang='lat' dir='ltr'><strong>dicit</strong></span> <span class='ocrx_word' id='word_1_150' title='bbox 922 1552 1301 1631; x_wconf 83' lang='lat' dir='ltr'><strong>Apostolus.’&#39;</strong></span> <span class='ocrx_word' id='word_1_151' title='bbox 1366 1552 1586 1629; x_wconf 64' lang='lat' dir='ltr'><strong>Hiero„</strong></span> <span class='ocrx_word' id='word_1_152' title='bbox 1614 1552 1694 1612; x_wconf 87' lang='lat' dir='ltr'><strong>ad</strong></span> <span class='ocrx_word' id='word_1_153' title='bbox 1721 1552 1949 1631; x_wconf 87' lang='lat' dir='ltr'><strong>Algasi.</strong></span> <span class='ocrx_word' id='word_1_154' title='bbox 1978 1564 2182 1632; x_wconf 74' lang='lat' dir='ltr'><strong>quaest.</strong></span> <span class='ocrx_word' id='word_1_155' title='bbox 2217 1560 2308 1633; x_wconf 91' lang='lat'><strong>11,</strong></span> <span class='ocrx_word' id='word_1_156' title='bbox 2339 1557 2422 1617; x_wconf 88' lang='lat' dir='ltr'><strong>ita</strong></span> <span class='ocrx_word' id='word_1_157' title='bbox 2447 1558 2707 1636; x_wconf 85' lang='lat' dir='ltr'><strong>exponit,</strong></span> 
     </span>
     <span class='ocr_line' id='line_1_16' title="bbox 303 1633 2710 1713; baseline 0.002 -20"><span class='ocrx_word' id='word_1_158' title='bbox 303 1634 613 1695; x_wconf 85' lang='lat' dir='ltr'><strong>“Tantum</strong></span> <span class='ocrx_word' id='word_1_159' title='bbox 640 1640 707 1693; x_wconf 90' lang='lat' dir='ltr'><strong>ut</strong></span> <span class='ocrx_word' id='word_1_160' title='bbox 734 1633 1061 1693; x_wconf 89' lang='lat' dir='ltr'><strong>Romanum</strong></span> <span class='ocrx_word' id='word_1_161' title='bbox 1096 1633 1418 1711; x_wconf 86' lang='lat' dir='ltr'><strong>imperium,</strong></span> <span class='ocrx_word' id='word_1_162' title='bbox 1462 1633 1620 1711; x_wconf 88' lang='lat' dir='ltr'><strong>quod</strong></span> <span class='ocrx_word' id='word_1_163' title='bbox 1659 1654 1813 1691; x_wconf 89' lang='lat' dir='ltr'><strong>nunc</strong></span> <span class='ocrx_word' id='word_1_164' title='bbox 1853 1633 2155 1693; x_wconf 87' lang='lat' dir='ltr'><strong>universas</strong></span> <span class='ocrx_word' id='word_1_165' title='bbox 2182 1646 2386 1713; x_wconf 83' lang='lat' dir='ltr'><strong>gentes</strong></span> <span class='ocrx_word' id='word_1_166' title='bbox 2414 1646 2588 1713; x_wconf 89' lang='lat' dir='ltr'><strong>tenet,</strong></span> <span class='ocrx_word' id='word_1_167' title='bbox 2621 1659 2710 1698; x_wconf 90' lang='lat' dir='ltr'><strong>re-</strong></span> 
     </span>
     <span class='ocr_line' id='line_1_17' title="bbox 300 1712 2706 1793; baseline 0.002 -18"><span class='ocrx_word' id='word_1_168' title='bbox 300 1713 487 1790; x_wconf 86' lang='lat' dir='ltr'><strong>cedat,</strong></span> <span class='ocrx_word' id='word_1_169' title='bbox 518 1722 577 1773; x_wconf 93' lang='lat' dir='ltr'><strong>et</strong></span> <span class='ocrx_word' id='word_1_170' title='bbox 594 1714 667 1773; x_wconf 90' lang='lat' dir='ltr'><strong>de</strong></span> <span class='ocrx_word' id='word_1_171' title='bbox 682 1713 874 1773; x_wconf 86' lang='lat' dir='ltr'><strong>medio</strong></span> <span class='ocrx_word' id='word_1_172' title='bbox 896 1714 1012 1788; x_wconf 87' lang='lat' dir='ltr'><strong>fiat,</strong></span> <span class='ocrx_word' id='word_1_173' title='bbox 1038 1720 1099 1772; x_wconf 93' lang='lat' dir='ltr'><strong>et</strong></span> <span class='ocrx_word' id='word_1_174' title='bbox 1116 1722 1257 1773; x_wconf 88' lang='lat' dir='ltr'><strong>tunc</strong></span> <span class='ocrx_word' id='word_1_175' title='bbox 1278 1712 1678 1773; x_wconf 75' lang='lat' dir='ltr'><strong>Antichristus</strong></span> <span class='ocrx_word' id='word_1_176' title='bbox 1697 1714 1953 1789; x_wconf 86' lang='lat' dir='ltr'><strong>veniet,”</strong></span> <span class='ocrx_word' id='word_1_177' title='bbox 1983 1714 2140 1793; x_wconf 90' lang='lat' dir='ltr'><strong>quod</strong></span> <span class='ocrx_word' id='word_1_178' title='bbox 2161 1716 2461 1776; x_wconf 89' lang='lat' dir='ltr'><strong>confirmat</strong></span> <span class='ocrx_word' id='word_1_179' title='bbox 2487 1718 2550 1776; x_wconf 92' lang='lat' dir='ltr'><strong>in</strong></span> <span class='ocrx_word' id='word_1_180' title='bbox 2577 1720 2621 1779; x_wconf 89' lang='lat' dir='ltr'><strong>J</strong></span> <span class='ocrx_word' id='word_1_181' title='bbox 2624 1740 2706 1779; x_wconf 86' lang='lat' dir='ltr'><strong>er.</strong></span> 
     </span>
     <span class='ocr_line' id='line_1_18' title="bbox 302 1793 2710 1878; baseline 0.002 -23"><span class='ocrx_word' id='word_1_182' title='bbox 302 1815 425 1874; x_wconf 82' lang='lat' dir='ltr'><strong>cap.</strong></span> <span class='ocrx_word' id='word_1_183' title='bbox 454 1815 599 1854; x_wconf 83' lang='lat' dir='ltr'><strong>xxv.</strong></span> <span class='ocrx_word' id='word_1_184' title='bbox 644 1794 725 1853; x_wconf 90' lang='lat' dir='ltr'><strong>Et</strong></span> <span class='ocrx_word' id='word_1_185' title='bbox 750 1794 825 1853; x_wconf 89' lang='lat' dir='ltr'><strong>ad</strong></span> <span class='ocrx_word' id='word_1_186' title='bbox 854 1793 1249 1854; x_wconf 82' lang='lat' dir='ltr'><strong>Gaudentium</strong></span> <span class='ocrx_word' id='word_1_187' title='bbox 1274 1812 1408 1853; x_wconf 87' lang='lat' dir='ltr'><strong>cum</strong></span> <span class='ocrx_word' id='word_1_188' title='bbox 1434 1793 1788 1872; x_wconf 82' lang='lat' dir='ltr'><strong>intelligeret</strong></span> <span class='ocrx_word' id='word_1_189' title='bbox 1817 1794 2005 1853; x_wconf 82' lang='lat' dir='ltr'><strong>Roma</strong></span> <span class='ocrx_word' id='word_1_190' title='bbox 2031 1802 2212 1873; x_wconf 80' lang='lat' dir='ltr'><strong>rapta,</strong></span> <span class='ocrx_word' id='word_1_191' title='bbox 2237 1818 2470 1875; x_wconf 78' lang='lat' dir='ltr'><strong>unoque,</strong></span> <span class='ocrx_word' id='word_1_192' title='bbox 2489 1807 2556 1859; x_wconf 88' lang='lat' dir='ltr'><strong>ut</strong></span> <span class='ocrx_word' id='word_1_193' title='bbox 2583 1800 2710 1878; x_wconf 87' lang='lat' dir='ltr'><strong>ipse</strong></span> 
     </span>
     <span class='ocr_line' id='line_1_19' title="bbox 302 1872 2710 1955; baseline 0.002 -20"><span class='ocrx_word' id='word_1_194' title='bbox 302 1876 400 1951; x_wconf 87' lang='lat' dir='ltr'><strong>ait,</strong></span> <span class='ocrx_word' id='word_1_195' title='bbox 430 1877 633 1935; x_wconf 72' lang='lat' dir='ltr'><strong>hausta</strong></span> <span class='ocrx_word' id='word_1_196' title='bbox 652 1874 921 1950; x_wconf 78' lang='lat' dir='ltr'><strong>incendio,</strong></span> <span class='ocrx_word' id='word_1_197' title='bbox 952 1874 1255 1952; x_wconf 89' lang='lat' dir='ltr'><strong>imperium</strong></span> <span class='ocrx_word' id='word_1_198' title='bbox 1283 1872 1638 1933; x_wconf 81' lang='lat' dir='ltr'><strong>occidentale</strong></span> <span class='ocrx_word' id='word_1_199' title='bbox 1667 1874 1742 1932; x_wconf 84' lang='lat' dir='ltr'><strong>ad</strong></span> <span class='ocrx_word' id='word_1_200' title='bbox 1769 1893 2037 1934; x_wconf 85' lang='lat' dir='ltr'><strong>occasum</strong></span> <span class='ocrx_word' id='word_1_201' title='bbox 2057 1896 2317 1955; x_wconf 88' lang='lat' dir='ltr'><strong>vergere,</strong></span> <span class='ocrx_word' id='word_1_202' title='bbox 2351 1880 2386 1912; x_wconf 78' lang='lat'><strong>‘⁴</strong></span> <span class='ocrx_word' id='word_1_203' title='bbox 2411 1879 2524 1954; x_wconf 87' lang='lat' dir='ltr'><strong>Qui</strong></span> <span class='ocrx_word' id='word_1_204' title='bbox 2551 1887 2710 1939; x_wconf 80' lang='lat' dir='ltr'><strong>tene·</strong></span> 
     </span>
     <span class='ocr_line' id='line_1_20' title="bbox 301 1954 2713 2038; baseline 0.001 -23"><span class='ocrx_word' id='word_1_205' title='bbox 301 1956 455 2031; x_wconf 87' lang='lat' dir='ltr'><strong>bat,&#39;&#39;</strong></span> <span class='ocrx_word' id='word_1_206' title='bbox 488 1955 691 2033; x_wconf 89' lang='lat' dir='ltr'><strong>inquit,</strong></span> <span class='ocrx_word' id='word_1_207' title='bbox 738 1956 775 1989; x_wconf 76' lang='lat'><strong>‘⁶</strong></span> <span class='ocrx_word' id='word_1_208' title='bbox 797 1954 869 2013; x_wconf 89' lang='lat' dir='ltr'><strong>de</strong></span> <span class='ocrx_word' id='word_1_209' title='bbox 896 1954 1087 2013; x_wconf 87' lang='lat' dir='ltr'><strong>medio</strong></span> <span class='ocrx_word' id='word_1_210' title='bbox 1130 1954 1215 2029; x_wconf 84' lang='lat' dir='ltr'><strong>fit,</strong></span> <span class='ocrx_word' id='word_1_211' title='bbox 1266 1962 1325 2013; x_wconf 87' lang='lat' dir='ltr'><strong>et</strong></span> <span class='ocrx_word' id='word_1_212' title='bbox 1365 1973 1483 2011; x_wconf 91' lang='lat' dir='ltr'><strong>non</strong></span> <span class='ocrx_word' id='word_1_213' title='bbox 1527 1954 1908 2031; x_wconf 76' lang='lat' dir='ltr'><strong>intelligimus</strong></span> <span class='ocrx_word' id='word_1_214' title='bbox 1951 1956 2376 2017; x_wconf 89' lang='lat' dir='ltr'><strong>Antichristum</strong></span> <span class='ocrx_word' id='word_1_215' title='bbox 2405 1960 2713 2038; x_wconf 87' lang='lat' dir='ltr'><strong>appropin-</strong></span> 
     </span>
     <span class='ocr_line' id='line_1_21' title="bbox 302 2033 2712 2114; baseline 0.001 -19"><span class='ocrx_word' id='word_1_216' title='bbox 302 2055 479 2114; x_wconf 86' lang='lat' dir='ltr'><strong>quare</strong></span> <span class='ocrx_word' id='word_1_217' title='bbox 493 2036 559 2094; x_wconf 83' lang='lat'><strong>?&#39;&#39;</strong></span> <span class='ocrx_word' id='word_1_218' title='bbox 591 2034 963 2112; x_wconf 84' lang='lat' dir='ltr'><strong>Augustinus</strong></span> <span class='ocrx_word' id='word_1_219' title='bbox 988 2033 1091 2092; x_wconf 91' lang='lat' dir='ltr'><strong>lib.</strong></span> <span class='ocrx_word' id='word_1_220' title='bbox 1118 2054 1223 2093; x_wconf 81' lang='lat' dir='ltr'><strong>xx.</strong></span> <span class='ocrx_word' id='word_1_221' title='bbox 1246 2034 1319 2093; x_wconf 88' lang='lat' dir='ltr'><strong>de</strong></span> <span class='ocrx_word' id='word_1_222' title='bbox 1348 2033 1521 2093; x_wconf 87' lang='lat' dir='ltr'><strong>Civit.</strong></span> <span class='ocrx_word' id='word_1_223' title='bbox 1554 2033 1668 2093; x_wconf 89' lang='lat' dir='ltr'><strong>Dei</strong></span> <span class='ocrx_word' id='word_1_224' title='bbox 1689 2054 1815 2112; x_wconf 85' lang='lat' dir='ltr'><strong>cap.</strong></span> <span class='ocrx_word' id='word_1_225' title='bbox 1843 2037 1936 2107; x_wconf 89' lang='grc'><strong>16,</strong></span> <span class='ocrx_word' id='word_1_226' title='bbox 1959 2034 2097 2095; x_wconf 86' lang='lat' dir='ltr'><strong>licet</strong></span> <span class='ocrx_word' id='word_1_227' title='bbox 2124 2036 2372 2097; x_wconf 84' lang='lat' dir='ltr'><strong>fateatur</strong></span> <span class='ocrx_word' id='word_1_228' title='bbox 2399 2058 2460 2098; x_wconf 89' lang='lat' dir='ltr'><strong>se</strong></span> <span class='ocrx_word' id='word_1_229' title='bbox 2488 2040 2712 2099; x_wconf 88' lang='lat' dir='ltr'><strong>nescire</strong></span> 
     </span>
     <span class='ocr_line' id='line_1_22' title="bbox 300 2113 2712 2195; baseline 0.002 -20"><span class='ocrx_word' id='word_1_230' title='bbox 300 2115 441 2194; x_wconf 89' lang='lat' dir='ltr'><strong>quid</strong></span> <span class='ocrx_word' id='word_1_231' title='bbox 466 2115 614 2174; x_wconf 88' lang='lat' dir='ltr'><strong>illud</strong></span> <span class='ocrx_word' id='word_1_232' title='bbox 643 2115 719 2175; x_wconf 87' lang='lat' dir='ltr'><strong>sit</strong></span> <span class='ocrx_word' id='word_1_233' title='bbox 744 2115 902 2193; x_wconf 90' lang='lat' dir='ltr'><strong>quod</strong></span> <span class='ocrx_word' id='word_1_234' title='bbox 920 2114 1185 2188; x_wconf 86' lang='lat' dir='ltr'><strong>detinuit,</strong></span> <span class='ocrx_word' id='word_1_235' title='bbox 1214 2122 1409 2173; x_wconf 86' lang='lat' dir='ltr'><strong>tamen</strong></span> <span class='ocrx_word' id='word_1_236' title='bbox 1434 2114 1617 2173; x_wconf 85' lang='lat' dir='ltr'><strong>verba</strong></span> <span class='ocrx_word' id='word_1_237' title='bbox 1637 2113 1754 2189; x_wconf 83' lang='lat' dir='ltr'><strong>illa,</strong></span> <span class='ocrx_word' id='word_1_238' title='bbox 1783 2116 2052 2174; x_wconf 86' lang='lat' dir='ltr'><strong>“tantum</strong></span> <span class='ocrx_word' id='word_1_239' title='bbox 2073 2116 2175 2193; x_wconf 90' lang='lat' dir='ltr'><strong>qui</strong></span> <span class='ocrx_word' id='word_1_240' title='bbox 2195 2116 2366 2177; x_wconf 88' lang='lat' dir='ltr'><strong>modo</strong></span> <span class='ocrx_word' id='word_1_241' title='bbox 2387 2126 2603 2195; x_wconf 88' lang='lat' dir='ltr'><strong>tenent,</strong></span> <span class='ocrx_word' id='word_1_242' title='bbox 2627 2128 2712 2179; x_wconf 89' lang='lat' dir='ltr'><strong>te·</strong></span> 
     </span>
     <span class='ocr_line' id='line_1_23' title="bbox 300 2193 2716 2275; baseline 0.001 -20"><span class='ocrx_word' id='word_1_243' title='bbox 300 2196 535 2269; x_wconf 87' lang='lat' dir='ltr'><strong>neant‚&#39;&#39;</strong></span> <span class='ocrx_word' id='word_1_244' title='bbox 562 2204 719 2255; x_wconf 87' lang='lat' dir='ltr'><strong>recte</strong></span> <span class='ocrx_word' id='word_1_245' title='bbox 748 2194 963 2272; x_wconf 85' lang='lat' dir='ltr'><strong>exponi</strong></span> <span class='ocrx_word' id='word_1_246' title='bbox 988 2213 1158 2272; x_wconf 86' lang='lat' dir='ltr'><strong>posse</strong></span> <span class='ocrx_word' id='word_1_247' title='bbox 1201 2194 1495 2253; x_wconf 83' lang='lat' dir='ltr'><strong>existimat</strong></span> <span class='ocrx_word' id='word_1_248' title='bbox 1522 2193 1595 2252; x_wconf 90' lang='lat' dir='ltr'><strong>de</strong></span> <span class='ocrx_word' id='word_1_249' title='bbox 1622 2193 1864 2272; x_wconf 88' lang='lat' dir='ltr'><strong>imperio</strong></span> <span class='ocrx_word' id='word_1_250' title='bbox 1894 2196 2175 2270; x_wconf 77' lang='lat' dir='ltr'><strong>Romanu,</strong></span> <span class='ocrx_word' id='word_1_251' title='bbox 2221 2199 2550 2275; x_wconf 83' lang='lat' dir='ltr'><strong>“tanquam</strong></span> <span class='ocrx_word' id='word_1_252' title='bbox 2591 2199 2716 2259; x_wconf 90' lang='lat' dir='ltr'><strong>dic·</strong></span> 
     </span>
     <span class='ocr_line' id='line_1_24' title="bbox 301 2272 2712 2354; baseline 0.002 -19"><span class='ocrx_word' id='word_1_253' title='bbox 301 2284 425 2335; x_wconf 88' lang='lat' dir='ltr'><strong>tum</strong></span> <span class='ocrx_word' id='word_1_254' title='bbox 454 2276 545 2350; x_wconf 88' lang='lat' dir='ltr'><strong>sit,</strong></span> <span class='ocrx_word' id='word_1_255' title='bbox 576 2282 801 2335; x_wconf 86' lang='lat' dir='ltr'><strong>tantum</strong></span> <span class='ocrx_word' id='word_1_256' title='bbox 844 2273 945 2352; x_wconf 86' lang='lat' dir='ltr'><strong>qui</strong></span> <span class='ocrx_word' id='word_1_257' title='bbox 972 2272 1145 2333; x_wconf 89' lang='lat' dir='ltr'><strong>modo</strong></span> <span class='ocrx_word' id='word_1_258' title='bbox 1172 2274 1417 2353; x_wconf 91' lang='lat' dir='ltr'><strong>imperat</strong></span> <span class='ocrx_word' id='word_1_259' title='bbox 1441 2274 1704 2351; x_wconf 89' lang='lat' dir='ltr'><strong>imperet,</strong></span> <span class='ocrx_word' id='word_1_260' title='bbox 1735 2273 1920 2334; x_wconf 85' lang='lat' dir='ltr'><strong>donec</strong></span> <span class='ocrx_word' id='word_1_261' title='bbox 1947 2274 2020 2334; x_wconf 90' lang='lat' dir='ltr'><strong>de</strong></span> <span class='ocrx_word' id='word_1_262' title='bbox 2041 2275 2234 2336; x_wconf 89' lang='lat' dir='ltr'><strong>medio</strong></span> <span class='ocrx_word' id='word_1_263' title='bbox 2261 2277 2380 2353; x_wconf 87' lang='lat' dir='ltr'><strong>fiat,</strong></span> <span class='ocrx_word' id='word_1_264' title='bbox 2413 2277 2474 2335; x_wconf 91' lang='lat' dir='ltr'><strong>id</strong></span> <span class='ocrx_word' id='word_1_265' title='bbox 2501 2287 2606 2354; x_wconf 87' lang='lat' dir='ltr'><strong>cst,</strong></span> <span class='ocrx_word' id='word_1_266' title='bbox 2638 2278 2712 2339; x_wconf 88' lang='lat' dir='ltr'><strong>de</strong></span> 
     </span>
     <span class='ocr_line' id='line_1_25' title="bbox 302 2354 2714 2433; baseline 0.002 -19"><span class='ocrx_word' id='word_1_267' title='bbox 302 2356 493 2416; x_wconf 88' lang='lat' dir='ltr'><strong>medio</strong></span> <span class='ocrx_word' id='word_1_268' title='bbox 520 2356 773 2432; x_wconf 88' lang='lat' dir='ltr'><strong>tollatur,</strong></span> <span class='ocrx_word' id='word_1_269' title='bbox 806 2364 865 2415; x_wconf 91' lang='lat' dir='ltr'><strong>et</strong></span> <span class='ocrx_word' id='word_1_270' title='bbox 884 2363 1023 2414; x_wconf 88' lang='lat' dir='ltr'><strong>tunc</strong></span> <span class='ocrx_word' id='word_1_271' title='bbox 1048 2354 1403 2413; x_wconf 85' lang='lat' dir='ltr'><strong>revelabitur</strong></span> <span class='ocrx_word' id='word_1_272' title='bbox 1444 2354 1697 2431; x_wconf 88' lang='lat' dir='ltr'><strong>iniquus,</strong></span> <span class='ocrx_word' id='word_1_273' title='bbox 1729 2374 1901 2431; x_wconf 87' lang='lat' dir='ltr'><strong>quem</strong></span> <span class='ocrx_word' id='word_1_274' title='bbox 1931 2355 2256 2433; x_wconf 85' lang='lat' dir='ltr'><strong>significare</strong></span> <span class='ocrx_word' id='word_1_275' title='bbox 2286 2358 2714 2419; x_wconf 88' lang='lat' dir='ltr'><strong>Antichristum</strong></span> 
     </span>
     <span class='ocr_line' id='line_1_26' title="bbox 304 2434 2713 2513; baseline 0.002 -18"><span class='ocrx_word' id='word_1_276' title='bbox 304 2436 499 2496; x_wconf 87' lang='lat' dir='ltr'><strong>nullus</strong></span> <span class='ocrx_word' id='word_1_277' title='bbox 536 2436 841 2513; x_wconf 87' lang='lat' dir='ltr'><strong>ambigit.&#39;&#39;</strong></span> <span class='ocrx_word' id='word_1_278' title='bbox 930 2434 1201 2495; x_wconf 86' lang='lat' dir='ltr'><strong>Scdulius</strong></span> <span class='ocrx_word' id='word_1_279' title='bbox 1229 2434 1291 2492; x_wconf 92' lang='lat' dir='ltr'><strong>in</strong></span> <span class='ocrx_word' id='word_1_280' title='bbox 1313 2438 1349 2492; x_wconf 80' lang='lat'><strong>2</strong></span> <span class='ocrx_word' id='word_1_281' title='bbox 1392 2434 1596 2494; x_wconf 77' lang='lat' dir='ltr'><strong>Thess,</strong></span> <span class='ocrx_word' id='word_1_282' title='bbox 1643 2434 1723 2509; x_wconf 88' lang='lat' dir='ltr'><strong>ii.,</strong></span> <span class='ocrx_word' id='word_1_283' title='bbox 1772 2437 1808 2467; x_wconf 79' lang='lat'><strong>‘⁴</strong></span> <span class='ocrx_word' id='word_1_284' title='bbox 1828 2435 1941 2510; x_wconf 88' lang='lat' dir='ltr'><strong>Qui</strong></span> <span class='ocrx_word' id='word_1_285' title='bbox 1987 2456 2144 2496; x_wconf 88' lang='lat' dir='ltr'><strong>nunc</strong></span> <span class='ocrx_word' id='word_1_286' title='bbox 2191 2458 2300 2497; x_wconf 79' lang='lat' dir='ltr'><strong>rex</strong></span> <span class='ocrx_word' id='word_1_287' title='bbox 2321 2440 2713 2499; x_wconf 80' lang='lat' dir='ltr'><strong>Romanorum</strong></span> 
     </span>
     <span class='ocr_line' id='line_1_27' title="bbox 303 2514 2716 2595; baseline 0.002 -19"><span class='ocrx_word' id='word_1_288' title='bbox 303 2524 463 2577; x_wconf 80' lang='lat' dir='ltr'><strong>tenet</strong></span> <span class='ocrx_word' id='word_1_289' title='bbox 504 2536 759 2594; x_wconf 71' lang='lat' dir='ltr'><strong>requam,</strong></span> <span class='ocrx_word' id='word_1_290' title='bbox 802 2523 996 2575; x_wconf 88' lang='lat' dir='ltr'><strong>teneat</strong></span> <span class='ocrx_word' id='word_1_291' title='bbox 1035 2534 1269 2591; x_wconf 70' lang='lat' dir='ltr'><strong>requam</strong></span> <span class='ocrx_word' id='word_1_292' title='bbox 1306 2534 1486 2589; x_wconf 76' lang='lat' dir='ltr'><strong>suum,</strong></span> <span class='ocrx_word' id='word_1_293' title='bbox 1532 2514 1717 2573; x_wconf 89' lang='lat' dir='ltr'><strong>donec</strong></span> <span class='ocrx_word' id='word_1_294' title='bbox 1759 2514 1832 2573; x_wconf 89' lang='lat' dir='ltr'><strong>de</strong></span> <span class='ocrx_word' id='word_1_295' title='bbox 1871 2516 2064 2574; x_wconf 83' lang='lat' dir='ltr'><strong>medio</strong></span> <span class='ocrx_word' id='word_1_296' title='bbox 2103 2516 2223 2594; x_wconf 86' lang='lat' dir='ltr'><strong>fiat,</strong></span> <span class='ocrx_word' id='word_1_297' title='bbox 2267 2518 2330 2577; x_wconf 89' lang='lat' dir='ltr'><strong>id</strong></span> <span class='ocrx_word' id='word_1_298' title='bbox 2377 2527 2483 2595; x_wconf 88' lang='lat' dir='ltr'><strong>est,</strong></span> <span class='ocrx_word' id='word_1_299' title='bbox 2529 2519 2716 2581; x_wconf 87' lang='lat' dir='ltr'><strong>donec</strong></span> 
     </span>
     <span class='ocr_line' id='line_1_28' title="bbox 300 2594 2710 2675; baseline 0.002 -21"><span class='ocrx_word' id='word_1_300' title='bbox 300 2616 565 2675; x_wconf 86' lang='lat' dir='ltr'><strong>regnum,</strong></span> <span class='ocrx_word' id='word_1_301' title='bbox 632 2598 785 2674; x_wconf 81' lang='lat' dir='ltr'><strong>quod</strong></span> <span class='ocrx_word' id='word_1_302' title='bbox 818 2616 965 2655; x_wconf 79' lang='lat' dir='ltr'><strong>nunc</strong></span> <span class='ocrx_word' id='word_1_303' title='bbox 1004 2603 1149 2655; x_wconf 81' lang='lat' dir='ltr'><strong>tenet</strong></span> <span class='ocrx_word' id='word_1_304' title='bbox 1208 2594 1282 2653; x_wconf 91' lang='lat' dir='ltr'><strong>de</strong></span> <span class='ocrx_word' id='word_1_305' title='bbox 1344 2594 1538 2653; x_wconf 85' lang='lat' dir='ltr'><strong>medio</strong></span> <span class='ocrx_word' id='word_1_306' title='bbox 1600 2594 1911 2671; x_wconf 83' lang='lat' dir='ltr'><strong>auferatur,</strong></span> <span class='ocrx_word' id='word_1_307' title='bbox 1974 2596 2310 2673; x_wconf 85' lang='lat' dir='ltr'><strong>priusquam</strong></span> <span class='ocrx_word' id='word_1_308' title='bbox 2381 2597 2710 2661; x_wconf 85' lang='lat' dir='ltr'><strong>Antichris-</strong></span> 
     </span>
     <span class='ocr_line' id='line_1_29' title="bbox 302 2674 2715 2755; baseline 0.002 -19"><span class='ocrx_word' id='word_1_309' title='bbox 302 2684 398 2736; x_wconf 87' lang='lat' dir='ltr'><strong>tus</strong></span> <span class='ocrx_word' id='word_1_310' title='bbox 424 2677 731 2737; x_wconf 89' lang='lat' dir='ltr'><strong>reveletur.</strong></span> <span class='ocrx_word' id='word_1_311' title='bbox 818 2676 951 2735; x_wconf 90' lang='lat' dir='ltr'><strong>Hoc</strong></span> <span class='ocrx_word' id='word_1_312' title='bbox 978 2675 1051 2734; x_wconf 90' lang='lat' dir='ltr'><strong>de</strong></span> <span class='ocrx_word' id='word_1_313' title='bbox 1078 2675 1319 2752; x_wconf 89' lang='lat' dir='ltr'><strong>imperio</strong></span> <span class='ocrx_word' id='word_1_314' title='bbox 1349 2675 1613 2734; x_wconf 89' lang='lat' dir='ltr'><strong>Romano</strong></span> <span class='ocrx_word' id='word_1_315' title='bbox 1652 2674 1872 2733; x_wconf 89' lang='lat' dir='ltr'><strong>dictum</strong></span> <span class='ocrx_word' id='word_1_316' title='bbox 1913 2685 2019 2750; x_wconf 87' lang='lat' dir='ltr'><strong>est,</strong></span> <span class='ocrx_word' id='word_1_317' title='bbox 2051 2684 2109 2735; x_wconf 88' lang='lat' dir='ltr'><strong>et</strong></span> <span class='ocrx_word' id='word_1_318' title='bbox 2135 2686 2439 2755; x_wconf 83' lang='lat' dir='ltr'><strong>propterea</strong></span> <span class='ocrx_word' id='word_1_319' title='bbox 2468 2679 2715 2740; x_wconf 89' lang='lat' dir='ltr'><strong>Paulum</strong></span> 
     </span>
     <span class='ocr_line' id='line_1_30' title="bbox 301 2753 2712 2835; baseline 0.002 -20"><span class='ocrx_word' id='word_1_320' title='bbox 301 2776 418 2816; x_wconf 90' lang='lat' dir='ltr'><strong>non</strong></span> <span class='ocrx_word' id='word_1_321' title='bbox 444 2757 509 2815; x_wconf 89' lang='lat' dir='ltr'><strong>id</strong></span> <span class='ocrx_word' id='word_1_322' title='bbox 534 2764 731 2835; x_wconf 87' lang='lat' dir='ltr'><strong>aperte</strong></span> <span class='ocrx_word' id='word_1_323' title='bbox 760 2756 1009 2815; x_wconf 86' lang='lat' dir='ltr'><strong>scribere</strong></span> <span class='ocrx_word' id='word_1_324' title='bbox 1035 2755 1292 2814; x_wconf 89' lang='lat' dir='ltr'><strong>voluisse</strong></span> <span class='ocrx_word' id='word_1_325' title='bbox 1320 2753 1538 2829; x_wconf 89' lang='lat' dir='ltr'><strong>dicunt,</strong></span> <span class='ocrx_word' id='word_1_326' title='bbox 1570 2774 1644 2813; x_wconf 89' lang='lat' dir='ltr'><strong>ne</strong></span> <span class='ocrx_word' id='word_1_327' title='bbox 1665 2754 2014 2813; x_wconf 85' lang='lat' dir='ltr'><strong>calumniam</strong></span> <span class='ocrx_word' id='word_1_328' title='bbox 2043 2755 2374 2833; x_wconf 82' lang='lat' dir='ltr'><strong>incurreret,</strong></span> <span class='ocrx_word' id='word_1_329' title='bbox 2407 2759 2562 2835; x_wconf 86' lang='lat' dir='ltr'><strong>quod</strong></span> <span class='ocrx_word' id='word_1_330' title='bbox 2593 2761 2712 2819; x_wconf 92' lang='lat' dir='ltr'><strong>Ro-</strong></span> 
     </span>
     <span class='ocr_line' id='line_1_31' title="bbox 301 2835 2714 2916; baseline 0.002 -20"><span class='ocrx_word' id='word_1_331' title='bbox 301 2856 473 2896; x_wconf 91' lang='lat' dir='ltr'><strong>mano</strong></span> <span class='ocrx_word' id='word_1_332' title='bbox 498 2836 739 2916; x_wconf 88' lang='lat' dir='ltr'><strong>imperio</strong></span> <span class='ocrx_word' id='word_1_333' title='bbox 766 2835 915 2895; x_wconf 91' lang='lat' dir='ltr'><strong>male</strong></span> <span class='ocrx_word' id='word_1_334' title='bbox 944 2836 1245 2913; x_wconf 87' lang='lat' dir='ltr'><strong>optaverit,</strong></span> <span class='ocrx_word' id='word_1_335' title='bbox 1278 2854 1408 2893; x_wconf 90' lang='lat' dir='ltr'><strong>cum</strong></span> <span class='ocrx_word' id='word_1_336' title='bbox 1438 2842 1764 2912; x_wconf 86' lang='lat' dir='ltr'><strong>speraretur</strong></span> <span class='ocrx_word' id='word_1_337' title='bbox 1791 2836 2128 2893; x_wconf 86' lang='lat' dir='ltr'><strong>aeternum.&#39;’</strong></span> <span class='ocrx_word' id='word_1_338' title='bbox 2201 2836 2366 2895; x_wconf 89' lang='lat' dir='ltr'><strong>Idem</strong></span> <span class='ocrx_word' id='word_1_339' title='bbox 2389 2850 2714 2914; x_wconf 86' lang='lat' dir='ltr'><strong>agnoscunt</strong></span> 
     </span>
     <span class='ocr_line' id='line_1_32' title="bbox 298 2914 2712 2994; baseline 0.001 -18"><span class='ocrx_word' id='word_1_340' title='bbox 298 2917 609 2994; x_wconf 78' lang='lat' dir='ltr'><strong>Amelmus,</strong></span> <span class='ocrx_word' id='word_1_341' title='bbox 644 2916 849 2977; x_wconf 73' lang='lat' dir='ltr'><strong>Glossa</strong></span> <span class='ocrx_word' id='word_1_342' title='bbox 874 2915 1281 2990; x_wconf 73' lang='lat' dir='ltr'><strong>Inter-linearis,</strong></span> <span class='ocrx_word' id='word_1_343' title='bbox 1330 2916 1613 2989; x_wconf 59' lang='grc' dir='ltr'><strong>Ῑᾼπαπαε,</strong></span> <span class='ocrx_word' id='word_1_344' title='bbox 1661 2914 1921 2991; x_wconf 75' lang='lat' dir='ltr'><strong>Thomas,</strong></span> <span class='ocrx_word' id='word_1_345' title='bbox 1955 2922 2012 2972; x_wconf 90' lang='lat' dir='ltr'><strong>et</strong></span> <span class='ocrx_word' id='word_1_346' title='bbox 2041 2914 2139 2972; x_wconf 88' lang='lat' dir='ltr'><strong>alii</strong></span> <span class='ocrx_word' id='word_1_347' title='bbox 2166 2934 2282 2975; x_wconf 90' lang='lat' dir='ltr'><strong>non</strong></span> <span class='ocrx_word' id='word_1_348' title='bbox 2309 2917 2480 2993; x_wconf 88' lang='lat' dir='ltr'><strong>pauci</strong></span> <span class='ocrx_word' id='word_1_349' title='bbox 2507 2937 2582 2976; x_wconf 86' lang='lat' dir='ltr'><strong>ex</strong></span> <span class='ocrx_word' id='word_1_350' title='bbox 2611 2920 2712 2978; x_wconf 86' lang='lat' dir='ltr'><strong>ad·</strong></span> 
     </span>
     <span class='ocr_line' id='line_1_33' title="bbox 300 3016 593 3057; baseline 0.007 -2"><span class='ocrx_word' id='word_1_351' title='bbox 300 3016 593 3057; x_wconf 75' lang='lat' dir='ltr'><strong>versurus.</strong></span> 
     </span>
    </p>

    <p class='ocr_par' dir='ltr' id='par_1_3' title="bbox 295 3072 2714 4753">
     <span class='ocr_line' id='line_1_34' title="bbox 386 3072 2712 3152; baseline 0.001 -18"><span class='ocrx_word' id='word_1_352' title='bbox 386 3075 576 3135; x_wconf 86' lang='lat' dir='ltr'>XIII.</span> <span class='ocrx_word' id='word_1_353' title='bbox 658 3076 791 3135; x_wconf 90' lang='lat' dir='ltr'><strong>Hoc</strong></span> <span class='ocrx_word' id='word_1_354' title='bbox 830 3096 969 3137; x_wconf 86' lang='lat' dir='ltr'><strong>vero</strong></span> <span class='ocrx_word' id='word_1_355' title='bbox 1017 3074 1197 3135; x_wconf 86' lang='lat' dir='ltr'><strong>semel</strong></span> <span class='ocrx_word' id='word_1_356' title='bbox 1249 3073 1457 3152; x_wconf 89' lang='lat' dir='ltr'><strong>posit0,</strong></span> <span class='ocrx_word' id='word_1_357' title='bbox 1506 3072 1872 3151; x_wconf 89' lang='lat' dir='ltr'><strong>probandum</strong></span> <span class='ocrx_word' id='word_1_358' title='bbox 1919 3083 2199 3151; x_wconf 86' lang='lat' dir='ltr'><strong>superest,</strong></span> <span class='ocrx_word' id='word_1_359' title='bbox 2253 3077 2545 3136; x_wconf 88' lang='lat' dir='ltr'><strong>oraculum</strong></span> <span class='ocrx_word' id='word_1_360' title='bbox 2601 3078 2712 3137; x_wconf 90' lang='lat' dir='ltr'><strong>hoc</strong></span> 
     </span>
     <span class='ocr_line' id='line_1_35' title="bbox 295 3150 2712 3235; baseline 0.001 -20"><span class='ocrx_word' id='word_1_361' title='bbox 295 3150 523 3235; x_wconf 84' lang='lat' dir='ltr'><strong>jamdiu</strong></span> <span class='ocrx_word' id='word_1_362' title='bbox 550 3156 847 3234; x_wconf 89' lang='lat' dir='ltr'><strong>impletum</strong></span> <span class='ocrx_word' id='word_1_363' title='bbox 868 3176 1013 3231; x_wconf 88' lang='lat' dir='ltr'><strong>esse,</strong></span> <span class='ocrx_word' id='word_1_364' title='bbox 1043 3156 1155 3215; x_wconf 88' lang='lat' dir='ltr'><strong>hoc</strong></span> <span class='ocrx_word' id='word_1_365' title='bbox 1183 3162 1288 3228; x_wconf 89' lang='lat' dir='ltr'><strong>est,</strong></span> <span class='ocrx_word' id='word_1_366' title='bbox 1319 3152 1638 3213; x_wconf 88' lang='lat' dir='ltr'><strong>dominium</strong></span> <span class='ocrx_word' id='word_1_367' title='bbox 1665 3154 2091 3231; x_wconf 88' lang='lat' dir='ltr'><strong>imperatorum,</strong></span> <span class='ocrx_word' id='word_1_368' title='bbox 2117 3154 2272 3230; x_wconf 89' lang='lat' dir='ltr'><strong>quod</strong></span> <span class='ocrx_word' id='word_1_369' title='bbox 2299 3156 2712 3217; x_wconf 86' lang='lat' dir='ltr'><strong>revelationem</strong></span> 
     </span>
     <span class='ocr_line' id='line_1_36' title="bbox 303 3233 2708 3315; baseline 0.001 -19"><span class='ocrx_word' id='word_1_370' title='bbox 303 3235 651 3297; x_wconf 89' lang='lat' dir='ltr'><strong>Antichristi</strong></span> <span class='ocrx_word' id='word_1_371' title='bbox 670 3237 1037 3315; x_wconf 84' lang='lat' dir='ltr'><strong>impediebat,</strong></span> <span class='ocrx_word' id='word_1_372' title='bbox 1068 3256 1101 3295; x_wconf 89' lang='lat' dir='ltr'><strong>e</strong></span> <span class='ocrx_word' id='word_1_373' title='bbox 1128 3234 1319 3294; x_wconf 89' lang='lat' dir='ltr'><strong>medio</strong></span> <span class='ocrx_word' id='word_1_374' title='bbox 1350 3234 1642 3293; x_wconf 88' lang='lat' dir='ltr'><strong>sublatum</strong></span> <span class='ocrx_word' id='word_1_375' title='bbox 1669 3233 1865 3310; x_wconf 85' lang='lat' dir='ltr'><strong>fuisse,</strong></span> <span class='ocrx_word' id='word_1_376' title='bbox 1897 3242 2069 3311; x_wconf 86' lang='lat' dir='ltr'><strong>atque</strong></span> <span class='ocrx_word' id='word_1_377' title='bbox 2097 3234 2242 3293; x_wconf 89' lang='lat' dir='ltr'><strong>adeo</strong></span> <span class='ocrx_word' id='word_1_378' title='bbox 2264 3234 2708 3315; x_wconf 88' lang='lat' dir='ltr'><strong>Antichristum,</strong></span> 
     </span>
     <span class='ocr_line' id='line_1_37' title="bbox 302 3314 2710 3395; baseline 0.001 -18"><span class='ocrx_word' id='word_1_379' title='bbox 302 3338 371 3377; x_wconf 88' lang='lat' dir='ltr'><strong>eo</strong></span> <span class='ocrx_word' id='word_1_380' title='bbox 400 3317 645 3393; x_wconf 80' lang='lat' dir='ltr'><strong>sublatO,</strong></span> <span class='ocrx_word' id='word_1_381' title='bbox 668 3318 793 3395; x_wconf 87' lang='lat' dir='ltr'><strong>jam</strong></span> <span class='ocrx_word' id='word_1_382' title='bbox 840 3316 975 3375; x_wconf 86' lang='lat' dir='ltr'><strong>inde</strong></span> <span class='ocrx_word' id='word_1_383' title='bbox 1017 3318 1338 3375; x_wconf 88' lang='lat' dir='ltr'><strong>revelatum</strong></span> <span class='ocrx_word' id='word_1_384' title='bbox 1382 3314 1578 3374; x_wconf 83' lang='lat' dir='ltr'><strong>fuisse.</strong></span> <span class='ocrx_word' id='word_1_385' title='bbox 1664 3314 2006 3393; x_wconf 85' lang='lat' dir='ltr'><strong>Quanquam</strong></span> <span class='ocrx_word' id='word_1_386' title='bbox 2044 3315 2380 3393; x_wconf 88' lang='lat' dir='ltr'><strong>probatione</strong></span> <span class='ocrx_word' id='word_1_387' title='bbox 2409 3336 2555 3395; x_wconf 89' lang='lat' dir='ltr'><strong>opus</strong></span> <span class='ocrx_word' id='word_1_388' title='bbox 2583 3338 2710 3380; x_wconf 89' lang='lat' dir='ltr'><strong>esse</strong></span> 
     </span>
     <span class='ocr_line' id='line_1_38' title="bbox 298 3395 2714 3476; baseline 0.001 -19"><span class='ocrx_word' id='word_1_389' title='bbox 298 3398 745 3476; x_wconf 84' lang='lat' dir='ltr'><strong>haudquaquam</strong></span> <span class='ocrx_word' id='word_1_390' title='bbox 772 3397 1082 3473; x_wconf 89' lang='lat' dir='ltr'><strong>videretur,</strong></span> <span class='ocrx_word' id='word_1_391' title='bbox 1114 3416 1245 3455; x_wconf 90' lang='lat' dir='ltr'><strong>cum</strong></span> <span class='ocrx_word' id='word_1_392' title='bbox 1274 3402 1517 3455; x_wconf 87' lang='lat' dir='ltr'><strong>eventus</strong></span> <span class='ocrx_word' id='word_1_393' title='bbox 1537 3395 1679 3473; x_wconf 90' lang='lat' dir='ltr'><strong>ipse,</strong></span> <span class='ocrx_word' id='word_1_394' title='bbox 1711 3403 1770 3456; x_wconf 90' lang='lat' dir='ltr'><strong>et</strong></span> <span class='ocrx_word' id='word_1_395' title='bbox 1794 3415 1986 3455; x_wconf 89' lang='lat' dir='ltr'><strong>rerum</strong></span> <span class='ocrx_word' id='word_1_396' title='bbox 2004 3396 2360 3474; x_wconf 82' lang='lat' dir='ltr'><strong>experientia</strong></span> <span class='ocrx_word' id='word_1_397' title='bbox 2384 3398 2513 3476; x_wconf 87' lang='lat' dir='ltr'><strong>hoc,</strong></span> <span class='ocrx_word' id='word_1_398' title='bbox 2543 3400 2714 3459; x_wconf 90' lang='lat' dir='ltr'><strong>nobis</strong></span> 
     </span>
     <span class='ocr_line' id='line_1_39' title="bbox 299 3476 2710 3552; baseline 0.001 -15"><span class='ocrx_word' id='word_1_399' title='bbox 299 3478 471 3539; x_wconf 89' lang='lat' dir='ltr'><strong>etiam</strong></span> <span class='ocrx_word' id='word_1_400' title='bbox 498 3478 842 3552; x_wconf 74' lang='lat' dir='ltr'><strong>tacentibuS,</strong></span> <span class='ocrx_word' id='word_1_401' title='bbox 874 3476 1099 3552; x_wconf 87' lang='lat' dir='ltr'><strong>clamet,</strong></span> <span class='ocrx_word' id='word_1_402' title='bbox 1130 3476 1251 3536; x_wconf 87' lang='lat' dir='ltr'><strong>scio</strong></span> <span class='ocrx_word' id='word_1_403' title='bbox 1289 3476 1601 3534; x_wconf 83' lang='lat' dir='ltr'><strong>reclamare</strong></span> <span class='ocrx_word' id='word_1_404' title='bbox 1644 3476 1740 3535; x_wconf 88' lang='lat' dir='ltr'><strong>hic</strong></span> <span class='ocrx_word' id='word_1_405' title='bbox 1767 3476 2145 3551; x_wconf 72' lang='lat' dir='ltr'><strong>adversari05‚</strong></span> <span class='ocrx_word' id='word_1_406' title='bbox 2187 3484 2246 3536; x_wconf 91' lang='lat' dir='ltr'><strong>et</strong></span> <span class='ocrx_word' id='word_1_407' title='bbox 2281 3478 2536 3538; x_wconf 87' lang='lat' dir='ltr'><strong>nondum</strong></span> <span class='ocrx_word' id='word_1_408' title='bbox 2576 3481 2710 3540; x_wconf 90' lang='lat' dir='ltr'><strong>sub·</strong></span> 
     </span>
     <span class='ocr_line' id='line_1_40' title="bbox 295 3555 2712 3635; baseline 0 -16"><span class='ocrx_word' id='word_1_409' title='bbox 295 3557 477 3619; x_wconf 86' lang='lat' dir='ltr'><strong>latum</strong></span> <span class='ocrx_word' id='word_1_410' title='bbox 504 3578 631 3619; x_wconf 86' lang='lat' dir='ltr'><strong>esse</strong></span> <span class='ocrx_word' id='word_1_411' title='bbox 662 3558 990 3617; x_wconf 87' lang='lat' dir='ltr'><strong>Romanum</strong></span> <span class='ocrx_word' id='word_1_412' title='bbox 1016 3556 1319 3633; x_wconf 88' lang='lat' dir='ltr'><strong>imperium</strong></span> <span class='ocrx_word' id='word_1_413' title='bbox 1344 3555 1709 3633; x_wconf 87' lang='lat' dir='ltr'><strong>contendere,</strong></span> <span class='ocrx_word' id='word_1_414' title='bbox 1730 3576 1797 3614; x_wconf 85' lang='lat' dir='ltr'><strong>ac</strong></span> <span class='ocrx_word' id='word_1_415' title='bbox 1812 3556 2055 3634; x_wconf 87' lang='lat' dir='ltr'><strong>proinde</strong></span> <span class='ocrx_word' id='word_1_416' title='bbox 2082 3556 2270 3616; x_wconf 85' lang='lat' dir='ltr'><strong>adhuc</strong></span> <span class='ocrx_word' id='word_1_417' title='bbox 2289 3560 2712 3635; x_wconf 85' lang='lat' dir='ltr'><strong>expectandum</strong></span> 
     </span>
     <span class='ocr_line' id='line_1_41' title="bbox 298 3635 2708 3715; baseline -0.001 -16"><span class='ocrx_word' id='word_1_418' title='bbox 298 3658 425 3699; x_wconf 85' lang='lat' dir='ltr'><strong>esse</strong></span> <span class='ocrx_word' id='word_1_419' title='bbox 452 3637 897 3699; x_wconf 87' lang='lat' dir='ltr'><strong>Antichristum.</strong></span> <span class='ocrx_word' id='word_1_420' title='bbox 979 3636 1200 3695; x_wconf 90' lang='lat' dir='ltr'><strong>Verum</strong></span> <span class='ocrx_word' id='word_1_421' title='bbox 1226 3635 1385 3695; x_wconf 86' lang='lat' dir='ltr'><strong>facili</strong></span> <span class='ocrx_word' id='word_1_422' title='bbox 1410 3636 1648 3713; x_wconf 88' lang='lat' dir='ltr'><strong>negotio</strong></span> <span class='ocrx_word' id='word_1_423' title='bbox 1691 3635 1994 3714; x_wconf 85' lang='lat' dir='ltr'><strong>scrupulus</strong></span> <span class='ocrx_word' id='word_1_424' title='bbox 2041 3637 2279 3713; x_wconf 91' lang='lat' dir='ltr'><strong>tollitur,</strong></span> <span class='ocrx_word' id='word_1_425' title='bbox 2311 3638 2361 3696; x_wconf 87' lang='lat' dir='ltr'><strong>si</strong></span> <span class='ocrx_word' id='word_1_426' title='bbox 2389 3637 2708 3715; x_wconf 87' lang='lat' dir='ltr'><strong>distingua-</strong></span> 
     </span>
     <span class='ocr_line' id='line_1_42' title="bbox 298 3714 2704 3796; baseline -0 -19"><span class='ocrx_word' id='word_1_427' title='bbox 298 3738 429 3779; x_wconf 84' lang='lat' dir='ltr'><strong>mus</strong></span> <span class='ocrx_word' id='word_1_428' title='bbox 474 3728 625 3778; x_wconf 75' lang='lat' dir='ltr'><strong>vetus</strong></span> <span class='ocrx_word' id='word_1_429' title='bbox 672 3717 968 3795; x_wconf 80' lang='lat' dir='ltr'><strong>imperium</strong></span> <span class='ocrx_word' id='word_1_430' title='bbox 1008 3724 1068 3775; x_wconf 90' lang='lat' dir='ltr'><strong>et</strong></span> <span class='ocrx_word' id='word_1_431' title='bbox 1106 3734 1345 3791; x_wconf 74' lang='lat' dir='ltr'><strong>novum,</strong></span> <span class='ocrx_word' id='word_1_432' title='bbox 1390 3714 1650 3774; x_wconf 88' lang='lat' dir='ltr'><strong>ordinem</strong></span> <span class='ocrx_word' id='word_1_433' title='bbox 1699 3716 1920 3777; x_wconf 85' lang='lat' dir='ltr'><strong>scilicet</strong></span> <span class='ocrx_word' id='word_1_434' title='bbox 1963 3726 2224 3775; x_wconf 89' lang='lat' dir='ltr'><strong>veterum</strong></span> <span class='ocrx_word' id='word_1_435' title='bbox 2277 3718 2704 3796; x_wconf 87' lang='lat' dir='ltr'><strong>imperatorum,</strong></span> 
     </span>
     <span class='ocr_line' id='line_1_43' title="bbox 298 3795 2709 3876; baseline -0 -18"><span class='ocrx_word' id='word_1_436' title='bbox 298 3799 400 3876; x_wconf 87' lang='lat' dir='ltr'><strong>qui</strong></span> <span class='ocrx_word' id='word_1_437' title='bbox 425 3799 489 3857; x_wconf 91' lang='lat' dir='ltr'><strong>in</strong></span> <span class='ocrx_word' id='word_1_438' title='bbox 514 3797 853 3875; x_wconf 87' lang='lat' dir='ltr'><strong>Augustulo</strong></span> <span class='ocrx_word' id='word_1_439' title='bbox 878 3795 1188 3870; x_wconf 85' lang='lat' dir='ltr'><strong>intercidit,</strong></span> <span class='ocrx_word' id='word_1_440' title='bbox 1216 3804 1282 3855; x_wconf 91' lang='lat' dir='ltr'><strong>ut</strong></span> <span class='ocrx_word' id='word_1_441' title='bbox 1303 3796 1547 3873; x_wconf 84' lang='lat' dir='ltr'><strong>jamjam</strong></span> <span class='ocrx_word' id='word_1_442' title='bbox 1562 3795 1907 3872; x_wconf 89' lang='lat' dir='ltr'><strong>videbimus,</strong></span> <span class='ocrx_word' id='word_1_443' title='bbox 1939 3803 1998 3855; x_wconf 90' lang='lat' dir='ltr'><strong>et</strong></span> <span class='ocrx_word' id='word_1_444' title='bbox 2026 3796 2232 3855; x_wconf 86' lang='lat' dir='ltr'><strong>seriem</strong></span> <span class='ocrx_word' id='word_1_445' title='bbox 2252 3816 2551 3871; x_wconf 89' lang='lat' dir='ltr'><strong>novorum,</strong></span> <span class='ocrx_word' id='word_1_446' title='bbox 2577 3818 2709 3875; x_wconf 83' lang='lat' dir='ltr'><strong>quae</strong></span> 
     </span>
     <span class='ocr_line' id='line_1_44' title="bbox 297 3874 2704 3955; baseline -0 -18"><span class='ocrx_word' id='word_1_447' title='bbox 297 3878 357 3937; x_wconf 89' lang='lat' dir='ltr'><strong>in</strong></span> <span class='ocrx_word' id='word_1_448' title='bbox 388 3878 593 3938; x_wconf 85' lang='lat' dir='ltr'><strong>Carolo</strong></span> <span class='ocrx_word' id='word_1_449' title='bbox 622 3878 843 3955; x_wconf 87' lang='lat' dir='ltr'><strong>Magno</strong></span> <span class='ocrx_word' id='word_1_450' title='bbox 869 3877 1099 3937; x_wconf 88' lang='lat' dir='ltr'><strong>initium</strong></span> <span class='ocrx_word' id='word_1_451' title='bbox 1128 3874 1391 3953; x_wconf 86' lang='lat' dir='ltr'><strong>sumpsit.</strong></span> <span class='ocrx_word' id='word_1_452' title='bbox 1476 3875 1691 3935; x_wconf 88' lang='lat' dir='ltr'><strong>Fateor</strong></span> <span class='ocrx_word' id='word_1_453' title='bbox 1729 3875 1980 3952; x_wconf 88' lang='lat' dir='ltr'><strong>quidem,</strong></span> <span class='ocrx_word' id='word_1_454' title='bbox 2031 3876 2332 3954; x_wconf 88' lang='lat' dir='ltr'><strong>imperium</strong></span> <span class='ocrx_word' id='word_1_455' title='bbox 2360 3896 2574 3935; x_wconf 90' lang='lat' dir='ltr'><strong>novum</strong></span> <span class='ocrx_word' id='word_1_456' title='bbox 2605 3878 2704 3936; x_wconf 86' lang='lat' dir='ltr'><strong>ad-</strong></span> 
     </span>
     <span class='ocr_line' id='line_1_45' title="bbox 295 3954 2706 4034; baseline -0 -17"><span class='ocrx_word' id='word_1_457' title='bbox 295 3959 412 4017; x_wconf 90' lang='lat' dir='ltr'><strong>huc</strong></span> <span class='ocrx_word' id='word_1_458' title='bbox 440 3976 755 4034; x_wconf 86' lang='lat' dir='ltr'><strong>superesse,</strong></span> <span class='ocrx_word' id='word_1_459' title='bbox 786 3958 944 4034; x_wconf 93' lang='lat' dir='ltr'><strong>quod</strong></span> <span class='ocrx_word' id='word_1_460' title='bbox 970 3975 1179 4015; x_wconf 89' lang='lat' dir='ltr'><strong>nomen</strong></span> <span class='ocrx_word' id='word_1_461' title='bbox 1219 3954 1425 4032; x_wconf 86' lang='lat' dir='ltr'><strong>prioris</strong></span> <span class='ocrx_word' id='word_1_462' title='bbox 1466 3962 1527 4013; x_wconf 89' lang='lat' dir='ltr'><strong>et</strong></span> <span class='ocrx_word' id='word_1_463' title='bbox 1572 3956 2029 4033; x_wconf 86' lang='lat' dir='ltr'><strong>qualemcunque</strong></span> <span class='ocrx_word' id='word_1_464' title='bbox 2077 3955 2386 4033; x_wconf 87' lang='lat' dir='ltr'><strong>imaginem</strong></span> <span class='ocrx_word' id='word_1_465' title='bbox 2417 3957 2543 4033; x_wconf 87' lang='lat' dir='ltr'><strong>ejus</strong></span> <span class='ocrx_word' id='word_1_466' title='bbox 2569 3958 2706 4016; x_wconf 89' lang='lat' dir='ltr'><strong>reti·</strong></span> 
     </span>
     <span class='ocr_line' id='line_1_46' title="bbox 297 4034 2705 4115; baseline 0 -18"><span class='ocrx_word' id='word_1_467' title='bbox 297 4046 417 4112; x_wconf 89' lang='lat' dir='ltr'><strong>net,</strong></span> <span class='ocrx_word' id='word_1_468' title='bbox 461 4037 566 4096; x_wconf 89' lang='lat' dir='ltr'><strong>sed</strong></span> <span class='ocrx_word' id='word_1_469' title='bbox 605 4045 775 4097; x_wconf 86' lang='lat' dir='ltr'><strong>vetus</strong></span> <span class='ocrx_word' id='word_1_470' title='bbox 816 4037 1141 4096; x_wconf 89' lang='lat' dir='ltr'><strong>Romanum</strong></span> <span class='ocrx_word' id='word_1_471' title='bbox 1162 4036 1288 4113; x_wconf 90' lang='lat' dir='ltr'><strong>jam</strong></span> <span class='ocrx_word' id='word_1_472' title='bbox 1316 4035 1418 4094; x_wconf 88' lang='lat' dir='ltr'><strong>diu</strong></span> <span class='ocrx_word' id='word_1_473' title='bbox 1445 4034 1636 4095; x_wconf 88' lang='lat' dir='ltr'><strong>desiit.</strong></span> <span class='ocrx_word' id='word_1_474' title='bbox 1722 4035 1813 4094; x_wconf 91' lang='lat' dir='ltr'><strong>De</strong></span> <span class='ocrx_word' id='word_1_475' title='bbox 1860 4036 1972 4095; x_wconf 87' lang='lat' dir='ltr'><strong>hoc</strong></span> <span class='ocrx_word' id='word_1_476' title='bbox 2015 4044 2208 4095; x_wconf 89' lang='lat' dir='ltr'><strong>autem</strong></span> <span class='ocrx_word' id='word_1_477' title='bbox 2258 4036 2503 4094; x_wconf 89' lang='lat' dir='ltr'><strong>Paulum</strong></span> <span class='ocrx_word' id='word_1_478' title='bbox 2543 4037 2705 4115; x_wconf 90' lang='lat' dir='ltr'><strong>loqui</strong></span> 
     </span>
     <span class='ocr_line' id='line_1_47' title="bbox 296 4115 2701 4195; baseline 0 -19"><span class='ocrx_word' id='word_1_479' title='bbox 296 4117 484 4177; x_wconf 83' lang='lat' dir='ltr'><strong>multa</strong></span> <span class='ocrx_word' id='word_1_480' title='bbox 511 4116 773 4195; x_wconf 87' lang='lat' dir='ltr'><strong>probant.</strong></span> <span class='ocrx_word' id='word_1_481' title='bbox 874 4117 1089 4191; x_wconf 90' lang='lat' dir='ltr'><strong>Prim0‚</strong></span> <span class='ocrx_word' id='word_1_482' title='bbox 1129 4116 1266 4193; x_wconf 88' lang='lat' dir='ltr'><strong>quia</strong></span> <span class='ocrx_word' id='word_1_483' title='bbox 1292 4115 1549 4192; x_wconf 88' lang='lat' dir='ltr'><strong>loquitur</strong></span> <span class='ocrx_word' id='word_1_484' title='bbox 1594 4115 1668 4174; x_wconf 85' lang='lat' dir='ltr'><strong>de</strong></span> <span class='ocrx_word' id='word_1_485' title='bbox 1717 4134 1786 4175; x_wconf 87' lang='lat' dir='ltr'><strong>eo</strong></span> <span class='ocrx_word' id='word_1_486' title='bbox 1835 4116 2092 4193; x_wconf 88' lang='lat' dir='ltr'><strong>imperio,</strong></span> <span class='ocrx_word' id='word_1_487' title='bbox 2143 4115 2299 4192; x_wconf 89' lang='lat' dir='ltr'><strong>quod</strong></span> <span class='ocrx_word' id='word_1_488' title='bbox 2326 4123 2464 4174; x_wconf 88' lang='lat' dir='ltr'><strong>tunc</strong></span> <span class='ocrx_word' id='word_1_489' title='bbox 2494 4117 2701 4194; x_wconf 86' lang='lat' dir='ltr'><strong>stabat,</strong></span> 
     </span>
     <span class='ocr_line' id='line_1_48' title="bbox 297 4194 2705 4277; baseline -0.001 -19"><span class='ocrx_word' id='word_1_490' title='bbox 297 4196 569 4277; x_wconf 87' lang='lat' dir='ltr'><strong>quodque</strong></span> <span class='ocrx_word' id='word_1_491' title='bbox 618 4196 1027 4256; x_wconf 85' lang='lat' dir='ltr'><strong>revelationem</strong></span> <span class='ocrx_word' id='word_1_492' title='bbox 1073 4194 1420 4254; x_wconf 88' lang='lat' dir='ltr'><strong>Antichristi</strong></span> <span class='ocrx_word' id='word_1_493' title='bbox 1466 4194 1834 4274; x_wconf 86' lang='lat' dir='ltr'><strong>impediebat,</strong></span> <span class='ocrx_word' id='word_1_494' title='bbox 1878 4214 1994 4254; x_wconf 88' lang='lat' dir='ltr'><strong>non</strong></span> <span class='ocrx_word' id='word_1_495' title='bbox 2023 4194 2096 4253; x_wconf 89' lang='lat' dir='ltr'><strong>de</strong></span> <span class='ocrx_word' id='word_1_496' title='bbox 2139 4214 2208 4253; x_wconf 92' lang='lat' dir='ltr'><strong>eo</strong></span> <span class='ocrx_word' id='word_1_497' title='bbox 2253 4194 2410 4271; x_wconf 88' lang='lat' dir='ltr'><strong>quod</strong></span> <span class='ocrx_word' id='word_1_498' title='bbox 2449 4195 2705 4255; x_wconf 88' lang='lat' dir='ltr'><strong>futurum</strong></span> 
     </span>
     <span class='ocr_line' id='line_1_49' title="bbox 298 4274 2704 4355; baseline -0.001 -17"><span class='ocrx_word' id='word_1_499' title='bbox 298 4286 439 4353; x_wconf 88' lang='lat' dir='ltr'><strong>erat,</strong></span> <span class='ocrx_word' id='word_1_500' title='bbox 471 4277 571 4355; x_wconf 81' lang='lat' dir='ltr'><strong>qui</strong></span> <span class='ocrx_word' id='word_1_501' title='bbox 596 4286 752 4353; x_wconf 79' lang='lat' dir='ltr'><strong>tenet,</strong></span> <span class='ocrx_word' id='word_1_502' title='bbox 782 4276 988 4355; x_wconf 88' lang='lat' dir='ltr'><strong>inquit,</strong></span> <span class='ocrx_word' id='word_1_503' title='bbox 1018 4296 1136 4335; x_wconf 88' lang='lat' dir='ltr'><strong>non</strong></span> <span class='ocrx_word' id='word_1_504' title='bbox 1164 4276 1265 4353; x_wconf 75' lang='lat' dir='ltr'><strong>qui</strong></span> <span class='ocrx_word' id='word_1_505' title='bbox 1286 4276 1498 4335; x_wconf 74' lang='lat' dir='ltr'><strong>tenebit.</strong></span> <span class='ocrx_word' id='word_1_506' title='bbox 1602 4274 1689 4334; x_wconf 87' lang='lat' dir='ltr'><strong>At</strong></span> <span class='ocrx_word' id='word_1_507' title='bbox 1729 4276 1868 4333; x_wconf 91' lang='lat' dir='ltr'><strong>novi</strong></span> <span class='ocrx_word' id='word_1_508' title='bbox 1909 4275 2279 4351; x_wconf 86' lang='lat' dir='ltr'><strong>imperatores</strong></span> <span class='ocrx_word' id='word_1_509' title='bbox 2321 4275 2421 4351; x_wconf 91' lang='lat' dir='ltr'><strong>qui</strong></span> <span class='ocrx_word' id='word_1_510' title='bbox 2448 4276 2704 4337; x_wconf 86' lang='lat' dir='ltr'><strong>nondum</strong></span> 
     </span>
     <span class='ocr_line' id='line_1_50' title="bbox 297 4353 2702 4435; baseline -0.001 -17"><span class='ocrx_word' id='word_1_511' title='bbox 297 4359 545 4434; x_wconf 83' lang='lat' dir='ltr'><strong>fuerunt,</strong></span> <span class='ocrx_word' id='word_1_512' title='bbox 576 4376 763 4435; x_wconf 91' lang='lat' dir='ltr'><strong>neque</strong></span> <span class='ocrx_word' id='word_1_513' title='bbox 790 4365 929 4417; x_wconf 86' lang='lat' dir='ltr'><strong>tunc</strong></span> <span class='ocrx_word' id='word_1_514' title='bbox 956 4366 1152 4416; x_wconf 90' lang='lat' dir='ltr'><strong>tenere</strong></span> <span class='ocrx_word' id='word_1_515' title='bbox 1178 4363 1490 4433; x_wconf 84' lang='lat' dir='ltr'><strong>potuerunt</strong></span> <span class='ocrx_word' id='word_1_516' title='bbox 1509 4355 1830 4433; x_wconf 88' lang='lat' dir='ltr'><strong>imperium,</strong></span> <span class='ocrx_word' id='word_1_517' title='bbox 1852 4373 1960 4413; x_wconf 89' lang='lat' dir='ltr'><strong>nec</strong></span> <span class='ocrx_word' id='word_1_518' title='bbox 1978 4353 2232 4412; x_wconf 88' lang='lat' dir='ltr'><strong>detinere</strong></span> <span class='ocrx_word' id='word_1_519' title='bbox 2259 4354 2702 4427; x_wconf 87' lang='lat' dir='ltr'><strong>Antichristum,</strong></span> 
     </span>
     <span class='ocr_line' id='line_1_51' title="bbox 298 4432 2709 4517; baseline 0 -18"><span class='ocrx_word' id='word_1_520' title='bbox 298 4438 401 4499; x_wconf 88' lang='lat' dir='ltr'><strong>sed</strong></span> <span class='ocrx_word' id='word_1_521' title='bbox 442 4446 673 4499; x_wconf 88' lang='lat' dir='ltr'><strong>veteres</strong></span> <span class='ocrx_word' id='word_1_522' title='bbox 714 4437 817 4515; x_wconf 87' lang='lat' dir='ltr'><strong>qui</strong></span> <span class='ocrx_word' id='word_1_523' title='bbox 858 4445 985 4495; x_wconf 88' lang='lat' dir='ltr'><strong>tum</strong></span> <span class='ocrx_word' id='word_1_524' title='bbox 1030 4456 1221 4495; x_wconf 86' lang='lat' dir='ltr'><strong>rerum</strong></span> <span class='ocrx_word' id='word_1_525' title='bbox 1260 4435 1645 4513; x_wconf 68' lang='lat' dir='ltr'><strong>potiebantur.</strong></span> <span class='ocrx_word' id='word_1_526' title='bbox 1729 4438 1785 4493; x_wconf 81' lang='lat'><strong>2.</strong></span> <span class='ocrx_word' id='word_1_527' title='bbox 1829 4432 1979 4511; x_wconf 87' lang='lat' dir='ltr'><strong>Agit</strong></span> <span class='ocrx_word' id='word_1_528' title='bbox 2019 4433 2090 4493; x_wconf 89' lang='lat' dir='ltr'><strong>de</strong></span> <span class='ocrx_word' id='word_1_529' title='bbox 2133 4433 2236 4492; x_wconf 89' lang='lat' dir='ltr'><strong>illo</strong></span> <span class='ocrx_word' id='word_1_530' title='bbox 2262 4434 2521 4515; x_wconf 89' lang='lat' dir='ltr'><strong>imperi0,</strong></span> <span class='ocrx_word' id='word_1_531' title='bbox 2551 4440 2709 4517; x_wconf 89' lang='lat' dir='ltr'><strong>quod</strong></span> 
     </span>
     <span class='ocr_line' id='line_1_52' title="bbox 298 4512 2708 4597; baseline 0.001 -20"><span class='ocrx_word' id='word_1_532' title='bbox 298 4518 576 4597; x_wconf 88' lang='lat' dir='ltr'><strong>impedire</strong></span> <span class='ocrx_word' id='word_1_533' title='bbox 602 4518 793 4597; x_wconf 88' lang='lat' dir='ltr'><strong>potuit</strong></span> <span class='ocrx_word' id='word_1_534' title='bbox 812 4516 1333 4576; x_wconf 83' lang='lat' dir='ltr'><strong>manifestationem</strong></span> <span class='ocrx_word' id='word_1_535' title='bbox 1359 4516 1458 4574; x_wconf 85' lang='lat' dir='ltr'><strong>vel</strong></span> <span class='ocrx_word' id='word_1_536' title='bbox 1486 4514 1804 4575; x_wconf 88' lang='lat' dir='ltr'><strong>dominium</strong></span> <span class='ocrx_word' id='word_1_537' title='bbox 1834 4512 2200 4573; x_wconf 87' lang='lat' dir='ltr'><strong>Antichristi.</strong></span> <span class='ocrx_word' id='word_1_538' title='bbox 2303 4515 2390 4575; x_wconf 91' lang='lat' dir='ltr'><strong>At</strong></span> <span class='ocrx_word' id='word_1_539' title='bbox 2417 4520 2708 4595; x_wconf 88' lang='lat' dir='ltr'><strong>quomodo</strong></span> 
     </span>
     <span class='ocr_line' id='line_1_53' title="bbox 298 4594 2706 4673; baseline 0 -16"><span class='ocrx_word' id='word_1_540' title='bbox 298 4599 489 4659; x_wconf 89' lang='lat' dir='ltr'><strong>nudus</strong></span> <span class='ocrx_word' id='word_1_541' title='bbox 516 4598 723 4659; x_wconf 87' lang='lat' dir='ltr'><strong>titulus</strong></span> <span class='ocrx_word' id='word_1_542' title='bbox 750 4606 809 4657; x_wconf 88' lang='lat' dir='ltr'><strong>et</strong></span> <span class='ocrx_word' id='word_1_543' title='bbox 834 4616 1047 4655; x_wconf 88' lang='lat' dir='ltr'><strong>nomen</strong></span> <span class='ocrx_word' id='word_1_544' title='bbox 1075 4595 1435 4673; x_wconf 86' lang='lat' dir='ltr'><strong>imperatoris</strong></span> <span class='ocrx_word' id='word_1_545' title='bbox 1462 4594 1523 4653; x_wconf 88' lang='lat' dir='ltr'><strong>in</strong></span> <span class='ocrx_word' id='word_1_546' title='bbox 1552 4594 1868 4654; x_wconf 85' lang='lat' dir='ltr'><strong>Germania</strong></span> <span class='ocrx_word' id='word_1_547' title='bbox 1892 4594 2082 4672; x_wconf 88' lang='lat' dir='ltr'><strong>potuit</strong></span> <span class='ocrx_word' id='word_1_548' title='bbox 2126 4595 2404 4673; x_wconf 87' lang='lat' dir='ltr'><strong>impedire</strong></span> <span class='ocrx_word' id='word_1_549' title='bbox 2449 4597 2706 4657; x_wconf 85' lang='lat' dir='ltr'><strong>domina-</strong></span> 
     </span>
     <span class='ocr_line' id='line_1_54' title="bbox 298 4674 2712 4753; baseline -0.001 -15"><span class='ocrx_word' id='word_1_550' title='bbox 298 4679 512 4738; x_wconf 83' lang='lat' dir='ltr'><strong>tionem</strong></span> <span class='ocrx_word' id='word_1_551' title='bbox 542 4686 601 4737; x_wconf 93' lang='lat' dir='ltr'><strong>et</strong></span> <span class='ocrx_word' id='word_1_552' title='bbox 626 4678 1051 4738; x_wconf 83' lang='lat' dir='ltr'><strong>revelationem</strong></span> <span class='ocrx_word' id='word_1_553' title='bbox 1070 4675 1420 4735; x_wconf 87' lang='lat' dir='ltr'><strong>Antichristi</strong></span> <span class='ocrx_word' id='word_1_554' title='bbox 1448 4675 1668 4751; x_wconf 80' lang='lat' dir='ltr'><strong>Romae,</strong></span> <span class='ocrx_word' id='word_1_555' title='bbox 1699 4675 1794 4734; x_wconf 92' lang='lat' dir='ltr'><strong>vel</strong></span> <span class='ocrx_word' id='word_1_556' title='bbox 1817 4674 2259 4753; x_wconf 85' lang='lat' dir='ltr'><strong>Hierosolymis,</strong></span> <span class='ocrx_word' id='word_1_557' title='bbox 2289 4677 2391 4735; x_wconf 91' lang='lat' dir='ltr'><strong>ubi</strong></span> <span class='ocrx_word' id='word_1_558' title='bbox 2422 4678 2712 4737; x_wconf 86' lang='lat' dir='ltr'><strong>Pontificii</strong></span> 
     </span>
    </p>
   </div>
  </div>
 </body>
</html>
