3234 5192
306 371 538 415 meru-r.
569 346 660 433 v.]
1005 363 1086 407 nn:
1112 366 1321 408 'rmsus
1349 366 1629 410 rasnsus
1657 366 2045 411 cennas-rmus.
2612 355 2730 414 295

311 514 482 573 simul
509 517 796 572 testantur
817 532 832 585 ;
881 508 965 568 Ut
987 507 1046 565 in
1075 507 1289 567 Christi
1313 508 1629 587 BaptismO,
1652 510 1755 569 ubi
1786 510 1961 569 Pater
1980 510 2053 569 de
2075 509 2221 569 coelo
2242 510 2514 587 loquitur,
2536 512 2725 573 Filius

310 614 342 653 e
371 594 414 653 J
417 592 630 652 ordene
658 589 920 649 ascendit
945 588 1287 665 baptizatus,
1335 597 1394 648 et
1445 588 1695 666 Spiritus
1726 590 1785 649 S.
1817 590 1889 647 de
1918 590 2064 649 coelo
2092 590 2407 667 descendit,
2450 601 2508 650 et
2554 613 2725 671 super

313 674 527 732 Filium
584 670 846 749 quiescit,
901 669 1076 726 Pater
1118 667 1350 727 auditur
1393 668 1455 727 in
1497 688 1661 745 voce,
1712 670 1899 728 Filius
1943 669 2341 729 manifestatur
2368 670 2429 728 in
2467 672 2719 749 homine,

313 753 563 831 Spiritus
595 752 844 811 Sanctus
871 748 1239 825 cognoscitur
1264 748 1326 805 in
1353 749 1638 823 columba,
1669 750 1826 826 quod
1842 750 2236 808 testimonium
2262 752 2410 815 tanti
2431 751 2568 810 fecit
2596 751 2723 811 Au·

310 833 593 910 gustinus,
625 840 692 889 ut
717 836 998 907 negantes
1026 827 1384 902 Trinitatem,
1417 828 1492 886 ad
1515 829 1729 887 Christi
1777 828 2127 906 baptismum
2176 829 2388 888 soleret
2430 831 2718 908 ablegare,

309 914 424 971 Abi
457 913 692 986 Ariane,
735 910 818 968 ad
857 910 1192 983 Jordanem,
1240 916 1298 965 et
1339 908 1544 967 videbis
1577 910 1925 967 ΊΉηίίαιετπ.
1977 910 2071 969 Ita
2098 910 2159 967 in
2186 910 2719 987 Transfiguratione

307 992 454 1051 Tres
481 991 575 1051 isti
606 992 810 1049 Testes
839 988 1069 1047 Christo
1097 986 1488 1046 testimonium
1531 988 1853 1065 perhibent,
1905 990 2085 1048 Pater
2112 1008 2255 1048 voce
2286 990 2515 1049 coelitus
2542 991 2717 1066 edita,

312 1074 428 1131 Hic
448 1081 529 1131 est
553 1072 736 1129 Filius
763 1088 914 1127 meus
943 1070 1186 1142 dilectus,
1212 1069 1270 1125 in
1298 1088 1408 1144 quo
1435 1069 1573 1125 mihi
1595 1070 1983 1144 complacitum
2000 1079 2095 1143 est,
2136 1072 2281 1128 hunc
2307 1072 2514 1145 audite,
2547 1091 2721 1148 quam

309 1171 513 1211 vocem
556 1150 784 1210 coelitus
825 1148 1093 1206 emissam
1135 1147 1311 1205 fuisse
1339 1167 1374 1204 a
1403 1148 1713 1224 magnifica
1760 1149 1945 1225 gloria
1990 1157 2237 1208 testatur
2274 1150 2498 1225 Petrus,
2529 1170 2652 1227 cap.
2684 1152 2721 1210 i.

309 1231 411 1291 2⁴¹⁸
440 1251 560 1289 ver.
595 1234 688 1303 17,
719 1229 901 1287 Filius
941 1247 1045 1304 per
1083 1226 1664 1304 transfigurationem,
1696 1228 1757 1285 in
1786 1248 1901 1305 qua
1927 1228 2187 1287 divinam
2219 1230 2587 1306 Majestatem
2618 1250 2721 1289 ex·

309 1312 516 1385 hibuit,
549 1310 716 1385 cujus
744 1310 992 1367 abuma·
1021 1306 1250 1366 fuerunt
1281 1307 1568 1384 Apostoli,
1600 1306 1741 1365 ibid.
1771 1328 1891 1366 ver.
1926 1311 2018 1367 16.
2106 1308 2183 1367 Et
2212 1310 2456 1384 Spiritus
2484 1310 2725 1369 Sanctus

309 1391 557 1467 loquens
584 1390 645 1447 in
675 1388 842 1446 Mose
863 1394 922 1445 et
951 1386 1082 1443 Elia
1109 1384 1181 1445 de
1209 1387 1338 1463 ejus
1365 1396 1566 1445 morte.
1654 1388 1741 1445 Eo
1772 1388 1944 1446 etiam
1982 1388 2230 1464 pertinet
2266 1388 2553 1465 baptisma
2580 1389 2721 1449 fide-

311 1470 456 1530 lium
478 1489 514 1527 a
543 1468 772 1528 Christo
799 1466 1144 1541 institutum,
1167 1467 1228 1523 in
1249 1486 1364 1543 quo
1397 1467 1584 1542 Pater,
1611 1467 1817 1543 Filius,
1848 1477 1907 1527 et
1940 1468 2189 1545 Spiritus
2221 1468 2469 1528 Sanctus
2491 1469 2550 1526 in
2579 1488 2721 1546 quo·

309 1570 440 1609 rum
468 1550 698 1608 nomine
725 1547 1101 1624 baptizamur,
1131 1546 1374 1605 eandem
1401 1548 1703 1607 veritatem
1733 1546 2109 1623 confirmant3
2156 1545 2298 1606 Ideo
2320 1548 2473 1606 enim
2520 1549 2722 1609 Sacra-

309 1638 569 1690 mentum
596 1629 707 1687 hoc
725 1628 786 1685 in
810 1627 1057 1686 Nomine
1091 1626 1151 1685 S.
1174 1626 1472 1686 Trinitatis
1491 1626 1939 1704 administratur,
1964 1636 2028 1687 ut
2050 1626 2326 1705 mysteria
2344 1627 2719 1707 Evangelica,

303 1719 371 1771 et
397 1711 585 1789 gratia
611 1708 880 1769 salutaris
908 1708 970 1765 in
998 1706 1226 1767 Christo
1255 1707 1424 1767 nobis
1451 1708 1848 1785 obsignentur.

394 1791 574 1849 XIV.
618 1789 852 1848 Veritas
880 1796 1070 1847 autem
1095 1787 1366 1863 Triplicis
1393 1788 1560 1846 istius
1583 1788 1923 1847 Testimonii
1946 1788 2160 1865 pendet
2187 1808 2263 1848 ex
2290 1789 2560 1868 Triplicis
2588 1811 2722 1869 ope-

307 1871 548 1929 rationis
577 1870 654 1929 ad
682 1868 1161 1945 Redemptionem
1191 1876 1444 1925 nostram
1471 1868 1835 1941 necessitate,
1864 1888 1993 1946 quse
2020 1868 2207 1929 tribus
2240 1870 2298 1929 S.
2334 1870 2392 1929 S.
2424 1870 2725 1931 Trinitatis

313 1950 583 2010 Personis
613 1958 934 2026 competere
964 1947 1234 2006 distinete
1263 1947 1480 2005 debuit.
1566 1948 1715 2005 Nam
1738 1956 1803 2006 ut
1826 1948 1982 2007 salus
1999 1950 2185 2025 primo
2207 1950 2407 2009 debuit
2427 1950 2723 2027 destinari,

307 2030 582 2090 Secundo
603 2029 891 2089 destinata
918 2026 1154 2104 acquiri,
1186 2026 1382 2086 Tertio
1420 2027 1705 2104 acquisita
1741 2028 2015 2106 applicari
2040 2052 2055 2088 ι
2100 2030 2195 2089 Ita
2222 2031 2539 2089 Destinatio
2588 2035 2721 2108 ejus,

305 2119 374 2169 ut
414 2111 634 2187 primus
675 2117 839 2167 actus
883 2106 1338 2182 Redemptionis,
1385 2108 1566 2181 Patri,
1610 2108 1711 2184 qui
1750 2108 1937 2185 prima
1976 2116 2067 2167 est
2110 2109 2381 2185 Persona,
2412 2110 2722 2188 tribuitur;

307 2190 633 2265 Aequisitio,
684 2187 784 2265 qui
827 2185 1115 2244 secundus
1157 2184 1281 2260 fuit,
1325 2186 1602 2263 pertinuit
1644 2188 1718 2247 ad
1763 2188 2045 2247 Christum
2074 2188 2473 2265 Mediatorem,
2506 2191 2605 2267 qui
2634 2210 2723 2249 se-

301 2268 498 2327 cunda
526 2290 540 2343 ;
587 2275 644 2326 et
670 2266 1008 2343 Applicatio‚
1039 2264 1138 2342 qui
1167 2274 1490 2342 postremus
1531 2276 1637 2343 est,
1682 2268 1758 2326 ad
1796 2269 2026 2329 tertiam
2070 2270 2400 2345 Personam,
2450 2271 2726 2347 Spiritum

304 2348 452 2408 scili.
483 2347 953 2407 sanctificantem.
1038 2346 1213 2405 Pater
1253 2348 1322 2404 de
1347 2347 1501 2406 nobis
1547 2347 1871 2424 statuendo,
1918 2350 2105 2409 Filius
2137 2370 2253 2427 pro
2300 2351 2454 2409 nobis
2498 2350 2722 2410 satisfa-

307 2428 531 2504 ciend0‚
567 2428 642 2487 Et
673 2426 922 2504 Spiritus
949 2428 1008 2485 in
1034 2426 1188 2486 nobis
1229 2428 1536 2505 operando·
1625 2428 1782 2488 Hinc
1824 2430 2039 2508 triplici
2082 2430 2185 2489 illa
2231 2431 2561 2509 operatione
2609 2440 2724 2491 tes·

305 2518 504 2569 tantur
529 2517 646 2569 tres
674 2508 762 2568 illi
783 2508 1003 2584 Testes,
1038 2508 1212 2567 Pater
1251 2508 1506 2567 missione
1547 2510 1691 2567 Filii
1726 2510 1787 2567 in
1830 2510 2119 2569 Mundum
2158 2530 2263 2589 pro
2302 2511 2490 2588 nobis,
2536 2510 2725 2571 Filius

307 2590 694 2649 incarnatione
721 2608 826 2648 sua
854 2596 912 2647 et
938 2589 1206 2666 passione
1233 2588 1532 2648 moriendo
1559 2609 1667 2667 pro
1694 2589 1879 2665 nobis,
1910 2599 1971 2649 et
2003 2591 2251 2667 Spiritus
2284 2591 2531 2651 Sanctus
2556 2613 2723 2651 voea-

307 2672 452 2729 tione
480 2671 691 2743 efficaci
708 2678 766 2729 et
792 2669 1214 2745 regeneratione
1231 2668 1522 2745 operando
1549 2669 1614 2726 in
1640 2668 1828 2728 nobis.
1874 2670 2049 2728 Pater
2068 2669 2351 2729 mittendo
2374 2671 2589 2730 Filium
2608 2680 2723 2731 tes-

179 2806 192 2817 ,
303 2758 464 2810 tatur
511 2770 572 2809 se
620 2750 786 2808 illum
833 2748 1063 2807 dedisse
1111 2748 1172 2805 in
1223 2748 1667 2825 Redemptorem
1723 2756 2003 2823 nostmm,
2080 2749 2181 2824 qui
2247 2758 2485 2824 peccata
2528 2761 2727 2809 nostra

307 2830 526 2889 deleret
553 2838 612 2888 et
637 2848 744 2887 nos
774 2828 884 2886 sibi
913 2825 1327 2886 reconciliaret.
1413 2826 1600 2885 Filius
1646 2846 1878 2885 carnem
1918 2833 2175 2885 nostram
2215 2827 2577 2903 assumendO,
2609 2839 2722 2887 tes-

305 2917 463 2967 tatur
489 2926 551 2966 se
581 2928 706 2966 esse
737 2906 960 2965 Vadem
985 2914 1044 2966 et
1071 2906 1260 2981 Caput
1285 2912 1564 2976 nostrum,
1595 2904 1699 2981 qui
1726 2903 1911 2963 factus
1940 2912 2029 2963 est
2050 2905 2219 2963 nobis
2240 2904 2461 2979 similis,
2486 2915 2550 2964 ut
2572 2916 2725 2967 esset

308 2987 428 3050 'fleas
453 2996 666 3059 noster,
698 2992 758 3044 et
783 3004 982 3061 pacem
1011 3003 1113 3059 per
1141 2983 1478 3058 sanguinem
1511 2984 1741 3041 faceret.
1826 2984 1905 3041 Et
1930 2983 2177 3059 Spiritus
2204 2984 2449 3042 Sanctus
2477 2986 2722 3060 gratiam

312 3065 503 3123 Patris
532 3075 590 3123 et
617 3064 884 3122 meritum
929 3062 1064 3119 Filii
1107 3062 1276 3119 nobis
1303 3060 1664 3137 applicando,
1694 3069 1941 3121 testatur
1967 3062 2039 3121 de
2066 3062 2365 3139 utriusque
2394 3064 2635 3123 veritate
2667 3076 2725 3125 et

307 3143 671 3218 certitudine,
703 3152 768 3202 ut
795 3141 1060 3201 dubitare
1086 3160 1203 3199 non
1231 3140 1536 3217 possimus,
1569 3140 1711 3217 quin
1740 3141 1896 3201 salus
1924 3161 1959 3199 a
1986 3141 2170 3200 tribus
2198 3142 2326 3200 istis
2349 3142 2561 3203 divinis
2586 3145 2722 3205 Per-

309 3225 468 3285 sonis
496 3224 666 3283 nobis
691 3223 1040 3301 dispensata,
1086 3221 1645 3279 consummatissima
1674 3221 1749 3281 sit
1776 3231 1834 3281 et
1862 3222 2128 3281 absoluta
2155 3221 2422 3282 omnibus
2450 3226 2721 3286 numeris.

309 3306 428 3365 Hic
453 3325 626 3384 porro
653 3304 825 3364 trium
856 3303 1096 3361 istorum
1141 3300 1470 3359 divinorum
1497 3300 1757 3360 Testium
1786 3322 2099 3361 concursus
2128 3323 2197 3361 eo
2223 3304 2489 3381 pertinet,
2520 3313 2586 3364 ut
2612 3307 2725 3365 sibi

303 3385 559 3445 invicem
585 3384 986 3461 respondeant,
1017 3390 1138 3440 tum
1169 3381 1230 3439 in
1257 3380 1540 3456 testandO,
1573 3390 1695 3441 tum
1725 3383 1785 3441 in
1815 3382 2121 3460 operand0‚
2144 3404 2252 3443 nec
2269 3384 2442 3443 latior
2470 3386 2545 3445 sit
2570 3388 2721 3465 peri-

304 3466 508 3543 pheria
535 3464 883 3543 operationis
912 3463 1083 3520 unius
1109 3482 1228 3539 prae
1277 3460 1390 3519 alio
1439 3461 1500 3519 in
1549 3462 1753 3522 salutis
1798 3464 2070 3540 negoti03
2118 3464 2221 3523 sed
2248 3464 2399 3523 idem
2431 3467 2722 3544 objectum

305 3546 422 3604 sibi
449 3553 789 3623 proponant,
821 3552 880 3602 et
906 3541 1152 3601 eundem
1182 3562 1418 3618 scopum
1439 3544 1767 3620 respiciant,
1798 3552 1865 3603 ut
1891 3544 2110 3602 nemini
2138 3542 2458 3604 destinetur
2484 3566 2521 3604 a
2550 3547 2721 3606 Patre

303 3624 482 3699 saluS,
514 3625 608 3684 cui
635 3644 750 3682 non
771 3624 1102 3700 acquiratur
1126 3643 1163 3681 a
1191 3622 1360 3697 Filio,
1391 3623 1721 3700 neminique
1743 3624 2073 3701 acquiratur
2093 3644 2130 3682 a
2150 3624 2320 3698 Filio,
2353 3626 2446 3683 cui
2474 3646 2590 3683 non
2620 3646 2718 3704 ap-

306 3704 554 3780 plicetur
581 3725 616 3762 a
647 3704 864 3781 Spiritu
906 3703 964 3762 S.
1015 3712 1072 3762 et
1121 3702 1376 3762 vicissim
1423 3723 1797 3782 quoscunque
1842 3703 2164 3764 sanctificat
2204 3703 2469 3782 Spiritus,
2510 3706 2551 3762 ii
2601 3715 2659 3765 et
2687 3727 2723 3765 a

311 3783 541 3843 Christo
571 3784 686 3843 sint
713 3782 1012 3860 redempti,
1044 3792 1102 3842 et
1123 3802 1158 3840 a
1187 3784 1358 3843 Patre
1387 3784 1574 3843 electi.

912 3864 1056 3922 XV.
1101 3862 1320 3923 Verum
1349 3873 1414 3923 ut
1441 3864 1711 3924 distincte
1734 3864 1805 3923 de
1828 3864 2041 3943 triplici
2069 3865 2181 3924 isto
2208 3866 2537 3924 testimonio
2566 3865 2721 3924 dica-

831 3964 976 4017 muS,
1008 3945 1192 4021 primo
1219 3943 1536 4004 videndum
1578 3946 1721 4021 quid
1742 3954 2042 4021 testentur,
2094 3945 2358 4003 Secundo
2401 3948 2723 4021 quomodo!

834 4024 912 4083 Et
940 4024 1014 4082 ad
1043 4024 1358 4084 testimonii
1399 4024 1779 4083 substantiam
1823 4025 1981 4102 quod
2009 4024 2231 4100 attinet,
2276 4026 2319 4085 J
2322 4044 2538 4083 oannes
2582 4025 2721 4085 satis

307 4110 504 4180 aperte
538 4124 664 4162 eam
708 4103 1038 4181 designavit
1064 4106 1125 4163 in
1152 4104 1418 4163 versibus
1460 4104 1935 4180 praecedentibus,
1969 4106 2005 4162 5
2034 4112 2093 4163 et
2122 4108 2175 4179 6,
2208 4113 2266 4162 et
2294 4104 2503 4163 clarius
2531 4103 2721 4164 adhuc

308 4181 585 4243 describit
611 4184 670 4241 in
701 4183 1091 4261 sequentibuS,
1121 4205 1241 4243 ver.
1278 4186 1352 4243 10
1381 4194 1440 4243 et
1471 4188 1563 4259 11,
1609 4203 1789 4260 quum
1830 4184 1977 4243 illud
2006 4182 2194 4257 refert,
2225 4184 2434 4259 partim
2462 4182 2535 4241 ad
2564 4204 2719 4262 mys-

305 4264 515 4322 terium
558 4264 862 4323 dt‘vinitatis
905 4264 1135 4341 Christi,
1164 4274 1233 4323 ut
1260 4264 1562 4323 credamus
1609 4264 1775 4322 illum
1821 4284 1947 4322 esse
1992 4263 2206 4319 Filium
2258 4262 2367 4320 Dei
2412 4282 2631 4340 verum,
2664 4275 2723 4325 et

309 4351 585 4403 aeternum
615 4364 744 4403 cum
777 4346 948 4403 Patre
979 4346 1186 4419 Deum,
1219 4364 1338 4401 ver.
1384 4346 1438 4419 5,
1486 4346 1523 4376 ‘⁸
1546 4343 1689 4417 Quis
1737 4342 1921 4401 vincit
1946 4341 2242 4416 mundum,
2274 4342 2387 4399 nisi
2412 4343 2512 4419 qui
2542 4344 2724 4406 credit

309 4422 353 4481 J
356 4443 516 4482 esum
547 4444 673 4483 esse
705 4424 918 4483 Filium
953 4424 1064 4482 Dei
1083 4424 1150 4481 ἶν’
1193 4423 1401 4499 partim
1431 4422 1506 4479 ad
1533 4422 1874 4499 mysterium
1904 4422 2337 4497 Redemptiom‘s,
2382 4430 2449 4481 ut
2488 4442 2723 4501 persua-
2774 4460 2787 4475 ·

309 4522 435 4561 sum
465 4505 782 4564 habeamus
811 4504 974 4563 illum
1005 4522 1131 4561 esse
1159 4520 1360 4560 verum
1407 4502 1683 4559 Messiam
1733 4500 2071 4577 praedictum
2100 4500 2159 4558 in
2188 4500 2265 4569 V.
2295 4501 2363 4561 T.
2394 4503 2495 4581 qui
2521 4504 2724 4567 debuit

307 4602 539 4643 servare
567 4586 846 4662 populum
875 4602 1042 4643 suum
1071 4602 1106 4641 a
1133 4581 1386 4659 peccatis
1407 4582 1564 4653 suis;
1614 4580 1939 4659 Utrumque
1968 4581 2119 4640 enim
2151 4582 2224 4641 ab
2252 4583 2556 4660 haeretieiS,
2577 4606 2723 4663 quos

307 4661 403 4721 hic
431 4673 729 4741 oppugnat
772 4664 1052 4738 JoanneS,
1077 4662 1416 4739 negabatur.
1502 4661 1645 4720 Ideo
1674 4660 1832 4737 dicit,
1864 4680 1983 4722 ver.
2017 4664 2071 4738 6,
2119 4664 2289 4722 Hune
2315 4684 2429 4722 esse
2456 4666 2557 4742 qui
2578 4670 2727 4727 venit

308 3928 439 3979 Quid
462 3934 512 3975 et
534 3930 790 3981 Quomodo

341 3988 493 4033 Pater
529 3996 760 4035 testetur.
