3234 5192
484 291 603 349 210
1414 348 1425 361 ‚
1451 300 1530 345 m:
1560 298 1735 343 usne
1765 300 1944 345 vrrAE.
2579 281 2836 363 [msru‘r.
2867 302 2908 344 ι.

486 444 945 525 Ρτωεοίοηῐίαῐη;
989 441 1281 520 quomodo
1332 442 1499 503 libris
1547 452 1789 505 utuntur
1815 444 2093 518 homines,
2125 442 2354 519 illisque
2395 448 2526 501 acta
2552 450 2656 502 aut
2680 443 2910 521 agenda

486 524 825 601 inscribunt,
856 522 1063 602 partim
1094 524 1171 583 ad
1199 523 1614 583 sublevandam
1643 524 1994 597 memoriam,
2014 521 2222 599 partim
2239 521 2315 580 ad
2335 522 2672 581 inviolatam
2701 530 2760 581 et
2779 543 2908 616 per-

488 613 721 685 petuam
750 624 940 664 rerum
969 602 1390 663 certitudinem.
1478 604 1563 665 Ut
1600 603 1696 662 hic
1739 622 1903 662 mens
1953 602 2066 660 Dei
2111 610 2326 661 aeterna
2353 602 2430 660 sit
2457 601 2640 661 instar
2665 600 2818 677 libn,
2847 602 2912 661 in

488 706 605 763 quo
626 705 728 762 per
755 684 1049 744 decretum
1078 702 1439 761 quaecunque
1482 682 1677 742 futura
1713 691 1864 757 sunt,
1913 680 2191 757 inscribit,
2239 688 2298 741 ct
2340 701 2444 759 per
2490 680 2912 759 praescientiam

486 765 634 843 legit
661 772 720 824 et
746 762 1048 841 cognoscit
1076 762 1527 837 distinctissime,
1559 763 1725 838 quasi
1761 763 1824 821 in
1859 762 2008 821 libro
2037 768 2292 820 exarata.
2377 760 2544 821 Licet
2571 768 2763 820 autem
2783 761 2914 821 uni-

492 865 623 905 cum
652 853 877 903 tantum
907 842 983 901 sit
1010 842 1306 902 decretum
1334 850 1394 901 et
1428 842 1599 901 unica
1641 842 1756 901 Dei
1783 842 2039 915 scientia,
2063 849 2130 899 ut
2156 839 2350 899 omnia
2375 841 2436 899 in
2463 841 2590 919 ipso
2619 848 2756 901 sunt
2776 842 2912 901 sim-

492 924 823 1003 plicissima,
854 932 1047 982 tamen
1068 923 1289 980 ratione
1317 921 1475 980 modi
1502 922 1685 981 nostri
1712 920 2090 999 concipiendi,
2120 928 2180 980 et
2205 940 2309 999 pro
2338 920 2696 999 objectorum
2723 920 2916 981 diver-

494 1005 683 1079 sitate,
714 998 1083 1063 multifariam
1112 1001 1393 1077 distingui
1420 1010 1631 1079 potest.

1106 1080 1228 1139 IX.
1276 1080 1433 1139 Hinc
1460 1090 1526 1139 ut
1552 1080 1838 1158 triplicem
1892 1078 2148 1139 diximus
2188 1079 2415 1158 concipi
2476 1098 2646 1157 posse
2699 1080 2914 1139 librum

1028 1161 1143 1220 Dei
1182 1169 1506 1235 externum,
1562 1160 1850 1238 triplicem
1891 1160 2066 1219 etiam
2107 1158 2295 1219 facere
2336 1178 2645 1237 possumus
2697 1159 2913 1219 librum

1026 1242 1334 1299 internum.
1380 1240 1609 1300 Primus
1639 1249 1728 1299 est
1782 1241 1920 1299 liber
1973 1239 2387 1315 Providentiae;
2432 1237 2721 1297 secundus
2776 1239 2917 1298 liber

500 1321 755 1397 Judict'i3
815 1322 1021 1382 tertius
1071 1321 1209 1379 liber
1267 1320 1407 1379 Vitoe
1474 1339 1577 1379 seu
1635 1318 2184 1379 Proedestinationis.
2293 1320 2467 1378 Liber
2534 1318 2916 1378 Providentioe

501 1410 592 1461 est
640 1401 990 1461 universalis
1018 1407 1077 1459 et
1104 1399 1511 1477 amplissimus,
1542 1400 1644 1477 qui
1665 1419 1866 1459 omnes
1893 1400 2126 1457 omnino
2154 1406 2446 1457 creaturas
2472 1398 2873 1476 complectitur
2895 1421 2912 1475 5

504 1482 644 1540 liber
682 1482 903 1541 Judicii
944 1480 1305 1552 contractior,
1329 1480 1429 1556 qui
1447 1480 1522 1538 ad
1550 1487 1842 1538 creaturas
1862 1486 2087 1538 tantum
2107 1477 2498 1556 intelligentes
2525 1484 2586 1537 et
2603 1478 2916 1537 rationales

506 1560 756 1638 pertinet
784 1583 799 1637 ;
844 1562 985 1620 liber
1036 1562 1177 1619 Vitae
1217 1558 1632 1635 strictissimus‚
1689 1558 1792 1634 qui
1832 1558 1988 1617 solos
2035 1558 2251 1617 electos
2292 1565 2351 1618 et
2403 1556 2606 1617 fideles
2660 1558 2914 1635 respicit.

513 1640 744 1698 Primus
809 1648 1033 1699 naturae
1094 1638 1581 1716 dispensationem
1612 1659 1629 1714 3
1695 1636 1982 1697 secundus
2028 1638 2179 1715 legis
2242 1638 2621 1696 oeconomiam
2651 1659 2665 1713 ;
2709 1638 2917 1697 tertius

506 1720 1007 1796 supernaturalem
1057 1718 1259 1795 gratiae
1306 1716 1567 1777 ordinem
1594 1716 1764 1777 nobis
1791 1716 2048 1776 exhibet.
2131 1716 2204 1775 In
2243 1716 2346 1775 illo
2377 1717 2538 1776 Deus
2564 1724 2744 1794 notat,
2775 1716 2918 1795 quid

505 1797 694 1857 facere
724 1796 1048 1857 decreverit
1074 1796 1135 1853 in
1162 1795 1379 1855 mundo
1399 1816 1502 1873 per
1540 1794 1857 1873 potentiam
1886 1818 1902 1871 ς
1945 1796 2006 1855 in
2027 1795 2140 1855 isto
2167 1796 2310 1873 quid
2329 1796 2658 1855 hominibus
2675 1795 2917 1857 reddere

504 1877 650 1937 velit
690 1896 793 1953 per
840 1876 1161 1955 justitiam3
1219 1875 1281 1933 in
1335 1875 1445 1937 hoc
1499 1874 1643 1953 quid
1695 1873 1964 1936 fidelibus
2017 1875 2156 1935 dare
2210 1896 2286 1935 ex
2339 1876 2733 1936 misericordia
2779 1896 2915 1936 con-

508 1956 780 2017 stitucrit.

528 1138 675 1184 Liber
724 1139 955 1185 internus

585 1197 677 1243 Dei
700 1197 894 1255 triplex.

1112 2036 1197 2098 X.
1239 2037 1413 2098 Liber
1454 2037 1675 2115 primus
1705 2038 2079 2098 Providentia
2117 2036 2344 2114 dicitur,
2388 2038 2492 2115 qui
2531 2045 2920 2097 creaturarum

506 2092 548 2139 ¹⁰
608 2092 981 2199 Iffiffimf’mn'
1022 2118 1278 2178 omnium
1299 2137 1519 2191 causas,
1539 2117 1813 2194 actiones,
1843 2138 2046 2178 cursus
2065 2126 2125 2177 et
2151 2116 2390 2177 effectus
2415 2116 2830 2195 complectitur,
2860 2116 2924 2174 in

1031 2218 1147 2276 quo
1189 2197 1421 2257 decreta
1472 2196 1546 2257 de
1586 2198 1761 2259 rebus
1801 2206 1969 2258 extra
2022 2198 2213 2257 Deum
2260 2196 2467 2257 futuris
2514 2196 2916 2271 continentur3

506 2276 613 2336 ubi
664 2277 819 2337 fixus
865 2284 925 2337 et
964 2276 1237 2337 immotus
1277 2276 1606 2355 assignatur
1645 2277 1956 2355 unicuique
1995 2277 2133 2337 vitae
2161 2277 2456 2352 terminus,
2487 2296 2660 2354 quem
2703 2274 2921 2335 nemini

508 2357 607 2415 vel
628 2356 1002 2416 accelerando
1029 2357 1126 2416 vel
1152 2355 1521 2435 producendo
1549 2356 1791 2434 refigere
1832 2357 2007 2433 licet;
2051 2356 2154 2434 qui
2199 2377 2236 2415 a
2274 2356 2569 2416 nonnullis
2609 2355 2748 2415 liber
2793 2355 2920 2415 vitoe

500 2436 798 2512 prce-sentis
854 2454 958 2495 seu
1002 2438 1140 2495 liber
1179 2437 1475 2496 vioentium
1514 2436 1744 2496 dicitur.
1828 2437 1924 2495 rbi
1975 2435 2321 2515 principium
2363 2444 2523 2495 ortus
2564 2443 2625 2495 et
2649 2434 2919 2496 interitus

512 2516 795 2592 cujusque
822 2524 1071 2593 notatur,
1101 2516 1470 2594 imperiorum
1497 2516 1851 2576 incrementa
1890 2523 1949 2576 et
1992 2516 2372 2591 decrementa,
2401 2516 2580 2575 totius
2617 2515 2774 2574 orbis
2815 2514 2917 2573 ad-

510 2594 876 2672 ministratiO,
907 2616 1210 2655 causarum
1250 2595 1631 2655 secundarum
1673 2596 1936 2655 ordinata
1963 2596 2170 2671 series,
2185 2596 2302 2654 imo
2330 2614 2520 2655 rerum
2549 2595 2720 2655 etiam
2749 2592 2917 2653 mini-

511 2694 735 2734 marum
762 2683 1005 2735 eventus
1031 2676 1115 2734 ita
1153 2675 1617 2753 praescribuntur,
1647 2682 1714 2735 ut
1753 2694 1828 2734 ne
1867 2675 2118 2753 passeris
2144 2675 2378 2752 quidem
2404 2676 2502 2734 vel
2529 2673 2724 2752 capilli
2749 2694 2920 2733 casus

510 2755 663 2814 hanc
718 2755 831 2814 Dei
878 2756 1303 2834 providentiam
1346 2754 1550 2832 fugiat.
1637 2755 1728 2815 De
1763 2756 1877 2813 hoc
1918 2754 2086 2831 libro,
2119 2755 2274 2815 Psal.
2304 2754 2545 2814 cxxxix,
2581 2758 2673 2830 16,
2705 2754 2914 2831 agitur,

510 2834 613 2895 ubi
644 2835 887 2911 Psaltes,
918 2836 1162 2914 loquens
1190 2834 1262 2894 de
1291 2834 1382 2895 sui
1422 2833 1765 2895 formatione
1791 2834 1854 2893 in
1894 2842 2078 2913 uter0,
2107 2837 2415 2910 Informem
2451 2854 2695 2893 massam
2715 2854 2914 2910 meam,

514 2914 720 2993 inquit,
750 2916 1013 2975 viderunt
1036 2916 1183 2975 oculi
1196 2916 1292 2991 tui,
1323 2914 1385 2973 id
1412 2923 1502 2975 est
1529 2934 1662 2973 cum
1689 2914 1946 2974 nondum
1973 2914 2036 2973 in
2061 2922 2226 2974 utero
2243 2915 2442 2973 matris
2467 2914 2614 2973 bene
2641 2913 2920 2973 formatus

513 3014 719 3071 essem,
750 3004 811 3055 et
837 2997 896 3055 in
923 2996 1065 3055 libro
1092 3005 1203 3071 mo,
1233 2994 1503 3055 nimirum
1544 2994 1924 3072 providentias
1965 3001 2024 3054 et
2050 2993 2442 3072 praescientiae,
2471 2994 2662 3053 omnia
2705 2994 2920 3071 scripta

514 3084 696 3134 erant.
780 3074 877 3135 Ita
918 3076 1075 3146 alibi,
1128 3075 1283 3135 Psal.
1330 3074 1435 3134 lvi.
1486 3076 1542 3150 8,
1570 3074 1874 3152 profitetur
1899 3076 2092 3133 Deum
2117 3093 2418 3133 numerare
2454 3076 2635 3150 fitqas
2665 3093 2814 3147 sum,
2859 3084 2920 3134 et

513 3156 839 3228 lachrymas
888 3174 1022 3213 suas
1062 3174 1177 3213 esse
1224 3155 1283 3212 in
1328 3155 1570 3231 reqistro
1614 3155 1804 3231 ἰρείιιε,
1856 3152 1919 3212 id
1963 3162 2071 3227 est,
2116 3153 2306 3213 Deum
2353 3161 2678 3212 accuratam
2721 3172 2920 3213 earum

511 3232 779 3291 notitiam
832 3238 893 3290 et
939 3252 1133 3291 curam
1179 3232 1411 3293 habere.
1498 3232 1672 3293 Unde
1719 3233 1866 3292 bene
1922 3232 2149 3308 inferas,
2209 3233 2402 3292 omnia
2441 3232 2822 3291 infallibiliter
2859 3240 2920 3292 et

512 3310 839 3368 necessario
881 3312 1130 3386 evenire,
1161 3310 1299 3387 quia
1338 3310 1421 3371 ita
1460 3312 1784 3389 praestituta
1811 3319 1946 3371 sunt
1991 3312 2067 3371 ab
2096 3319 2343 3388 aetern03
2389 3311 2492 3371 sed
2531 3312 2682 3371 male
2723 3320 2920 3371 tamen

512 3388 650 3446 inde
694 3388 955 3465 colligas,
1002 3390 1328 3449 libertatem
1374 3390 1673 3449 hominum
1721 3391 1818 3449 vel
1864 3410 2054 3451 rerum
2099 3391 2550 3469 contingentiam
2586 3390 2658 3450 de
2701 3390 2919 3450 mundo

510 3467 659 3542 tolli,
684 3474 749 3525 ut
779 3466 1071 3527 Sociniani
1097 3488 1395 3561 perperam
1423 3477 1801 3547 argutantur;
1845 3469 1983 3546 quia
2007 3470 2133 3529 haec
2163 3471 2276 3530 Dei
2301 3471 2534 3549 scriptio
2555 3490 2674 3529 non
2691 3478 2918 3531 tantum

516 3553 780 3606 versatur
806 3546 958 3607 circa
982 3568 1077 3607 res
1104 3568 1279 3626 ipsas,
1310 3547 1412 3607 sed
1433 3557 1493 3608 et
1513 3548 1666 3607 circa
1686 3568 1882 3608 earum
1909 3549 2129 3625 modos,
2159 3559 2241 3625 ut,
2266 3550 2404 3609 dum
2431 3557 2674 3609 eventus
2703 3558 2918 3610 certam

514 3625 909 3686 futuritionem
936 3627 1125 3703 infert,
1172 3628 1392 3687 nullam
1440 3636 1635 3687 tamen
1675 3648 1866 3689 rerum
1907 3637 2128 3689 naturas
2155 3630 2275 3689 vim
2317 3629 2533 3705 afferat,
2581 3629 2686 3689 sed
2713 3649 2918 3690 causas

514 3705 799 3767 secundas
838 3706 1117 3767 ineffabili
1144 3707 1378 3785 quidem
1420 3715 1479 3767 et
1520 3708 1763 3786 occulta,
1795 3707 1900 3769 sed
1925 3716 2120 3769 tamen
2147 3709 2448 3769 verissima
2490 3710 2711 3770 ratione
2744 3709 2918 3787 juxta

512 3806 653 3849 suos
692 3785 897 3847 modos
923 3807 1097 3867 agere
1125 3790 1294 3849 sinat.

640 3934 645 3941 ⁴
917 3928 929 3941 ,
1117 3868 1238 3928 XI.
1284 3868 1460 3928 Liber
1486 3868 1634 3929 alter
1659 3869 1920 3931 internus
1967 3870 2158 3931 dictus
2179 3868 2347 3929 nobis
2387 3877 2477 3930 est
2517 3870 2654 3929 liber
2679 3868 2914 3935 Judicii,

540 3924 585 3971 2.
601 3925 749 3971 Liber
766 3925 965 3973 Judien.
1034 3948 1171 4025 quia
1211 3948 1274 4007 in
1317 3968 1387 4007 eo
1415 3948 1761 4026 scribuntur,
1807 3970 1938 4028 quae
1978 3950 2056 4009 ad
2109 3958 2497 4009 creaturarum
2551 3948 2916 4008 rationalium

509 4028 989 4106 gubernationem
1030 4035 1090 4086 et
1132 4026 1419 4105 judicium
1468 4037 1748 4107 spectant,
1802 4028 1906 4089 ubi
1959 4029 2206 4089 adversa
2231 4037 2291 4088 et
2333 4048 2623 4106 prospera,
2669 4026 2823 4086 bona
2859 4034 2918 4087 et

510 4109 665 4167 mala
692 4128 889 4169 earum
916 4115 1206 4183 notantur,
1238 4128 1313 4167 ex
1360 4108 1571 4185 quibus
1618 4109 1950 4187 judicandae
2002 4108 2263 4168 veniunt.
2350 4108 2433 4169 Ut
2485 4109 2639 4166 enim
2667 4107 2812 4165 nihil
2856 4107 2918 4165 in

510 4208 701 4247 rerum
729 4196 936 4249 natura
962 4188 1296 4264 contingere
1323 4195 1531 4265 potest,
1562 4187 1720 4265 quod
1747 4208 1784 4246 a
1813 4188 1939 4247 Deo
1968 4209 2084 4247 non
2127 4188 2203 4247 sit
2243 4188 2644 4264 praestitutum,
2688 4186 2772 4245 ita
2811 4206 2918 4247 nec

510 4267 571 4325 in
596 4268 895 4329 hominum
944 4268 1219 4327 societate
1259 4268 1567 4344 quicquam
1594 4268 1736 4328 boni
1784 4268 1879 4326 vel
1919 4268 2056 4326 mali
2084 4276 2275 4345 potest
2317 4268 2458 4341 fieri,
2490 4266 2648 4343 quod
2687 4266 2762 4325 ab
2790 4267 2918 4343 ejus

511 4345 743 4405 decreto
772 4349 869 4407 vel
896 4346 1162 4407 effectivo
1191 4348 1288 4406 vel
1328 4346 1672 4424 permissivo
1699 4367 1814 4405 non
1843 4348 2107 4425 pendeat,
2137 4346 2284 4405 nihil
2311 4347 2467 4423 quod
2495 4347 2622 4423 ejus
2645 4354 2916 4406 aeternam

509 4424 931 4501 praescientiam
979 4426 1179 4505 fugiat,
1228 4434 1287 4487 et
1314 4426 1471 4505 quod
1500 4446 1692 4485 coram
1737 4427 1861 4504 ipso
1903 4428 2178 4505 scriptum
2208 4447 2323 4486 non
2351 4426 2444 4485 sit.
2507 4426 2665 4483 Hinc
2693 4433 2757 4486 ut
2785 4444 2914 4503 pec-

509 4511 703 4561 catum
731 4502 941 4562 dicitur
968 4506 1243 4581 scriptum
1272 4508 1427 4583 stylo
1456 4505 1640 4565 ferreo
1695 4506 1754 4563 in
1811 4506 1982 4568 corde
2011 4506 2344 4583 peccatoriS,
2390 4508 2515 4565 Jer.
2559 4506 2702 4564 xvii.
2739 4510 2788 4580 l,
2835 4504 2918 4563 sic

508 4581 787 4661 scriptum
829 4583 1040 4659 pariter
1080 4584 1414 4662 perhibetur
1454 4605 1647 4644 coram
1691 4586 1836 4661 Deo,
1883 4586 1997 4645 Isa.
2027 4586 2150 4644 lxv.
2181 4590 2236 4662 6,
2291 4589 2326 4620 “
2351 4586 2484 4645 Iloc
2526 4585 2804 4663 scriptum
2831 4592 2918 4645 est
