3234 5192
534 301 651 357 256
1155 316 1234 355 m:
1263 314 1609 357 SCRIPTURAE
1642 315 1845 357 sacas-2
1872 315 2313 359 AUTHORITATE.
2574 297 2835 379 [meror.
2866 319 2950 364 111.

525 458 712 517 omnis
747 462 1020 535 potestas,
1069 456 1298 532 qualem
1351 457 1691 517 Pontificem
1742 477 1909 517 suum
1955 478 2081 517 esse
2127 458 2333 517 volunt
2382 458 2743 520 Adversarii.
2832 464 2947 523 Sed

525 540 670 595 nihil
698 558 773 597 ex
801 539 892 596 his
922 537 1188 595 omnibus
1217 538 1332 596 dici
1353 546 1564 615 potest.
1648 538 1799 595 Nam
1848 539 1923 596 ad
1950 539 2111 617 prius
2139 539 2375 617 quidem
2402 540 2559 616 quod
2586 542 2810 617 attinet,
2842 565 2944 620 ag-

523 626 770 677 noscunt
797 618 908 695 ipsi
939 617 1230 677 Pontificii
1269 619 1590 677 Ecclesiam
1637 618 2000 677 collectivam
2026 620 2139 679 hoc
2170 620 2323 697 juris
2350 639 2467 677 non
2522 620 2751 681 habere.
2840 624 2945 681 Se-

525 698 780 757 cundum
809 718 925 756 non
946 698 1134 775 magis
1154 698 1348 757 locum
1365 698 1578 757 habere
1598 706 1791 775 potest
1814 721 1829 775 ;
1874 719 2007 757 narn
2030 720 2162 758 cum
2186 700 2476 775 PastoreS,
2500 700 2625 759 sive
2643 702 2945 779 sigillatim

525 778 977 854 considerentur,
1009 779 1134 837 sive
1163 780 1534 856 conjunctim,
1567 779 1685 838 sint
1719 779 1897 837 errori
1940 780 2193 855 obnoxii,
2226 800 2341 858 quo
2370 789 2540 857 pacto
2566 783 2801 841 tandem
2830 793 2945 841 tes-

523 859 830 917 timonium
871 867 1090 918 certum
1123 867 1182 917 et
1225 859 1613 919 indubitatum
1663 860 1962 936 perhibere
2004 862 2323 937 poterunt?
2406 861 2456 919 N
2464 880 2529 919 ec
2572 880 2785 938 negare
2834 864 2945 922 hoc

524 948 768 1015 possunt
797 938 1106 1015 Pontificii,
1136 939 1236 1016 qui
1264 938 1516 998 fatentur
1545 939 1803 997 Concilia
1845 959 2013 1016 posse
2058 960 2264 1015 errare,
2295 960 2412 998 non
2442 950 2663 999 tantum
2692 944 2941 1019 particu-

521 1018 684 1094 laria,
715 1020 818 1078 sed
846 1019 1020 1077 etiam
1048 1019 1342 1097 generalia
1367 1029 1425 1077 et
1468 1020 1838 1095 oecumenica,
1867 1020 2005 1078 licet
2044 1018 2303 1097 legitime
2332 1030 2687 1099 congregata
2712 1023 2788 1081 ab
2816 1024 2943 1100 ipso

529 1098 812 1159 Pontifice
843 1101 1124 1175 Romane,
1153 1107 1220 1157 ut
1245 1108 1406 1177 patet
1433 1118 1508 1158 ex
1547 1100 1902 1158 Bellarmino
1942 1100 2044 1158 lib.
2068 1100 2105 1176 i,
2137 1100 2209 1159 de
2240 1101 2515 1159 Conciliis
2543 1122 2668 1179 cap.
2693 1105 2751 1161 6.
2779 1111 2839 1161 et
2866 1108 2941 1179 7.,

527 1188 586 1239 et
613 1180 716 1239 lib.
757 1180 817 1239 ii.
865 1200 990 1257 cap.
1021 1182 1058 1239 8
1108 1188 1167 1239 et
1214 1182 1270 1239 9.
1355 1179 1548 1253 Adde,
1578 1179 1737 1257 quod
1778 1180 1827 1239 si
1868 1179 2062 1257 agitur
2102 1180 2175 1239 de
2225 1179 2565 1240 Pastoribus
2594 1182 2655 1239 in
2684 1183 2941 1242 Concilio

525 1261 912 1338 congregatiS,
944 1261 1186 1338 quaestio
1227 1260 1469 1319 recurrit
1509 1280 1626 1337 qua
1666 1260 2013 1319 authoritate
2046 1270 2511 1337 congregentur3
2557 1262 2672 1321 Vel
2702 1264 2850 1321 enim
2880 1263 2942 1321 id

527 1340 628 1399 fiet
654 1341 883 1419 proprio
911 1342 1207 1415 arbitratu,
1239 1350 1298 1399 et
1323 1340 1600 1419 peculiari
1642 1340 1837 1417 aliquo
1884 1340 2135 1418 Spiritus
2161 1340 2433 1418 impulsu,
2468 1342 2579 1400 Vel
2609 1362 2683 1401 ex
2716 1342 2938 1401 Antho-

525 1422 694 1480 ritate
723 1423 975 1499 scripta:
1022 1421 1106 1482 At
1145 1421 1522 1499 particulares
1555 1421 1895 1497 ἔιουσιιο-μοὸς
1922 1439 2217 1497 nunquam
2259 1422 2529 1498 probavit
2574 1423 2853 1497 Ecclesia,
2884 1434 2943 1481 et

527 1501 826 1561 damnavit
852 1503 912 1561 in
959 1501 1350 1575 MontanistiS‚
1381 1501 1625 1577 aliisque
1654 1501 1960 1560 haereticis.
2008 1500 2179 1575 Quod
2220 1501 2271 1559 si
2298 1520 2375 1560 ex
2406 1502 2717 1577 Scriptura,
2748 1512 2813 1560 ut
2840 1523 2940 1560 ne·

527 1601 688 1639 cesse
717 1591 806 1642 est
833 1602 902 1641 eo
930 1582 1163 1641 tandem
1191 1581 1426 1640 devolvi
1450 1604 1465 1656 ;
1511 1581 1673 1657 Ergo
1700 1602 1807 1639 sua
1832 1582 1921 1639 illi
1942 1588 2167 1641 constet
2186 1581 2504 1640 authoritas
2532 1590 2756 1657 oportet
2778 1590 2939 1641 ante-

527 1681 702 1737 quam
725 1670 1168 1738 congregentur.
1234 1660 1458 1719 Deinde
1481 1661 1758 1737 quaeritur
1779 1662 1970 1737 etiam,
1995 1660 2149 1720 unde
2178 1669 2403 1720 constet
2428 1660 2615 1737 nobis,
2636 1662 2941 1720 concilium

527 1742 588 1797 in
617 1741 973 1799 Testimonio
1003 1761 1107 1800 suo
1147 1760 1265 1800 non
1306 1760 1525 1799 errasse
1546 1746 1575 1799 P
1658 1741 1770 1800 Vel
1820 1741 1973 1800 enim
2018 1740 2081 1799 id
2124 1742 2197 1799 ab
2243 1740 2521 1799 Ecclesiae
2566 1742 2747 1819 ipsius
2796 1762 2940 1801 voce

528 1821 745 1879 orietur
765 1844 779 1897 ;
825 1821 912 1879 At
938 1822 1050 1879 ista
1079 1820 1342 1879 Ecclesia
1383 1829 1472 1879 est
1512 1822 1701 1898 ipsum
1746 1822 2084 1896 Concilium,
2115 1820 2187 1879 de
2230 1821 2395 1897 cujus
2448 1822 2795 1881 authoritate
2824 1822 2939 1881 dis-

525 1910 778 1979 putatur,
809 1901 923 1959 Vel
951 1922 986 1959 a
1019 1901 1328 1977 Scripturas
1355 1901 1537 1977 ipsius
1565 1922 1728 1976 voce,
1760 1901 1863 1961 sed
1897 1902 1997 1977 qui
2027 1901 2201 1960 fidem
2229 1900 2415 1960 facere
2442 1903 2667 1979 poterit,
2700 1903 2813 1960 nisi
2840 1923 2941 1962 au-

525 1982 768 2040 thoritas
797 1983 922 2059 ejus
951 1981 1354 2040 antecedenter
1391 1981 1467 2041 sit
1507 1981 1789 2058 cognita?
1870 1982 2097 2041 Rursus
2145 2000 2277 2041 cum
2326 1982 2662 2055 Concilium,
2694 1983 2941 2041 testibus

525 2063 668 2140 ipsis
697 2062 1086 2135 AdversariiS,
1117 2081 1233 2119 non
1261 2060 1449 2137 faciat,
1481 2062 1584 2120 sed
1601 2061 1857 2121 declaret
1876 2070 2101 2121 tantum
2130 2069 2189 2121 et
2215 2061 2555 2139 pronunciet
2585 2062 2939 2138 Scripturam

525 2163 651 2201 esse
697 2142 950 2201 divinam
978 2164 992 2218 ;
1039 2142 1247 2216 Quaero
1292 2162 1406 2219 quo
1453 2140 1828 2201 fundamento
1871 2142 2090 2203 nitatur
2136 2143 2263 2220 ejus
2301 2140 2602 2219 judicium,
2634 2150 2693 2201 et
2728 2142 2940 2219 quibus

523 2223 846 2282 rationibus
874 2243 942 2282 eo
964 2222 1172 2280 adduci
1201 2222 1466 2299 potuerit,
1490 2231 1556 2281 ut
1583 2222 1759 2281 talem
1788 2222 2105 2281 declararet
2126 2225 2153 2280 ‚²
2235 2222 2349 2280 Vel
2379 2220 2530 2279 enim
2560 2220 2620 2279 id
2648 2222 2784 2281 fecit
2812 2242 2943 2300 pro-

525 2306 650 2381 prio
678 2304 914 2361 arbitrio
959 2312 1018 2361 et
1061 2322 1177 2360 non
1224 2302 1338 2359 alia
1383 2303 1622 2379 ratione,
1653 2322 1827 2380 quam
1870 2302 2009 2380 quia
2033 2303 2118 2360 ita
2143 2301 2351 2377 libuit3
2398 2302 2501 2361 sed
2529 2303 2660 2380 quis
2688 2304 2799 2361 hoc
2829 2303 2939 2361 sibi

522 2384 888 2462 persuaserit,
921 2390 986 2442 ut
1013 2383 1122 2441 hoc
1149 2383 1346 2454 ἀλόγως
1388 2382 1604 2457 fecerit,
1636 2393 1694 2442 et
1736 2383 1849 2441 sibi
1890 2390 2122 2460 propter
2149 2402 2211 2440 se
2238 2382 2429 2459 ipsum
2458 2382 2615 2441 credi
2642 2383 2944 2459 postulet?

525 2464 639 2523 Vcl
659 2463 717 2521 id
731 2464 866 2522 fecit
887 2463 1234 2521 authoritate
1257 2463 1642 2521 Conciliorum
1665 2462 2143 2536 antecedentium,
2158 2470 2217 2521 et
2231 2463 2405 2538 juxta
2428 2463 2704 2522 Ecclesioe
2729 2463 2937 2521 veteris

523 2544 912 2603 testimonium
942 2566 957 2602 ι
1000 2543 1100 2603 sed
1131 2563 1202 2601 ne
1246 2543 1328 2602 sic
1370 2543 1602 2621 quidem
1648 2544 1874 2603 sublata
1902 2543 2011 2601 erit
2039 2542 2383 2617 difficultas;
2427 2563 2561 2601 nam
2592 2544 2667 2601 ad
2694 2544 2935 2621 primum

523 2624 756 2683 tandem
796 2623 1220 2683 deveniendum
1263 2624 1388 2699 erit,
1419 2623 1530 2683 nisi
1575 2624 1637 2681 in
1680 2624 1969 2683 infinitum
2012 2624 2171 2681 abire
2220 2623 2529 2699 volumus,
2576 2624 2687 2682 Vel
2718 2624 2779 2682 id
2806 2622 2940 2682 fecit

527 2704 775 2782 Spiritus
808 2705 1006 2764 Sancti
1033 2704 1320 2781 impulsu;
1365 2703 1470 2763 sed
1509 2712 1891 2781 praeterquam
1932 2704 2089 2781 quod
2118 2722 2237 2762 non
2261 2712 2454 2779 potest
2480 2704 2649 2762 nobis
2678 2712 2939 2763 constare

523 2785 595 2844 de
626 2785 928 2843 divinitate
959 2785 1125 2842 istius
1159 2784 1406 2862 Spiritus
1433 2784 1546 2842 nisi
1575 2805 1651 2843 ex
1684 2786 1997 2861 Scriptura,
2030 2804 2160 2842 cum
2180 2802 2473 2860 nunquam
2492 2805 2527 2842 a
2548 2784 2746 2842 Verbo
2776 2803 2938 2861 sepa-

521 2874 715 2939 retur3
757 2866 805 2924 si
837 2865 1158 2923 Concilium
1185 2865 1416 2943 impulit
1441 2864 1518 2923 ad
1557 2863 1963 2924 declarandam
2002 2863 2312 2941 Scripturae
2341 2864 2791 2939 Authoritatem,
2822 2883 2937 2922 non

519 2946 634 3005 alia
661 2946 724 3004 id
749 2947 970 3005 ratione
999 2944 1151 3022 fecit,
1175 2966 1350 3024 quam
1369 2945 1562 3004 radios
1584 2945 1907 3004 divinitatis
1928 2946 1990 3002 in
2018 2945 2197 3003 verbo
2226 2943 2517 3020 fulgentes
2544 2944 2939 3003 demonstran-

521 3026 614 3101 do,
646 3047 720 3085 cx
749 3046 993 3104 quorum
1023 3027 1236 3085 intuitu
1261 3027 1368 3085 rite
1396 3025 1803 3104 pronunciavit
1832 3024 2169 3101 Concilium,
2200 3026 2441 3083 verbum
2472 3044 2599 3083 esse
2628 3044 2764 3083 vere
2793 3024 2941 3082 divi-

523 3126 661 3165 num
687 3128 702 3181 ;
746 3108 788 3166 J
791 3126 880 3164 am
913 3126 1052 3165 vero
1083 3107 1132 3165 si
1159 3106 1550 3165 testimonium
1581 3105 1826 3163 Concilii
1874 3104 1947 3163 de
1974 3104 2155 3163 verbo
2183 3105 2243 3162 in
2270 3104 2397 3182 ipso
2426 3104 2624 3163 Verbo
2652 3104 2942 3181 fundatur,

526 3186 815 3261 quomodo
843 3186 1002 3245 illius
1029 3186 1435 3246 authoritatem
1463 3185 1618 3263 apud
1644 3205 1751 3245 nos
1780 3184 2021 3243 fundare
2041 3184 2253 3262 poterit
2272 3188 2301 3244 P

1135 3264 1228 3323 VI
1235 3266 1282 3323 Ι.
1317 3264 1432 3323 Sed
1449 3266 1593 3323 libet
1609 3265 1973 3325 adversarios
1990 3264 2181 3323 adhuc
2197 3264 2449 3342 pressius
2466 3282 2700 3339 urgere:
2731 3264 2881 3322 Nam
2892 3264 2943 3323 si

1039 3343 1184 3403 fides
1197 3355 1394 3403 nostra
1402 3342 1474 3402 de
1491 3345 1810 3403 Divinitate
1828 3345 2137 3423 Scripturas
2150 3345 2456 3405 resolvitur
2466 3344 2524 3401 in
2535 3343 2943 3436 authoritatem

533 3420 776 3481 Concilii
790 3424 1094 3497 generaliS,
1109 3444 1342 3483 necesse
1354 3432 1444 3483 est
1453 3432 1518 3483 ut·
1529 3423 1729 3483 eadem
1741 3424 1853 3483 fide
1867 3425 2067 3484 divina
2077 3425 2343 3485 credatur
2356 3422 2593 3483 Concilii
2606 3424 2943 3498 authoritas,

529 3522 646 3579 qua
662 3501 974 3563 creduntur
1001 3503 1098 3563 alii
1117 3502 1253 3561 fidei
1281 3504 1508 3562 articuli
1527 3513 1762 3582 propter
1783 3505 2189 3565 authoritatem
2214 3504 2471 3579 Concilii,
2496 3512 2555 3563 et
2575 3503 2713 3581 quia
2736 3504 2939 3563 Conci-

528 3583 674 3641 lium
703 3603 817 3641 non
847 3582 1022 3643 habet
1049 3583 1470 3659 authoritatem,
1503 3585 1616 3643 nisi
1646 3586 1721 3644 sit
1748 3586 2089 3663 legitimum,
2122 3604 2355 3644 necesse
2384 3592 2475 3643 est
2500 3593 2566 3644 ut
2592 3583 2707 3642 fide
2735 3584 2949 3661 pariter

531 3664 732 3721 divina
743 3673 1124 3741 cognoscatur
1139 3664 1250 3723 hoc
1267 3673 1368 3723 aut
1379 3664 1524 3723 illud
1535 3665 1859 3725 Concilium
1876 3684 2003 3724 esse
2019 3665 2363 3743 legitimum.
2408 3664 2494 3723 At
2512 3663 2573 3721 id
2582 3664 2706 3722 fieri
2728 3664 2945 3741 nequit,

533 3744 1000 3823 quandoquidem
1017 3745 1270 3803 humano
1287 3744 1617 3803 testimonio
1640 3754 1864 3804 tantum
1880 3746 2113 3823 probari
2130 3753 2336 3822 potest,
2350 3745 2466 3802 imo
2482 3764 2557 3802 ne
2574 3743 2804 3821 probari
2822 3743 2948 3821 qui-

533 3824 664 3884 dem
684 3834 840 3883 certo
868 3832 1059 3903 potest
1078 3847 1091 3901 ς
1122 3833 1188 3884 ut
1205 3824 1356 3883 enim
1375 3826 1552 3883 sciam
1573 3825 1897 3903 legitimum
1920 3844 2047 3884 esse
2068 3826 2405 3900 Concilium,
2424 3832 2787 3902 perspectum
2806 3823 2948 3881 mihi

533 3924 658 3963 esse
688 3904 860 3964 debet
883 3926 898 3981 ;
941 3924 1019 3965 an
1045 3924 1244 3964 omnes
1271 3924 1514 3982 quorum
1555 3905 1795 3965 interest
1834 3905 2094 3982 legitime
2122 3904 2335 3964 fuerint
2362 3904 2571 3978 vocati,
2602 3912 2662 3962 et
2691 3903 2948 3963 Concilio

533 3984 941 4044 interfuerint?
1021 3984 1123 4043 An
1164 3984 1410 4063 legitimi
1459 3986 1673 4045 fuerint
1721 3985 2011 4063 Episcopi,
2044 3993 2104 4044 et
2143 3984 2253 4043 rite
2302 3982 2601 4043 ordinati?
2640 3984 2741 4041 An
2768 3984 2951 4041 libera

533 4064 744 4125 fuerint
771 4064 1062 4143 suffragia,
1094 4074 1154 4125 et
1180 4074 1386 4125 caetera
1413 4066 1474 4124 id
1502 4086 1705 4143 genus,
1736 4085 1865 4142 quae
1895 4084 2025 4123 cum
2068 4064 2245 4123 dubia
2272 4064 2389 4123 sint
2416 4073 2477 4124 et
2502 4064 2738 4139 incerta,
2768 4064 2953 4121 incer-

533 4154 648 4204 tam
681 4145 854 4205 etiam
882 4166 1116 4205 necesse
1147 4154 1235 4205 est
1284 4146 1526 4204 Concilii
1571 4145 1979 4204 authoritatem
2028 4164 2173 4202 esse.
2260 4145 2486 4203 Rursus
2532 4143 2581 4201 si
2628 4143 2949 4202 Concilium

532 4226 936 4285 authoritatem
987 4227 1297 4303 Scripturae
1347 4226 1520 4285 debet
1547 4225 1871 4299 conciliare,
1911 4224 2071 4301 prius
2118 4224 2276 4282 illam
2322 4223 2516 4301 quoad
2559 4242 2667 4281 nos
2696 4222 2953 4281 obtineat

531 4313 756 4381 oportet
780 4329 794 4365 2
838 4306 924 4365 At
951 4326 1067 4383 quo
1093 4307 1328 4366 tandem
1371 4314 1540 4383 pacto
1581 4305 1795 4381 poterit
1822 4324 1949 4363 eam
1978 4303 2253 4379 obtinere,
2286 4306 2335 4362 si
2364 4304 2621 4363 nondum
2651 4302 2949 4361 definitum

533 4384 610 4442 sit
635 4404 710 4441 an
739 4386 1060 4445 Concilium
1089 4387 1166 4446 sit
1194 4406 1366 4463 supra
1391 4387 1625 4462 Papam,
1652 4406 1725 4442 an
1752 4384 1909 4462 Papa
1930 4404 2103 4462 supra
2126 4384 2467 4459 Concilium,
2492 4382 2769 4461 quamdiu
2796 4382 2950 4441 enim

530 4463 676 4520 nihil
705 4465 844 4521 certi
873 4486 942 4522 ea
970 4466 1042 4523 de
1071 4486 1130 4524 re
1181 4467 1464 4525 sancitum
1493 4474 1598 4539 est,
1630 4464 1821 4523 adhuc
1866 4464 1974 4522 sub
2010 4463 2211 4537 judice
2262 4464 2335 4523 lis
2362 4472 2469 4537 est,
2500 4472 2561 4523 et
2587 4472 2791 4521 neutra
2818 4480 2952 4538 pars

529 4561 633 4619 pro
663 4551 820 4599 certa
847 4554 904 4601 et
931 4544 1256 4604 indubitata
1299 4545 1497 4603 haberi
1543 4544 1735 4602 debet.
1819 4544 1957 4603 Jam
2001 4563 2173 4602 nemo
2199 4545 2387 4603 nescit
2414 4544 2564 4601 inter
2596 4542 2947 4614 Pontificios,

465 4676 469 4681 .
527 4620 902 4699 quaestionem
933 4624 1096 4697 hanc,
1130 4633 1187 4683 et
1219 4626 1342 4701 jam
1387 4624 1522 4681 olim
1565 4644 1780 4699 magno
1821 4623 2141 4682 animorum
2185 4632 2329 4683 aestu
2358 4623 2637 4701 agitatam
2667 4622 2860 4695 fuisse,
2893 4631 2951 4679 et

625 3322 669 3368 2.
689 3324 898 3381 Argum.
