3234 5192
502 314 621 372 504
1114 330 1192 369 ns
1222 328 1706 370 suisne-rioms
1735 328 1974 370 cinusn
2004 328 2320 369 vam-rara.
2509 309 2773 393 [nisrur.
2803 328 2914 371 xv.

504 490 573 531 sa
600 470 857 547 Spiritus
884 470 945 530 S.
974 470 1213 529 videtur
1258 472 1409 528 duas
1438 472 1613 529 hasce
1640 488 1814 529 voces
1841 469 2228 544 conjunxisse
2255 474 2325 524 ut
2350 467 2613 543 perfecta
2637 476 2916 543 peccato-

502 568 641 607 rum
667 551 813 608 latio
838 551 1207 620 innueretur,
1237 548 1456 639 quippe
1483 554 1539 608 τὶ
1566 558 1660 607 u‘m
1687 549 1886 624 ipsum
1917 556 2120 609 actum
2146 545 2398 603 tollendi
2427 564 2580 604 onus
2605 547 2670 603 in
2697 550 2910 607 hume-

504 646 603 685 ros
630 635 809 703 atque
836 630 986 686 adeo
1016 628 1448 702 susceptionem
1474 627 1711 703 proprie
1739 627 2032 701 designat,
2051 628 2152 683 *ιι-ο
2183 642 2326 682 vero
2351 626 2747 699 gestationem
2767 646 2912 685 one-

504 707 587 763 ris
606 707 871 782 impositi
898 724 969 764 ac
996 706 1267 797 suscepti.
1355 704 1456 764 Ita
1485 705 1758 765 Christus
1803 704 2047 779 gemina
2092 704 2206 760 hac
2240 702 2440 776 phrasi
2485 710 2749 778 portasse
2775 723 2914 779 pec-

506 792 640 843 cata
679 786 900 843 dicitur
942 784 1086 859 quia
1126 802 1248 841 non
1296 782 1381 840 ita
1428 783 1684 858 suscepit
1724 783 2005 857 imposita
2035 780 2150 839 sibi
2189 788 2428 856 peccata
2452 788 2680 853 nostra,
2702 790 2772 839 ut
2797 784 2912 841 sub

506 882 684 921 onere
709 864 989 920 fatiscens
1014 880 1087 919 ea
1112 862 1453 936 deposuerit
1480 870 1541 920 et
1566 859 1890 953 abjoecerit
1871 878 2064 935 impar
2091 860 2260 918 oneri
2286 866 2474 929 tant0‚
2503 860 2610 917 sed
2635 868 2912 951 suscepta

505 940 619 998 rite
646 940 911 1016 portavit
935 947 995 999 et
1021 940 1285 1015 pertulit.
1370 939 1587 1015 Ita-que
1629 938 1752 997 sive
1779 939 2191 997 consideretur
2226 938 2568 1011 conjunctio
2595 937 2910 1015 utriusque

506 1019 684 1090 vocis,
714 1018 837 1076 sive
862 1018 1075 1075 relatio
1102 1023 1164 1075 et
1190 1021 1358 1094 σχέσις
1384 1018 1565 1075 unius
1591 1019 1670 1076 ad
1713 1017 1980 1087 alteram,
2009 1018 2334 1075 necessario
2363 1032 2508 1073 vera
2532 1023 2910 1091 peccatorum

506 1096 799 1188 susceptio
827 1103 888 1153 et
911 1096 1076 1167 latio,
1104 1113 1229 1153 non
1256 1098 1511 1171 simplex
1557 1096 1781 1154 ablatio
1829 1095 2166 1169 colligitur3
2207 1093 2427 1185 Neque
2454 1094 2642 1151 ullius
2669 1100 2758 1152 est
2783 1113 2910 1153 mo-

504 1175 693 1231 menti
722 1174 928 1232 Grellii
973 1174 1257 1233 instantia
1302 1193 1424 1250 qua
1450 1174 1750 1249 auferendi
1791 1172 2280 1248 significationem
2301 1172 2481 1230 etiam
2507 1171 2570 1228 1ιι
2599 1174 2780 1230 verbo
2809 1176 2906 1232 320

504 1253 707 1310 locum
734 1254 953 1310 habere
999 1252 1213 1310 debere
1259 1254 1581 1326 contendit,
1612 1272 1732 1311 ver.
1765 1250 1858 1323 11,
1887 1269 2078 1344 quum
2123 1252 2200 1307 de
2230 1250 2468 1309 Christo
2495 1249 2732 1320 dicitur,
2774 1252 2906 1308 “de

505 1330 712 1388 labore
760 1332 974 1389 animae
1003 1331 1230 1389 videbit
1270 1339 1332 1389 et
1378 1332 1763 1403 saturabitur,
1804 1330 2145 1405 cognitione
2189 1329 2282 1386 sui
2316 1328 2669 1404 justificabit
2701 1346 2908 1386 servus

506 1427 670 1468 meus
697 1411 939 1481 multos,
969 1417 1029 1467 et
1054 1409 1401 1485 iniquitates
1427 1428 1638 1468 eorum
1652 1410 1777 1485 ipse
1793 1407 2108 1483 portabit?
2139 1407 2245 1465 ubi
2269 1406 2658 1481 iniquitatum
2673 1406 2910 1481 bajula-

504 1486 591 1544 tio
640 1493 1140 1545 commemoratur
1186 1494 1475 1563 tanquam
1520 1488 1754 1563 aliquid
1800 1487 1966 1561 quod
2013 1486 2344 1543 extiturum
2391 1484 2468 1541 sit
2493 1491 2629 1559 post
2653 1491 2908 1542 mortem

507 1563 550 1620 J
552 1582 658 1623 esu
688 1565 910 1623 Christi
957 1573 1018 1621 et
1063 1572 1350 1641 tanquam
1393 1565 1710 1640 praemium
1749 1564 1972 1621 laboris
2002 1582 2205 1655 quem·
2235 1563 2286 1620 is
2313 1570 2566 1619 mortem
2591 1562 2908 1619 subeundo

504 1642 835 1715 pertulerit,
864 1643 1027 1716 quod
1053 1642 1319 1716 profecto
1348 1661 1471 1701 esse
1496 1661 1622 1700 non
1649 1643 1847 1717 potuit
1871 1641 2072 1716 puniri
2097 1641 2159 1697 in
2189 1642 2318 1715 ipso
2336 1646 2571 1715 peccata
2589 1646 2810 1709 nostra,
2838 1638 2906 1696 id

506 1719 668 1775 enim
694 1738 889 1794 neque
915 1726 1173 1776 mortem
1200 1727 1587 1778 consecutum
1613 1726 1784 1791 esset,
1807 1720 1912 1777 sed
1939 1737 2066 1776 una
2083 1737 2220 1775 cum
2237 1720 2368 1810 ipsa
2387 1723 2569 1775 morte
2595 1723 2907 1790 peractum

504 1796 731 1866 fuisset,
760 1813 953 1871 neque
980 1796 1293 1870 praemium
1320 1797 1544 1855 laboris
1570 1798 1690 1855 dici
1709 1804 1910 1873 posset
1935 1798 2039 1853 sed
2059 1796 2274 1871 labor
2258 1815 2400 1871 ipse,
2441 1814 2560 1853 ver.
2603 1794 2695 1852 11.
2736 1793 2909 1853 Nam

505 1874 616 1931 etsi
645 1873 937 1947 bajulatio
958 1882 1335 1948 peccatorum
1361 1875 1653 1933 referatur
1678 1893 1716 1933 a
1735 1874 2028 1950 propheta
2052 1864 2191 1948 post
2208 1874 2697 1947 justificationem
2723 1890 2908 1946 quam

504 1970 611 2027 per
636 1952 858 2010 fidem·
842 1971 905 2009 ιιι
932 1953 1133 2027 ipsum
1158 1953 1535 2011 consecuturi
1560 1960 1734 2011 erant
1759 1952 1987 2023 fideles,
2015 1958 2077 2009 et
2103 1960 2239 2026 post
2265 1954 2620 2022 satietatem,
2647 1950 2728 2007 id.
2756 1970 2910 2025 prae-

504 2030 695 2087 mium
722 2032 927 2106 quod
911 2050 1037 2124 ipse
1057 2050 1132 2088 ex
1158 2032 1363 2090 labore
1391 2048 1501 2089 suo
1530 2032 1827 2089 relaturus
1867 1996 2014 2101 era't,
2044 2048 2168 2087 non
2195 2030 2465 2105 sequitur
2489 2036 2694 2087 tamen
2721 2029 2909 2086 conti-

504 2108 662 2183 gisse
690 2114 911 2202 postea,
942 2110 1063 2167 imo
1092 2109 1302 2167 debuit
1326 2110 1526 2185 reipsa
1552 2111 1914 2180 antecedere,
1937 2108 2082 2183 quia
2101 2108 2195 2165 his
2222 2108 2416 2166 verbis
2433 2126 2612 2166 causa
2637 2106 2907 2163 redditur

504 2188 735 2262 praemii
752 2189 915 2263 quod
934 2188 1199 2246 obtinere
1220 2189 1445 2260 debuit,
1456 2196 1518 2247 et
1536 2188 1998 2247 fundamentum
2014 2187 2259 2260 ponitur
2270 2184 2716 2260 justificationis
2728 2202 2908 2260 quam

504 2266 705 2323 electis
733 2266 1001 2323 conferre
1028 2266 1253 2337 debuit,
1282 2285 1465 2341 quare
1506 2266 1666 2323 enirn
1684 2266 2013 2340 justificare
2053 2264 2253 2339 potuit
2278 2282 2484 2323 servus
2509 2263 2614 2321 ille
2655 2262 2908 2321 dilectus

502 2360 608 2415 per
638 2344 1039 2415 cognitionem
1086 2343 1178 2399 sui
1206 2310 1426 2415 fi’deles,
1456 2344 1572 2401 nisi
1605 2347 1751 2418 quia
1776 2343 2072 2417 portando
2099 2360 2308 2401 eorum
2353 2348 2595 2417 peccata
2632 2340 2699 2398 in
2737 2358 2908 2399 cruce

502 2435 613 2492 pro
640 2418 712 2475 iis
738 2419 1141 2477 satisfecerat.
1124 2422 1145 2463 2
1177 2419 1391 2495 Itaque
1408 2421 1660 2494 copula·
1655 2465 1680 2495 ,
1713 2439 1848 2495 quae
1876 2419 1975 2476 hic
2001 2420 2338 2496 apponitur,
2369 2418 2681 2477 causaliter
2705 2425 2795 2475 est
2818 2418 2910 2475 in-

503 2495 833 2606 telligenda
857 2502 929 2553 ut
954 2514 1117 2588 saepe
1136 2497 1302 2568 alibi,
1330 2499 1493 2572 quod
1521 2498 1905 2555 observatum
1933 2497 2252 2556 Tremellio
2279 2498 2386 2573 qui
2405 2498 2586 2555 vertit
2604 2496 2666 2553 in
2695 2503 2908 2571 praete-

504 2572 685 2644 rit0‚‘
690 2578 989 2647 ‘quorum
1034 2573 1381 2648 iniquitates
1407 2576 1535 2650 ipse
1560 2575 1996 2650 bajulaverit;”
2027 2576 2252 2634 falsum
2289 2575 2470 2633 etiam
2497 2575 2664 2651 quod
2691 2592 2907 2650 suppo-

504 2650 596 2707 nit
614 2650 1011 2741 portationem
1030 2651 1363 2727 iniquitatis
1384 2653 1567 2711 statui
1585 2655 1925 2728 apropheta
1939 2654 2261 2745 praemium
2274 2653 2496 2712 laboris
2508 2652 2746 2723 Christi,
2767 2671 2906 2711 cum

503 2728 707 2803 potius
723 2736 1096 2789 recenseatur
1107 2737 1399 2822 tanquam
1424 2732 1550 2807 ipse
1570 2732 1743 2789 labor
1763 2731 1870 2807 qui
1895 2732 2012 2790 fuit
2036 2732 2267 2807 proemii
2294 2750 2490 2803 causa,
2517 2750 2660 2789 nam
2685 2731 2904 2803 statim,

502 2824 624 2865 ver.
654 2808 944 2883 sequenti,
982 2808 1153 2867 addit
1179 2828 1648 2868 commemorans
1683 2810 1936 2884 gloriam
1965 2828 2112 2885 qum
2139 2809 2310 2867 illam
2337 2810 2737 2869 calamitatem
2779 2815 2906 2866 erat

502 2894 856 2957 secutura,‘
863 2888 1047 2946 ‘Ideo
1091 2894 1326 2964 partem
1368 2888 1423 2946 ei
1473 2888 1671 2947 dabo
1655 2908 1718 2945 ιιι
1754 2888 1962 2946 multis
1988 2893 2049 2945 et
2078 2886 2308 2945 dividet
2333 2887 2578 2963 spolia,’
2609 2890 2730 2957 &c.‚
2759 2887 2900 2944 nim.

500 2974 819 3041 propterea
860 2967 1024 3042 quod
1052 2967 1315 3025 animam
1358 2985 1530 3025 suam
1556 2966 1732 3025 morti
1761 2964 2102 3041 exposuerit
2127 2972 2192 3023 et
2222 2966 2549 3041 portaverit
2573 2965 2902 3023 multorum

502 3050 761 3116 peccata,
791 3051 861 3102 ut
886 3044 1029 3103 ibid.
1061 3046 1323 3103 additur.

582 3120 768 3179 XIV.
812 3124 867 3179 2.
898 3121 995 3179 Ex
1036 3124 1217 3181 modo
1257 3124 1554 3197 portandi,
1595 3124 1702 3198 qui
1733 3132 1823 3183 est
1845 3129 1880 3159 “
1908 3122 2282 3181 vulnerati&
2324 3129 2428 3182 et‘
2413 3128 2450 3157 “
2465 3122 2754 3194 attritioss’
2783 3140 2901 3180 ver.

502 3196 557 3267 5,
603 3198 661 3266 6,
693 3198 918 3255 “labor
964 3200 1217 3270 animae‚’
1281 3218 1404 3258 ver.
1455 3202 1547 3273 10,
1576 3220 1772 3277 neque
1815 3204 1975 3259 enim
2022 3200 2241 3260 dicitur
2275 3201 2492 3276 simpli.
2531 3206 2773 3275 peccata
2805 3202 2903 3257 vel

499 3274 821 3345 languores
848 3276 1072 3347 tulisse,
1121 3279 1225 3334 sed
1250 3279 1338 3336 ita
1364 3278 1573 3336 tulisse
1610 3287 1682 3337 ut
1723 3287 2037 3354 propterea
2060 3278 2260 3339 fuerat
2291 3280 2641 3337 vulneratus
2661 3286 2722 3335 et
2764 3296 2904 3336 con-

499 3350 698 3419 trituS,
727 3357 798 3407 ut
842 3360 1085 3426 propter
1128 3354 1645 3447 praevaricationes
1689 3364 1922 3415 nostras
1967 3357 2150 3431 plaga
2197 3358 2444 3416 affectus
2485 3357 2684 3427 fuerit,
2723 3364 2902 3431 atque

500 3428 653 3484 adeo
679 3393 1042 3487 iaboraverit
1067 3431 1268 3488 anima
1293 3432 1346 3506 ej
1355 3449 1463 3503 us;
1505 3433 1640 3507 quis
1667 3451 1810 3491 vero
1857 3434 1998 3492 hinc
2023 3451 2146 3491 non
2194 3436 2396 3494 videat
2419 3453 2542 3493 non
2569 3434 2740 3510 loqui
2765 3452 2902 3510 pro-

498 3508 743 3581 phetam
769 3508 844 3563 de
871 3508 1039 3565 nuda
1064 3515 1125 3565 et
1150 3508 1404 3583 simplici
1432 3516 1812 3584 peccatorum
1841 3518 1902 3568 et
1947 3530 2259 3587 poenarum
2303 3513 2650 3583 remotione,
2693 3514 2799 3570 sed
2824 3514 2900 3569 de

500 3602 753 3643 onerosa
778 3591 839 3643 et
864 3586 1118 3644 molesta
1142 3586 1476 3661 portatione
1502 3605 1572 3645 ae
1612 3588 1940 3663 gestatione
1968 3608 2092 3665 qua
2119 3590 2390 3649 Christus
2415 3608 2618 3665 poenas
2643 3590 2900 3665 peccatis

496 3663 717 3721 nostris
743 3664 1016 3723 debitas·
1000 3683 1061 3721 ιιι
1090 3682 1334 3739 corpore
1378 3683 1487 3723 suo
1516 3667 1867 3725 sustinuerit
1911 3674 1982 3725 ut
2009 3668 2086 3725 ab
2113 3668 2234 3725 inis
2277 3670 2712 3727 liberaremur?
2752 3668 2900 3743 quid

497 3742 657 3799 enim
677 3741 970 3800 attinebat
994 3743 1093 3801 hic
1118 3760 1575 3803 commemorare
1623 3763 1918 3803 summam
1939 3746 2068 3821 ejus
2107 3746 2501 3821 ignominiam
2547 3753 2609 3803 et
2634 3746 2903 3804 exinani-

499 3821 739 3890 tionem,
770 3828 1065 3879 extremos
1082 3820 1377 3879 cruciatus
1394 3828 1455 3881 et
1472 3824 1708 3881 dolores
1725 3842 1878 3897 quos
1903 3842 2290 3899 perpessurus
2310 3830 2456 3895 erat,
2487 3824 2536 3881 si
2563 3824 2715 3881 nihil
2731 3824 2900 3881 aliud

496 3896 871 3973 praestiturus
898 3906 1027 3957 erat
1056 3898 1368 3957 Christus
1351 3918 1411 3956 m
1431 3903 1545 3958 hac
1586 3900 1976 3976 iniquitatum
2011 3902 2347 3977 portatione
2375 3921 2560 3977 quam
2607 3904 2772 3977 quod
2799 3920 2900 3960 eas

496 3994 778 4051 suprema
801 3995 911 4035 sua
935 3977 1300 4035 authoritate
1326 3984 1387 4035 et
1411 3978 1607 4053 gratia
1633 3986 1966 4039 removeret
1991 3988 2052 4038 et
2072 3980 2368 4039 auferret.
2350 3982 2373 4025 2
2457 3980 2712 4038 Accedit
2737 3987 2900 4037 etam

494 4056 655 4130 quod
674 4072 796 4111 non
818 4062 1055 4114 tantum
1070 4062 1333 4131 portasse
1355 4056 1587 4115 dicatur
1602 4064 1860 4133 peccata,
1879 4060 1982 4116 sed
2007 4066 2068 4117 et
2093 4059 2156 4115 in
2173 4076 2236 4115 se
2251 4060 2559 4149 recepisse,
2589 4057 2900 4133 castigatio

491 4134 651 4189 enim
680 4134 840 4206 pacis
865 4140 1081 4193 nostrae
1099 4133 1317 4193 dicitur
1334 4133 1517 4194 fuisse
1538 4155 1579 4191 ν·
1559 4138 1644 4193 ἦν
1671 4156 1850 4211 super
1877 4155 2005 4193 eum
2049 4143 2110 4194 et
2137 4136 2303 4195 Deus
2340 4136 2660 4211 conjecisse
2681 4136 2746 4193 ia
2773 4156 2902 4193 eum

492 4212 836 4287 iniquitates
853 4212 1125 4271 omnium
1162 4220 1449 4286 nostrum,
1474 4214 1637 4289 quod
1676 4214 1885 4288 utique
1911 4213 2136 4273 frustra
2153 4215 2465 4287 diceretur,
2493 4214 2544 4271 si
2571 4213 2898 4271 auferendo

491 4296 728 4347 tantum
738 4298 799 4347 et
806 4310 929 4349 non
938 4291 1117 4349 etiam
1126 4291 1373 4349 ferendo
1384 4292 1477 4349 et
1462 4310 1523 4349 ιιι
1544 4309 1604 4349 se
1614 4292 1950 4367 recipiendo
1961 4311 2162 4367 poenas
2175 4294 2564 4368 iniquitatum
2584 4298 2899 4366 portasset.

572 4367 717 4425 XV.
762 4369 817 4427 3.
862 4369 961 4427 Ex
1004 4369 1180 4426 simili
1217 4370 1439 4428 ibidem
1466 4370 1672 4441 allato,
1714 4387 1856 4427 nam
1903 4372 2113 4427 eodem
2141 4372 2323 4428 modo
2368 4370 2590 4430 dicitur
2631 4376 2900 4461 portasse

490 4451 731 4517 peccata
750 4448 1053 4520 quomodo
1080 4448 1333 4507 vietimae
1361 4413 1686 4523 portabant
1710 4454 1968 4523 peccata,
1997 4466 2136 4505 nam
2173 4450 2407 4523 phrasis
2453 4449 2562 4506 illa
2585 4466 2692 4523 per
2717 4448 2900 4505 istam

494 4519 828 4594 exponitur,
857 4540 978 4580 ver.
1017 4524 1108 4595 10,
1151 4527 1299 4583 ᾱιιιιι
1346 4526 1564 4583 dicitur
1583 4526 1848 4599 posuisse
1889 4526 2152 4583 animam
2190 4544 2361 4585 suam
2391 4526 2743 4586 sacrificium
2785 4544 2895 4600 pro

490 4596 743 4665 delict03
784 4606 1024 4671 peccata
1063 4618 1203 4657 vero
1245 4602 1497 4661 victimis
1538 4602 1624 4659 ita
1662 4602 1910 4661 fuerunt
1947 4603 2228 4678 imposita
2267 4612 2338 4663 ut
2377 4623 2498 4662 non
2541 4610 2778 4661 tantum
2823 4622 2898 4661 ea
