3234 5192
459 325 575 384 382
1396 337 1473 376 ns
1504 334 1807 376 ssnrzsrs
1835 334 2024 375 nuzo,
2518 317 2784 400 [Disru'r.
2817 342 2880 382 x.

456 480 681 559 respici,
713 479 814 559 qui
843 478 1107 538 Christus
1154 476 1379 536 dicatur
1422 477 1519 536 vel
1565 476 1812 554 proprie,
1860 475 1999 553 quia
2031 475 2427 538 Ismslitarum
2457 481 2722 542 Christus
2747 483 2875 558 fuit,

456 561 522 621 id
548 569 653 634 est,
684 560 965 620 mediator
992 567 1051 618 et
1078 557 1217 634 dux,
1242 558 1341 616 vel
1368 557 1562 634 typice,
1592 564 1878 634 quatenus
1905 562 2159 616 tentatus
2187 557 2297 617 fuit
2325 558 2539 637 Moses,
2571 563 2675 638 qui
2701 571 2878 641 typus

457 648 583 702 erat
611 641 841 712 Christi,
873 639 1032 718 quod
1056 639 1186 700 vult
1227 637 1523 713 insinuari,
1565 656 1686 696 ver.
1731 639 1786 712 6,
1819 655 1998 714 quum
2025 636 2107 696 ait
2135 638 2353 699 Paulus
2383 640 2495 700 ista
2520 642 2690 702 nobis
2718 652 2877 721 typos

458 721 655 782 fuisse.
742 721 860 780 Sed
886 727 1157 779 neutrum
1184 719 1307 777 sine
1350 718 1518 796 gravi
1546 715 1901 776 absurditate
1930 715 2046 774 dici
2074 726 2284 795 potest.
2369 719 2506 778 Non
2530 722 2708 799 prius,
2738 723 2878 801 quia

460 803 727 878 nuspiam
754 800 965 860 dicitur
990 800 1053 858 in
1081 799 1259 860 sacris
1298 798 1482 857 literis
1525 797 1724 856 Moses
1765 803 2020 856 tentatus
2061 797 2134 856 ab
2179 798 2479 877 Israelitis,
2509 821 2617 861 nec
2645 803 2876 864 nomine

464 881 679 941 Christi
704 881 1033 958 insignitur.
1136 877 1363 938 Deinde
1391 898 1522 937 cum
1550 896 1866 954 pronomen
1891 879 2037 935 αὐτὶ»
2063 898 2182 937 non
2207 879 2284 937 ad
2311 879 2490 940 alium
2516 881 2714 942 referri
2740 904 2876 962 pos·

463 961 558 1037 sit,
589 981 763 1040 quam
805 961 881 1020 ad
908 980 1061 1038 eum,
1092 978 1263 1038 quem
1301 977 1514 1017 nomen
1550 962 1759 1038 13⁶0·er
1797 956 2086 1034 significat
2113 958 2174 1016 in
2201 959 2390 1037 priore
2418 962 2710 1040 membr03
2753 985 2875 1024 cer·

463 1050 588 1102 tum
616 1050 705 1102 est
730 1061 851 1100 non
874 1059 1044 1118 posse
1072 1039 1365 1116 designari
1394 1038 1703 1114 Christum,
1735 1037 1848 1096 nisi
1883 1037 1992 1097 sub
2021 1058 2090 1096 ea
2114 1040 2350 1099 notione
2377 1062 2508 1119 quae
2534 1043 2622 1102 illi
2647 1044 2880 1122 propria

464 1129 556 1181 est
582 1131 640 1182 et
667 1121 990 1199 peculiaris,
1036 1141 1143 1180 nec
1186 1118 1265 1178 ad
1310 1119 1489 1178 alium
1534 1118 1822 1197 pertinere
1863 1125 2072 1195 potest.
2158 1120 2214 1180 N
2216 1139 2291 1179 on
2326 1123 2632 1198 posterius,
2663 1125 2800 1202 quia
2827 1126 2880 1184 si

466 1201 730 1262 Christus
758 1203 843 1262 sic
869 1209 1123 1261 tentatus
1152 1199 1439 1260 diceretur
1462 1198 1742 1275 hocloco,
1773 1197 2060 1258 diceretur
2085 1220 2203 1259 non
2223 1202 2452 1278 proprie
2481 1203 2586 1262 sed
2611 1203 2874 1283 figurate,

462 1281 623 1362 quod
650 1303 757 1342 nec
784 1283 1057 1342 convenit
1082 1280 1263 1340 verbo
1302 1279 1582 1356 tentandi,
1612 1278 1772 1356 quod
1797 1277 2026 1356 proprie
2052 1278 2266 1339 dictam
2293 1283 2670 1342 tentationem
2698 1285 2876 1362 signi-

466 1363 617 1440 ficat,
648 1383 755 1423 nec
782 1361 1109 1442 pronomini
1156 1362 1355 1438 ipsum,
1407 1359 1566 1438 quod
1606 1358 1837 1437 proprie
1874 1357 2129 1418 diximus
2171 1360 2310 1439 poni
2337 1381 2442 1440 pro
2469 1362 2596 1441 ipso
2627 1365 2878 1425 Christo,

468 1445 593 1505 Nec
618 1446 730 1504 hoc
774 1442 966 1504 evinci
1007 1450 1199 1522 potest
1243 1461 1320 1501 ex
1362 1460 1483 1500 ver.
1534 1443 1589 1516 6,
1639 1441 1777 1516 quia
1811 1463 1958 1499 rua-u
1984 1459 2102 1498 non
2129 1441 2454 1502 referuntur
2480 1444 2557 1502 ad
2585 1444 2878 1505 Christum

464 1527 562 1586 vel
589 1525 665 1584 ad
693 1525 939 1598 Mosem,
970 1523 1075 1584 sed
1094 1521 1170 1580 ad
1194 1529 1496 1600 peccatum
1539 1540 1643 1579 seu
1669 1539 1900 1597 poenam
1930 1519 2341 1599 Israelitarum,
2385 1523 2522 1600 quia
2549 1525 2660 1584 ists
2685 1526 2746 1583 in
2773 1545 2877 1584 ex·

464 1605 720 1684 emplum
746 1605 865 1663 illis
893 1603 1305 1680 contingebant
1332 1601 1407 1660 ad
1432 1607 1690 1661 nostram
1717 1600 2185 1678 admonitionem,
2203 1611 2272 1662 ut
2287 1623 2408 1663 ver.
2437 1607 2525 1680 12,
2549 1605 2875 1682 exponitur.

464 1687 647 1745 Porro
672 1686 811 1745 lieet
840 1683 1105 1743 Christus
1129 1682 1385 1742 nondum
1414 1680 1618 1741 fuisset
1637 1689 1846 1741 unctus
1868 1682 2060 1758 quoad
2083 1683 2513 1758 humanitatem,
2543 1703 2660 1742 non
2685 1685 2880 1745 minus

464 1773 661 1826 tamen
708 1765 974 1824 Christus
1020 1763 1211 1840 potuit
1256 1762 1454 1821 vocari
1497 1761 1692 1838 quoad
1737 1779 2040 1840 personam
2068 1770 2128 1822 et
2164 1763 2416 1823 officium
2457 1763 2876 1842 mediatorium,

466 1845 605 1924 quia
630 1843 828 1904 unctio
856 1863 972 1902 non
1000 1849 1164 1902 notat
1191 1850 1417 1901 tautum
1438 1842 1806 1901 collationem
1826 1840 2108 1902 donorum
2135 1843 2198 1902 in
2223 1844 2657 1920 humanitatem,
2689 1845 2794 1905 sed
2819 1855 2880 1906 et

465 1925 830 1985 vocationem
878 1931 939 1984 et
984 1922 1426 1982 destinationem
1468 1921 1547 1982 ad
1588 1942 1817 1998 munus,
1856 1921 2014 1998 quod
2041 1923 2288 2000 pertinet
2315 1924 2392 1983 ad
2417 1944 2721 2003 personam
2749 1947 2880 2005 quse

456 2007 585 2086 jam
612 2007 721 2066 sub
749 2004 953 2064 Veteri
980 2003 1351 2064 Testamento
1394 2023 1463 2062 eo
1505 2022 1742 2062 munere
1787 2001 2172 2078 fungebatur3
2214 2004 2372 2081 quod
2413 2005 2778 2082 potissimum
2819 2007 2882 2066 in

463 2086 928 2165 peregrinatione
968 2085 1170 2163 populi
1215 2084 1277 2142 in
1318 2083 1548 2144 deserto
1589 2082 1792 2161 patuit,
1835 2083 1898 2141 in
1940 2103 2057 2161 qua
2096 2083 2348 2144 adfuisse
2389 2085 2606 2163 populo
2646 2095 2713 2146 ut
2753 2087 2880 2163 ejus

464 2166 673 2227 ducem
700 2173 860 2244 patet
886 2186 963 2224 ex
992 2164 1183 2224 Exod.
1210 2163 1379 2223 xxiii.
1410 2166 1505 2240 20,
1536 2167 1634 2223 21.
1719 2164 1842 2223 Nec
1869 2164 2024 2223 enim
2061 2165 2332 2242 Angelus
2371 2164 2488 2241 ille,
2520 2165 2623 2243 qui
2650 2167 2879 2227 mitten-
2993 2173 2996 2176 ’

466 2245 577 2306 dus
614 2247 825 2306 dicitur
852 2266 887 2305 a
915 2246 1167 2305 Domino
1196 2251 1329 2303 ante
1356 2245 1652 2322 populum,
1684 2243 1743 2302 in
1772 2264 1888 2321 quo
1915 2263 2126 2302 nomen
2157 2245 2270 2303 Dei
2295 2245 2497 2305 debuit
2517 2266 2664 2322 esse,
2683 2246 2743 2306 id
2771 2256 2877 2324 est,

465 2325 665 2385 divina
692 2335 752 2386 et
778 2325 1017 2403 aequalis
1045 2345 1176 2384 cum
1206 2324 1378 2383 Patre
1406 2325 1736 2398 auctoritas,
1760 2333 1821 2384 et
1840 2325 2008 2402 cujus
2025 2323 2270 2384 sollicite
2297 2325 2538 2385 vitanda
2563 2325 2674 2386 fuit
2700 2327 2880 2387 offen·

466 2405 571 2481 si0,
641 2406 740 2464 uia
764 2425 881 2464 non
907 2405 1231 2482 parciturus
1260 2412 1383 2463 erat
1404 2404 1656 2481 ipsorum
1686 2405 1954 2481 peccatis,
1981 2405 2130 2464 alius
2157 2414 2246 2465 est
2273 2426 2310 2476 a
2338 2405 2584 2483 Christ0‚
2606 2408 2705 2484 qui
2727 2427 2880 2486 saepe

508 2504 571 2544 er
658 2485 897 2562 ngelum
922 2483 1091 2544 faciei
1119 2491 1179 2542 et
1205 2482 1504 2562 Angelum
1545 2483 1778 2544 foederis
1807 2484 2168 2560 describitur,
2201 2485 2345 2544 Mal.
2373 2484 2456 2544 iii.
2489 2489 2542 2546 1.
2630 2487 2725 2546 Ex
2752 2489 2878 2566 qui-

506 2584 575 2624 us
604 2565 913 2643 colligitur,
939 2565 1231 2624 Christum
1258 2583 1462 2624 revera
1488 2572 1774 2626 tentatum
1801 2564 1978 2626 fuisse
2005 2565 2081 2625 ab
2120 2566 2398 2626 Israsfitis
2443 2575 2502 2626 et
2547 2568 2630 2628 sie
2677 2588 2879 2628 verum

466 2653 526 2706 et
554 2653 829 2707 aeternum
858 2664 985 2707 esse
1012 2665 1145 2706 cum
1174 2646 1345 2706 Patre
1376 2645 1584 2705 Deum.
