3234 5192
506 382 584 440 54
635 441 650 456 ,
1265 397 1346 437 nn
1375 395 1739 438 uscassanu
1768 393 2116 435 sucnssroxa
2542 371 2803 454 [msrur.
2848 395 2939 435 111.

510 539 696 601 adulti
717 539 1155 602 Christianismo
1175 539 1284 600 rite
1301 539 1617 598 initiantur.
1690 536 2084 615 Agnoscimus
2102 534 2275 595 etiam
2294 534 2588 594 Christum
2619 536 2937 596 Dominum

513 622 576 680 in
603 623 778 698 hujus
807 621 1148 680 sacramenti
1190 620 1574 680 celebratione
1619 638 1747 678 esse
1786 615 2159 692 adorandum,
2204 635 2323 674 non
2363 623 2589 674 tantum
2629 616 2768 693 quia
2795 616 2937 677 dum

514 702 826 762 celebratio
853 701 936 776 fit,
967 702 1028 760 in
1068 701 1360 762 Christum
1399 708 1522 760 toto
1551 699 1687 758 ferri
1714 698 1907 756 animo
1934 696 2109 755 debet
2134 695 2227 754 vir
2252 695 2399 773 pius,
2448 694 2551 754 sed
2578 696 2753 756 etiam
2797 698 2939 775 quia

514 783 644 861 ipsa
669 783 772 841 illa
798 783 1108 843 celebratio
1151 791 1240 841 est
1283 789 1446 841 actus
1489 779 1814 856 religiosae,
1845 777 1946 855 qui
1974 775 2214 854 proinde
2242 776 2317 835 ab
2345 775 2679 836 adoratione
2718 778 2937 838 Christi

517 863 772 941 separari
797 883 914 921 non
941 871 1150 940 potest.
1228 860 1400 922 Unde
1429 859 1602 919 etiam
1644 858 2041 916 Eucharistias
2080 876 2307 932 nomen,
2350 876 2486 915 nam
2514 857 2777 935 quisquis
2804 858 2938 936 pius

517 944 643 1021 agit
669 942 887 1020 gratias
930 943 1074 1016 Deo,
1115 941 1246 1000 ideo
1287 940 1441 999 idem
1471 939 1673 998 adorat
1711 939 1919 997 Deum.
2028 937 2144 997 Sed
2186 957 2484 1015 negamus,
2532 938 2689 1015 quod
2730 939 2940 999 volunt

517 1022 827 1099 Pontificii,
859 1031 1278 1080 sacramentum
1306 1019 1494 1100 ipsum
1522 1039 1651 1079 esse
1678 1017 2051 1094 adorandum,
2082 1025 2141 1077 et
2164 1017 2473 1094 Christum,
2496 1026 2563 1077 ut
2583 1018 2691 1078 sub
2720 1019 2939 1097 specie-

517 1104 630 1163 bus
657 1123 760 1181 per
782 1126 1044 1178 pareva-usn
1063 1102 1356 1178 latentem,
1387 1121 1514 1162 esse
1542 1098 1913 1179 quaerendum
1942 1099 2039 1158 vel
2067 1097 2389 1174 colendum,
2421 1099 2558 1175 quia
2585 1118 2717 1158 eum
2742 1119 2939 1159 merus

521 1183 603 1242 ibi
653 1184 730 1243 sit
771 1183 956 1260 panis,
996 1185 1346 1264 ἄςτολατςιίιι
1389 1181 1715 1241 necessario
1759 1179 2084 1255 committit,
2130 1177 2233 1256 qui
2259 1177 2337 1237 ad
2362 1197 2493 1237 eum
2543 1177 2938 1239 adorationem

525 1262 637 1322 diri
683 1263 743 1323 it.

605 1284 716 1402 Ιξῖ.
759 1344 980 1403 Verum
1025 1364 1099 1403 ne
1139 1343 1270 1422 quis
1313 1343 1623 1404 arbitretur
1668 1361 1775 1402 nos
1821 1341 1919 1401 hic
1957 1339 2277 1400 Pontificiis
2303 1338 2614 1417 imponere,
2665 1338 2939 1399 audiendi

524 1431 660 1485 sunt
679 1423 809 1502 ipsi,
839 1432 922 1500 ut,
951 1423 1094 1503 quid
1120 1425 1230 1484 hac
1271 1425 1332 1506 in
1359 1433 1520 1502 parte
1549 1431 1822 1498 statuant,
1852 1421 2153 1500 perspicue
2181 1419 2569 1497 dignoscatur.
2655 1417 2942 1479 Nolumus

519 1505 616 1565 hic
644 1505 705 1565 in
731 1504 1076 1585 principium
1095 1514 1152 1565 et
1173 1506 1454 1583 originem
1480 1504 1649 1563 istius
1671 1504 1878 1562 erroris
1898 1501 2203 1579 inquirere,
2224 1519 2554 1578 quanquam
2574 1519 2691 1576 nop
2708 1499 2943 1559 difficile

521 1593 678 1646 esset
704 1586 1114 1662 demonstrare,
1145 1585 1466 1644 inauditum
1488 1584 1659 1661 plane
1680 1583 1855 1642 fuisse
1874 1591 1933 1641 et
1960 1581 2318 1658 incognitum
2345 1580 2563 1659 puriori
2590 1579 2939 1658 antiquitati,

521 1674 583 1725 et
610 1665 718 1724 sub
747 1665 1088 1724 Innocentio
1116 1665 1239 1723 ΙΙΙ.
1270 1664 1501 1723 demum
1528 1663 1590 1721 in
1619 1661 1995 1722 Lateranensi
2013 1659 2270 1722 Concilio
2288 1681 2379 1720 an.
2403 1665 2577 1736 1215,
2606 1660 2943 1720 inchoatum

521 1765 626 1823 per
668 1745 1294 1805 transubstantiationis
1340 1745 1697 1820 figmentum,
1738 1742 1896 1820 quod
1938 1742 2153 1801 ibidem
2183 1741 2465 1800 sancitum
2492 1741 2627 1819 fuit3
2672 1740 2781 1800 sub
2812 1741 2939 1800 Ho-

523 1823 688 1883 norio
717 1825 858 1899 HL,
889 1843 1028 1884 vero
1057 1824 1212 1883 circa
1237 1845 1329 1884 an.
1357 1827 1529 1899 1220,
1561 1823 1894 1882 immediato
1918 1821 2244 1882 Innocentii
2265 1841 2612 1898 successore,
2638 1822 2940 1880 confirma·

523 1912 649 1964 tum
704 1904 934 1964 decreto
989 1905 1282 1982 peculiari,
1339 1925 1455 1983 quo
1513 1903 1894 1963 Eucharistiae
1948 1902 2206 1962 adoratio
2262 1903 2532 1962 sancitur.
2644 1902 2827 1961 Extat
2879 1901 2945 1960 in

526 1984 910 2044 decretalibus
955 1985 1224 2063 Gregorii
1267 1985 1406 2060 IX.,
1449 1985 1617 2044 titulo
1664 1984 1947 2044 Celebrat.
1998 1984 2228 2042 Missar.
2272 2004 2322 2041 c.
2365 2003 2445 2058 x.‚
2489 1984 2526 2016 “
2544 1981 2946 2058 Sacerdotes,''

525 2065 730 2142 inquit,
764 2067 800 2098 ‘⁶
818 2063 1146 2142 frequentes
1175 2065 1420 2126 doceant
1460 2065 1708 2145 plebem,
1738 2072 1798 2124 et
1825 2085 1957 2124 cum
1983 2064 2046 2122 in
2072 2063 2455 2124 celebratione
2485 2063 2799 2122 Missarurn
2826 2063 2943 2122 ele-

525 2154 698 2204 vatur
723 2145 930 2220 hostia,
961 2154 1292 2205 reverenter
1319 2165 1380 2204 se
1401 2146 1696 2222 inclinent,
1726 2145 1995 2222 idemque
2018 2143 2231 2204 faciant
2258 2164 2389 2203 cum
2417 2164 2544 2203 eam
2573 2143 2758 2202 defert
2784 2162 2943 2221 pres-

526 2227 698 2302 byter
725 2224 800 2283 ad
825 2224 1174 2286 infirmum.”
1263 2226 1379 2286 Sed
1406 2227 1542 2304 quia
1571 2246 1791 2286 errores
1814 2227 1910 2285 isti
1938 2226 1997 2283 in
2019 2227 2167 2306 ικαξῖ
2191 2224 2422 2284 demum
2450 2223 2681 2284 fuerimt
2706 2224 2769 2282 in
2791 2224 2942 2283 Con-

527 2306 800 2365 ciliabulo
829 2304 1186 2383 Tridentino,
1235 2307 1298 2369 in
1335 2326 1451 2385 quo
1498 2307 1661 2384 leges
1702 2305 1775 2365 de
1816 2307 1889 2365 iis
1931 2307 2166 2366 sancitae
2216 2313 2353 2364 sunt
2402 2305 2510 2364 sub
2558 2304 2946 2364 anathematis

526 2405 715 2464 poena,
747 2393 806 2444 et
833 2405 964 2463 quae
991 2385 1162 2446 hodie
1189 2387 1405 2464 passim
1442 2387 1504 2445 in
1534 2388 1759 2464 Papatu
1786 2387 2065 2462 obtinent,
2108 2405 2227 2444 non
2264 2385 2497 2444 aliunde
2539 2385 2751 2444 certius
2780 2383 2945 2443 Eccl.

529 2467 700 2526 Rom.
747 2465 1049 2540 sententia,
1098 2485 1270 2542 quam
1312 2487 1388 2526 ex
1433 2467 1668 2526 concilii
1702 2466 1871 2526 istius
1908 2467 2119 2543 verbis,
2150 2466 2285 2525 elici
2315 2472 2524 2544 potest.
2612 2465 2709 2524 Sic
2749 2473 2945 2524 autem

527 2553 724 2624 patres
749 2554 1056 2623 postquam
1085 2546 1739 2606 Transubstantiationis
1768 2555 2171 2622 commentum,
2203 2547 2361 2624 quod
2395 2547 2644 2624 primum
2672 2553 2763 2605 est
2788 2563 2945 2604 erro-

527 2625 609 2685 ris
637 2625 806 2685 istius
825 2625 1282 2704 fundamentum,
1305 2627 1726 2703 stabiliverunt,
1751 2626 1823 2686 de
1846 2627 2198 2686 Sacramenti
2220 2627 2589 2686 veneratione
2609 2627 2944 2704 loquuntur,
2979 2690 2989 2700 .

534 2706 805 2765 Scssione
853 2706 976 2765 xiii.
1021 2725 1144 2785 cap.
1191 2711 1244 2783 5,
1293 2710 1329 2741 “
1348 2707 1559 2766 Nullus
1606 2709 1803 2785 itaque
1850 2707 2155 2767 dubitandi
2194 2708 2359 2766 locus
2400 2707 2758 2784 relinquitur,
2801 2705 2947 2784 quin

529 2805 730 2846 omnes
759 2786 974 2846 Christi
995 2785 1211 2864 fideles,
1231 2807 1338 2865 pro
1357 2807 1515 2846 more
1544 2787 1604 2846 in
1635 2787 1935 2848 Catholica
1956 2787 2220 2847 Ecclesia
2246 2807 2472 2866 semper
2490 2795 2738 2865 recepto,
2758 2784 2949 2845 latria

529 2867 768 2944 cultum,
799 2867 902 2945 qui
931 2867 1060 2926 Deo
1087 2868 1345 2944 debetur,
1377 2867 1513 2928 huic
1541 2868 1905 2928 sanctissimo
1947 2877 2305 2928 sacramento
2344 2869 2406 2927 in
2446 2868 2815 2928 veneratione
2842 2865 2949 2924 ad-

529 2949 750 3024 hibent,
781 2968 970 3026 neque
1019 2949 1173 3008 enim
1213 2949 1406 3009 minus
1447 2957 1537 3009 est
1577 2949 1952 3025 adorandum,
1984 2949 2141 3026 quod
2168 2949 2342 3009 fuerit
2368 2969 2403 3008 a
2433 2949 2702 3024 Domino,
2733 2955 2799 3006 ut
2826 2963 2947 3005 ser·

529 3039 714 3106 vetur,
745 3030 1090 3106 institutum,
1122 3049 1254 3090 nam
1297 3031 1463 3091 illum
1500 3029 1747 3092 eundem
1778 3031 1967 3091 Deum
1994 3039 2338 3108 praesentem
2380 3030 2443 3089 in
2479 3049 2551 3089 eo
2594 3029 2797 3088 adesse
2824 3045 2947 3085 cre·

529 3109 739 3185 dimus,
797 3130 970 3187 quem
1019 3111 1193 3170 Pater
1240 3119 1505 3186 aeternus,
1563 3111 1936 3172 introducens
1984 3112 2045 3169 in
2086 3112 2284 3171 orbem
2325 3118 2623 3185 terrarum,
2676 3107 2841 3181 dixit,
2888 3117 2952 3167 et

529 3189 774 3247 adorent
821 3209 954 3248 eum
1003 3210 1202 3250 omnes
1247 3192 1499 3270 angeli,”
1550 3189 1659 3252 &a
1778 3193 1857 3252 Et
1904 3211 2107 3250 canon.
2140 3191 2220 3250 vi.
2268 3190 2599 3267 subjiciunt,
2650 3191 2687 3223 “
2712 3188 2776 3248 Si
2854 3186 2917 3246 ui

531 3267 763 3340 dixerit,
794 3268 854 3324 in
883 3277 1082 3326 sancto
1125 3271 1507 3330 Eucharistiae
1550 3281 1908 3330 sacramento
1952 3271 2241 3330 Christum
2284 3269 2648 3345 unigenitum
2690 3268 2805 3325 Dei
2900 3269 2950 3326 i-

529 3345 674 3402 lium
703 3363 821 3403 non
847 3365 975 3404 esse
1004 3347 1163 3405 cultu
1191 3347 1374 3407 latriae
1403 3350 1576 3406 etiam
1618 3358 1859 3409 externo
1900 3349 2274 3422 adorandum,
2318 3346 2729 3422 venerandum,
2774 3355 2952 3425 atque

531 3423 594 3480 in
637 3423 1116 3500 processionibus,
1168 3427 1485 3486 secundum
1523 3427 1874 3486 laudabilem
1916 3435 1975 3486 et
2014 3427 2399 3484 universalem
2429 3425 2707 3486 Ecclesia
2736 3437 2953 3487 sanctae

463 3549 468 3555 .
533 3520 703 3561 nsum
745 3511 804 3562 et
831 3504 1322 3581 cousuetudinem,
1365 3507 1699 3566 solemniter
1726 3505 2305 3584 circumgestandum,
2336 3507 2432 3566 vel
2458 3525 2577 3566 non
2604 3507 2851 3585 publice,
2882 3517 2953 3568 ut

531 3581 819 3659 adoretur,
877 3584 1091 3663 populo
1146 3585 1600 3663 proponendum,
1668 3595 1727 3647 et
1788 3587 1917 3665 ejus
1980 3585 2313 3646 adoratores
2392 3587 2729 3648 idololatras
2798 3607 2947 3664 esse,

531 3664 838 3724 anathema
859 3664 994 3724 sit.’'
1038 3665 1133 3724 Ex
1155 3666 1368 3743 quibus
1389 3667 1586 3727 verbis
1605 3666 1830 3746 liquido
1848 3673 2089 3744 constat,
2108 3687 2225 3726 non
2247 3668 2420 3728 modo
2443 3669 2735 3730 Christum
2758 3669 2949 3745 ipsum

531 3744 593 3803 in
642 3753 1016 3821 sacramento,
1048 3746 1152 3806 sed
1195 3754 1380 3806 totum
1429 3757 1849 3808 sacramentum
1892 3748 2135 3826 proponi
2182 3747 2561 3825 adorandum,
2598 3759 2771 3827 atque
2800 3748 2950 3808 adeo

530 3844 649 3884 non
691 3824 1028 3903 simpliciter
1055 3845 1264 3906 corpus
1294 3827 1523 3904 Christi,
1553 3829 1614 3888 in
1664 3827 1821 3907 quod
1864 3849 2071 3908 panem
2112 3829 2301 3906 ipsum
2330 3829 2591 3890 converti
2618 3847 2723 3908 per
2748 3847 2948 3887 conse-

530 3905 804 3966 crationis
829 3907 1010 3965 verba
1038 3907 1389 3984 existimant,
1422 3909 1524 3969 sed
1553 3910 1725 3970 etiam
1754 3910 1880 3989 ipsa
1899 3910 2166 3990 symbola
2184 3918 2244 3970 et
2266 3911 2487 3989 species
2523 3910 2689 3989 panis
2718 3917 2777 3968 et
2800 3909 2947 3986 vini,

461 4031 468 4038 .
530 3987 640 4046 sub
667 3987 879 4064 quibus
907 3986 1198 4046 Christum
1229 3990 1508 4049 contineri
1537 3999 1816 4050 statuunt.
2598 4013 2607 4020 ·

612 4066 689 4127 V.
734 4067 858 4126 Nec
901 4067 975 4126 ab
1027 4068 1294 4128 instituto
1338 4071 1537 4147 praxis
1581 4071 1870 4130 ordinaria
1912 4071 2154 4147 abludit,
2199 4070 2344 4130 nihil
2388 4071 2542 4130 enim
2589 4069 2949 4147 frequentius

529 4147 685 4226 apud
714 4147 1051 4208 Pontificios
1079 4149 1344 4226 occurrit,
1375 4150 1522 4209 nihil
1562 4151 1892 4228 religiosius
1932 4151 2275 4210 observatur
2300 4151 2408 4210 hac
2436 4149 2777 4210 sacramenti
2806 4149 2947 4208 ado-

527 4229 768 4288 ratione.
873 4228 1085 4305 Primo,
1119 4229 1475 4290 sacrificulus
1516 4231 1939 4309 quamprimum
1980 4232 2159 4290 verba
2202 4229 2646 4291 consecrationis
2686 4229 2946 4308 protulit,

530 4327 842 4386 eorumque
886 4309 1208 4386 prolatione
1255 4319 1570 4372 creatorem
1615 4329 1802 4388 suum,
1854 4319 1919 4371 ut
1966 4311 2054 4370 illi
2114 4311 2289 4390 impie
2329 4313 2661 4390 loquuntur,
2707 4310 2945 4384 creavit,

527 4385 654 4460 ipse
681 4389 875 4446 statim
917 4391 1165 4450 hostiam
1193 4409 1230 4450 a
1274 4411 1336 4450 se
1365 4401 1753 4452 consecratam
1795 4391 2138 4470 genuflexus
2166 4392 2385 4467 adorat,
2416 4401 2476 4452 et
2503 4391 2769 4450 similiter
2808 4391 2948 4448 cali-

531 4483 674 4522 cem.
721 4467 1036 4543 Postquam
1083 4471 1207 4549 ipse
1255 4470 1600 4550 adoraverit,
1654 4473 1857 4551 surgit,
1906 4473 2271 4550 hostiamque
2298 4481 2541 4550 utraque
2570 4489 2745 4529 manu
2773 4489 2950 4548 supra

529 4550 704 4619 caput
749 4563 935 4622 suum,
985 4569 1228 4611 aversus
1275 4571 1312 4611 a
1351 4555 1584 4632 populo,
1626 4573 1839 4632 magna
1866 4575 1997 4613 cum
2027 4553 2351 4612 reverentia
2378 4553 2585 4626 elevat,
2615 4550 2947 4629 populoque

529 4621 924 4699 spectandum,
954 4645 1172 4705 proque
1201 4631 1330 4708 ipso
1358 4634 1588 4696 Christo
1638 4635 1995 4694 adorandum
2042 4626 2329 4712 proponit,
2360 4641 2419 4691 et
2444 4633 2661 4711 pariter
2686 4631 2948 4690 calicem.

531 4701 688 4762 Dum
716 4702 980 4764 elevatur
1023 4721 1461 4790 sacramentum,
1511 4715 1776 4793 pulsatur
1818 4714 2177 4792 campanula,
2208 4731 2325 4790 quo
2360 4712 2545 4773 veluti
2589 4712 2759 4790 signo
2786 4711 2947 4788 dato,
