3234 5192
536 349 654 410 538
1125 370 1203 409 nr.
1234 369 1714 412 sarrsrac'rroms
1742 370 1977 412 cnms‘rr
2005 371 2318 412 vnar‘rarn.
2530 350 2793 432 [martir.
2822 369 2951 410 xvi.

535 507 714 569 fuisse
759 510 1059 588 omnisque
1106 512 1237 570 vitii
1281 521 1547 590 expertes
1592 513 1776 572 solide
1825 513 2060 572 evincit.
2132 511 2301 587 Quod
2348 532 2487 571 vero
2531 511 2651 570 vim
2696 509 2835 568 facit
2888 508 2953 566 in

536 591 906 648 correctionis
934 611 1076 649 voce
1107 591 1178 650 de
1207 592 1388 652 nihilo
1417 603 1506 652 est
1529 614 1542 668 ;
1587 593 1724 670 quia
1760 613 1930 652 nemo
1958 613 2171 670 negare
2200 601 2391 670 potest
2436 592 2751 669 particulas
2778 592 2943 662 ἀλλὰ,

537 673 683 746 πλὴν,
715 670 926 747 quibus
953 672 1136 730 utitur
1164 673 1427 732 Christus
1456 693 1582 731 esse
1611 674 1983 732 correctionis
2009 673 2301 749 formulas,
2328 673 2431 732 sed
2460 673 2519 729 in
2542 691 2610 730 co
2626 671 2944 728 hallucina-

538 761 634 809 tur
664 751 1052 809 Adversarius
1081 752 1239 829 quod
1267 755 1661 812 correctionem
1700 773 1927 812 omnem
1956 773 2277 831 supponere
2320 772 2572 812 errorem
2614 749 2943 828 praeceden-

539 838 655 889 tem
684 832 1009 906 arbitretur,
1036 833 1191 908 quod
1220 833 1330 892 etsi
1357 833 1429 892 de
1456 834 1813 893 Cor-rectione
1830 835 2045 910 Loyica
2066 843 2123 892 et
2144 835 2352 892 Ethica
2380 851 2583 891 verum
2612 831 2703 905 sit,
2736 829 2946 888 falsum

536 919 730 968 tamen
760 919 849 969 est
877 911 947 968 de
977 913 1282 971 Rhetorica
1303 938 1326 985 ;
1357 915 1570 989 Loqica
1597 933 1702 991 pro
1741 914 1885 972 falso
1918 935 2133 990 verum,
2166 915 2374 972 Ethica
2414 933 2519 991 pro
2548 913 2699 969 malo
2727 911 2943 968 bonum

536 990 779 1066 reponit,
812 991 915 1049 sed
941 993 1356 1068 Epanortkoszh
1385 995 1693 1052 Rhetorica
1728 1013 1845 1052 non
1874 1002 1963 1053 est
2004 993 2236 1071 'semper
2262 992 2588 1052 emendatio
2634 993 2760 1069 ejus
2787 989 2945 1067 quod

537 1071 688 1128 male
728 1070 946 1130 dictum
977 1073 1068 1146 sit,
1096 1073 1198 1131 sed
1235 1073 1504 1133 limitatio
1523 1074 1606 1132 rei
1644 1073 2048 1132 conditionalis
2085 1075 2146 1131 in
2174 1073 2515 1147 absolutam,
2540 1072 2639 1131 vel
2670 1069 2942 1148 repositio

536 1151 664 1228 ejus
686 1151 843 1228 quod
859 1153 1046 1228 magis
1068 1152 1301 1212 videtur
1317 1152 1582 1212 idoneum
1615 1174 1718 1231 pro
1747 1173 1815 1212 co
1844 1155 2000 1231 quod
2020 1155 2180 1232 prius
2198 1154 2371 1212 etiam
2400 1173 2515 1212 non
2537 1152 2704 1227 male,
2728 1151 2830 1210 sed
2850 1149 2944 1207 vel

537 1230 928 1290 indifferenter
957 1233 1053 1290 vel
1081 1233 1547 1293 conditionaliter
1566 1234 1782 1292 dictum
1813 1234 2015 1292 fuerat.
2064 1235 2159 1292 Sic
2190 1235 2388 1293 Cicero
2410 1233 2487 1292 ad
2514 1232 2721 1307 Quirit.
2746 1239 2945 1290 contra

536 1311 780 1370 Verrem
802 1312 1105 1388 exclamat,
1123 1313 1222 1373 “O
1245 1334 1526 1372 summam
1549 1323 1801 1372 vestram
1824 1314 2203 1390 clementiam,
2216 1314 2315 1372 vel
2334 1313 2527 1392 potius
2548 1311 2942 1390 patientiam,''

535 1399 596 1450 et
623 1402 788 1450 autor
815 1392 889 1451 ad
922 1393 1279 1452 Herennium
1311 1398 1346 1426 “
1369 1395 1526 1472 quod
1553 1395 1604 1452 si
1641 1395 1749 1452 iste
1780 1414 1915 1452 suos
1942 1395 2200 1472 hospites
2228 1403 2491 1472 rogasset
2516 1394 2635 1452 imo
2662 1392 2947 1451 innuisset

534 1472 726 1544 modu,
757 1473 867 1531 hoc
895 1471 1064 1532 facile
1093 1473 1290 1550 perfici
1316 1475 1571 1551 posset,'’
1615 1472 1724 1532 810.
1758 1474 1991 1550 PauluS,
2027 1477 2057 1532 1
2092 1475 2221 1532 Cor.
2252 1495 2353 1533 xv.
2388 1477 2479 1549 10,
2531 1473 2831 1550 “amplius
2857 1472 2940 1529 la-

533 1551 736 1610 boravi
766 1572 938 1628 quam
969 1573 1168 1612 omnes
1198 1554 1486 1631 Apostoli,
1519 1573 1636 1612 non
1684 1574 1795 1630 ego
1822 1562 2015 1612 tamen
2045 1555 2148 1612 sed
2176 1555 2363 1632 gratia
2410 1555 2523 1612 Dei
2549 1573 2679 1629 quae
2718 1570 2942 1610 mecum

532 1632 680 1705 est,’'
711 1633 988 1690 correctio
1030 1642 1119 1690 est
1147 1653 1348 1691 verum
1377 1653 1672 1711 apponens
1698 1654 1803 1712 pro
1846 1655 1986 1692 vero
2034 1635 2160 1693 sine
2208 1655 2413 1708 errore,
2443 1653 2575 1690 nam
2622 1640 2679 1690 et
2708 1631 2831 1706 ipse
2858 1631 2945 1688 la-

532 1711 854 1786 boraverat,
887 1711 990 1768 sed
1019 1712 1125 1770 sub
1172 1713 1358 1788 gratia
1384 1722 1659 1790 tauquam
1696 1733 1871 1772 causa
1917 1715 2187 1792 primaria
2214 1725 2273 1774 et
2298 1712 2615 1792 principali.
2681 1711 2777 1769 Sic
2816 1729 2939 1768 cor·

536 1790 715 1848 rectio
743 1791 868 1849 haec
899 1791 1116 1849 Christi
1144 1812 1261 1850 non
1289 1801 1378 1852 est
1405 1793 1732 1852 emendatio
1762 1795 1969 1853 erroris
2000 1795 2102 1854 sed
2130 1795 2369 1854 remotio
2399 1791 2744 1852 conditionis
2774 1798 2947 1848 antea

464 1893 470 1900 ·
533 1870 736 1946 positae
786 1891 886 1929 seu
933 1872 1234 1930 conversio
1283 1873 1629 1949 precationis
1677 1875 2082 1933 conditionalis
2112 1875 2171 1933 in
2220 1874 2537 1952 simplicem
2562 1897 2576 1931 :
2620 1872 2751 1929 Non
2800 1889 2943 1947 ergo

532 1951 759 2027 reponit
788 1971 987 2009 verum
1014 1971 1118 2030 pro
1147 1951 1292 2010 falso
1321 1953 1424 2012 sed
1453 1954 1838 2031 categoricam
1868 1955 2225 2013 voluntatem
2262 1957 2473 2014 bonam
2500 1953 2628 2012 loco
2655 1949 2943 2028 hypothe-

532 2031 662 2089 ticae
692 2031 892 2090 itidem
918 2032 1085 2090 bonae
1114 2033 1174 2090 in
1204 2053 1308 2092 suo
1337 2054 1546 2110 genere
1573 2057 1586 2093 :
1632 2053 1745 2092 non
1790 2035 2027 2112 corrigit
2074 2036 2233 2113 prius
2262 2035 2498 2094 effatum
2536 2043 2806 2110 tanquam
2854 2031 2941 2088 in-

526 2112 934 2189 compositum,
965 2111 1069 2172 sed
1099 2115 1338 2192 exponit
1365 2114 1521 2192 quod
1550 2115 1779 2175 dixerat
1805 2136 1878 2174 ne
1901 2115 2030 2193 quis
2059 2124 2319 2173 nostrum
2352 2115 2411 2173 id
2450 2115 2597 2172 male
2627 2112 2939 2189 cogitatum

534 2201 634 2250 aut
663 2193 881 2250 dictum
927 2202 1266 2268 autumaret,
1297 2203 1356 2253 et
1383 2196 1743 2254 voluntatem
1762 2195 1921 2253 illam
1945 2195 2395 2254 conditionatam
2418 2215 2547 2271 quae
2566 2213 2641 2252 ex
2670 2202 2825 2251 recto
2855 2191 2945 2249 sui

535 2291 728 2329 amore
758 2281 997 2330 mortem
1027 2274 1299 2332 horrebat
1317 2275 1553 2351 subjicit
1581 2275 1867 2333 voluntati
1897 2276 2093 2352 patriS,
2117 2275 2361 2352 ideoque
2384 2294 2634 2332 amorem
2656 2273 2743 2332 sui
2766 2271 2946 2329 amori

537 2350 650 2408 Dei
674 2360 944 2426 tanquam
959 2353 1142 2428 primo
1165 2362 1223 2410 et
1245 2356 1498 2410 maximo
1519 2355 1809 2427 mandat0,
1835 2363 2053 2412 rectum
2078 2354 2335 2412 ordinem
2360 2373 2615 2428 servanS,
2640 2352 2944 2410 submittit.

615 2429 839 2488 XXX.
886 2431 1119 2505 Quart0,
1153 2433 1428 2507 quaeritur
1458 2433 1759 2506 Quomodo
1790 2433 2053 2491 Christus
2102 2441 2379 2490 aeternum
2412 2432 2600 2494 Patris
2646 2432 2941 2490 decretum

531 2508 782 2566 rescindi
799 2509 1052 2586 postulet
1080 2512 1245 2588 cujus
1289 2511 1524 2570 minime
1573 2513 1811 2588 ignarus
1859 2520 1997 2587 erat,
2030 2521 2088 2570 et
2136 2511 2425 2588 quomodo
2479 2531 2625 2589 pura
2672 2510 2845 2570 fuerit
2871 2510 2944 2569 ab

538 2588 694 2646 omui
723 2589 867 2647 vitio
895 2589 1020 2647 haec
1048 2591 1230 2667 ipsius
1253 2591 1521 2649 voluntas
1550 2611 1679 2668 quae
1708 2599 1900 2650 tamen
1930 2611 2059 2649 cum
2094 2591 2204 2649 Dei
2222 2592 2518 2650 voluntate
2546 2592 2783 2650 minime
2812 2610 2943 2650 con-

535 2669 828 2744 gruebat?
857 2669 1031 2747 Resp.
1065 2669 1163 2728 Ad
1185 2671 1448 2748 primum,
1477 2671 1747 2730 Noluisse
1771 2671 2062 2730 Christum
2092 2671 2939 2749 absolute·rescindiconsilium

541 2748 730 2807 Patris
760 2749 917 2827 quod
944 2749 1303 2810 immutabile
1332 2761 1590 2826 noverat,
1626 2752 1729 2810 sed
1756 2752 1892 2829 quia
1920 2751 2147 2811 defixus
2176 2761 2299 2811 erat
2317 2762 2474 2812 totus
2510 2753 2569 2810 in
2594 2751 2943 2828 contempla·

535 2829 691 2888 tione
720 2830 989 2889 instantis
1012 2831 1165 2906 mali,
1197 2852 1265 2890 eo
1295 2841 1583 2891 momento
1613 2832 1917 2891 facultates
1944 2853 2083 2910 erga
2104 2833 2345 2891 aliorum
2370 2834 2723 2910 objectorum
2743 2849 2943 2908 appre-

535 2909 873 2970 hensionem
903 2911 1292 2988 quiescebant,
1326 2913 1518 2990 itaque
1547 2933 1663 2971 non
1694 2933 1768 2971 ex
1798 2913 2155 2972 dubitatione
2182 2913 2278 2971 vel
2318 2913 2645 2990 ignorantia
2672 2912 2941 2988 loquitur,

538 2990 644 3050 sed
671 2993 886 3051 omisso
915 2993 1142 3052 consilii
1171 2993 1353 3050 divini
1382 2994 1594 3054 intuitu
1623 2993 1699 3052 ad
1728 2994 1903 3052 breve
1930 3001 2283 3053 momentum
2313 2993 2662 3052 desiderium
2690 2993 2800 3051 hoc
2828 3009 2942 3068 quo

539 3073 821 3130 aestuabat
849 3073 909 3130 in
937 3074 1116 3150 patris
1146 3073 1334 3132 sinum
1384 3073 1639 3151 deponit,
1671 3073 1960 3151 quomodo
2004 3073 2205 3132 fideles
2234 3075 2294 3131 in
2341 3073 2651 3132 fundendis
2678 3071 2945 3150 precibus

539 3159 598 3208 et
625 3152 985 3227 gravissimis
1013 3153 1429 3212 tentationibus
1466 3174 1580 3213 non
1612 3174 1839 3232 semper
1866 3153 1939 3212 ad
1968 3154 2319 3231 speculanda
2347 3154 2459 3212 Dei
2488 3153 2717 3212 decreta
2745 3169 2942 3210 ascen·

538 3229 700 3303 dunt,
734 3230 837 3288 sed
864 3241 1130 3289 votorum
1159 3231 1383 3291 fervore
1413 3233 1701 3292 interdum
1752 3235 1967 3292 celeres
1996 3235 2272 3304 feruntur,
2319 3233 2378 3291 in
2426 3234 2703 3291 malorum
2733 3231 2945 3307 quibus

539 3317 876 3384 premuntur
903 3311 1270 3369 acerbitatem
1303 3313 1472 3370 unice
1501 3313 1725 3387 intenti,
1758 3333 1953 3372 eorum
1981 3313 2379 3372 liberationem
2424 3311 2672 3371 naturali
2701 3330 2942 3388 propen-

539 3387 697 3446 sione
727 3387 1144 3446 ardentissimis
1173 3390 1326 3448 votis
1354 3401 1707 3468 expetenteS,
1739 3392 1875 3451 licct
1904 3394 2252 3471 caeteroquin
2290 3393 2403 3451 alia
2430 3393 2503 3451 sit
2536 3391 2643 3449 Dei
2674 3390 2944 3449 voluntas

457 3497 466 3506 ·
539 3476 599 3526 ct
635 3467 958 3526 consilium.
1033 3468 1228 3546 Atque
1267 3471 1401 3529 hinc
1451 3481 1609 3548 patet
1655 3472 1866 3530 solutio
1912 3473 2179 3532 secundae
2228 3471 2597 3546 difficultatis,
2643 3469 2945 3544 Quomodo

537 3567 682 3625 pura
703 3557 761 3606 et
789 3547 916 3606 vitii
945 3567 1152 3625 expers
1179 3549 1282 3606 illa
1309 3550 1578 3608 voluntas
1609 3551 1827 3610 Christi
1870 3571 1997 3611 esse
2034 3554 2286 3631 potuerit
2314 3573 2442 3630 quae
2480 3551 2765 3610 voluntati
2794 3549 2939 3608 divi-

538 3648 627 3686 nae
655 3629 1053 3706 repugnabat3
1099 3629 1248 3686 Nam
1277 3630 1461 3706 primo
1491 3638 1709 3689 certum
1740 3640 1828 3690 est
1854 3652 1971 3690 non
2001 3634 2193 3693 omnia
2220 3653 2349 3710 quae
2377 3632 2664 3692 voluntati
2704 3630 2947 3691 occultae

539 3709 662 3768 sive
693 3709 922 3767 decreto
951 3729 1067 3766 non
1097 3723 1422 3786 congruunt
1449 3711 1642 3770 statim
1682 3721 1919 3788 peccata
1962 3733 2105 3788 esse,
2136 3713 2347 3791 quippe
2376 3733 2507 3772 cum
2555 3713 2681 3770 haec
2727 3732 2843 3770 non
2872 3711 2948 3770 sit

538 3788 828 3847 actionum
857 3798 1180 3847 nostrarum
1209 3809 1409 3848 norma
1438 3798 1496 3849 et
1523 3792 1741 3868 regula,
1774 3792 1876 3850 sed
1898 3794 2169 3867 revelata,
2201 3813 2317 3851 non
2344 3801 2537 3870 potest
2564 3793 2721 3870 quod
2742 3792 2944 3850 adver-

541 3888 640 3928 sus
669 3869 827 3928 illam
873 3869 1196 3928 admittitur
1245 3869 1440 3929 statim
1486 3881 1786 3948 peccatum
1817 3873 2074 3948 censeri;
2120 3873 2202 3932 sic
2234 3873 2467 3947 Paulae,
2502 3873 2653 3931 Phil.
2700 3873 2757 3946 i.,
2790 3871 2947 3950 cupit

539 3948 783 4008 dissolvi
811 3958 869 4008 et
892 3969 1017 4008 esse
1047 3970 1177 4008 cum
1208 3949 1454 4026 Christo,
1488 3951 1661 4028 idque
1690 3953 2000 4012 arbitratur
2028 3953 2138 4011 sibi
2168 3973 2295 4011 esse
2334 3954 2508 4031 longe
2538 3953 2816 4030 optimum
2842 3975 2855 4028 ς
2886 3961 2947 4010 at

539 4029 649 4088 hoc
682 4029 867 4088 voluit
895 4037 1095 4088 contra
1122 4030 1481 4089 voluntatem
1513 4032 1624 4090 Dei
1654 4032 1937 4090 occultam
1967 4053 2097 4111 quae
2127 4032 2344 4092 diutius
2373 4034 2559 4092 voluit
2588 4053 2717 4091 eum
2750 4033 2942 4090 Evan-

542 4110 695 4186 gelio
724 4111 1085 4184 ministrare;
1119 4110 1201 4169 sic
1229 4111 1383 4169 filius
1412 4112 1627 4189 probus
1657 4121 1782 4171 orat
1822 4133 1925 4190 pro
1948 4114 2071 4172 vita
2097 4114 2277 4190 patris
2326 4113 2525 4190 aegroti
2556 4133 2723 4190 quem
2758 4122 2947 4170 tamen

543 4190 704 4249 Deus
733 4200 888 4250 certo
917 4190 1062 4248 mori
1107 4191 1252 4265 vult,
1283 4211 1390 4250 nec
1437 4201 1637 4268 peccat
1684 4193 1857 4263 filius,
1888 4192 2003 4251 imo
2051 4201 2317 4270 peccaret
2363 4193 2643 4252 adversus
2688 4192 2947 4252 debitum

539 4271 763 4346 parenti
790 4289 1040 4330 amorem
1072 4271 1122 4329 si
1149 4291 1266 4330 non
1297 4281 1592 4349 praestaret
1615 4295 1630 4348 ;
1676 4272 1758 4331 sic
1785 4273 1987 4332 fideles
2014 4274 2351 4352 plerumque
2380 4273 2677 4332 florentem
2708 4283 2767 4352 et
2793 4281 2945 4332 tran·

539 4350 778 4426 quillum
820 4359 1099 4427 expetunt
1129 4351 1407 4410 Ecclesiae
1457 4361 1688 4428 statum,
1722 4361 1997 4430 cuperent
2038 4355 2308 4412 aerumnis
2336 4354 2609 4412 liberatos
2658 4373 2785 4411 esse
2838 4351 2947 4410 Dei

539 4427 689 4486 filios
719 4439 776 4488 et
805 4430 1031 4489 sublata
1059 4432 1252 4490 omnia
1279 4432 1552 4490 scandala
1579 4441 1638 4492 et
1665 4433 1829 4510 regni
1861 4432 1972 4492 Dei
2001 4433 2315 4508 obstacula,
2348 4443 2407 4494 et
2434 4435 2559 4492 haec
2596 4452 2728 4492 cum
2756 4452 2860 4510 per
2886 4451 2947 4489 se

537 4515 696 4564 recta
723 4507 854 4580 sint,
885 4510 978 4586 pie
1020 4520 1262 4587 possunt
1291 4532 1326 4569 a
1352 4512 1623 4572 fidelibus
1652 4513 1864 4590 expeti,
1910 4515 2175 4590 quamvis
2219 4514 2388 4573 aliter
2416 4515 2543 4572 Deo
2572 4513 2948 4572 constitutum

537 4583 613 4642 sit
639 4585 740 4662 qui
769 4588 896 4645 vult
921 4587 1105 4646 filium
1134 4610 1301 4649 suum
1331 4611 1570 4668 regnare
1599 4592 1750 4651 inter
1791 4593 1986 4652 hostes
2024 4613 2176 4669 suOS,
2210 4595 2464 4653 exerceri
2514 4593 2623 4652 sub
2673 4612 2858 4666 cruce,
2891 4601 2951 4650 et

537 4665 824 4740 evangelii
853 4686 920 4724 ac
948 4666 1086 4724 fidei
1113 4669 1414 4728 victoriam
1443 4670 1745 4730 contrariis
1779 4671 2007 4732 Satanae
2042 4683 2099 4733 et
2128 4673 2329 4732 mundi
2358 4672 2756 4733 molitionibus
2785 4673 2947 4732 illus-
