3234 5192
300 387 533 428 mspu'r.
564 363 727 447 vnn]
1360 381 1439 422 nn
1470 381 1702 422 usum.
2601 367 2716 425 347

296 527 651 608 pascendum
696 531 979 598 ventrem,
1033 521 1139 582 sed
1182 523 1359 583 etiam
1406 523 1523 582 fide
1570 521 1922 600 recipiendO,
1972 531 2040 582 ut
2081 523 2312 583 christo
2341 530 2642 601 σημαντικὴ
2669 538 2728 584 et

300 611 678 692 σφςιγιπαὶν,
708 605 847 682 quia
873 605 985 662 hoc
1012 601 1091 662 ad
1117 604 1273 663 solos
1316 603 1519 663 fideles
1562 603 1830 682 pertinet,
1860 610 2173 681 potuerunt
2199 613 2394 664 tamen
2421 606 2538 664 dici
2563 625 2727 665 man-

300 692 543 751 ducasse
574 687 767 747 cibum
794 685 978 759 illum,
1010 684 1110 761 qui
1120 684 1435 761 spir-imatus
1462 691 1520 742 et
1540 683 1970 742 sacramentalis
1985 692 2092 761 est,
2112 683 2252 744 licet
2265 686 2442 745 talem
2469 687 2584 764 ipsi
2609 705 2730 745 non

304 793 339 830 a
418 767 819 829 rehenderenti

338 791 566 908 PI2'KVI.
612 847 696 908 Ut
750 865 891 904 vero
946 844 1159 904 certius
1213 845 1523 922 capiamus,
1575 863 1756 922 quare
1810 842 1974 903 cibus
2001 843 2112 904 iste
2161 845 2478 924 spiritualis
2506 845 2734 906 dicatur

302 938 537 1010 propter
563 924 1003 1005 significationis
1029 925 1388 1002 mysterium,
1418 924 1674 983 rationes
1691 923 1930 1001 propius
1957 933 2094 984 sunt
2141 925 2555 1004 expendendae.
2601 927 2734 986 Non

305 1009 666 1069 diffitendum
694 1007 755 1064 in
784 1024 995 1084 genere
1043 1025 1214 1082 posse
1258 1025 1474 1064 manna
1502 1003 1752 1063 conferri
1779 1023 1912 1063 cum
1943 1005 2054 1062 Dei
2094 1008 2278 1081 verb0,
2308 1007 2466 1083 quod
2494 1015 2584 1066 est
2611 1007 2734 1066 ani-

306 1110 529 1150 marum
556 1095 899 1160 nostrarum,
930 1084 1208 1162 quamdiu
1233 1085 1295 1143 in
1334 1083 1564 1144 deserto
1603 1083 1806 1143 mundi
1833 1085 2282 1163 peregrinamur,
2313 1087 2590 1164 pabulum
2619 1107 2736 1146 οω-

307 1173 472 1246 leste,
505 1167 932 1240 suavissimum,
984 1173 1043 1224 et
1088 1165 1551 1239 saluberrimum,
1602 1173 1670 1223 ut
1717 1183 1834 1222 non
1862 1165 2042 1223 semel
2071 1166 2180 1225 sub
2209 1186 2278 1226 eo
2307 1167 2574 1244 symbolo
2607 1167 2737 1244 Spi-

311 1252 459 1310 ritus
492 1250 739 1308 Sanctus
760 1245 909 1304 illud
936 1244 1107 1303 nobis
1134 1245 1391 1321 exhibet,
1425 1244 1581 1304 Psal.
1611 1244 1738 1302 xix.
1773 1247 1865 1316 11,
1910 1245 2050 1304 Joh.
2081 1245 2160 1304 iv.
2205 1249 2301 1320 32,
2348 1250 2443 1322 34,
2493 1247 2647 1306 Heb.
2677 1267 2736 1304 v.

314 1334 407 1406 13,
458 1331 551 1402 14,
596 1327 691 1386 cui
712 1345 817 1384 nec
845 1326 1001 1402 porri
1028 1332 1129 1383 aut
1156 1345 1346 1403 caepae,
1379 1333 1438 1384 et
1465 1325 1581 1382 alia
1629 1324 1926 1402 sapientiae
1955 1325 2346 1404 AEgyptiacae,
2379 1345 2486 1384 nec
2515 1327 2740 1404 siliquae

312 1409 688 1470 traditionum
718 1407 1099 1464 humanarum
1128 1424 1382 1484 unquam
1410 1404 1668 1482 praeferri
1715 1404 1946 1481 debent,
1977 1405 2039 1462 in
2066 1425 2184 1483 quo
2209 1406 2384 1484 longe
2405 1406 2602 1465 verius
2632 1407 2736 1464 im-

316 1491 527 1570 pletur,
560 1486 718 1566 quod
746 1487 819 1545 de
867 1503 1081 1543 manna
1107 1484 1251 1544 dicit
1282 1485 1609 1563 Syracides,
1637 1484 1793 1563 quod
1823 1485 1978 1543 omni
2007 1487 2206 1563 gustui
2235 1505 2296 1545 se
2325 1486 2737 1562 accommodet,

315 1571 455 1649 quia
482 1567 881 1644 unusquisque
908 1585 1013 1644 pro
1040 1565 1323 1625 varietate
1352 1574 1608 1625 statuum
1639 1575 1700 1624 et
1727 1585 1964 1624 casuum
1993 1567 2233 1642 invenit,
2265 1585 2382 1644 quo
2410 1585 2472 1626 se
2515 1574 2741 1626 susten·-

316 1659 419 1726 tet,
460 1648 618 1727 quod
648 1647 917 1724 Origines
967 1645 1229 1705 Homilia
1272 1651 1327 1722 7,
1374 1645 1437 1704 in
1483 1645 1676 1704 Exod.
1705 1665 1822 1704 non
1850 1647 2001 1705 male
2031 1646 2299 1724 explicat,
2349 1649 2384 1680 ‘⁴
2407 1647 2472 1706 Si
2498 1647 2742 1706 verbum

321 1731 450 1806 Dei,
481 1728 639 1807 quod
666 1729 727 1785 in
774 1727 1039 1786 Ecclesia
1085 1726 1449 1804 praedicatur,
1492 1734 1617 1785 tota
1661 1725 1792 1802 fide,
1823 1733 1947 1785 tota
1973 1726 2283 1786 devotione
2312 1727 2610 1805 suscipias,
2641 1727 2742 1787 fiet

316 1811 425 1872 tibi
471 1811 663 1888 ipsum
689 1809 933 1867 verbum
960 1807 1345 1886 quodcunque
1374 1805 1708 1883 desideras3
1758 1827 1816 1865 v.
1847 1826 1905 1884 g.
1936 1807 1984 1865 si
2013 1807 2276 1884 tristaris,
2307 1808 2639 1868 consolatur
2663 1817 2740 1884 te,

320 1891 537 1966 dicens,
569 1890 683 1948 Cor
699 1889 1007 1947 contritum
1036 1896 1095 1946 et
1120 1887 1487 1946 humiliatum
1518 1887 1680 1945 Deus
1705 1905 1825 1946 non
1867 1885 2119 1966 spernit:
2165 1887 2226 1946 si
2270 1888 2482 1947 lactaris
2510 1909 2614 1966 pro
2643 1907 2746 1966 spe

322 1971 530 2046 futura,
556 1969 813 2029 cumulat
838 1968 947 2027 tibi
976 1967 1206 2045 gaudia,
1238 1966 1454 2042 dicens,
1488 1967 1794 2026 Laetamini
1820 1966 1882 2024 in
1910 1967 2141 2046 gaudio,
2173 1969 2432 2028 exultate
2465 1969 2647 2046 justi3
2695 1969 2746 2026 si

322 2050 635 2110 iracundus
675 2069 755 2124 es,
786 2048 1015 2125 mitigat
1042 2055 1117 2121 te,
1165 2046 1381 2122 dicens,
1414 2047 1630 2106 Desine
1677 2047 1752 2106 ab
1780 2048 1866 2106 ira
1907 2055 1966 2108 et
2019 2047 2353 2126 derelinque
2393 2049 2744 2126 indignatio·-

325 2151 478 2190 nem.
548 2130 644 2189 Sic
666 2147 805 2205 ergo
824 2147 1037 2185 manna
1056 2127 1223 2186 verbi
1254 2126 1365 2185 Dei
1387 2125 1579 2186 reddit
1606 2128 1666 2185 in
1687 2147 1784 2186 ore
1805 2137 1906 2187 tuo
1937 2147 2198 2205 saporem
2261 2147 2620 2206 uemcunque
2639 2149 2742 2188 vo-

326 2209 523 2270 lueris.
587 2209 719 2266 Hoc
742 2217 935 2266 tamen
964 2207 1014 2264 si
1041 2206 1173 2284 quis
1200 2205 1511 2266 infideliter
1538 2207 1816 2286 suscipiat
1835 2217 1896 2268 et
1921 2228 2038 2267 non
2067 2229 2228 2268 come
2271 2217 2346 2284 at,
2373 2208 2475 2268 sed
2502 2209 2744 2268 abscon-

330 2290 448 2365 dat,
478 2307 705 2348 vermes
734 2307 809 2346 ex
836 2307 907 2346 eo
950 2287 1247 2364 ebullient,
1298 2295 1357 2346 et
1400 2287 1702 2364 Dominus,
1734 2289 1832 2366 qui
1875 2289 1936 2348 in
1962 2307 2174 2347 manna
2199 2289 2472 2350 fidelibus
2500 2289 2746 2348 dulcedo

330 2369 522 2430 mellis
548 2375 655 2444 est,
678 2367 1007 2426 infidelibus
1036 2369 1249 2427 vermis
1277 2367 1536 2428 efficitur.

415 2449 631 2508 XVII.
680 2449 797 2508 Sed
840 2455 1059 2508 certum
1106 2458 1195 2508 est
1238 2448 1299 2506 in
1348 2449 1539 2528 specie
1583 2450 1950 2529 peculiariter
1977 2451 2052 2509 ad
2081 2451 2372 2512 Christum
2401 2453 2744 2530 respexisse,

333 2533 575 2610 ejusque
604 2529 881 2589 eximium
910 2529 1238 2608 symbolum
1266 2529 1463 2607 fuisse,
1494 2539 1554 2590 et
1601 2530 1836 2608 quidem
1875 2530 1934 2588 in
1962 2531 2122 2590 hisce
2151 2533 2336 2591 tribus
2363 2533 2744 2610 potissimum,

335 2616 387 2670 1.
440 2611 501 2670 in
556 2610 782 2688 origine
837 2619 894 2671 et
951 2629 1141 2684 causa,
1208 2615 1266 2668 2.
1330 2611 1392 2668 in
1447 2618 1655 2670 natura
1737 2620 1797 2670 et
1851 2612 2316 2688 proprietatibus,
2383 2617 2440 2672 3.
2519 2614 2580 2671 in
2629 2613 2746 2671 usi-

336 2694 447 2752 bus
504 2699 563 2751 et
630 2691 867 2750 effectis.
983 2693 1035 2749 1.
1107 2689 1312 2765 Quoad
1380 2692 1670 2766 oriyinem.
1803 2690 1952 2748 Nam
2021 2711 2052 2749 e
2122 2692 2268 2749 coelo
2345 2691 2750 2768 descendebat,

337 2783 397 2833 et
424 2793 459 2831 a
489 2772 616 2831 Deo
670 2791 747 2830 ex
801 2771 1061 2829 indebita
1105 2771 1293 2848 gratia
1332 2778 1392 2828 et
1433 2769 1782 2828 liberalitate
1818 2769 2064 2827 dabatur
2117 2770 2279 2829 nullo
2327 2771 2540 2846 labore,
2592 2771 2754 2830 nulla

337 2853 636 2912 hominum
664 2851 949 2909 industria
1002 2869 1109 2908 nec
1162 2850 1284 2907 ullo
1339 2849 1545 2908 merito
1578 2856 1825 2926 partum,
1867 2847 2040 2907 Unde
2099 2849 2297 2906 Moses
2341 2850 2422 2908 ait
2450 2850 2751 2926 Israelitis,

346 2937 383 2967 ‘⁴
406 2933 521 2990 Hic
550 2939 640 2990 est
666 2931 834 3007 panis
860 2929 961 2988 ille
990 2947 1163 3005 quem
1193 2927 1295 2987 dat
1330 2927 1500 2986 nobis
1528 2927 1571 2986 J
1574 2928 1764 2986 ehova
1791 2926 1866 2984 ad
1895 2927 2374 3002 comedendum,'’
2407 2929 2596 2987 Exod.
2629 2929 2751 2988 xvi.

346 3015 438 3070 15.
526 3011 619 3069 Ita
647 3009 911 3067 Christus
938 3027 971 3066 e
1000 3007 1147 3066 coelo
1175 3025 1379 3066 revera
1426 3005 1795 3065 descendisse
1839 3005 2066 3082 dicitur,
2113 3013 2386 3083 tanquam
2427 3007 2538 3065 Dei
2567 3008 2756 3068 Patris

342 3092 576 3164 donum,
636 3089 679 3146 J
680 3089 774 3146 oh.
804 3087 885 3146 iii.
921 3085 1011 3160 16,
1044 3096 1102 3145 et
1145 3086 1225 3145 vi.
1258 3089 1355 3161 33,
1402 3085 1573 3163 plane
1602 3085 1938 3162 gratuitum,
1987 3085 2149 3144 nullo
2189 3095 2388 3145 nostro
2435 3087 2632 3148 labore
2660 3091 2758 3149 vel

342 3171 549 3230 merito
578 3167 942 3245 acquisitum,
974 3185 1047 3225 ne
1075 3165 1216 3242 quid
1242 3165 1339 3223 hic
1371 3165 1768 3224 Pharisai‘cum
1791 3174 1850 3224 et
1879 3164 2232 3244 Papisticum
2262 3169 2629 3246 somniemuS,
2655 3170 2759 3230 sed

345 3251 475 3310 sola
504 3248 615 3308 Dei
642 3245 1039 3306 misericordia
1066 3263 1421 3306 concessum.
1508 3245 1727 3304 Manna
1754 3263 1871 3304 non
1899 3247 2252 3323 naturaliter,
2286 3248 2389 3307 sed
2417 3259 2754 3327 supernatu-

343 3331 541 3390 raliter
568 3339 628 3389 et
654 3327 997 3386 miraculose
1026 3325 1288 3384 cadebat.
1373 3326 1467 3385 Ita
1496 3325 1761 3386 Christus
1789 3346 1906 3386 non
1933 3327 1994 3384 vi
2022 3335 2259 3403 naturae,
2294 3329 2397 3388 sed
2419 3331 2621 3408 gratiae
2654 3351 2758 3409 per

344 3411 683 3470 miraculum
711 3408 881 3466 nobis
909 3426 943 3464 a
973 3406 1100 3465 Deo
1128 3405 1313 3482 datur,
1346 3415 1411 3465 ut
1436 3407 1533 3465 hic
1560 3407 1640 3466 sit
1665 3425 1866 3465 revera
1886 3427 2151 3485 maynum
2168 3410 2398 3486 pietatis
2417 3413 2756 3488 mysterium.

348 3493 567 3549 Manna
594 3489 793 3547 datum
821 3487 931 3546 fuit
959 3507 1087 3546 cum
1118 3505 1243 3546 rore
1274 3486 1421 3562 coeli,
1445 3487 1635 3546 Exod.
1665 3487 1788 3547 xvi.
1814 3491 1907 3563 14,
1939 3498 1998 3548 et
2021 3488 2282 3550 Christus
2309 3492 2425 3560 rori
2447 3493 2755 3570 confertur,

348 3571 495 3628 Hos.
525 3569 648 3626 xiv.
681 3571 735 3645 5,
782 3565 917 3644 qu
956 3566 1101 3626 sicut
1125 3585 1237 3642 ros,
1270 3567 1475 3644 inquit,
1528 3569 1752 3644 Israeli,
1800 3569 1938 3647 quia
1985 3569 2146 3627 arida
2191 3580 2392 3630 nostra
2428 3573 2605 3631 corda
2650 3574 2757 3632 hu-

348 3657 577 3722 mectat,
608 3658 668 3707 et
715 3647 952 3706 adustos
980 3647 1079 3706 irae
1132 3647 1243 3706 Dei
1292 3667 1463 3708 sensu
1512 3657 1734 3708 recreat
1781 3657 1840 3708 et
1867 3649 2164 3725 refocillat,
2215 3651 2369 3710 unde
2409 3653 2572 3712 Cant.
2611 3673 2669 3711 v.
2704 3656 2758 3728 1,

349 3729 491 3788 dicit
524 3729 781 3805 Sponsas,
815 3731 851 3761 ‘⁴
870 3728 1050 3805 Aperi
1081 3728 1223 3786 mihi
1246 3747 1407 3787 soror
1452 3747 1599 3803 mes,
1644 3729 1830 3788 amica
1856 3749 2000 3806 mea,
2033 3730 2300 3790 columba
2325 3751 2470 3808 mea,
2501 3753 2634 3791 nam
2665 3753 2756 3791 ca-

346 3819 453 3888 put
482 3829 673 3868 meum
702 3808 997 3886 oppletum
1026 3817 1114 3868 est
1140 3827 1284 3886 rore,
1318 3808 1511 3886 capilli
1538 3809 1654 3868 mei
1683 3809 2112 3888 aspersionibus
2137 3812 2494 3870 nocturnis?
2581 3813 2754 3872 Deni-

346 3909 459 3968 que
490 3889 648 3964 Man,
680 3909 795 3948 non
822 3889 883 3948 in
912 3889 1197 3968 AEgyptO,
1230 3888 1332 3948 sed
1360 3887 1423 3947 in
1470 3889 1698 3948 deserto
1737 3890 1936 3949 datum
1985 3899 2090 3964 est,
2135 3900 2442 3969 postquam
2471 3911 2545 3950 ex
2575 3892 2759 3952 duris-

350 3971 497 4029 sima
525 3970 818 4044 servitute,
842 3970 1064 4047 potenti
1110 3969 1221 4028 Dei
1268 3989 1443 4028 manu
1490 3969 1737 4045 liberati,
1787 3989 1944 4028 mare
1971 3971 2206 4029 rubrum
2249 3973 2760 4048 pertransiverunt.

349 4049 443 4110 Ita
472 4050 751 4126 Christus,
776 4069 921 4128 quos
950 4069 1025 4110 ex
1055 4051 1323 4127 AEgypto
1352 4050 1551 4107 mundi
1598 4049 1886 4126 liberavit,
1927 4058 1986 4110 et
2013 4051 2294 4128 sanguine
2345 4069 2450 4110 suo
2497 4051 2757 4131 redemit,

347 4130 499 4190 lacte
528 4131 693 4190 verbi
720 4137 777 4189 et
804 4149 951 4207 pane
981 4131 1235 4208 corporis
1264 4129 1384 4205 alit,
1416 4138 1475 4188 et
1504 4137 1687 4207 potat.

430 4210 681 4270 XVIII.
731 4211 1015 4286 Secund0,
1048 4209 1240 4288 quoad
1268 4220 1537 4269 natura-m
1578 4221 1634 4268 et
1659 4210 1973 4288 qualitates,
2005 4229 2216 4268 manna
2242 4210 2352 4270 fuit
2379 4211 2586 4272 coloris
2615 4213 2758 4272 albi-

349 4291 552 4368 cantis,
584 4301 643 4352 et
683 4299 890 4369 gustus
944 4289 1292 4365 dulcissimi3
1338 4289 1602 4348 Christus
1657 4291 1932 4348 candidus
1968 4289 2180 4349 dicitur
2205 4310 2240 4349 a
2267 4311 2478 4369 sponsa
2507 4293 2672 4353 Cant.
2701 4315 2759 4355 v.

351 4373 408 4446 9,
438 4372 515 4430 ob
544 4372 681 4430 vitae
712 4370 1117 4444 innocentiam,
1149 4369 1287 4448 quia
1316 4371 1352 4402 “
1376 4377 1609 4427 sanctus
1638 4377 1743 4444 est,
1790 4369 2082 4443 innocens,
2115 4380 2410 4447 separatus
2437 4392 2472 4430 a
2497 4384 2760 4450 pcccato-

350 4451 573 4526 ribus,''
607 4451 763 4510 Heb.
792 4451 895 4508 vii.
926 4452 1022 4524 26,
1070 4449 1171 4526 qui
1199 4456 1501 4525 peccatum
1538 4467 1656 4507 non
1686 4448 1864 4525 novit,
1897 4455 1933 4507 2
1963 4449 2181 4509 Cor.·v.
2233 4455 2328 4527 21,
2380 4453 2440 4510 in
2469 4455 2636 4532 cujus
2664 4475 2761 4515 ore

351 4530 523 4590 dolus
548 4551 669 4590 non
696 4531 806 4590 suit
834 4531 1124 4604 inventuS,
1163 4532 1191 4586 l
1228 4529 1354 4587 Pet.
1377 4528 1437 4586 ii.
1489 4532 1585 4603 22,
1616 4529 1786 4606 cujus
1833 4529 2063 4589 bonitas
2111 4539 2170 4590 et
2218 4533 2404 4610 gratia
2433 4535 2764 4595 suavissimi

352 4621 443 4672 est
470 4619 679 4689 gustus
701 4609 1117 4689 peccatoribus,
1152 4611 1191 4642 ‘⁶
1212 4616 1442 4686 gustate
1471 4618 1530 4666 et
1559 4609 1752 4668 videte
1775 4629 1946 4688 quam
1976 4609 2164 4671 bonus
2193 4613 2269 4672 sit
2295 4615 2582 4690 Jehova,'’
2609 4615 2760 4676 Psal.

354 4691 562 4750 xxxiv.
594 4693 649 4767 9,
682 4701 739 4751 et
768 4711 981 4768 sponsa
1008 4690 1139 4748 ideo
1168 4709 1297 4748 cum
1328 4691 1477 4748 malo
1524 4689 1820 4766 assimilat,
1853 4691 2020 4768 cujus
2049 4695 2085 4728 “
2105 4693 2324 4753 fructus
2346 4695 2544 4755 dulces
2571 4695 2764 4775 palato
