3234 5192
518 340 595 396 92
1305 356 1385 394 DE
1412 354 1778 394 NECESSARIA
1811 352 2156 392 suci-:ssmxn
2571 333 2941 415 [msl’U'r.1v.

508 497 621 555 hoc
649 496 805 555 sibi
788 494 1051 573 impingi,
1082 494 1368 572 siquidem
1396 504 1456 554 et
1500 494 1613 571 ipsi
1659 493 1914 552 habeant
1962 492 2166 551 altaria
2193 500 2253 551 et
2281 491 2590 551 simulacra
2609 496 2638 553 ἰ’
2685 495 2803 554 Sed
2857 518 2932 556 ex

511 576 757 635 adverso
804 583 1146 652 respuentes
1192 594 1423 633 omnem
1475 573 1740 633 altarium
1785 582 1843 631 et
1869 572 2187 649 imaginum
2215 590 2619 649 corporearum
2665 595 2836 635 usum
2880 585 2940 637 et

508 656 747 730 cultum,
792 656 906 713 alia
954 654 1067 712 sibi
1115 654 1321 713 altaria
1370 672 1515 728 esse,
1566 661 1792 712 mentes
1841 652 2066 711 scilicet
2111 652 2386 727 fidelium,
2437 653 2592 712 unde
2635 652 2812 714 ιυοδαι
2859 657 2936 715 ad

512 736 703 793 Deum
732 734 1012 809 ascendit,
1044 734 1231 792 alias
1216 734 1517 810 imagines,
1549 733 1796 791 virtutes
1823 751 2030 809 nempe
2053 731 2428 791 Christianus.
2483 734 2580 791 Sic
2610 734 2769 812 Orig.
2800 756 2936 795 con·

507 822 599 874 tra
628 815 877 889 Celsum,
908 815 1011 872 lib.
1040 814 1163 871 viii.
1194 833 1328 890 pag.
1375 815 1511 887 400,
1560 815 1597 845 “
1620 812 1736 869 Pro
1785 812 1900 869 aris
1927 812 2098 870 nobis
2125 821 2215 871 est
2242 831 2408 870 mens
2451 832 2556 871 sua
2603 814 2828 891 cuique,
2861 836 2936 875 ex

508 913 625 971 qua
673 914 900 952 sursum
943 893 1205 951 feruntur
1252 912 1388 951 vere
1439 891 1814 969 spiritualiter
1856 890 2081 949 suffitus
2125 890 2546 969 suaveolentes,
2576 913 2776 971 preces
2805 914 2936 954 cum

507 993 655 1051 pura
708 973 1077 1033 conscientia.
1166 972 1487 1031 Simulacra
1540 981 1734 1031 autem
1790 972 1917 1029 Deo
1966 971 2214 1029 dicanda
2279 981 2430 1048 sunt,
2483 991 2599 1031 non
2643 973 2936 1033 fabrorum

506 1050 2938 1227 35:210ssss315322233¹3333¹3122¹2ffi5n¹¹⁶.¹3;.”ffi22.3325}3255;³5‘3„33

510 1212 880 1271 simulacrum
927 1212 1054 1270 Deo
1094 1213 1328 1288 fingam,
1370 1230 1501 1269 cum
1532 1211 1580 1269 si
1620 1221 1774 1269 recte
1817 1174 2134 1284 existimes,
2167 1211 2243 1269 sit
2269 1211 2479 1269 homo
2464 1231 2587 1288 ipse
2619 1212 2731 1270 Dei
2759 1213 2934 1272 simu·-

506 1291 786 1366 lacrum,''
818 1289 927 1350 Sto.
971 1292 1088 1350 Cur
1105 1300 1299 1368 patres
1325 1290 1613 1349 baereticis
1641 1291 1836 1365 variis,
1887 1298 1954 1348 ut
2003 1290 2300 1349 Gnosticis
2347 1300 2405 1349 et
2455 1290 2929 1368 Carpocratianis,

508 1372 665 1429 hunc
692 1380 967 1448 tanquam
995 1391 1245 1430 errorem
1294 1370 1713 1429 crassissimum
1741 1370 2110 1447 exprobrant,
2141 1370 2298 1447 quod
2339 1380 2752 1430 venerarentur
2791 1372 2932 1430 ima-

512 1451 681 1528 gines
714 1452 948 1527 Christi,
1002 1450 1435 1529 Apostolorum,
1489 1449 1692 1524 Mosis,
1738 1447 1846 1508 &c.
1888 1458 1956 1508 ut
2001 1452 2254 1508 Irenoem
2293 1448 2574 1509 adversus
2606 1451 2936 1525 Gnosticos,

510 1530 613 1667 lib.
669 1531 707 1589 i.
764 1539 903 1589 tom.
960 1531 1020 1589 ii.
1076 1532 1281 1589 haeres.
1337 1534 1435 1588 27.
1520 1530 1826 1606 Perperam
1887 1548 2042 1605 sane,
2103 1530 2154 1587 si
2207 1538 2266 1589 et
2319 1529 2434 1606 ipsi
2493 1530 2776 1607 imagines
2837 1550 2932 1589 co-

538 1610 777 1669 uissent.

594 1689 855 1747 XXIX.
903 1688 1021 1747 Sed
1060 1696 1285 1747 tantum
1326 1688 1493 1747 abest
1518 1694 1584 1746 ut
1612 1707 1710 1745 eas
1740 1687 2039 1762 coluerint,
2071 1686 2211 1763 quin
2238 1686 2433 1763 potius
2459 1686 2805 1747 damnarunt
2831 1708 2932 1747 ex·

510 1788 727 1845 presse,
786 1778 853 1827 ut
896 1768 1169 1845 colligere
1218 1768 1355 1827 licet
1382 1788 1457 1825 ex
1506 1767 1764 1843 ipsorum
1807 1767 2052 1843 scriptis.
2100 1767 2257 1824 Loca
2301 1768 2512 1825 referre
2553 1788 2670 1826 non
2717 1769 2935 1845 patitur

512 1848 765 1907 thesium
791 1849 1065 1921 brevitaS,
1098 1846 1201 1905 sed
1228 1847 1451 1905 consuli
1480 1856 1724 1923 possunt
1751 1847 2020 1921 Oriyenes
2047 1854 2248 1905 contra
2275 1846 2526 1921 Celsum,
2555 1846 2658 1907 lib.
2689 1848 2769 1907 iii.
2799 1869 2932 1926 pag.

519 1931 632 1987 135
664 1937 723 1987 et
757 1930 889 2000 139,
922 1936 981 1985 et
1011 1926 1113 1985 lib.
1144 1928 1244 1985 vii.
1274 1947 1407 2003 pag.
1440 1930 1577 2001 333,
1611 1927 1746 1999 386,
1779 1928 1892 1985 387
1921 1948 1936 2001 ;
1979 1928 2191 1984 Arnob.
2222 1934 2423 1984 contra
2451 1927 2689 2002 Gentes,
2721 1928 2822 1987 lib.
2853 1930 2933 1987 vi.

512 2026 647 2085 pag.
681 2011 793 2066 671
824 2029 838 2081 ;
870 2008 1131 2079 Laetam,
1160 2006 1261 2065 lib.
1293 2007 1353 2063 ii.
1373 2026 1422 2064 c.
1448 2010 1539 2079 17,
1574 2008 1680 2081 19;
1711 2006 1965 2081 Ept’pha.
1987 2006 2048 2063 in
2069 2006 2254 2082 Epist.
2267 2004 2343 2063 ad
2360 2006 2402 2065 J
2407 2006 2499 2064 oh.
2524 2007 2932 2085 Hierosolym„

510 2107 685 2163 quam
716 2088 915 2145 Hiero.
962 2086 1273 2144 Latinitate
1302 2085 1556 2160 donavit,
1588 2094 1726 2144 tom.
1757 2086 1816 2143 ii.
1840 2105 1972 2163 pag.
2009 2088 2118 2143 161
2143 2108 2156 2121 ·
2143 2086 2421 2160 ,Augus-t.
2455 2086 2639 2162 Epist.
2671 2087 2828 2144 cxix.
2858 2086 2933 2145 ad

510 2168 689 2226 Janu.
721 2187 771 2225 c.
806 2169 897 2240 11,
929 2165 1003 2224 de
1030 2165 1145 2223 fide
1176 2174 1234 2224 et
1282 2165 1549 2242 symbolo
1577 2186 1630 2223 c.
1660 2168 1714 2239 7,
1763 2165 1824 2222 in
1857 2165 2009 2222 Psal.
2040 2132 2196 2223 cxiii.
2227 2184 2388 2223 conc.
2439 2170 2494 2238 2,
2527 2165 2600 2224 de
2650 2186 2934 2225 consensu

512 2246 876 2323 Evangelist.
906 2246 1009 2304 lib.
1040 2245 1077 2304 i.
1124 2264 1248 2321 cap.
1300 2248 1391 2319 10,
1424 2244 1497 2303 de
1543 2244 1670 2303 Civ.
1699 2210 1814 2302 ’Dei
1844 2244 1944 2302 lib.
1973 2245 2054 2302 iv.
2085 2264 2210 2320 eap.
2241 2248 2338 2303 31.
2385 2211 2607 2319 Quibus
2637 2246 2774 2303 addi
2802 2266 2936 2324 pos·

512 2336 649 2385 sunt
680 2326 933 2385 Concilia
963 2325 1137 2397 varia,
1168 2333 1237 2384 ut
1262 2324 1682 2383 Elibertinum
1666 2344 1728 2382 ιιι
1757 2324 2061 2417 Hispania,
2107 2324 2264 2399 quod
2298 2325 2474 2400 juxta
2504 2326 2862 2385 Baronium
2847 2346 2930 2383 m·

511 2406 653 2465 cidit
701 2406 761 2462 in
808 2424 1023 2463 annum
1068 2407 1203 2480 305,
1256 2405 1412 2481 quod
1457 2424 1728 2480 expresse
1758 2404 2076 2479 imaginum
2119 2424 2288 2461 usum
2317 2413 2375 2462 et
2423 2405 2640 2463 cultum
2667 2406 2936 2481 prohibet

513 2486 653 2543 Can.
684 2488 780 2558 36,
811 2484 884 2542 de
913 2504 1027 2561 quo
1056 2492 1225 2542 antea
1252 2484 1361 2542 Th.
1394 2484 1624 2543 XXIu
1609 2484 2337 2559 ,Constantinopolitanum
2366 2486 2482 2543 338
2520 2484 2938 2561 Episcoporum

510 2565 620 2623 sub
667 2564 1044 2623 Constantino
1074 2564 1439 2641 Copronymo
1468 2572 1527 2622 et
1556 2564 1767 2637 Leone,
1813 2583 1963 2621 anno
2006 2566 2141 2636 757,
2184 2563 2284 2621 ubi
2313 2562 2621 2638 decretum,
2648 2564 2822 2641 juxta
2849 2584 2938 2624 se·-

510 2644 763 2703 cundum
790 2643 1003 2701 divinas
1034 2644 1210 2720 Legis
1236 2652 1605 2721 praeceptum,
1635 2662 1744 2701 nec
1784 2642 2077 2701 faciendas
2105 2662 2232 2701 esse
2260 2643 2558 2719 imagines,
2591 2644 2811 2703 scilicet
2857 2644 2935 2703 ad

512 2724 731 2783 cultum
760 2722 1073 2800 religionis,
1112 2744 1220 2782 nec
1247 2723 1587 2797 adorandas,
1629 2732 1730 2781 aut
1766 2723 1817 2781 si
1842 2721 2166 2781 adorationi
2211 2722 2534 2799 prostitutae
2575 2722 2802 2797 fuerint,
2833 2724 2936 2783 de·

509 2803 831 2862 moliendas
858 2824 985 2862 esse
1014 2812 1072 2862 et
1100 2802 1579 2880 confringendas;
1625 2805 2100 2876 Francofitrtense
2129 2811 2187 2860 et
2234 2798 2576 2875 Part‘sieme,
2607 2802 2681 2860 de
2722 2804 2934 2879 quibus

512 2903 703 2961 supra.
749 2884 1003 2942 Decreta
1031 2882 1348 2960 quinetiam
1376 2884 1538 2940 varia
1578 2883 1654 2940 ab
1684 2882 2139 2957 Imperatoribus
2173 2890 2232 2940 et
2263 2881 2626 2959 Principibus
2655 2882 2933 2941 adversus

508 2964 827 3040 imaginum
875 2963 1095 3022 cultum
1142 2962 1310 3038 facta,
1360 2962 1644 3055 imprimis
1685 2981 1722 3019 a
1770 2961 2019 3019 Valente
2065 2970 2124 3019 et
2168 2961 2512 3037 Theodosi0,
2543 2962 2784 3039 aliisque
2832 2963 2932 3040 qui

509 3045 671 3121 pium
719 3044 998 3136 ipsorum
1015 3043 1205 3101 zelum
1250 3042 1480 3119 sequuti
1507 3048 1660 3116 sunt,
1692 3040 2140 3099 reclamantibus
2166 3040 2304 3099 licet
2331 3040 2502 3099 Rom.
2534 3042 2931 3118 Pontificibus,

512 3123 805 3181 acerrimis
826 3123 1143 3199 imaginum
1170 3122 1446 3199 patronis.
1528 3122 1684 3196 Quot
1701 3140 1840 3180 vero
1862 3128 2206 3197 quantaeque
2227 3120 2304 3179 ab
2331 3129 2538 3180 octavo
2568 3121 2764 3180 seculo
2792 3122 2934 3181 rixae

513 3220 686 3277 super
732 3202 1051 3277 imaginum
1093 3202 1380 3259 erectione
1408 3208 1468 3259 et
1494 3201 1653 3259 cultu
1703 3201 1972 3259 exeitatae
2001 3199 2214 3259 fuerint
2249 3200 2402 3259 inter
2447 3200 2828 3259 iconoclastas
2875 3210 2938 3261 et

512 3280 875 3351 iconolatras,
926 3288 1049 3337 tum
1098 3279 1159 3336 in
1207 3280 1459 3355 Oriente,
1508 3288 1632 3339 tum
1661 3280 1722 3337 in
1770 3279 2100 3353 Occidente,
2131 3278 2256 3338 fuse
2285 3279 2538 3338 referunt
2564 3276 2888 3339 Plessaeus
2871 3302 2932 3339 ιιι

518 3360 781 3417 Historia
838 3359 1059 3435 Papat.,
1122 3358 1470 3432 Chamierus,
1514 3360 1814 3417 For-bosius
1870 3362 2136 3417 Instruct.
2194 3360 2344 3417 Hist.
2409 3361 2618 3432 Theol„
2676 3360 2935 3419 Chemm‘·

513 3440 648 3512 cius,
694 3438 1005 3513 Molinaeus,
1044 3404 1326 3512 ballaenis,
1390 3446 1451 3497 et
1501 3438 1818 3497 novissime
1875 3440 2260 3515 spanhemius,
2305 3438 2406 3514 qui
2459 3439 2570 3496 hoc
2625 3457 2932 3516 argumen-
2951 3447 2954 3451 '

512 3527 637 3577 tum
680 3518 1008 3595 plenissime
1036 3526 1125 3577 est
1151 3524 1429 3577 executus
1456 3517 1517 3575 in
1544 3519 1780 3577 historia
1819 3519 2126 3595 imaqimcm
2145 3518 2416 3594 restituta,
2439 3518 2640 3595 paucis
2661 3538 2696 3576 a
2723 3520 2933 3578 mensi·

520 3598 683 3657 sibus
710 3598 883 3656 edita.

598 3678 821 3736 XXX.
868 3678 1013 3736 Cum
1060 3696 1199 3754 ergo
1254 3697 1331 3735 ex
1384 3676 1556 3739 dictis
1608 3685 1806 3755 pateat
1867 3676 2184 3754 imaginum
2229 3677 2464 3753 cultum,
2509 3697 2622 3736 non
2673 3676 2891 3737 modo
2874 3698 2934 3737 m

516 3758 827 3836 Scriptura,
870 3757 963 3816 vel
1007 3757 1225 3835 puriori
1268 3756 1607 3834 antiquitate
1637 3758 1828 3817 locum
1855 3758 2078 3815 nullum
2124 3757 2412 3831 habuisse,
2446 3758 2548 3815 sed
2577 3768 2636 3817 et
2663 3776 2934 3835 expresse

511 3838 775 3897 damnari
820 3849 1095 3915 tanquam
1156 3837 1597 3912 idololatricam,
1659 3856 1778 3895 non
1841 3856 2010 3915 posse
2057 3836 2287 3894 fidelem
2337 3838 2424 3895 illi
2477 3837 2770 3896 adhaerere
2809 3837 2933 3896 sine

510 3919 831 3978 certissimo
860 3918 1063 3977 salutis
1091 3917 1437 3993 discrimine,
1468 3916 1726 3994 adeoque
1756 3917 1852 3975 vel
1879 3917 2058 3975 solam
2089 3917 2238 3974 hanc
2265 3916 2546 3974 rationem
2591 3917 2933 3975 secessionis

514 3998 913 4057 necessitatem
962 3999 1131 4057 nobis
1176 3996 1535 4073 imposuisse,
1581 3995 1840 4072 proclive
1881 4006 1969 4055 est
2008 3996 2302 4071 colligere.
2387 3995 2443 4052 N
2445 4016 2512 4054 ec
2549 4016 2782 4055 movere
2825 4015 2934 4054 nos

509 4077 727 4136 debent
754 4097 881 4153 quae
910 4097 947 4135 a
974 4076 1293 4135 Pontificiis
1319 4077 1415 4135 hic
1436 4077 1496 4134 in
1524 4075 1844 4134 subsidium
1881 4074 2198 4134 laborantis
2227 4094 2416 4133 causas
2443 4074 2773 4151 afferuntur,
2804 4096 2932 4151 quse

512 4159 733 4216 nullam
772 4158 893 4215 vim
918 4156 1135 4215 habent
1180 4155 1257 4213 ad
1300 4155 1507 4213 erroris
1552 4154 2082 4214 confirmationem:
2126 4154 2180 4213 N
2184 4174 2260 4213 on
2294 4155 2560 4231 imayines
2593 4156 2932 4214 Cherubim-

510 4258 641 4296 rum
668 4237 745 4295 ad
770 4256 960 4295 arcam
990 4236 1237 4313 positae?
1278 4254 1411 4293 nam
1440 4242 1822 4311 praeterquam
1851 4234 2008 4311 quod
2041 4243 2276 4293 remotae
2305 4245 2471 4294 erant
2497 4256 2532 4291 a
2559 4234 2758 4313 populi
2797 4254 2931 4293 con-

512 4324 731 4389 spectu,
761 4316 1019 4392 adeoque
1048 4336 1165 4373 non
1182 4314 1259 4373 ad
1284 4314 1521 4387 cultum,
1552 4313 1657 4372 sed
1684 4314 1760 4373 ad
1788 4321 2053 4373 ornatum
2081 4322 2141 4372 et
2169 4314 2498 4391 symbolum
2527 4322 2752 4373 tantum
2779 4313 2934 4391 posi-

498 4402 605 4467 tae,
651 4414 767 4452 non
814 4394 1045 4454 fuerunt
1092 4394 1363 4470 imagines
1396 4396 1744 4469 personales,
1791 4392 2038 4469 alicujus
2094 4393 2378 4469 suppositi
2425 4394 2932 4470 repraesentativae,

513 4472 619 4531 sed
636 4475 851 4551 fiyuroe
890 4475 1214 4549 symbolicae,
1264 4482 1325 4535 et
1378 4474 1766 4531 emblematicae
1813 4472 1984 4532 officii
2013 4482 2071 4532 et
2096 4492 2238 4531 usus
2267 4473 2482 4550 objecti
2527 4474 2685 4549 quod
2732 4474 2934 4531 adum·

508 4552 773 4611 brabant.
858 4552 989 4609 Non
1030 4554 1311 4626 adoratio,
1360 4572 1491 4630 quae
1501 4554 1676 4631 fiebat
1701 4554 1786 4613 ad
1807 4573 2024 4611 arcam.
2089 4552 2240 4627 Quia
2281 4572 2390 4611 nec
2417 4572 2552 4612 arca
2581 4553 2774 4629 imago
2801 4552 2928 4627 fuit,

508 4631 615 4691 sed
643 4631 967 4709 symbolum
998 4639 1221 4691 tantum
1252 4632 1361 4689 Dei
1390 4633 1706 4708 praesentis,
1757 4652 1862 4691 nec
1911 4652 2102 4690 coram
2143 4651 2276 4689 arca
2302 4632 2724 4708 procumbebat
2749 4651 2932 4709 popu-
