3234 5192
544 259 663 321 ⁷26
1350 278 1430 319 ns
1472 276 1726 321 cmcuno
1771 277 2123 320 muru-1010.
2474 255 2741 341 [msru‘r.
2770 278 2960 321 xxxv.

544 441 661 499 quo
687 420 869 481 utitur
896 420 971 479 ad
998 418 1428 499 persuadendos
1455 420 1680 481 animos
1705 428 1936 481 nostros
1963 418 2038 480 cle
2063 420 2148 480 rei
2173 420 2422 499 alicujus
2449 420 2713 481 veritate.
2759 422 2958 481 Priori

543 501 719 562 modo
746 502 936 562 induit
960 510 1186 562 tantum
1212 502 1505 561 notionem
1534 521 1720 562 causoe
1759 502 2034 575 efficientis
2065 521 2168 579 per
2193 521 2369 579 quam
2409 501 2714 578 credimus,
2755 514 2960 581 poste-

544 583 685 643 riori
712 583 885 642 etiam
913 583 1202 658 objectivae,
1230 602 1361 659 quse
1388 581 1505 642 duo
1533 582 1672 660 quia
1699 600 1924 660 semper
1947 582 2010 639 in
2035 582 2148 641 hoe
2173 581 2504 641 testimonio
2535 582 2786 659 Spiritus
2813 602 2958 643 con·-

546 672 873 739 nectuntur,
907 662 1216 742 (siquidem
1244 682 1363 721 non
1390 662 1503 721 alio
1530 662 1720 722 tendit
1746 663 1872 741 ejus
1893 662 2148 739 operatio
2176 662 2236 719 in
2265 662 2434 721 nobis
2461 680 2634 739 quam
2657 670 2722 722 ut
2747 671 2956 741 poten-

544 753 635 804 ter
656 744 906 822 applicet
932 743 1223 803 mentibus
1248 744 1463 802 nostris
1489 742 1789 802 veritatem
1821 742 2114 802 coelestem
2143 742 2204 801 in
2231 742 2431 801 Verbo
2456 742 2747 817 traditam,
2775 742 2960 803 adeo·

546 844 661 903 que
704 824 897 883 radios
940 823 1073 882 illos
1112 824 1173 881 in
1214 842 1284 881 ea
1322 822 1830 899 circumfulgentes
1865 823 2202 900 majestatis,
2233 822 2622 897 sublimitatis,
2662 822 2954 901 efficaciae,

547 904 825 979 veritatis,
858 903 1196 977 sanctitatis,
1230 900 1357 978 &e.,
1388 903 1504 961 alte
1531 902 1870 982 imprimat,)
1891 903 2030 961 hinc
2051 902 2267 963 factum
2294 911 2361 963 ιιι
2386 902 2654 962 nonnulli
2679 902 2743 961 in
2763 902 2954 981 Spiri-

546 993 643 1044 tus
669 984 999 1044 testimonio
1027 991 1329 1060 utramque
1350 983 1509 1041 illam
1532 984 1698 1060 exim
1719 983 2146 1060 conjunxerint,
2167 993 2292 1042 tum
2315 983 2666 1062 objectivam
2689 991 2812 1042 tum
2829 984 2954 1043 effi-

548 1066 811 1124 cientem.
877 1062 1076 1141 Atque
1114 1064 1227 1123 hoc
1269 1082 1443 1123 sensu
1472 1063 1772 1122 Confessio
1801 1063 2106 1123 Gallicana
2139 1063 2520 1141 intelligenda
2559 1072 2665 1139 cst,
2709 1084 2841 1122 cum
2871 1065 2958 1124 ait

549 1147 587 1179 ‘⁶
608 1165 725 1203 non
751 1153 977 1205 tantum
1004 1162 1081 1202 ex
1108 1143 1399 1203 communi
1428 1143 1708 1203 Ecclesiae
1747 1162 2050 1219 consensu,
2095 1143 2199 1203 sed
2239 1143 2413 1203 etiam
2448 1143 2633 1203 multo
2659 1144 2847 1221 magis
2877 1166 2958 1205 ex

543 1225 875 1285 testimonio
916 1232 977 1285 et
1016 1223 1327 1283 intrinseca
1364 1225 1736 1301 persuasione
1781 1224 2030 1301 Spiritus
2061 1224 2258 1283 Sancti
2283 1224 2465 1283 libros
2492 1242 2686 1283 sacros
2713 1225 2960 1301 agnosci

548 1306 871 1365 Canonicos
890 1306 945 1381 ;''
988 1324 1121 1363 nam
1151 1324 1254 1381 per
1278 1304 1526 1381 Spiritus
1566 1305 1934 1363 testimonium
1973 1323 2090 1363 non
2126 1304 2402 1381 intelligit
2428 1311 2652 1363 tantum
2681 1303 2803 1361 vim
2831 1304 2954 1363 effi-

544 1405 742 1445 cacem
768 1406 885 1463 qua
910 1384 1057 1444 fides
1098 1384 1411 1445 efficienter
1438 1384 1810 1463 producitur,
1859 1384 1963 1444 sed
2005 1384 2232 1463 proprie
2273 1384 2555 1443 rationem
2581 1392 2641 1443 et
2665 1384 2954 1443 motivum

543 1466 711 1526 verbi
737 1486 853 1544 quo
882 1466 1064 1526 utitur
1094 1466 1343 1544 Spiritus
1370 1463 1446 1523 ad
1471 1464 1936 1543 persuadendum
1961 1464 2113 1523 hanc
2140 1464 2460 1539 veritatem,
2491 1464 2714 1523 scilicet
2739 1464 2956 1523 doctri-

544 1566 679 1605 nam
707 1547 891 1623 ipsam
920 1546 1213 1605 coelestem
1240 1545 1513 1604 cordibus
1538 1545 1892 1623 'applicatam
1922 1564 2027 1624 per
2057 1545 2352 1623 Spiritum,
2385 1544 2646 1623 opposite
2673 1544 2748 1603 ad
2775 1546 2954 1604 ratio-

542 1644 674 1684 nem
702 1626 1025 1684 naturalem
1052 1633 1114 1684 ct
1140 1644 1371 1685 sensum
1400 1645 1467 1683 ac
1490 1624 1777 1703 judicium
1817 1626 2134 1685 humanum
2164 1624 2323 1703 quod
2348 1625 2519 1704 plane
2547 1624 2608 1683 in
2635 1625 2764 1684 istis
2791 1644 2954 1702 mys-

542 1705 705 1765 teriis
731 1703 1141 1781 dignoscendis
1170 1724 1387 1763 caecum
1414 1713 1520 1779 est,
1557 1708 1586 1763 1
1622 1706 1750 1764 Cor.
1780 1706 1841 1763 ii.
1876 1708 1970 1763 14.
2040 1705 2286 1781 Quando
2313 1724 2453 1763 vero
2479 1706 2667 1764 stricte
2692 1706 2954 1765 testimo-

542 1784 703 1843 nium
736 1784 985 1863 Spiritus
1014 1784 1258 1843 sumitur
1283 1803 1388 1861 pro
1410 1802 1479 1842 ea
1504 1783 1760 1843 efficacia
1788 1785 1990 1862 gratiae
2017 1805 2148 1863 quse
2177 1804 2239 1844 se
2259 1793 2420 1845 tenet
2439 1806 2515 1845 ex
2530 1794 2707 1863 parte
2729 1786 2958 1861 subjecti

544 1884 649 1925 seu
674 1864 946 1943 potentiae
974 1863 1362 1939 intellectivae‚
1406 1882 1537 1941 quse
1566 1864 1780 1923 habilis
1808 1873 1868 1924 et
1893 1872 2029 1943 apta
2055 1865 2318 1925 redditur
2355 1866 2432 1924 ad
2472 1886 2542 1925 ea
2581 1866 2956 1944 percipienda

544 1964 677 2023 quae
703 1954 1099 2023 proponuntur
1125 1954 1184 2004 et
1211 1964 1341 2023 quse
1368 1944 1559 2022 posita
1585 1953 1676 2004 est
1702 1946 1764 2003 in
1789 1944 2074 2005 infusione
2101 1946 2337 2006 habitus
2363 1945 2518 2023 fidei,
2557 1955 2616 2005 et
2643 1945 2954 2005 collatione

544 2026 750 2085 auxilii
771 2026 1039 2105 specialis
1060 2025 1135 2085 ad
1153 2024 1502 2086 credendum
1523 2027 1851 2101 necessarii,
1871 2034 2010 2085 tunc
2025 2026 2204 2086 habet
2218 2034 2444 2087 tantum
2463 2026 2743 2086 rationem
2763 2046 2956 2085 causae

545 2106 862 2184 efficientis,
886 2127 1004 2167 non
1032 2106 1355 2185 objectivae‚
1380 2126 1487 2166 nec
1504 2107 1653 2166 bene
1670 2106 2251 2184 cona-adistinguitur
2291 2107 2624 2167 testimonio
2654 2106 2958 2166 Ecclesiae.

626 2188 882 2247 XXIV.
924 2186 1258 2265 Antequam
1304 2186 1439 2245 finis
1486 2186 1579 2262 sit,
1604 2186 1860 2246 breviter
1905 2186 2181 2246 diluenda
2207 2196 2298 2247 est
2343 2186 2667 2247 criminatio
2715 2186 2958 2265 duplex,

544 2288 661 2346 qua
686 2268 867 2343 vulgo
896 2266 1130 2344 gravari
1156 2267 1304 2325 solet
1330 2266 1592 2324 doctrina
1620 2265 1961 2325 Orthodoxa
1987 2267 2142 2326 eirca
2165 2267 2320 2325 hunc
2348 2268 2621 2343 Spiritum
2643 2290 2665 2324 .·
2697 2270 2750 2325 1.
2781 2266 2958 2341 Quod

543 2348 621 2406 sit
630 2348 927 2421 fanaticus
954 2353 1012 2403 et
1036 2344 1489 2420 Anabaptisticus
1512 2366 1539 2409 ,·
1567 2348 1624 2402 2.
1656 2344 1824 2417 Quod
1845 2346 1922 2403 sit
1940 2345 2218 2420 pn‘vatus.
2250 2346 2400 2403 Nam
2429 2347 2587 2422 prius
2605 2347 2750 2406 illud
2779 2347 2962 2405 vehe-

542 2432 766 2484 menter
791 2424 1000 2482 falsum
1043 2430 1133 2481 est
1160 2431 1219 2481 et
1262 2421 1697 2497 calumniosum,
1727 2422 1940 2499 quippe
1986 2424 2250 2481 Panatici
2281 2424 2558 2500 Spiritum
2599 2426 2892 2486 divellunt
2919 2446 2964 2485 a

548 2504 859 2581 Scriptura,
891 2511 950 2562 et
970 2501 1277 2579 indulgent
1301 2500 1753 2560 revelationibus
1781 2501 2127 2578 quibusdam
2176 2502 2647 2562 extraordinariis
2689 2514 2750 2563 et
2805 2508 2964 2565 ἔνθου·

542 2590 771 2651 σεισμοῖς
802 2606 819 2644 t
860 2583 948 2643 At
979 2582 1229 2661 Spiritus
1252 2580 1409 2641 istud
1429 2580 1820 2640 testimonium
1851 2601 1966 2658 quo
1993 2580 2394 2641 contendimus
2420 2582 2754 2658 persuaderi
2781 2588 2966 2647 nobis

547 2665 857 2744 Scripturae
884 2663 1265 2739 divinitatem,
1294 2682 1413 2721 non
1440 2661 1613 2721 infert
1640 2681 1852 2721 novam
1881 2662 2132 2739 aliquam
2155 2670 2214 2721 et
2241 2661 2756 2721 extraordinariam
2781 2682 2962 2725 reve-

540 2745 818 2806 lationem
864 2744 1195 2805 immediate
1222 2764 1257 2803 a
1288 2743 1507 2822 Spiritu
1544 2742 1605 2802 S.
1633 2742 1947 2821 profectam
1989 2742 2113 2801 sine
2141 2742 2374 2819 Verbo;
2417 2742 2536 2800 imo
2583 2742 2732 2802 nihil
2789 2744 2958 2806 aliud

542 2836 633 2887 est
659 2846 834 2905 quam
860 2825 1229 2887 revelationis
1255 2824 1317 2883 in
1363 2824 1491 2903 ipsa
1538 2823 1836 2901 Scriptura
1881 2823 2048 2883 factae
2097 2844 2174 2883 ex
2219 2831 2382 2901 parte
2419 2823 2634 2900 objecti
2658 2832 2865 2901 potens
2891 2834 2960 2887 et

543 2908 751 2968 efficax
778 2906 1087 2986 applicatio
1114 2918 1173 2965 et
1200 2904 1536 2983 impressio:
1578 2903 1662 2963 ita
1699 2912 1765 2964 ut
1799 2923 1988 2981 neque
2040 2902 2288 2982 Spiritus
2331 2904 2454 2963 sine
2503 2904 2815 2983 Scriptura,
2841 2924 2960 2965 nec

546 2988 846 3067 Scriptura
874 2989 996 3047 sine
1029 2985 1247 3063 Spiritu
1273 2985 1370 3043 hic
1398 2984 1637 3044 veniant
1663 2983 2030 3059 attendenda,
2063 2984 2168 3044 sed
2202 2983 2496 3043 indivulso
2523 3004 2682 3043 nexu
2709 2986 2956 3062 conjun-

619 3067 737 3127 nda
763 3068 881 3126 sint
906 3088 983 3125 ex
1010 3066 1225 3124 foedere
1255 3064 1384 3139 Dei,
1418 3064 1534 3124 Isa.
1562 3064 1668 3124 lix.
1699 3067 1796 3135 21,
1831 3067 1868 3099 ‘⁶
1885 3064 2147 3124 Verbum
2175 3063 2334 3141 quod
2358 3064 2528 3142 posui
2555 3064 2616 3123 in
2645 3084 2742 3125 ore
2769 3073 2870 3124 tuo
2891 3074 2958 3126 et

586 3148 793 3225 piritus
820 3146 922 3222 qui
949 3152 1037 3204 est
1064 3145 1125 3203 in
1162 3153 1221 3204 te
1248 3164 1364 3203 non
1390 3143 1723 3219 recedent,’'
1751 3142 1861 3204 Sec.
1903 3144 2164 3203 Verbum
2191 3144 2531 3223 proponitur
2571 3144 2954 3221 extrinsecae,

542 3226 793 3303 Spiritus
836 3226 994 3283 intus
1034 3232 1319 3300 operatur,
1350 3224 1611 3283 Verbum
1665 3232 1864 3283 movet
1904 3232 1964 3283 et
2009 3225 2230 3301 suadet,
2267 3224 2514 3302 Spiritus
2547 3232 2848 3302 permovet
2887 3234 2956 3286 et

537 3302 863 3383 persuadet,
892 3302 1041 3362 illud
1068 3311 1158 3361 est
1202 3303 1385 3363 instar
1427 3304 1664 3363 seminis
1711 3303 1773 3361 in
1801 3310 2012 3363 terram
2029 3304 2290 3383 projecti,
2321 3305 2431 3364 iste
2480 3305 2663 3364 instar
2714 3305 2956 3367 virtutis

536 3384 789 3443 vivifices
816 3404 933 3461 qua
978 3382 1270 3443 radicatur
1315 3382 1377 3440 in
1404 3382 1573 3441 nobis
1600 3390 1660 3441 et
1686 3384 1988 3460 germinat.
2069 3385 2124 3443 N
2127 3405 2194 3445 ec
2237 3384 2398 3446 aliud
2443 3384 2635 3444 innuit
2663 3385 2952 3463 Christus,

536 3466 583 3527 J
584 3466 679 3525 oh.
700 3464 823 3524 xvi.
852 3468 943 3541 14,
958 3482 1090 3523 cum
1100 3462 1183 3523 ait
1196 3461 1468 3541 Spiritum
1488 3462 1563 3521 de
1584 3482 1689 3522 suo
1711 3472 2099 3541 accepturum,
2123 3464 2241 3523 “de
2261 3485 2391 3524 meo
2413 3465 2952 3543 accipietss’ginquit,

540 3548 653 3606 “et
681 3544 1055 3605 annunciabit
1075 3542 1303 3619 vobis,'’
1330 3551 1396 3604 ut
1414 3542 1566 3601 enim
1584 3542 1834 3621 Spiritus
1855 3544 1915 3603 S.
1945 3545 2202 3623 operatio
2212 3554 2498 3621 quatenus
2509 3553 2598 3604 est
2613 3546 2955 3606 Paracletus

536 3635 597 3691 et
624 3627 967 3687 Consolator
990 3644 1109 3684 non
1135 3624 1249 3684 alio
1266 3623 1469 3699 tendit,
1500 3644 1674 3701 quam
1696 3624 1770 3682 ad
1798 3624 2240 3702 applicationem
2258 3625 2666 3685 beneficiorum
2689 3626 2905 3685 Christi
2931 3650 2949 3703 3

534 3704 729 3768 tamen
750 3707 865 3766 alio
892 3706 1135 3765 refertur
1153 3706 1282 3782 ejus
1300 3704 1689 3765 testimonium
1720 3712 2006 3782 quatenus
2033 3712 2122 3763 est
2147 3708 2369 3765 Doctor
2393 3707 2643 3764 veritatis
2670 3725 2844 3782 quam
2871 3708 2953 3766 ad

535 3787 999 3865 obsignationem
1026 3785 1303 3845 doctrinae
1345 3784 1529 3864 ipsius
1570 3784 1634 3843 in
1665 3785 1989 3863 Evangelio
2031 3784 2276 3845 traditae.
2347 3786 2494 3845 Cum
2522 3805 2662 3863 ergo
2696 3786 2952 3864 Spiritus

533 3868 607 3928 de
635 3887 751 3946 quo
777 3865 1068 3944 loquimur
1094 3886 1130 3924 a
1160 3864 1457 3943 Scriptura
1498 3884 1794 3941 nunquam
1841 3867 2086 3941 aberret,
2118 3866 2220 3925 sed
2249 3865 2326 3924 ad
2355 3866 2712 3944 Scripturam
2751 3866 2952 3944 ducat,

532 3957 594 4009 et
619 3948 681 4007 in
702 3968 773 4007 ea
799 3945 1143 4024 explicanda
1168 3952 1327 4004 totus
1348 3954 1677 4023 occupetur,
1707 3952 1869 4024 patet
1895 3964 2014 4005 non
2043 3946 2167 4005 sine
2195 3945 2412 4024 insigni
2439 3946 2748 4022 calumnia,
2780 3946 2950 4005 Ana·-

530 4027 903 4108 baptisticum
926 4035 985 4086 et
1010 4024 1323 4085 fanaticum
1350 4024 1485 4084 dici.
2837 4080 2848 4093 ,

613 4108 829 4169 XXV.
878 4106 991 4167 Sed
1035 4126 1153 4166 non
1180 4104 1389 4165 minori
1436 4103 1650 4179 injuria
1667 4106 1932 4182 privatus
1958 4113 2018 4167 et
2043 4105 2310 4185 proprius
2343 4106 2572 4183 dicitur,
2601 4114 2670 4166 ut
2701 4106 2948 4185 Staplet.

520 4188 815 4267 privatum
862 4186 1146 4267 superbias
1192 4186 1470 4263 Spiritum
1508 4205 1545 4244 a
1599 4185 1768 4244 nobis
1814 4187 2024 4264 jactari
2078 4187 2384 4263 clamabat,
2431 4196 2490 4247 et
2543 4186 2644 4246 alii
2697 4186 2950 4247 subinde

529 4277 819 4345 oggerunt
844 4287 969 4343 nos,
992 4275 1195 4327 contra
1221 4266 1475 4342 Petrum,
1506 4269 1578 4325 2⁰
1606 4285 1732 4344 cap.
1761 4266 1800 4325 i.
1831 4269 1926 4333 20.
1956 4266 2316 4345 prophetiam
2350 4268 2540 4327 facere
2593 4263 2722 4332 ἰδίας
2768 4264 2948 4326 ἐκυλίν-

528 4370 663 4413 ms.
706 4348 884 4425 Resp.
902 4349 1171 4407 flebam
1196 4347 1350 4407 enim
1378 4346 1626 4423 Spiritus
1651 4345 1916 4406 bifariam
1937 4347 2054 4406 dici
2079 4356 2290 4425 potest,
2321 4347 2438 4407 Vel
2465 4348 2821 4424 oriqt'naliter
2845 4346 2949 4407 vel

526 4427 831 4502 subjective,
854 4426 973 4485 Vel
998 4428 1219 4487 ratione
1234 4428 1515 4503 principii
1536 4446 1573 4485 a
1598 4446 1714 4505 quo
1745 4427 1941 4503 oritur,
1959 4426 2058 4486 vel
2085 4428 2305 4487 ratione
2331 4428 2561 4504 subjecti
2583 4434 2642 4487 et
2667 4425 2948 4506 potentine

524 4504 624 4564 cui
649 4504 909 4579 inhaeret,
938 4506 1055 4566 Vel
1080 4526 1185 4586 pro
1214 4507 1389 4583 genio
1416 4515 1477 4567 et
1522 4507 1761 4567 arbitrio
1789 4508 2088 4586 cujusque,
2119 4507 2216 4567 vel
2233 4526 2342 4586 pro
2369 4508 2484 4567 Dei
2511 4507 2664 4567 dono
2695 4506 2949 4585 singulis

524 4582 797 4647 fidelibus
820 4584 1071 4663 proprio.
1116 4585 1430 4647 Posteriori
1456 4604 1632 4649 sensu
1673 4588 1878 4649 damus
1917 4588 2197 4667 Spiritum
2213 4590 2522 4667 proprium
2551 4595 2611 4649 et
2647 4585 2950 4669 privatum
