3234 5192
321 319 548 361 msrur.
577 297 715 379 vm]
1030 317 1108 363 ns
1139 314 1430 357 nsrnsno
1461 316 1639 355 sums
1670 315 1743 355 m·
1774 314 1976 356 malms.
2623 295 2739 353 333

321 462 542 537 pariter
559 458 852 534 baptismo
877 458 1242 532 obsignatur,
1261 456 1665 525 adumbravit,
1684 473 1876 529 agnus
1892 456 2204 531 paschalis,
2224 473 2347 512 non
2364 470 2609 524 (uenam,
2640 451 2742 509 sed

330 538 636 599 Christum
656 537 856 613 ipsum
875 536 938 593 in
959 554 1126 595 coena
1145 536 1480 595 exhibitum
1499 534 1948 609 repraesentavit
1968 555 1983 605 ;
2012 540 2073 591 et
2094 534 2421 609 baptismus
2437 532 2547 590 iste
2584 536 2746 587 vete-

325 636 463 675 rum
483 617 547 674 in
563 617 722 673 nube
743 622 806 673 et
824 615 993 687 mari,
1013 618 1450 675 sacramentum
1466 613 1584 671 fuit
1604 631 1726 669 non
1744 613 2025 688 baptismi
2042 613 2229 671 nostri
2250 613 2353 670 sed
2368 612 2453 669 rei
2473 626 2579 686 per
2598 609 2744 682 bap-

328 696 572 757 tismum
613 693 976 769 significatae,
999 694 1304 769 quomodo
1341 699 1508 769 petra
1527 698 1588 749 et
1628 709 1791 765 aqua
1816 709 1891 748 ex
1910 709 1982 749 ea
2005 692 2325 766 profluens,
2348 708 2471 747 non
2498 705 2744 756 coenam,

331 775 433 833 sed
465 772 775 832 Christum
795 771 995 847 ipsum
1033 772 1406 847 significavit,
1437 777 1506 828 ut
1535 769 1767 827 Paulus
1790 769 1857 826 in
1884 770 2269 844 sequentibus
2294 767 2559 843 exponit.

415 851 682 911 XVIII.
726 850 920 921 Dices,
969 850 1263 909 miracula
1307 850 1424 907 ista
1469 848 1758 906 beneficia
1784 854 2021 905 tantum
2042 848 2401 923 temporalia
2424 843 2745 905 contulisse

337 931 598 1007 popu103
640 929 705 987 N
708 947 787 986 on
815 947 988 1006 posse
1015 948 1158 1005 ergo
1185 930 1356 1003 sig-na
1376 946 1500 985 esse
1527 933 1588 985 et
1628 925 1829 1001 sigilla
1867 926 2231 985 remissionis
2270 931 2661 1001 peccatorum,
2686 927 2750 979 et

336 1009 546 1085 gratiae
601 1007 944 1083 spiritualis,
998 1026 1134 1083 quae
1195 1007 1258 1065 in
1313 1004 1695 1065 sacramentis
1736 1004 1953 1062 nostris
1992 1005 2405 1063 adumbratur.
2514 1000 2749 1059 Deinde

339 1106 462 1145 non
507 1086 768 1145 adfuisse
807 1086 906 1145 hic
944 1087 1196 1144 verbum
1234 1104 1375 1144 cum
1413 1083 1727 1154 elemento,
1768 1088 1840 1140 ut
1878 1082 2003 1139 fieri
2032 1084 2210 1141 debet
2247 1082 2313 1140 in
2354 1076 2749 1141 sacramentis.

342 1164 653 1225 Postremo
676 1166 850 1223 nullo
873 1170 1227 1240 argumento
1252 1180 1424 1240 posse
1444 1160 1648 1235 colligi
1674 1166 1873 1235 patres
1898 1162 2013 1219 hoc
2039 1162 2419 1221 intellexisse.
2444 1159 2623 1233 Resp.
2648 1158 2751 1215 Ad

342 1244 621 1320 primum,
681 1242 943 1299 fatemur
1001 1242 1248 1317 quidem
1305 1241 1422 1299 ista
1477 1239 1766 1297 beneficia
1812 1256 1937 1297 esse
1976 1258 2276 1315 corporea,
2318 1240 2423 1297 sed
2462 1256 2599 1313 quae
2638 1254 2751 1293 nu·

345 1323 542 1381 eleum
603 1320 1008 1393 spiritualium
1063 1321 1486 1379 beneficiorum
1526 1317 1929 1387 continebant,
1971 1324 2032 1376 et
2089 1336 2223 1394 quae
2266 1314 2755 1375 manuducebant

348 1402 426 1458 ad
473 1398 776 1457 Christum
836 1398 1296 1473 promissionum
1354 1396 1627 1455 omnium
1678 1394 2160 1469 fundamentum,
2204 1397 2243 1454 2
2288 1394 2423 1454 Cor.
2464 1394 2504 1451 i.
2548 1393 2643 1464 20,
2684 1399 2757 1449 ut

346 1476 626 1535 liberatio
667 1495 706 1533 a
731 1476 1018 1535 servitute
1047 1478 1412 1553 AEgyptiaca
1437 1482 1620 1551 typus
1645 1474 1764 1531 fuit
1790 1474 2213 1550 redemptionis
2239 1472 2564 1550 spiritualis
2585 1492 2601 1542 3
2629 1470 2753 1529 imo

349 1556 494 1633 quia
531 1561 673 1613 sunt
711 1573 996 1631 corporea
1033 1558 1211 1627 bona,
1254 1555 1474 1631 optime
1514 1553 1877 1626 adhibentur
1918 1554 1997 1611 ad
2024 1553 2414 1627 significanda
2452 1552 2613 1609 bona
2638 1548 2756 1624 spi·

349 1632 594 1693 ritualia
609 1654 626 1705 ;
667 1652 812 1692 nam
848 1635 966 1693 ista
1002 1655 1126 1694 non
1165 1639 1417 1710 possunt
1455 1630 1803 1691 adumbrari
1862 1631 1978 1689 nisi
2016 1632 2194 1691 rebus
2232 1630 2493 1691 externis
2530 1634 2591 1685 et
2632 1646 2759 1685 sen-

349 1712 638 1771 sibilibus.
683 1711 786 1770 Ad
809 1716 1158 1785 secundum,
1178 1713 1428 1771 verbum
1447 1710 1546 1769 hic
1565 1730 1690 1767 non
1708 1709 1921 1781 defuit,
1944 1717 2076 1768 tum
2103 1709 2167 1767 in
2194 1711 2481 1770 mandato
2505 1707 2581 1765 de
2608 1705 2759 1765 scin·

349 1792 548 1849 dendo
588 1790 758 1862 mari,
786 1796 920 1850 tum
967 1792 1031 1850 in
1058 1790 1448 1868 promissione
1496 1788 1705 1847 addita
1750 1788 1961 1846 salutis
1999 1790 2115 1847 hoc
2140 1789 2341 1847 medio
2364 1785 2759 1854 conferendae,

353 1877 389 1904 “
411 1869 577 1929 State
605 1875 666 1927 et
694 1870 888 1929 videte
916 1872 1191 1942 salutem,
1220 1887 1403 1945 quam
1443 1867 1486 1926 J
1489 1869 1684 1925 ehova
1722 1866 1991 1926 facturus
2016 1874 2106 1926 est
2129 1868 2303 1925 nobis
2328 1865 2568 1937 hodie,''
2596 1863 2761 1939 quod

355 1946 583 2006 Paulus
627 1948 779 2005 bene
822 1950 901 2007 ad
949 1948 1302 2025 mysterium
1341 1944 1796 2021 Redemptionis
1842 1945 2043 2017 refert,
2083 1947 2229 2023 quia
2266 1950 2517 2003 noverat
2557 1958 2762 2001 omnes

351 2025 740 2087 liberationes
777 2028 1136 2102 temporales
1185 2026 1249 2083 in
1304 2043 1377 2083 ea
1427 2024 1691 2095 fundari,
1733 2029 1794 2081 et
1833 2024 1965 2099 ejus
2006 2042 2136 2085 esse
2174 2026 2414 2100 figuras.
2498 2021 2599 2079 Ad
2646 2027 2761 2078 ter-

354 2104 526 2175 tium,
558 2104 772 2161 damus
804 2106 1049 2180 quidem
1087 2106 1311 2162 multos
1351 2122 1428 2160 ex
1467 2103 1712 2178 populo,
1754 2103 1861 2177 qni
1900 2104 2149 2162 terrenis
2187 2103 2315 2163 istis
2352 2101 2527 2159 bonis
2578 2098 2765 2155 inhae-

357 2184 587 2251 rebant,
631 2199 754 2237 non
794 2181 1154 2241 intellexisse
1181 2182 1295 2241 ista
1320 2180 1640 2256 mysteria;
1683 2182 1786 2238 sed
1814 2181 1939 2238 veri
1964 2183 2170 2240 fideles
2202 2180 2430 2257 Spiritu
2456 2178 2571 2237 Dei
2598 2176 2766 2235 illus-

359 2260 505 2318 trati
531 2266 860 2333 potuerunt
887 2278 958 2318 eo
999 2266 1332 2336 penetrare,
1361 2267 1422 2319 et
1467 2259 1681 2317 sufficit
1707 2259 1881 2318 nobis
1909 2259 2171 2319 Paulum
2198 2260 2259 2318 id
2289 2258 2461 2317 nobis
2486 2256 2767 2333 pandere,

364 2352 434 2395 ut
461 2338 774 2396 credamus
803 2358 930 2397 rem
955 2358 992 2398 a
1019 2340 1150 2399 Deo
1176 2338 1364 2399 fuisse
1390 2338 1478 2396 ita
1504 2338 1925 2414 dispensatam.

447 2414 629 2473 XIX.
676 2414 766 2475 Ut
823 2436 966 2476 vero
1035 2419 1254 2478 clarius
1311 2418 1578 2493 mysterii
1630 2416 1805 2475 istius
1861 2436 2101 2479 sensum
2160 2435 2566 2495 assequamur,
2634 2414 2770 2484 tria,

365 2514 500 2571 quae
549 2494 648 2554 hic
687 2497 764 2553 ab
806 2496 1105 2573 Apostolo
1166 2505 1472 2569 notantur,
1515 2497 1791 2555 distincte
1830 2504 1974 2556 sunt
2012 2499 2379 2575 pensitanda,
2421 2495 2585 2572 quod
2624 2492 2773 2551 dicit

364 2580 401 2608 “
432 2573 641 2632 Patres
695 2576 1024 2650 baptizatos
1084 2578 1268 2636 fuisse
1327 2577 1390 2635 in
1429 2576 1685 2646 Mosem,
1746 2574 1811 2631 in
1852 2575 2028 2647 nube,
2070 2585 2132 2636 et
2169 2578 2236 2635 in
2274 2576 2483 2633 mari.''
2568 2572 2771 2630 Primo

365 2652 530 2729 quod
558 2653 658 2724 ait,
704 2660 736 2689 ‘⁴
760 2656 1092 2732 baptizatos
1131 2675 1256 2715 esse
1280 2656 1345 2712 in
1373 2654 1665 2725 Mosem,’'
1708 2653 1871 2711 varie
1899 2657 2235 2731 exponitur.
2321 2654 2586 2721 Quidam
2607 2657 2669 2717 ιὶς
2696 2676 2776 2708 τοι

365 2736 552 2795 Μοσΐίν
598 2732 827 2790 dictum
870 2737 1102 2813 volunt,
1149 2734 1325 2810 quasi
1369 2731 1492 2809 ἅμα
1519 2756 1604 2792 σοι
1632 2736 1814 2791 Mna-1?
1832 2750 1959 2790 una
1997 2752 2132 2792 cnm
2161 2732 2351 2807 Mose,
2382 2732 2524 2800 sive,
2571 2738 2605 2765 ‘⁶
2623 2733 2777 2789 αὐτου

361 2814 715 2889 hyspanum-04
746 2812 877 2887 ipso
907 2814 1058 2871 duce
1087 2820 1148 2872 et
1187 2812 1482 2887 auspice‚”
1513 2830 1649 2887 quae
1696 2810 1993 2869 sententia
2038 2817 2129 2868 est
2178 2808 2545 2879 Graecorum,
2590 2809 2778 2881 Chry-

364 2891 628 2961 sostomi,
657 2889 1109 2965 Theophylacti.
1156 2890 1522 2965 Oecumenii‚
1565 2890 1725 2969 &me
1763 2888 2114 2967 πςοτοστέης
2154 2889 2319 2961 yiym
2362 2899 2564 2961 Murus,
2608 2884 2652 2963 ᾖ
2690 2890 2781 2945 κει)

366 2968 728 3045 συκαισίζοηο
754 2992 840 3025 και
869 2968 1166 3046 nurgum
1193 2966 1490 3047 διωμοσία-ης
1517 2994 1600 3033 vm
1626 2968 1913 3041 θιλιίσοης,
1959 2972 1994 3001 “
2026 2967 2215 3036 Quasi
2242 2965 2668 3038 antesignanus
2696 2965 2781 3023 eis

369 3048 573 3105 Moses
595 3048 734 3117 fuit,
763 3063 954 3120 quum
980 3054 1042 3105 et
1075 3048 1235 3104 nube
1276 3045 1500 3121 pariter
1547 3046 2081 3118 obumbrabantur,
2109 3052 2170 3104 et
2194 3062 2301 3121 per
2326 3060 2491 3100 mare
2518 3042 2779 3101 divisum

370 3124 599 3201 pedites
626 3124 991 3182 transierunt
1010 3126 1067 3195 ;”
1111 3142 1295 3203 quam
1335 3125 1693 3183 sententiam
1730 3129 2065 3197 sequuntur
2090 3122 2135 3183 J
2138 3122 2317 3181 unius
2343 3127 2404 3179 et
2434 3118 2699 3193 Grotiu5‚
2742 3141 2782 3181 a

371 3222 494 3279 qua
521 3221 643 3261 non
684 3203 865 3277 longe
905 3204 1127 3261 recedit
1167 3200 1404 3261 Heinsii
1443 3222 1631 3276 mens,
1672 3203 1778 3280 qui
1804 3208 1867 3269 ἀς
1896 3208 2079 3267 Mna-31⁹,
2118 3221 2226 3279 pro
2268 3221 2340 3260 eo
2380 3202 2543 3276 quod
2572 3208 2663 3259 est
2700 3200 2783 3268 ἵεις

373 3283 590 3348 Μυσίας
629 3300 810 3359 usquc
850 3282 934 3339 ad
988 3282 1216 3341 Mosem
1255 3306 1433 3348 vanu
1473 3289 1537 3349 εἰς
1584 3310 1663 3344 τον
1704 3290 1886 3349 Μυσῶν
1926 3302 2117 3342 omnes
2158 3303 2283 3341 cum
2322 3280 2507 3353 Mose,
2568 3280 2632 3338 id
2694 3290 2783 3341 est

375 3380 450 3420 ne
492 3368 736 3438 excepto
778 3360 1024 3435 quidem
1061 3362 1254 3435 Mose,
1298 3368 1369 3420 ut
1407 3363 1590 3421 verba
1649 3364 1737 3423 ita
1776 3364 2193 3440 disponantur,
2235 3380 2357 3420 non
2398 3386 2574 3427 παπ-ις
2616 3362 2781 3431 ἐβαπ-

375 3468 593 3519 rao-mo,
658 3440 762 3499 sed
820 3464 998 3507 vanu
1055 3448 1116 3509 εἰς
1159 3446 1356 3506 Μυσὶῖν.
1461 3441 1693 3501 Verum
1734 3443 1989 3503 coactior
2028 3442 2269 3501 videtur
2308 3443 2438 3500 haec
2476 3442 2783 3519 expositio,

379 3530 441 3581 et
479 3540 604 3581 non
643 3518 818 3577 facile
859 3538 1169 3581 &salemum⁴
1205 3521 1472 3582 obtinere
1511 3528 1721 3597 potest.
1802 3521 2029 3580 Melius
2068 3521 2173 3580 alii
2212 3520 2320 3596 qui
2359 3526 2421 3587 εἰς
2448 3540 2557 3597 pro
2600 3522 2639 3579 in
2678 3540 2785 3597 po-

379 3601 562 3659 situm
602 3615 730 3657 esse
770 3600 1004 3671 volunt,
1047 3608 1119 3660 ut
1157 3601 1309 3659 nihil
1349 3600 1517 3659 aliud
1575 3601 1954 3675 significetur,
2018 3618 2201 3676 quam
2242 3601 2357 3659 hoc
2394 3602 2625 3659 factum
2677 3617 2785 3658 au·

380 3678 576 3754 spiciis
601 3682 662 3735 et
698 3675 1025 3737 ministerio
1051 3680 1267 3754 Mosis,
1296 3686 1366 3738 ut
1412 3684 1474 3745 εἰς
1517 3681 1875 3756 respondeat
1904 3703 1934 3739 ει
1967 3678 2386 3750 Hebraeorum,
2410 3680 2575 3754 quod
2598 3677 2785 3751 Syrus

381 3764 442 3815 et
470 3756 669 3814 Arabs
694 3756 960 3814 reddunt
1001 3763 1037 3793 “
1058 3766 1192 3816 mia
1223 3780 1307 3815 aa:
1349 3778 1456 3835 per
1482 3776 1730 3817 manum
1775 3758 2025 3829 Mosis‚''
2054 3758 2116 3815 id
2144 3764 2234 3815 est
2274 3757 2405 3831 ejus
2433 3756 2785 3827 ministerio,

381 3835 547 3910 quod
589 3833 851 3909 August.
897 3838 1206 3895 confirmat
1252 3836 1447 3897 Tract.
1497 3837 1593 3909 26,
1644 3838 1706 3895 in
1748 3836 1805 3895 J
1798 3858 1887 3897 oa.
1930 3857 2042 3913 per
2080 3834 2309 3895 Mosem
2337 3834 2615 3912 baptizati
2638 3844 2785 3893 sunt.

383 3912 504 3973 Sed
530 3930 652 3970 non
680 3931 1107 3991 usquequaque
1135 3916 1373 3975 videtur
1413 3933 1771 3990 congruere3
1815 3914 1981 3974 Nam
2020 3922 2421 3992 praeterquam
2446 3914 2613 3988 quod
2638 3932 2789 3988 prae-

379 3991 598 4068 positio
626 3998 688 4057 ιίς
715 4010 850 4049 raro
871 3995 1200 4052 admodum
1229 3997 1307 4053 ad
1353 3994 1751 4053 ministerium
1779 3995 2036 4069 alicujus
2063 3993 2521 4069 significandum
2547 3992 2792 4049 adhibe-

381 4077 480 4131 tur
501 4092 516 4143 3
561 4070 812 4129 Accedit
838 4074 1001 4147 quod
1027 4074 1446 4149 frigidiuscula
1471 4072 1711 4131 videtur
1738 4072 1981 4144 locutio,
2008 4072 2075 4129 in
2104 4071 2372 4129 Ecclesia
2396 4069 2617 4146 quippe
2644 4088 2793 4145 quo-

383 4150 530 4209 tidie
573 4149 900 4209 ministerio
945 4149 1264 4211 Pastorum
1309 4150 1693 4229 baptizantur
1738 4152 2017 4223 infantes,
2045 4150 2164 4206 imo
2193 4156 2254 4207 et
2292 4150 2343 4207 si
2364 4148 2593 4207 occasio
2618 4148 2791 4222 ferat,

381 4230 594 4301 adulti,
623 4247 800 4288 nemo
821 4234 1022 4289 tamen
1051 4230 1269 4289 dixerit
1287 4230 1545 4289 infantes
1571 4236 1680 4288 aut
1706 4229 1947 4287 adultos
1971 4228 2269 4303 baptizari
2293 4228 2356 4285 in
2384 4245 2503 4299 eos,
2532 4244 2792 4302 quorum

383 4308 710 4367 ministerio
731 4309 1126 4385 baptizantur.
1197 4308 1490 4368 Putamus
1509 4327 1655 4383 ergo
1681 4309 1863 4382 longe
1890 4303 2339 4365 convenientius
2358 4305 2527 4381 loqui
2547 4323 2666 4379 eos,
2690 4307 2795 4382 qui

383 4394 646 4458 censent,
674 4387 904 4447 Mosem
944 4386 1042 4444 hic
1083 4386 1476 4461 metonymice
1523 4385 1835 4460 designare
1879 4392 1914 4419 “
1938 4383 2274 4443 doctrinam
2320 4390 2381 4442 et
2406 4384 2795 4461 dispensatio-

385 4482 525 4523 nem
545 4466 938 4543 Mosai’cam,”
986 4465 1290 4539 quomodo
1338 4464 1466 4522 fieri
1514 4482 1673 4538 saepe
1721 4465 1874 4521 solet
1920 4463 1983 4519 in
2026 4461 2348 4538 Scriptura,
2378 4462 2524 4522 Luc.
2553 4465 2675 4522 xvi.
2699 4464 2796 4536 29,

386 4548 422 4576 “
445 4544 672 4603 habent
698 4544 936 4602 Mosem
975 4550 1036 4600 et
1084 4542 1474 4619 Prophetas‚''
1502 4548 1563 4600 et
1584 4541 1722 4600 Act.
1751 4562 1849 4601 xv.
1879 4541 1976 4613 21,
2020 4546 2056 4575 ‘⁶
2077 4541 2280 4601 Moses
2308 4543 2489 4601 habet
2514 4541 2621 4617 qui
2649 4561 2798 4618 prae-

385 4621 586 4681 dicent
623 4623 879 4699 ipsum,”
917 4627 978 4680 et
1013 4620 1057 4681 J
1062 4623 1159 4681 oh.
1191 4640 1245 4679 v.
1275 4621 1371 4694 45,
1417 4628 1453 4655 “
1476 4622 1679 4680 Moses
1718 4621 1842 4698 ipse
1892 4640 1999 4681 vos
2026 4622 2325 4681 accusabit
2346 4622 2401 4694 ;'’
2431 4628 2501 4679 nt
2531 4620 2801 4680 Christus
