3234 5192
351 361 582 406 mem.
613 341 773 426 xm]
975 363 1053 404 nn
1083 362 1564 405 summe-rioms
1591 361 1829 404 cnms'rr
1856 361 2175 404 vamum.
2652 345 2769 405 601

355 504 493 582 quia
519 503 594 562 de
620 503 946 563 voluntarie
980 504 1356 582 peccantibus
1395 503 1520 582 agit
1560 511 1620 563 et
1661 503 1895 580 quidem
1929 513 2065 581 post
2094 513 2381 582 acceptam
2408 505 2773 582 cognitionem

354 584 622 660 veritatis,
666 584 820 644 unde
851 585 1034 644 Paulo
1069 605 1188 643 non
1230 584 1535 644 interdicta
1573 581 1685 642 fuit
1726 603 1859 663 spes
1894 585 2101 661 veniae,
2141 585 2279 661 quia
2318 585 2594 662 ignorans
2616 585 2771 643 fecit.

361 664 666 726 Secundus
702 664 918 742 gradus
956 673 1046 724 est
1081 685 1214 724 cum
1240 665 1374 741 quis
1399 674 1549 723 metu
1573 665 1811 724 territus
1838 664 2169 724 amittendae
2196 666 2279 724 rei
2309 665 2384 723 ad
2410 665 2561 722 hanc
2588 665 2771 722 vitam

357 745 532 823 plane
553 752 656 804 aut
686 763 836 822 pene
863 745 1221 820 necessariae,
1251 745 1408 820 vitae,
1439 752 1595 822 puta,
1626 745 1926 820 bonorum,
1958 744 2261 822 dignitatis
2288 751 2347 804 et
2375 744 2545 804 simil.
2578 744 2771 804 Chris-

359 834 483 885 tum
519 843 594 883 ex
631 824 963 885 infirmitate
989 824 1236 903 turpiter
1263 825 1531 902 abnegat,
1571 825 1863 902 quomodo
1894 826 2102 884 Petrus
2132 825 2425 885 Christum
2456 824 2771 882 Dominum

361 923 530 965 snum
559 913 718 965 metu
745 905 1076 982 abnegavit,
1121 913 1181 965 et
1215 905 1386 964 multi
1413 925 1488 964 ex
1515 904 1849 964 infirmitate
1878 905 2065 963 carnis
2094 913 2153 964 et
2179 911 2339 964 metu
2363 904 2567 964 mortis
2594 904 2771 962 abne-

363 993 522 1064 gant,
553 985 655 1045 sed
683 1005 870 1062 neque
898 986 1008 1044 hoc
1035 994 1336 1062 peccatum
1374 985 1468 1044 hic
1503 985 1781 1060 innuitur,
1822 985 1959 1064 quia
1980 985 2143 1063 quod
2170 987 2230 1044 vi
2260 1007 2327 1045 ac
2354 993 2513 1044 metu
2541 1005 2576 1043 a
2602 984 2773 1044 nobis

363 1073 673 1142 extortum,
697 1065 919 1124 ἁκοὺσιυ
935 1067 1144 1126 melius
1171 1065 1392 1124 dixeris
1419 1083 1590 1142 quam
1620 1064 1842 1142 ἑκοῦσιοι,
1875 1085 1981 1124 nec
2010 1065 2332 1144 denegatur
2357 1063 2772 1143 poenitentibus

363 1147 489 1224 ejus
517 1146 780 1205 remissio
804 1168 818 1223 ;
861 1154 928 1205 ut
955 1165 1029 1204 ex
1063 1147 1234 1206 Petro
1263 1145 1463 1222 liquet.
1547 1146 1779 1205 Tertius
1806 1155 1895 1205 est
1922 1166 2053 1205 cum
2082 1166 2188 1205 nec
2218 1167 2294 1205 ex
2321 1145 2649 1223 ignorantia
2674 1145 2773 1203 vel

361 1224 694 1284 infirmitate
735 1233 794 1284 et
835 1233 1010 1299 metu,
1056 1225 1160 1285 sed
1187 1226 1490 1302 cupiditate
1519 1235 1578 1284 et
1605 1246 1706 1304 spe
1734 1226 1989 1284 melioris
2017 1226 2277 1301 fortunae,
2322 1226 2410 1284 uti
2435 1226 2769 1303 loquuntur,

361 1305 646 1383 impulsus
673 1305 846 1364 homo
869 1326 904 1364 a
925 1306 1156 1365 Christo
1177 1305 1389 1380 deficit,
1413 1313 1480 1365 ut
1501 1306 1596 1366 vel
1623 1325 1865 1382 magnas
1894 1305 2129 1366 divitias
2151 1307 2247 1364 vel
2274 1306 2555 1365 honorum
2580 1305 2769 1382 splen-

359 1386 560 1445 dorem
587 1385 685 1443 vel
713 1386 764 1444 si
791 1405 920 1463 quse
949 1395 1084 1446 sunt
1111 1386 1398 1464 ejusmodi
1424 1393 1652 1445 terrena
1679 1386 1831 1445 bona
1858 1394 2275 1464 consequatur3
2320 1394 2380 1445 et
2406 1387 2517 1444 hoc
2538 1383 2775 1462 quidem

361 1473 664 1545 peccatum
700 1466 876 1544 longe
917 1466 1156 1544 gravius
1200 1475 1290 1526 est
1324 1465 1789 1543 praecedentibus
1830 1473 1889 1525 et
1924 1466 2111 1544 magis
2154 1467 2229 1525 ad
2268 1474 2529 1525 nostrum
2570 1463 2777 1524 ἱκοὺσιυ

365 1545 605 1620 accedit,
650 1545 804 1606 unde
847 1553 1236 1626 apostatarum
1279 1546 1606 1605 istiusmodi
1647 1546 1821 1623 longe
1857 1547 2039 1605 rarior
2074 1547 2415 1624 poenitentia
2451 1565 2578 1604 esse
2607 1544 2772 1620 solet,

365 1635 636 1686 caeterum
663 1647 781 1685 non
808 1626 1042 1686 videtur
1066 1627 1238 1704 plane
1265 1627 1610 1704 penitusque
1632 1625 1719 1684 illi
1740 1627 2161 1686 accommodari
2188 1627 2377 1686 adhuc
2406 1645 2611 1704 posse:
2641 1644 2777 1682 nam

363 1707 633 1786 quamvis
672 1707 996 1766 lautissima
1044 1727 1144 1784 spe
1193 1707 1422 1766 illectus
1461 1707 1731 1766 videatur
1776 1707 1963 1785 plenis
2004 1707 2153 1766 velis
2192 1707 2254 1765 in
2296 1706 2443 1764 illud
2484 1706 2777 1784 objectum

363 1787 517 1864 ferri,
559 1795 618 1846 et
645 1807 796 1866 saepe
825 1807 901 1847 ex
929 1789 1039 1846 hoc
1068 1787 1254 1866 gradu
1279 1787 1342 1845 in
1369 1787 1637 1846 ultimum
1666 1807 1922 1864 praeceps
1949 1796 2173 1865 agatur,
2214 1787 2340 1846 Deo
2369 1795 2585 1844 satanae
2612 1785 2778 1844 illum

357 1868 682 1947 justissimo
702 1868 928 1947 judicio
957 1887 1062 1928 suo
1087 1868 1471 1945 permittente,
1498 1869 1636 1944 quia
1662 1877 1859 1927 tamen
1877 1869 2192 1927 vehemens
2220 1867 2321 1926 illa
2349 1867 2577 1944 ἐπιθυμῶ
2604 1885 2777 1942 quam

365 1956 658 2007 tantorum
685 1949 966 2006 bonorum
997 1947 1218 2024 species
1246 1947 1542 2023 excitavit,
1573 1948 1871 2024 ingentem
1896 1948 2077 2007 animi
2102 1948 2593 2025 perturbationem
2621 1947 2682 2003 in
2710 1965 2779 2004 eo

365 2029 633 2101 concitat,
663 2027 780 2086 imo
807 2046 1220 2105 nonnunquam
1242 2027 1456 2085 luctam
1485 2027 1773 2104 quandam
1804 2036 1862 2086 et
1882 2028 2136 2086 renisum
2164 2026 2483 2086 voluntatis
2512 2026 2777 2085 comitem

364 2107 559 2180 habet,
604 2125 718 2182 quo
755 2125 874 2164 non
911 2107 1080 2182 plane
1115 2105 1436 2165 extinctum
1463 2105 1525 2163 in
1553 2104 1726 2164 corde
1756 2125 1861 2164 suo
1891 2125 2043 2164 verae
2070 2106 2369 2182 religionis
2397 2125 2648 2164 amorem
2680 2104 2777 2163 de-

367 2187 564 2258 clarat,
599 2185 768 2262 cujus
794 2186 1126 2244 interventu
1153 2183 1464 2262 aliquando
1492 2185 1667 2244 etiam
1696 2184 1771 2243 ad
1800 2204 1997 2243 sanam
2024 2193 2279 2243 mentem
2305 2185 2631 2257 revertitur,
2661 2203 2779 2242 non

365 2272 559 2344 potest
586 2264 661 2323 ad
689 2284 758 2323 ea
778 2285 908 2341 quae
938 2273 1072 2324 sunt
1099 2265 1266 2342 plene
1287 2264 1572 2342 planeque
1600 2264 1931 2324 voluntaria
1958 2265 2174 2324 referri.
2223 2266 2431 2342 Itaque
2459 2273 2699 2342 quartus
2722 2272 2781 2323 et

367 2345 608 2404 ultimus
635 2344 936 2404 addendus
963 2352 1054 2405 est
1081 2345 1296 2424 gradus
1317 2363 1448 2404 cum
1470 2365 1578 2405 nee
1605 2365 1683 2406 ex
1703 2345 2047 2424 ignorantia,
2079 2365 2185 2405 nec
2215 2355 2388 2421 metu,
2422 2365 2529 2405 nec
2559 2344 2779 2422 cupidi-

369 2433 489 2485 tate
517 2426 650 2503 quis
677 2425 1016 2502 simpliciter
1043 2425 1373 2506 impellitur,
1419 2427 1523 2486 sed
1565 2427 1843 2487 obstinata
1872 2425 2106 2503 malitia,
2128 2427 2418 2504 pertinaci
2450 2435 2779 2502 contemptu,

367 2514 428 2566 et
456 2506 590 2566 odio
617 2506 880 2566 veritatis
907 2507 1178 2566 revelatae
1205 2507 1344 2584 quia
1371 2507 1517 2566 dura
1544 2517 1602 2568 et
1628 2508 1874 2567 molesta
1900 2515 1991 2567 est
2018 2508 2193 2584 carni,
2238 2516 2505 2568 movetur
2541 2506 2617 2564 ad
2654 2525 2780 2565 eam

369 2586 746 2646 deserendam
771 2609 785 2664 3
832 2588 996 2665 cujus
1025 2596 1202 2666 typus
1229 2597 1318 2646 est
1345 2588 1408 2646 in
1433 2589 1674 2666 profano
1704 2588 1899 2647 Esauo
1929 2587 2027 2664 qui
2056 2596 2395 2667 aspernatus
2428 2589 2530 2666 jus
2570 2587 2785 2664 primo-

370 2667 669 2746 geniturae,
703 2667 856 2727 Heb.
887 2668 990 2726 xii.
1024 2667 1117 2743 16,
1162 2668 1374 2728 frustra
1415 2669 1540 2745 ejus
1580 2667 1953 2746 privilegium
1992 2669 2167 2726 etiam
2195 2689 2324 2726 cum
2352 2667 2667 2744 lachrymis
2694 2686 2783 2724 re-

369 2748 629 2825 quisivit.
691 2748 786 2806 Ita
806 2747 906 2825 qui
934 2767 1036 2825 per
1065 2756 1456 2826 contemptum
1483 2748 1580 2805 vel
1609 2746 1954 2806 destinatam
1984 2747 2261 2806 malitiam
2292 2747 2583 2806 Christum
2605 2745 2781 2804 abne-

372 2835 516 2904 gant
555 2825 810 2885 totaliter
835 2833 896 2884 et
921 2826 1264 2904 abnegando
1293 2835 1646 2903 oppugnant,
1692 2834 1989 2903 peccatum
2018 2826 2135 2883 tale
2162 2825 2490 2901 admittunt,
2534 2844 2638 2902 pro
2668 2845 2783 2902 quo

369 2907 533 2964 nulla
574 2906 823 2982 supersit
862 2905 1071 2980 hostia,
1115 2916 1174 2964 et
1215 2905 1372 2983 quod
1411 2905 1582 2980 plane
1625 2906 1701 2964 sit
1742 2904 2173 2978 irremissibile;
2220 2905 2351 2961 Non
2378 2903 2534 2980 quod
2564 2904 2677 2962 tale
2708 2904 2784 2963 sit

371 2993 578 3043 natura
606 3003 711 3043 sua
738 2983 896 3060 quod
925 2985 1156 3042 veniam
1184 2983 1458 3060 consequi
1505 2985 1677 3062 plane
1708 2985 1780 3043 sit
1831 2985 1880 3041 ἔκ
1909 2987 1999 3042 ezr
2025 2981 2290 3058 ἀθυμίην,
2333 3001 2466 3040 nam
2505 2983 2667 3042 nulla
2694 2992 2785 3043 est

371 3071 534 3123 tanta
561 3063 795 3122 sceleris
821 3063 1164 3139 magnitudo
1185 3063 1352 3140 cujus
1373 3063 1601 3122 veniam
1626 3070 1894 3141 peccator
1920 3064 1970 3122 si
1998 3063 2073 3121 ab
2094 3082 2162 3122 eo
2184 3063 2487 3140 resipiscat
2506 3065 2782 3140 consequi

371 3163 490 3203 non
517 3142 726 3221 possit,
760 3142 864 3202 sed
885 3143 1022 3221 quia
1049 3143 1236 3220 ipsum
1266 3142 1581 3201 remedium
1611 3143 1812 3222 gratiae
1840 3152 2179 3222 aspernatur
2198 3152 2257 3203 et
2276 3143 2481 3222 rejicit,
2515 3145 2638 3203 sine
2667 3165 2783 3222 quo

371 3224 568 3284 nullus
589 3223 684 3282 vel
705 3223 844 3282 fidei
870 3223 967 3282 vel
987 3222 1394 3300 resipiscentiae
1424 3221 1587 3282 locus
1616 3243 1743 3284 esse
1764 3232 1955 3301 potest
1980 3247 1995 3300 ς
2018 3243 2152 3282 nam
2176 3245 2304 3283 cum
2328 3225 2589 3284 Christus
2610 3225 2784 3284 unica

373 3305 450 3365 sit
473 3304 666 3364 hostia
693 3311 1058 3383 peccatorum
1087 3303 1396 3381 expiatrix‚
1429 3304 1478 3362 si
1506 3303 1639 3380 quis
1666 3323 1798 3363 cum
1827 3305 2007 3364 semel
2035 3305 2329 3381 abjecerit,
2360 3306 2579 3364 nullam
2608 3305 2781 3364 aliam

372 3392 678 3464 expectare
719 3392 927 3462 potest,
963 3384 1126 3442 *hunc
1154 3403 1294 3442 vero
1323 3383 1649 3443 istiusmodi
1676 3384 1939 3444 homines
1966 3393 2204 3462 peccato
2242 3405 2348 3444 suo
2383 3394 2652 3464 proterve
2694 3405 2783 3445 re-

373 3474 604 3546 spuunt,
650 3473 710 3524 et
735 3463 1054 3524 commodis
1081 3485 1148 3524 ac
1177 3463 1400 3523 deliciis
1429 3463 1548 3525 suis
1579 3464 1817 3543 profane
1845 3473 2216 3544 postponunt,
2260 3485 2377 3525 non
2405 3466 2612 3525 mirum
2642 3486 2783 3544 ergo

373 3549 425 3607 si
452 3546 527 3605 ab
556 3546 712 3606 omni
742 3565 844 3624 spe
871 3544 1076 3604 salutis
1105 3544 1331 3604 exclusi
1355 3553 1644 3604 maneant.

453 3626 634 3686 XVI.
681 3625 775 3684 Ex
819 3625 1032 3704 quibus
1079 3645 1243 3685 mens
1293 3625 1565 3702 Apostoli
1597 3627 1723 3704 jam
1770 3625 2073 3686 manifesta
2100 3634 2205 3701 est,
2253 3644 2371 3703 quo
2398 3625 2550 3684 enim
2579 3633 2783 3704 poten-

371 3706 489 3766 tius
516 3726 554 3764 a
581 3707 818 3764 crimine
846 3706 1150 3783 apostasiae
1179 3725 1286 3764 nos
1315 3705 1616 3780 deterreat,
1650 3704 1968 3765 foeditatem
2012 3705 2181 3766 istius
2208 3706 2431 3784 peccati
2453 3715 2511 3765 et
2528 3705 2783 3782 gravita-

371 3793 490 3845 tem
517 3805 705 3863 poenae
733 3787 1139 3864 consequentis
1165 3807 1201 3845 a
1229 3787 1574 3864 comparatis
1601 3786 1975 3860 demonstrat,
2007 3806 2063 3844 v.
2107 3791 2205 3858 28,
2236 3789 2330 3862 29,
2362 3805 2495 3844 nam
2524 3787 2575 3844 si
2601 3794 2785 3845 morte

375 3864 596 3944 absque
646 3866 1040 3926 misericordia
1089 3887 1166 3925 ex
1217 3867 1461 3925 duorum
1513 3873 1615 3925 aut
1664 3867 1836 3924 trium
1880 3866 2211 3926 testimonio
2252 3867 2311 3925 in
2352 3866 2557 3945 politia
2598 3866 2787 3926 Mosis

373 3945 654 4006 multatus
681 3946 792 4005 fuit
831 3947 933 4024 qui
973 3947 1191 4005 irritam
1235 3946 1468 4006 fecisset
1507 3946 1717 4024 legem,
1751 3946 1924 4006 Num.
1966 3967 2069 4005 xv.
2100 3949 2195 4023 30,
2240 3954 2299 4006 et
2328 3946 2501 4006 Deut.
2531 3946 2656 4005 xix.
2690 3949 2784 4022 15,

375 4024 456 4084 id.
485 4045 603 4085 non
649 4026 752 4103 qui
796 4027 1006 4104 quovis
1049 4027 1222 4085 modo
1250 4026 1313 4084 in
1361 4026 1551 4104 legem
1595 4025 1955 4103 deliquisset,
1988 4027 2091 4086 sed
2126 4027 2225 4105 qui
2250 4027 2537 4085 malitiose
2565 4025 2787 4103 flagitio

377 4105 643 4182 graviore
672 4108 861 4184 legem
889 4106 1182 4181 violasset,
1214 4115 1355 4183 puta
1397 4107 1773 4184 blasphemia,
1804 4106 2119 4166 violatione
2166 4106 2462 4181 Sabbathi,
2494 4115 2789 4165 contuma-

378 4186 469 4245 cia
494 4186 556 4244 in
583 4197 871 4265 parentes,
901 4186 1232 4261 homicidio,
1265 4186 1568 4262 adulterio,
1599 4184 1729 4261 ἀει,
1776 4186 2005 4260 Quanto
2043 4185 2325 4246 acerbiori
2352 4186 2634 4264 supplicio
2663 4187 2789 4263 dig-

377 4285 490 4324 nus
517 4266 848 4326 censebitur
893 4266 954 4324 in
981 4265 1184 4343 politia
1212 4273 1270 4324 et
1298 4265 1542 4325 ecclesia
1588 4264 1719 4341 Dei,
1756 4266 1855 4342 qui
1885 4285 2075 4324 coram
2104 4266 2346 4324 infinitis
2372 4287 2519 4344 pene
2548 4266 2795 4327 testibus

377 4345 670 4406 malitiosa
714 4345 1004 4423 apostasia
1051 4354 1110 4405 et
1157 4345 1447 4405 diabolica
1489 4345 1919 4424 oppugnatione
1968 4347 2265 4424 cognitum
2308 4346 2695 4424 Evangelium
2738 4356 2797 4408 et

382 4426 674 4486 Christum
707 4425 973 4504 rejecerit
991 4429 1020 4485 Ρ
1064 4426 1182 4486 Hic
1211 4445 1350 4504 ergo
1381 4427 1673 4486 confertur
1701 4425 1887 4485 Mosis
1917 4426 2043 4484 Lex
2086 4447 2217 4486 cum
2248 4427 2571 4505 Evangelio
2602 4427 2793 4486 Chris-

379 4507 443 4584 ti,
491 4514 857 4584 contemptus
899 4505 1058 4565 illius
1101 4525 1232 4566 cum
1276 4507 1454 4585 hujus
1494 4506 1925 4585 profanatione3
1974 4507 2058 4568 Ut
2097 4507 2259 4566 nulla
2286 4506 2394 4566 fuit
2422 4508 2560 4566 olim
2608 4507 2801 4566 hostia

381 4605 488 4664 pro
535 4594 858 4665 spernente,
890 4593 950 4644 et
998 4587 1150 4647 elata
1192 4607 1368 4647 manu
1411 4595 1706 4665 peccante,
1737 4587 1819 4646 ita
1865 4588 2028 4647 nulla
2080 4587 2400 4666 redemptio
2439 4588 2799 4666 expectanda

382 4667 668 4745 rejicienti
711 4667 1162 4745 redemptionem
1195 4676 1254 4727 et
1281 4687 1316 4728 a
1359 4668 1747 4746 Redemptore
1796 4669 2177 4746 apostatanti;
2222 4677 2285 4728 ut
2329 4665 2561 4734 ἐκδίκησις
2605 4673 2801 4748 aegfmf
