3234 5192
382 364 611 405 Disrur.
643 343 805 425 xxm]
1026 362 1103 401 nr:
1132 363 1610 405 sarisrnc‘rtoms
1639 364 1878 405 cnmsri
1905 364 2226 406 vam-rma.
2681 352 2802 409 455

375 504 651 584 pertinuit
679 502 836 581 quod
853 502 1100 581 pretium
1120 504 1383 579 exigeret
1399 522 1714 582 poenasque
1735 503 1903 563 nobis
1921 506 2146 565 debitas
2167 506 2500 584 postularet,
2523 506 2597 567 ad
2625 508 2793 569 mise—

375 585 681 645 ricordiam
710 604 849 643 vero
877 582 1035 660 quod
1079 604 1207 642 cum
1232 584 1511 643 solvendo
1540 604 1708 662 pares
1735 603 1851 643 non
1879 604 2154 655 essemus,
2185 586 2358 667 ahten
2387 588 2508 665 ipse
2537 589 2705 648 nobis
2734 590 2794 649 in

378 666 529 724 Filio
560 685 665 724 suo
692 664 960 724 lubenter
988 664 1421 723 subministrare
1450 664 1716 738 voluerit,
1747 672 1813 723 ut
1859 665 1907 723 si
1935 686 2040 725 rex
2071 668 2128 723 in
2157 668 2240 725 rei
2269 668 2516 745 alicujus
2545 670 2788 746 gratiam

378 746 440 803 id
466 765 635 805 omne
664 744 913 821 dependi
942 752 1104 802 curet
1129 743 1288 820 quod
1315 744 1424 803 iste
1445 744 1585 803 fisco
1614 744 1868 821 deberet,
1889 752 1957 805 ut
1983 746 2118 805 hinc
2139 745 2372 823 quidem
2401 748 2598 825 legum
2629 758 2788 807 auto-

374 826 602 885 ritatem
632 834 843 883 sartam
891 830 1217 901 tectamque
1260 832 1505 900 tueatur,
1536 823 1672 883 inde
1719 844 1860 883 vero
1905 827 2267 886 elementiam
2313 847 2475 886 suam
2521 828 2581 886 in
2629 849 2788 889 reum

376 925 545 984 quem
576 906 704 964 vult
730 904 1037 963 liberatum
1065 912 1348 980 exerceat,
1380 924 1495 981 quo
1542 904 1716 963 modo
1762 905 2046 965 Zaleucus
2089 906 2395 965 Locrensis
2421 909 2494 965 de
2523 926 2627 967 suo
2657 910 2790 969 tulit

374 996 596 1063 partem
621 1004 809 1063 poenae
836 984 957 1043 filio
984 982 1195 1043 debitae
1223 992 1289 1043 ut
1316 984 1635 1043 authoritas
1665 985 1842 1061 Legis
1869 1006 1904 1044 a
1931 1006 1992 1045 se
2021 986 2154 1045 latae
2183 994 2439 1045 maneret
2465 988 2706 1049 illibata.

461 1066 598 1125 XL.
643 1065 745 1123 Ad
774 1067 854 1121 5¹¹²
881 1064 1119 1140 disting.
1148 1066 1606 1141 Redemptionem
1630 1064 1702 1123 de
1719 1066 1868 1123 Jure
1895 1074 1954 1125 et
1980 1066 2054 1125 de
2093 1068 2275 1125 Facto
2303 1069 2786 1144 quemadmodum

373 1153 673 1224 peccatum
702 1164 808 1203 nos
835 1144 1217 1221 mancipabat.
1263 1146 1315 1203 1.
1345 1146 1539 1221 quoad
1561 1152 1798 1219 reatum,
1831 1148 1886 1203 2.
1917 1149 2110 1222 quoad
2135 1148 2312 1205 labem
2339 1157 2397 1207 et
2423 1166 2625 1225 poenas
2654 1168 2786 1207 con-

377 1232 700 1303 sequentes,
750 1225 843 1283 Ita
870 1223 1086 1301 duplex
1116 1223 1432 1301 redemptio
1460 1225 1556 1283 vel
1573 1224 1766 1302 potius
1795 1224 1966 1283 unius
1992 1226 2402 1303 redemptionis
2431 1226 2545 1286 duo
2574 1228 2790 1304 gradus

376 1324 503 1363 esse
523 1305 860 1379 debuerunt,
882 1306 1038 1381 prior
1064 1323 1166 1382 per
1185 1306 1443 1363 meritum
1462 1306 1765 1381 εαηρῑιίπίε,
1791 1305 2074 1381 posterior
2093 1325 2195 1384 per
2215 1306 2518 1379 efficaciam
2537 1308 2784 1384 spiritus,

378 1384 449 1443 de
478 1385 663 1462 primo
700 1381 957 1461 loquitur
1000 1384 1235 1461 Paulus,
1290 1385 1437 1461 Eph.
1481 1385 1520 1443 i.
1551 1389 1606 1458 7,
1643 1388 1678 1417 ‘⁶
1701 1384 2179 1461 Redemptionem
2222 1387 2502 1444 habemus
2550 1388 2610 1444 in
2656 1386 2786 1445 san-

378 1464 613 1541 guine,''
645 1464 717 1522 de
744 1463 1063 1541 posteriori,
1088 1464 1257 1525 Rom.
1286 1465 1410 1523 viii.
1441 1468 1535 1540 23,
1572 1468 1607 1497 “
1632 1464 2024 1541 Expectamus
2052 1464 2503 1543 redemptionem
2533 1468 2788 1545 corporis

376 1544 619 1619 nostri,''
650 1550 709 1603 et
738 1544 887 1621 Eph.
939 1544 975 1603 i.
1024 1548 1115 1621 14,
1166 1546 1325 1622 prior
1365 1546 1427 1603 in
1468 1553 1652 1603 morte
1699 1545 1930 1620 Christi,
1961 1546 2243 1621 posterior
2287 1565 2389 1623 per
2430 1546 2556 1623 ejus
2584 1548 2783 1623 vitam,

372 1625 476 1683 illa
502 1626 654 1683 enim
682 1630 902 1683 reatum
932 1625 1153 1702 peccati
1178 1625 1333 1684 tollit
1358 1624 1752 1683 remissionem
1781 1625 1907 1703 ejus
1935 1624 2102 1684 nobis
2129 1624 2478 1703 acquirendo
2507 1634 2564 1685 et
2585 1626 2686 1705 jus
2714 1627 2789 1685 ad

375 1707 574 1780 vitam,
606 1706 730 1763 haec
757 1724 897 1763 vero
937 1705 1008 1764 de
1037 1704 1189 1763 facto
1216 1722 1323 1763 nos
1351 1724 1387 1763 a
1412 1704 1542 1764 labe
1572 1712 1632 1764 et
1671 1704 1858 1783 poenis
1903 1706 2123 1781 peccati
2165 1705 2390 1781 liberat,
2421 1725 2488 1765 ac
2516 1706 2577 1763 in
2605 1706 2786 1767 vitam

374 1805 477 1863 per
502 1787 695 1844 varios
724 1785 940 1861 gradus
968 1785 1256 1859 transfert,
1286 1794 1591 1862 propterea
1631 1785 1877 1843 dicimur
1917 1784 2182 1843 salvandi
2209 1805 2313 1862 per
2341 1786 2521 1844 vitam
2553 1786 2783 1863 Christi,

376 1868 545 1924 Rom.
574 1884 632 1925 v.
668 1869 760 1924 10.
807 1864 925 1925 Sed
952 1866 1077 1924 haec
1104 1864 1422 1943 redemptio
1451 1865 1706 1924 secunda
1743 1884 1857 1923 non
1885 1865 2146 1924 excludit
2171 1866 2414 1943 primam
2443 1865 2546 1925 sed
2575 1886 2784 1945 suppo-

372 1946 476 2020 nit,
508 1965 801 2023 nunquam
829 1945 983 2003 enim
1012 1944 1083 2003 de
1126 1943 1276 2004 facto
1324 1964 1430 2004 nos
1462 1946 1726 2003 Christus
1775 1948 1834 2003 in
1879 1946 2058 2003 vitam
2091 1944 2454 2004 introducere
2482 1948 2782 2025 potuisset,

372 2026 486 2083 nisi
512 2026 673 2103 prius
710 2026 810 2102 jus
859 2033 917 2083 et
960 2030 1303 2102 potestatem
1344 2023 1407 2082 id
1437 2025 1640 2161 :psum
1671 2024 1981 2101 praestandi
2009 2025 2212 2083 fuisset
2239 2034 2600 2100 consecutae,
2631 2026 2784 2085 unde

372 2105 583 2183 Apost.
603 2104 818 2163 ibidem
830 2103 1415 2181 conjungittanquam
1462 2103 1475 2121 '
1505 2104 1694 2182 αἴρεται
1718 2104 2286 2161 “reconciliationem
2303 2124 2407 2181 per
2424 2106 2782 2182 sanguinem,

373 2192 433 2243 et
462 2184 706 2242 salutem
734 2202 837 2259 per
864 2182 1042 2241 vitam
1064 2182 1120 2257 ;'’
1148 2182 1252 2239 illa
1272 2182 1461 2240 salvat
1487 2182 1709 2257 merite,
1741 2182 1870 2239 haeo
1893 2182 2162 2257 efficacia,
2193 2183 2307 2241 imo
2330 2184 2487 2261 prior
2513 2192 2788 2262 tanquam

372 2262 563 2341 potior
592 2262 976 2321 substernitur
1002 2262 1075 2320 ab
1102 2261 1246 2339 ip80‚
1279 2262 1565 2339 siquidem
1608 2281 1644 2320 a
1685 2261 1892 2339 majori
1919 2261 1993 2320 ad
2038 2262 2227 2321 minus
2255 2270 2704 2340 argumentatur,
2737 2264 2786 2323 si

375 2344 537 2401 Deus
566 2360 668 2419 per
695 2341 1031 2419 sanguinem
1062 2342 1457 2403 reconciliavit
1483 2362 1590 2401 nos
1620 2342 1900 2418 inimicos,
1931 2342 2114 2401 multo
2131 2342 2320 2421 magis
2340 2344 2464 2420 jam
2487 2342 2784 2403 reconcili-

370 2430 497 2483 atos
527 2422 781 2482 servabit
808 2422 881 2481 ab
909 2423 995 2482 ira
1020 2442 1123 2501 per
1150 2423 1356 2501 ipsum,
1388 2422 1439 2483 si
1467 2423 1824 2484 obtinuimus
1846 2423 2002 2501 quod
2023 2424 2210 2501 majus
2239 2432 2326 2483 est
2355 2443 2532 2500 quum
2561 2423 2786 2503 indigni

368 2504 541 2581 plane
569 2502 797 2578 fuimus,
830 2522 904 2562 an
930 2522 1047 2562 non
1074 2504 1265 2564 minus
1292 2504 1607 2583 largiturus
1635 2513 1724 2564 est
1751 2521 1881 2564 cum
1911 2504 2100 2569 ἱκανοὺς
2127 2524 2234 2563 nos
2263 2503 2398 2563 fecit
2425 2503 2614 2582 gratia
2641 2506 2790 2565 sua?

374 2585 555 2642 Porro
582 2586 691 2643 Ira
718 2584 837 2661 illa,
868 2584 939 2643 de
967 2605 1083 2662 qua
1108 2584 1382 2663 loquitur,
1413 2606 1529 2643 non
1597 2586 1784 2663 roprie
1825 2585 1937 2643 Dei
1964 2585 2420 2662 indignationem
2449 2604 2580 2662 quae
2609 2596 2697 2645 est
2726 2586 2786 2643 in

370 2666 515 2741 ipse,
542 2664 643 2723 sed
666 2666 1000 2742 metonymi.
1022 2668 1270 2739 ffctum
1288 2666 1392 2723 irae
1412 2606 1593 2743 quodp
1598 2674 1688 2724 est
1715 2666 1788 2723 ab
1811 2665 1953 2743 ipsc,
1980 2664 2233 2739 denotat,
2259 2664 2336 2721 id.
2357 2664 2702 2741 supplicium
2725 2673 2785 2725 et

374 2750 616 2803 mortem
647 2752 935 2821 aeternam,
966 2752 1031 2803 ut
1055 2746 1264 2803 Matth.
1284 2744 1365 2803 iii.
1390 2748 1445 2819 7,
1479 2747 1514 2778 ‘⁴
1533 2745 1664 2821 quis
1685 2762 1793 2801 vos
1821 2744 2018 2801 docuit
2039 2743 2238 2819 fugere
2255 2742 2328 2799 ab
2359 2743 2442 2800 ira
2466 2744 2783 2801 ventura?’'

453 2824 629 2882 XLI.
674 2825 957 2883 Caeterum
986 2836 1163 2900 quum
1193 2824 1267 2881 ab
1284 2824 1370 2881 ira
1390 2824 1501 2883 Dei
1522 2831 1581 2882 et
1601 2823 1824 2900 judicio
1853 2822 1982 2897 ejus
2009 2822 2216 2879 redimi
2243 2822 2502 2895 dicimur,
2535 2822 2644 2880 hoc
2665 2842 2784 2880 non

370 2905 455 2963 ita
479 2902 922 2978 intelligendum
952 2910 1040 2961 est
1067 2904 1232 2979 quasi
1260 2921 1363 2979 per
1390 2904 1537 2961 hanc
1565 2900 2021 2976 redemptionem
2050 2900 2398 2976 eriperemur
2425 2900 2498 2957 ab
2527 2901 2653 2976 ejus
2680 2917 2782 2976 po-

369 2991 601 3056 testate,
632 2994 819 3057 neque
865 2981 997 3039 ideo
1044 2982 1380 3039 redimimur
1420 2988 1487 3039 ut
1535 2979 1936 3037 abstrahamur
1963 2998 1998 3036 a
2031 2979 2152 3035 Deo
2181 2985 2248 3036 ut
2267 2978 2437 3052 ma10‚
2467 2998 2583 3054 quo
2612 2980 2785 3038 modo

371 3062 527 3120 hosti
552 3060 800 3137 pretium
828 3061 1179 3137 persolvitur
1204 3068 1270 3119 u't
1303 3060 1353 3117 is
1401 3078 1571 3137 quem
1623 3056 1916 3135 captivum
1961 3057 2180 3116 detinet
2227 3057 2301 3117 ab
2346 3058 2474 3135 ejus
2500 3068 2785 3134 potestate

370 3142 661 3215 liberetur,
694 3140 797 3197 sed
824 3141 1017 3217 potius
1046 3140 1106 3197 in
1134 3140 1379 3217 gratiam
1428 3139 1731 3197 redeamus
1775 3156 1903 3195 cum
1943 3136 2046 3195 illo
2073 3145 2346 3215 tanquam
2379 3156 2601 3197 summo
2629 3138 2784 3198 bono

373 3230 433 3281 et
458 3222 547 3279 illi
574 3220 991 3297 conjungamur
1019 3219 1209 3277 denuo
1254 3238 1289 3277 a
1331 3238 1447 3295 quo
1490 3238 1593 3297 per
1629 3224 1930 3297 peccatum
1974 3216 2268 3276 fueramus
2297 3218 2546 3294 alienati,
2593 3218 2781 3297 Apoc.

372 3322 431 3362 v.
463 3302 517 3378 9,
548 3308 615 3361 ut
644 3299 909 3360 subditus
936 3298 1249 3377 perduellis
1278 3308 1337 3358 et
1362 3299 1516 3358 laesae
1544 3296 1867 3377 majestatis
1895 3314 2044 3373 reus,
2077 3318 2205 3357 cum
2237 3298 2552 3359 satisfactio
2579 3320 2683 3378 pro
2713 3320 2784 3361 eo

371 3383 629 3461 praestita
656 3390 761 3457 est,
794 3380 1195 3440 reconciliatur
1219 3380 1465 3459 principi
1492 3388 1551 3439 et
1567 3380 1718 3439 redit
1735 3379 1792 3437 in
1824 3379 2068 3456 gratiam
2098 3398 2227 3437 cum
2251 3398 2319 3437 eo
2348 3400 2382 3437 a
2410 3395 2524 3457 quo
2553 3390 2786 3459 propter

372 3464 589 3523 crimen
614 3462 804 3521 lictori
832 3462 893 3519 in
922 3479 1206 3520 carcerem
1256 3460 1729 3538 compingenduS,
1781 3466 1841 3518 et
1887 3458 2141 3518 carnifici
2185 3468 2367 3519 morte
2417 3461 2784 3521 mulctandus

372 3544 620 3603 traditus
648 3542 850 3600 fuerat.
904 3541 1110 3617 Itaque
1158 3540 1219 3598 in
1266 3541 1661 3618 redemptione
1709 3538 2120 3617 distinguenda
2147 3540 2309 3599 venit
2337 3539 2647 3600 detinentis
2677 3541 2784 3599 du-

370 3624 510 3700 plex
538 3624 722 3697 σ-χὲσ-ες,
751 3620 849 3679 vel
874 3620 1026 3678 enim
1054 3622 1225 3680 hosta
1248 3630 1337 3680 est
1368 3621 1471 3699 qui
1496 3621 1694 3699 inique
1737 3640 1844 3678 nos
1874 3620 1986 3678 sibi
2011 3620 2379 3697 mancipavit,
2411 3620 2505 3679 vel
2519 3622 2708 3695 judex
2735 3630 2789 3679 et

358 3702 627 3777 princeps
656 3701 755 3777 qui
776 3700 1098 3777 justissime
1132 3710 1364 3779 propter
1404 3700 1816 3779 perduellionis
1858 3700 2074 3758 crimen
2115 3717 2221 3757 nos
2249 3700 2666 3775 incarceravit3
2710 3700 2786 3759 ab

370 3780 473 3837 illo
501 3781 583 3839 ita
629 3780 965 3839 redimimur
1002 3790 1073 3840 ut
1119 3781 1193 3839 ab
1240 3781 1444 3840 eodem
1489 3780 1906 3854 abstrahamur,
1939 3778 2228 3858 quomodo
2273 3778 2428 3837 bello
2457 3786 2658 3857 captus
2687 3779 2788 3839 dat

376 3858 551 3939 λῖη-ςω
575 3859 902 3937 imperatori
930 3870 995 3921 ut
1036 3861 1109 3920 ab
1138 3861 1323 3921 hostis
1350 3868 1638 3939 potestate
1679 3860 2006 3918 vindicetur
2047 3867 2106 3918 et
2129 3858 2384 3917 libertati
2412 3858 2786 3935 restituatur3

373 3946 433 3996 at
461 3941 535 3997 ab
563 3940 739 4015 hujus
759 3940 981 4018 judicio
1008 3942 1093 4000 ita
1117 3941 1431 3999 liberamur
1456 3948 1521 3999 ut
1548 3940 1624 3999 ab
1653 3958 1722 3997 co
1739 3939 1975 3999 alienati
1996 3939 2186 3997 denuo
2207 3937 2294 3995 illi
2317 3936 2784 4014 reconciliemur;

373 4036 410 4075 a
440 4020 688 4078 Diabolo
716 4019 949 4096 quidem
978 4027 1045 4080 ut
1090 4022 1257 4079 hoste
1300 4020 1640 4079 redimimur
1686 4029 1744 4078 et
1791 4020 1865 4077 ab
1907 4020 2033 4097 ejus
2061 4025 2346 4095 potestate
2376 4016 2684 4093 eripimur;
2730 4026 2790 4076 at

372 4118 504 4155 cum
536 4098 695 4158 Deus
723 4115 839 4158 non
868 4101 1054 4159 hostis
1083 4101 1159 4159 sit
1186 4099 1289 4159 sed
1310 4100 1497 4179 judex
1524 4108 1722 4158 noster
1749 4108 1808 4156 et
1846 4099 2130 4175 princeps-3,
2162 4095 2479 4173 redemptio
2507 4114 2624 4153 non
2653 4096 2789 4155 alie-

371 4179 661 4238 nationem
695 4179 798 4238 sed
826 4181 1289 4258 conjunctionem
1318 4186 1377 4238 et
1403 4178 1928 4238 reconciliationem
1956 4178 2245 4253 importat.

455 4258 665 4319 XLII.
711 4259 812 4318 Ad
841 4262 905 4318 6⁰
934 4260 1108 4337 Resp.
1141 4260 1308 4318 Pecc.
1340 4258 1458 4317 fall.
1490 4258 1631 4336 pari,
1655 4274 1788 4314 nam
1809 4258 2048 4327 venditio
2069 4255 2302 4333 quidem
2321 4254 2384 4312 et'
2407 4256 2607 4331 emptio
2635 4254 2695 4312 in
2724 4275 2792 4313 eo

372 4340 727 4399 conveniunt
754 4339 911 4417 quod
941 4340 1090 4399 sicut
1134 4338 1235 4397 illa
1280 4338 1533 4414 metaph.
1564 4336 1855 4413 significat
1897 4335 2298 4413 abjectionem,
2330 4334 2730 4394 alienationem
2761 4355 2795 4393 a

375 4419 521 4495 Deo,
546 4428 607 4479 et
622 4420 1109 4497 mancipationem
1125 4418 1376 4493 diabolo,
1403 4413 1888 4494 quemadmodum
1907 4434 1977 4473 ea
2004 4434 2132 4493 quae
2161 4414 2490 4474 venduntur
2514 4415 2576 4473 in
2603 4424 2792 4493 potes-

372 4508 552 4571 tatem
582 4500 823 4560 alterius
850 4507 1151 4559 transeunt
1178 4506 1243 4557 ut
1274 4497 1347 4556 iis
1392 4518 1496 4575 pro
1539 4495 1712 4554 libitu
1759 4499 1971 4571 utatur,
1997 4496 2079 4555 ita
2105 4495 2318 4573 emptio
2349 4515 2448 4554 seu
2480 4496 2797 4575 redemptio

372 4580 648 4658 importat
668 4579 1106 4658 acquisitionem
1128 4587 1185 4639 et
1204 4578 1491 4657 peculiare
1504 4578 1614 4656 -jus
1639 4575 1794 4653 quod
1816 4576 2142 4635 obtinemus
2165 4576 2222 4633 in
2243 4594 2360 4634 rem
2391 4585 2638 4654 emptam
2669 4598 2798 4655 ‹11¹ae

370 4669 677 4739 propterea
704 4662 993 4739 peculium
1039 4668 1299 4720 nostrum
1329 4666 1387 4717 et
1415 4666 1539 4724 ³520
1570 4656 1816 4716 dicitur:
1861 4665 1921 4716 at
1968 4655 2242 4718 differunt
2290 4656 2348 4714 in
2393 4658 2586 4733 variis,
2619 4658 2800 4734 gratis

2837 2098 2856 2127 ἱ
