3234 5192
575 341 694 400 596
1169 353 1248 394 nn
1275 353 1751 395 sansramours
1778 351 2017 394 onais'n
2044 349 2362 392 warram.
2550 329 2813 414 [orsrur.
2848 349 2997 392 nx.

575 506 821 576 tantum,
849 495 954 557 sed
981 497 1042 555 in
1071 515 1282 574 genere
1309 515 1414 574 pro
1442 495 1712 556 omnibus
1738 495 1853 555 nisi
1876 515 2009 574 quae
2036 499 2282 572 excepta
2308 491 2599 553 fuerintin
2622 493 2801 572 Lege,
2830 493 3003 554 facta

578 580 776 640 fuisse.

654 659 802 717 VII.
827 657 1033 734 Objic.‚
1071 659 1147 716 1⁰.
1181 657 1421 714 Sacrum
1449 656 1907 715 anniversarium
1934 675 2051 714 non
2091 674 2197 733 pro
2242 653 2511 713 omnibus
2559 653 2621 712 in
2647 653 2997 713 universnm

575 739 828 818 peccatis
855 737 958 796 sed
986 757 1090 814 pro
1111 736 1448 812 iquorantiaeic
1461 743 1685 795 tantum
1705 736 1963 795 oblatum
1989 735 2185 810 fuisse,
2208 743 2359 794 teste
2386 733 2597 811 Apost.
2630 733 2789 794 Heb.
2812 736 2899 792 ix.
2930 739 3001 811 6,

577 827 634 898 7,
681 819 796 876 “in
822 817 1138 878 secundum
1167 816 1627 874 'sabernaculum
1668 817 1849 875 semel
1874 815 1935 873 in
1963 835 2117 874 anno
2155 814 2480 892 ingreditur
2506 813 2667 873 solus
2696 814 2999 888 Pontifex,

577 920 696 961 non
719 899 842 957 sine
883 897 1164 972 sanguine
1193 915 1366 972 quem
1393 895 1560 955 offert
1587 917 1692 974 pro
1714 897 1903 974 seipso
1932 905 1991 955 et
2016 915 2122 974 pro
2148 895 2347 973 populi
2370 895 2731 972 ignorantiiS,
2760 893 2881 976 ὕει-ἔς
2902 899 3005 953 τῶν

577 990 666 1042 τοῦ
687 985 816 1038 λαοῦ
831 977 1209 1053 ἀγνοημάτω,”
1223 975 1465 1034 verbum
1488 985 1679 1036 autem
1700 977 1935 1051 ἀγνόημα
1946 976 2268 1054 exprimere
2286 976 2585 1053 eleganter
2604 995 2809 1034 vocem
2833 977 2999 1034 lleb.

579 1069 703 1117 ι-ικω·
733 1079 848 1136 qua
874 1077 1016 1117 usus
1043 1065 1133 1115 est
1163 1055 1359 1114 Moses
1387 1075 1520 1114 cum
1547 1056 1620 1115 de
1668 1059 1921 1134 peccatis
1949 1065 2147 1134 ageret
2193 1076 2299 1134 pro
2326 1055 2538 1132 quibus
2566 1055 2825 1132 expiatio
2854 1075 3001 1114 con-

580 1137 929 1214 cedebatur;
976 1137 1122 1195 Eam
1171 1145 1363 1195 autem
1407 1135 1735 1214 significare
1778 1137 1993 1214 ubique
2038 1155 2285 1196 errorem
2324 1144 2384 1195 et
2426 1135 2813 1214 ignorantiam
2864 1137 2999 1196 sive

579 1227 880 1296 peccatum
902 1217 1058 1296 quod
1075 1237 1192 1274 non
1211 1237 1246 1274 a
1267 1215 1458 1275 cordis
1478 1217 1717 1291 malitia,
1732 1216 1836 1276 sed
1853 1217 1927 1276 ab
1948 1217 2326 1294 incogitantia
2342 1225 2401 1276 et
2420 1215 2999 1294 imprudentiaprofi·

581 1300 816 1358 ciscitur
835 1321 848 1374 ;
869 1298 1098 1376 probari
1121 1298 1230 1355 hoc
1249 1297 1548 1356 manifeste
1569 1317 1646 1356 ex
1670 1297 1841 1356 Num.
1860 1317 1961 1355 xv.
1986 1299 2082 1374 25,
2106 1297 2207 1356 ubi
2226 1297 2425 1356 Moses
2446 1296 2519 1354 de
2538 1295 2839 1355 sacrificiis
2866 1297 3003 1356 istis

580 1380 826 1456 loquens
843 1399 912 1438 ea
931 1378 1105 1437 refert
1121 1385 1344 1436 tantum
1373 1375 1449 1435 ad
1477 1397 1715 1452 errores,
1748 1377 2077 1454 “Expiabit
2104 1376 2373 1437 sacerdos
2390 1376 2721 1435 universam
2749 1396 2999 1453 congre-

583 1461 876 1537 gationem
891 1459 1140 1518 filiorum
1165 1457 1351 1516 Israel
1361 1465 1420 1516 et
1436 1457 1857 1517 eondonabitur
1872 1457 1989 1516 illis
2000 1457 2304 1534 quiaerror
2320 1457 2469 1516 est.”
2484 1457 2679 1534 Resp.,
2708 1456 2831 1516 Sed
2844 1457 2999 1514 nihil

583 1549 672 1598 est
699 1539 796 1598 hic
822 1548 1016 1598 tamen
1059 1537 1218 1608 quod
1244 1538 1424 1596 errori
1449 1535 1662 1597 faveat.
1724 1537 1872 1598 Nam
1890 1537 2001 1596 etsi
2028 1558 2135 1615 pro
2168 1537 2505 1614 {quor-antiis
2531 1535 2735 1595 offerre
2763 1536 3003 1596 dicatur

585 1618 858 1678 Pontifex
877 1637 994 1676 non
1013 1617 1272 1694 sequitur
1297 1637 1430 1675 eum
1447 1637 1550 1694 pro
1579 1619 1831 1694 peccatis
1858 1617 2138 1694 gravibus
2164 1637 2281 1676 non
2302 1617 2599 1676 obtulisse.
2632 1621 2684 1674 1.
2710 1617 2865 1691 Quia
2889 1617 2997 1689 aiq-

585 1699 738 1774 νόημα
764 1717 976 1756 nomen
997 1705 1086 1756 est
1114 1697 1382 1772 generale
1411 1696 1569 1773 quod
1596 1698 1955 1775 quibuslibet
1992 1697 2246 1776 peccatis
2290 1697 2463 1756 etiam
2502 1697 2787 1774 gravibus
2836 1709 3001 1757 recte

585 1778 876 1854 competit,
907 1777 1132 1834 nullum
1161 1776 1314 1833 enim
1342 1785 1644 1854 peccatum
1673 1787 1779 1854 est,
1809 1779 2209 1855 qualecunque
2236 1777 2465 1836 demum
2490 1776 2584 1852 sit,
2615 1777 2773 1853 quod
2800 1797 2883 1836 ex
2908 1797 3002 1837 er·

581 1877 710 1916 rore
733 1865 792 1915 et
819 1855 1146 1934 ignorantia
1161 1856 1356 1932 aliqua
1381 1875 1498 1914 non
1519 1859 1927 1932 committatur,
1958 1857 2011 1916 si
2034 1877 2153 1917 non
2172 1856 2427 1918 absoluta
2454 1866 2515 1916 et
2540 1857 2756 1932 theam,
2786 1843 3005 1916 saliem

583 1937 826 1996 relativa
855 1945 913 1996 et
947 1936 1314 2012 hypothetica,
1345 1956 1479 1994 nam
1527 1955 1661 1994 cum
1704 1938 1977 1997 voluntas
2021 1938 2237 1996 malum
2264 1937 2373 1996 sub
2400 1937 2621 1996 ratione
2648 1936 2787 1995 mali
2816 1957 2998 2015 appe·

583 2026 704 2078 tere
732 2037 850 2076 non
877 2017 1077 2095 possit,
1108 2025 1174 2075 ut
1200 2016 1357 2094 apud
1385 2015 1771 2095 Philosophos
1798 2025 1889 2076 est
1931 2017 1993 2076 in
2022 2016 2301 2092 confesso,
2334 2017 2383 2076 si
2410 2027 2711 2095 peecatum
2740 2027 3003 2076 sectatur

583 2097 836 2176 aliquod,
868 2118 1104 2158 necesse
1133 2107 1238 2173 est,
1269 2106 1336 2157 ut
1377 2097 1486 2157 sub
1515 2098 1705 2176 specie
1732 2098 1872 2156 boni
1898 2097 2047 2157 illud
2072 2098 2147 2157 ab
2176 2098 2475 2157 intellectu
2500 2105 3001 2174 praemonstretur,

583 2199 700 2238 non
727 2187 920 2256 potest
947 2187 1140 2239 autem
1167 2179 1381 2237 malum
1415 2177 1523 2237 sub
1543 2177 1676 2237 idea
1702 2178 1841 2237 boni
1858 2177 2048 2237 offerri
2066 2178 2191 2237 sine
2208 2197 2433 2253 errore;
2462 2177 2669 2254 Itaque
2696 2197 3005 2254 nunquam

581 2269 786 2336 peceat
811 2259 1082 2318 voluntas
1111 2259 1250 2335 quin
1279 2259 1452 2318 simul
1471 2266 1532 2331 et
1557 2258 1737 2318 semel
1764 2267 1916 2318 erret
1942 2257 2289 2318 intellectus.
2334 2259 2457 2316 Nec
2494 2265 2689 2316 tamen
2732 2266 3001 2335 propter-

583 2359 654 2396 ea
680 2338 989 2397 discrimen
1017 2357 1186 2398 omne
1213 2339 1437 2397 tollitur
1475 2338 1628 2396 inter
1666 2347 1903 2415 peccata
1942 2338 2277 2415 iqmranta‘oe
2302 2347 2363 2397 et
2386 2339 2616 2396 malitiae
2634 2357 2765 2414 quae
2794 2347 3005 2397 conta-a

583 2417 872 2476 scientiam
889 2418 986 2476 vel
1007 2418 1394 2476 conscientiam
1415 2416 1814 2478 admittuntur.
1847 2418 2278 2496 Distinguenda
2304 2418 2457 2477 enim
2485 2417 2703 2496 duplex
2730 2419 2999 2494 coqnia’o,

581 2504 650 2554 ut
677 2505 736 2556 et
762 2496 1104 2572 iymmntizz,
1125 2497 1423 2555 theoretica
1450 2517 1582 2572 una,
1613 2498 1797 2557 altera
1812 2499 2094 2575 practica,
2125 2499 2229 2556 illa
2253 2517 2369 2576 qua
2396 2496 2609 2557 scimus
2636 2499 2735 2556 vel
2760 2497 3003 2574 ignora·

581 2595 714 2634 mus
741 2595 862 2635 rem
891 2595 1016 2635 esse
1045 2583 1104 2634 et
1131 2575 1274 2653 quid
1301 2578 1392 2651 sit,
1415 2576 1530 2636 ista
1555 2597 1672 2654 qua
1696 2599 1818 2636 rem
1847 2578 2268 2656 cognoscimus,
2299 2579 2393 2638 vel
2412 2579 2763 2655 ignoramus,
2796 2589 2867 2637 ut
2892 2599 3003 2637 ex·-

581 2657 890 2736 petendam
921 2656 1018 2714 vel
1043 2655 1396 2734 fugiendam,
1426 2675 1556 2734 quae
1583 2658 1775 2717 ethica
1801 2659 1949 2718 bene
1978 2659 2205 2718 dicitur.
2236 2658 2279 2718 J
2282 2679 2373 2717 am
2402 2660 2503 2738 qui
2532 2665 2773 2736 peccant
2800 2677 2879 2717 ex
2912 2661 3004 2737 ig-

581 2736 849 2796 norantia
878 2736 1267 2796 destituuntur
1293 2737 1451 2796 omni
1477 2738 1807 2816 cognitione
1834 2747 1958 2799 tum
1976 2739 2292 2798 theoretica
2319 2747 2441 2798 tum
2468 2739 2739 2817 practica,
2760 2739 2867 2816 qui
2896 2759 3005 2798 ve-

579 2837 648 2876 ro
676 2837 752 2876 ex
779 2817 1018 2892 malitia,
1047 2837 1166 2877 non
1195 2825 1391 2878 carent
1419 2837 1556 2877 sane
1599 2819 1929 2897 cognitione
1962 2820 2295 2896 theoretica,
2326 2827 2386 2879 et
2412 2827 2715 2897 propterea
2760 2827 3001 2878 contra—

581 2897 980 2976 distinguntur
1006 2898 1082 2956 ab
1125 2897 1542 2976 ignorantibus,
1573 2899 1647 2958 iis
1696 2900 1819 2958 scil.
1849 2900 1951 2978 qui
1976 2899 2251 2960 labuntur
2277 2919 2353 2958 ex
2372 2899 2699 2976 ignorantia
2724 2899 3005 2958 absoluta

583 2986 642 3038 et
670 2979 936 3056 simplici,
968 2977 1072 3038 sed
1115 2979 1508 3039 destituuntur
1552 2998 1779 3058 semper
1804 2979 2135 3057 cognitione
2174 2981 2456 3056 practica.
2487 2981 2585 3038 vel
2610 2981 2869 3039 absoluta
2900 2981 3003 3039 vel

583 3069 958 3135 comparata;
1007 3059 1152 3117 alias
1187 3077 1483 3137 nunquam
1525 3079 1765 3136 peccare
1808 3068 2060 3137 possent,
2084 3069 2151 3120 ut
2184 3079 2388 3120 servus
2406 3059 2503 3118 ille
2530 3059 2721 3120 malus
2744 3071 3005 3120 noverat

583 3139 871 3197 theoretice
892 3157 1022 3216 quae
1051 3147 1206 3197 esset
1231 3139 1356 3197 heri
1373 3139 1661 3216 voluntas,
1684 3159 1804 3198 non
1818 3149 2060 3200 noverat
2070 3141 2326 3216 practice
2346 3160 2473 3200 eam
2494 3159 2622 3200 esse
2642 3139 3001 3200 faciendam.

583 3217 809 3275 Rursus
827 3217 1064 3292 cognitio
1082 3218 1341 3293 practica
1365 3218 1631 3276 bifariam
1654 3221 1899 3296 spectari
1914 3229 2122 3298 potest,
2148 3221 2245 3279 vel
2270 3221 2331 3280 in
2348 3221 2487 3280 thesi
2510 3221 2607 3279 vel
2634 3222 2693 3279 in
2718 3222 2995 3296 hypothe-

581 3297 646 3371 εἰ,
667 3295 764 3352 vel
774 3297 1020 3354 absolute
1040 3297 1138 3354 vel
1148 3307 1474 3372 comparato
1484 3321 1508 3370 ;
1529 3307 1701 3374 prout
1719 3300 1935 3376 duplex
1938 3301 2217 3376 judicium
2234 3301 2540 3360 intellectus
2549 3301 2812 3378 practici,
2826 3301 3003 3361 aliud

569 3374 827 3452 primum
855 3383 914 3433 et
939 3376 1266 3449 absolutum,
1291 3375 1452 3434 aliud
1477 3379 1729 3436 ultimum
1756 3387 1815 3438 et
1854 3390 2259 3457 comparatum,
2290 3381 2439 3441 illud
2465 3381 2622 3459 quod
2646 3401 2768 3440 rem
2798 3383 3001 3442 consi·

581 3455 746 3514 derat
772 3454 1036 3514 absolute
1064 3454 1196 3513 etin
1223 3473 1301 3530 se,
1321 3455 1478 3514 istud
1499 3456 1658 3533 quod
1674 3477 1800 3516 eam
1824 3469 2045 3538 spectat
2065 3461 2243 3521 relate
2266 3461 2342 3520 ad
2360 3481 2494 3521 suas
2506 3461 3001 3540 circumstantias,

580 3543 753 3614 prout
777 3554 872 3594 res
899 3543 990 3594 est
1016 3533 1159 3593 mihi
1185 3535 1280 3593 hic
1302 3542 1370 3620 et³
1386 3555 1541 3595 nnnc
1567 3536 1665 3596 vel
1705 3537 1860 3598 bona
1885 3541 1981 3599 vel
2008 3541 2194 3617 mala3
2224 3541 2325 3619 qui
2352 3549 2595 3620 peccant
2620 3550 2823 3602 contra
2848 3563 2999 3602 con·

581 3615 880 3677 scientiam
895 3615 1113 3675 habent
1127 3615 1363 3692 quidem
1385 3616 1773 3694 cognitionem
1792 3620 2103 3696 practicam
2120 3623 2461 3697 absolutam,
2482 3623 2672 3681 sciunt.
2690 3620 2847 3680 enim
2866 3643 3001 3682 rem

581 3717 708 3757 esse
733 3697 946 3756 malam
974 3696 1034 3754 in
1063 3717 1126 3756 se
1153 3704 1214 3756 et
1239 3695 1592 3774 fugiendam,
1622 3699 1727 3757 sed
1772 3707 1969 3759 carent
2010 3702 2339 3778 cognitione
2375 3702 2634 3779 practica
2658 3713 3005 3779 comparata

580 3787 642 3838 et
665 3777 1078 3855 hypothetica3
1108 3777 1247 3854 quia
1271 3777 1411 3837 licet
1436 3778 1498 3836 in
1531 3779 1755 3857 judicio
1781 3780 1968 3857 primo
1996 3781 2322 3841 intellectus
2362 3782 2649 3861 practicus
2682 3781 3001 3859 judicave—

577 3859 658 3918 rit
685 3877 814 3917 eam
841 3877 968 3917 esse
996 3857 1224 3934 malam,
1269 3866 1462 3917 tamen
1504 3878 1635 3918 cum
1666 3859 1742 3918 ad
1768 3861 2253 3938 comparationem
2280 3871 2521 3921 ventum
2548 3869 2639 3921 est
2666 3869 2725 3921 et
2751 3861 2829 3920 ad
2848 3889 3001 3946 ng:-

580 3939 776 4004 ηιίπις
800 3937 996 3998 varias
1017 3947 1076 3998 et
1101 3938 1378 4016 temporis
1405 3947 1465 3999 et
1509 3939 1624 3998 loci
1650 3947 1711 4000 et
1735 3959 2013 4019 personae,
2052 3941 2281 4019 judicat
2326 3941 2480 4002 idem
2508 3941 2837 4002 intellectus
2866 3963 2999 4004 me—

579 4019 695 4078 lius
715 4019 826 4077 hoc
849 4037 976 4078 esse
999 4019 1110 4078 sibi
1137 4019 1232 4077 hic
1251 4027 1310 4078 et
1335 4039 1506 4095 nunc,
1537 4020 1703 4080 verbi
1731 4021 1933 4098 gratia,
1958 4022 2239 4081 mundum
2262 4021 2619 4100 sequendum
2636 4039 2764 4082 esse
2792 4024 3003 4100 potius

579 4100 641 4157 in
669 4098 914 4175 deliciis,
944 4118 1120 4176 quam
1149 4098 1442 4158 Christum
1489 4119 1623 4160 cum
1666 4119 1851 4176 cruce,
1882 4101 2247 4178 adulterium,
2296 4103 2717 4178 scortationem,
2748 4102 2999 4182 furtum,

580 4177 709 4256 &c.,
741 4178 1002 4240 dulciora
1028 4199 1156 4240 esse
1203 4179 1363 4238 carni
1405 4199 1580 4257 quam
1627 4182 1967 4241 exercitium
2017 4181 2299 4243 virtutum
2328 4182 2779 4242 Christianarum
2804 4205 2821 4242 ε
2864 4186 3001 4261 pari

579 4259 750 4336 plane
794 4270 964 4338 pacto
1008 4279 1124 4337 quo
1172 4259 1326 4338 apud
1378 4264 1604 4338 poetam
1648 4261 1861 4320 Medea
1906 4261 2135 4338 dicitur,
2184 4265 2221 4297 ‘⁴
2242 4262 2441 4322 videre
2488 4270 2549 4321 et
2592 4263 2837 4339 probare
2868 4283 3001 4324 me-

577 4339 743 4414 liora,
775 4339 878 4400 sed
904 4339 1190 4401 deteriora
1215 4339 1436 4418 sequi.''
1483 4340 1600 4400 Hic
1628 4359 1769 4401 vero
1802 4361 1935 4402 cum
1978 4343 2057 4401 sit
2082 4343 2472 4404 crassissimus
2518 4361 2679 4402 error
2715 4341 3003 4421 idemque

583 4417 980 4497 gravissimus,
1010 4421 1270 4498 sequitur
1295 4421 1520 4480 nullum
1567 4441 1697 4482 esse
1738 4429 2039 4500 peccatum
2076 4423 2250 4483 etiam
2279 4423 2437 4501 qnod
2462 4431 2663 4482 contra
2688 4423 3003 4482 conscien-

583 4495 722 4553 tiam
751 4505 811 4554 et
837 4516 913 4554 ex
941 4501 1116 4558 animi
1133 4500 1354 4560 malitia
1375 4501 1700 4562 admittitur
1719 4503 1876 4581 quod
1897 4523 2013 4561 non
2040 4503 2257 4564 factum
2288 4505 2363 4564 sit
2383 4523 2459 4564 ex
2484 4521 2693 4578 errore,
2724 4501 3007 4582 adeoque

547 4573 730 4632 ’bene
757 4593 926 4633 omne
951 4589 1250 4652 peccatum
1275 4581 1663 4656 ignorantiam
1682 4583 1799 4642 dici
1824 4601 2015 4661 posse.

665 4651 848 4709 VIII.
895 4653 1010 4710 Sed
1037 4663 1103 4712 ut
1127 4657 1354 4732 plenius
1385 4660 1496 4718 hoc
1537 4661 1727 4737 ipsum
1776 4663 2160 4742 confirmetur,
2190 4663 2334 4726 libet
2360 4671 2419 4725 et
2444 4661 2877 4742 philosophiam
2906 4665 3003 4746 ip-
