3234 5192
288 372 523 412 msrur.
556 359 691 429 x1¹.]
835 372 909 410 m:
942 369 1433 410 sansncrloms
1464 371 1708 411 cua1sr1
1740 371 2162 412 Necessinra.
2579 353 2697 416 427

289 514 422 587 isse,
468 521 645 590 utque
676 513 736 571 id
766 512 889 571 sine
922 513 1165 592 justitiae
1203 533 1322 572 suae
1365 513 1702 591 praejudicio
1745 511 1868 573 fieri
1912 521 2124 592 posset,
2161 513 2314 572 ultro
2365 531 2701 589 sponsorem

290 595 459 652 nobis
482 593 729 668 dedisse,
760 593 875 651 imo
898 594 1127 672 proprio
1156 603 1215 652 et
1243 593 1456 652 dilecto
1482 593 1603 651 filio
1628 613 1742 652 non
1771 595 2096 672 pepercisse
2117 602 2183 652 ut
2201 593 2370 652 nobis
2399 594 2704 670 parceret?

293 674 499 732 Nonne
548 693 787 732 summae
836 672 945 733 fuit
991 675 1411 732 benevolentiae
1457 682 1515 732 et
1562 674 1970 732 misericordias
2015 673 2172 751 quod
2215 694 2346 732 cum
2393 692 2468 730 ex
2511 673 2703 748 rigore

283 753 435 831 juris
472 753 583 831 ipsi
612 773 870 812 essemus
912 754 988 812 ad
1030 755 1373 832 supplicium
1412 754 1692 831 rapiendi,
1731 755 1922 812 locum
1951 764 2144 813 tamen
2173 749 2396 812 dederit
2425 752 2702 810 substitu-

290 833 437 891 tioni
466 844 523 893 et
550 833 907 912 fidejussioni
936 835 1211 893 alterius?
1260 833 1430 908 Quod
1459 835 1516 890 in
1546 854 1880 911 sponsorem
1911 843 1968 893 et
1997 835 2476 912 expromissorem
2505 840 2704 890 nostro

292 913 423 971 loco
468 915 762 988 luiturum,
809 933 925 972 non
965 915 1274 989 hominem,
1320 934 1437 972 non
1481 916 1770 990 angelum,
1817 915 1920 972 sed
1946 915 2308 992 unigenitum
2341 933 2508 971 suum
2536 913 2704 970 nobis
2785 941 2802 954 ·

293 992 611 1069 tradiderit,
659 995 759 1071 qui
809 994 1099 1052 communi
1144 1004 1344 1053 nostra
1391 1003 1686 1071 assumpta
1741 1004 1948 1054 natura
1993 995 2234 1052 idoneus
2278 993 2441 1052 fieret
2468 1013 2573 1051 vas
2601 1011 2705 1070 pro

293 1074 561 1132 omnibus
605 1075 723 1132 illis
771 1093 917 1151 quos
960 1075 1073 1152 ipsi
1120 1084 1286 1151 pater
1331 1073 1508 1133 dabat
1554 1074 1966 1134 redimendos?
2023 1074 2193 1148 Quod
2240 1093 2358 1132 non
2403 1082 2706 1135 contentus

294 1153 471 1212 talem
500 1155 981 1231 expromissorem
1022 1155 1191 1212 nobis
1231 1153 1477 1230 dedisse,
1520 1154 1679 1212 illius
1707 1155 1942 1232 insuper
1971 1154 2418 1213 satisfactionem
2449 1162 2707 1211 nostram

296 1233 507 1292 ducere
552 1234 834 1310 nobisque
878 1234 1162 1310 imputare
1197 1232 1469 1310 dignatus
1514 1233 1606 1309 sit,
1655 1255 1770 1312 quo
1815 1235 1997 1312 ipsius
2043 1233 2371 1293 obedientia
2399 1242 2458 1292 et
2478 1232 2710 1310 justitia

298 1321 498 1370 nostra
545 1312 699 1370 facta
752 1333 855 1391 per
909 1314 1085 1371 talem
1140 1314 1578 1390 imputationem
1647 1334 1764 1373 non
1817 1316 2009 1373 minus
2065 1322 2370 1372 coronetur
2423 1313 2484 1370 in
2539 1313 2709 1371 nobis

298 1392 718 1468 gloriosissima
782 1393 1209 1452 immortalitate
1266 1413 1439 1470 quam
1493 1394 1555 1452 in
1607 1395 1736 1472 ipso
1799 1405 2036 1471 peccata
2090 1403 2288 1452 nostra
2343 1413 2472 1470 quae
2527 1392 2710 1470 ipsius

298 1471 475 1530 etiam
502 1471 655 1531 facta
681 1472 907 1532 fuerant
946 1493 1049 1550 per
1076 1473 1513 1552 imputationem
1561 1475 1922 1551 gravissimis
1965 1473 2216 1552 plectere
2254 1473 2442 1532 voluit
2477 1473 2711 1550 poenis?

304 1551 455 1612 Sane
504 1571 621 1610 non
665 1573 881 1612 caecum
925 1561 1150 1612 tantum
1199 1553 1301 1613 sed
1334 1554 1583 1613 ferreum
1616 1573 1744 1614 esse
1779 1562 2004 1631 oportet
2032 1561 2090 1612 et
2117 1553 2326 1631 quovis
2365 1553 2524 1612 silice
2554 1553 2710 1611 duri·

300 1652 457 1690 orem
487 1633 587 1710 qui
617 1653 898 1692 summam
940 1633 1035 1692 hic
1056 1634 1507 1693 misericordiam
1536 1654 1654 1692 non
1681 1635 1845 1693 videt
1877 1644 1934 1693 et
1963 1634 2203 1712 suspicit
2225 1633 2670 1692 venerabundus
2697 1655 2710 1693 :

301 1711 505 1789 Neque
535 1712 629 1771 hic
658 1713 946 1772 audienda
972 1714 1230 1773 haeretici
1274 1715 1651 1791 vitilitigatiO,
1687 1715 1875 1774 Deum
1920 1725 1986 1774 ut
2016 1734 2236 1774 summe
2281 1712 2710 1772 misericordem

300 1812 362 1851 se
419 1793 718 1852 exhiberet
765 1795 985 1852 nullam
1040 1815 1145 1854 nec
1202 1815 1237 1853 a
1284 1795 1453 1854 nobis
1506 1815 1615 1854 nec
1669 1815 1704 1854 a
1759 1795 1926 1854 Vade
1982 1794 2434 1854 satisfactionem
2478 1793 2714 1870 exigere

300 1872 604 1932 debuisse:
665 1875 816 1933 Nam
857 1874 994 1952 quia
1033 1876 1195 1934 Deus
1227 1875 1310 1934 ita
1348 1884 1436 1934 est
1475 1895 1696 1934 summe
1735 1875 2062 1934 misericors
2088 1883 2155 1934 ut
2184 1875 2260 1934 sit
2288 1875 2462 1934 etiam
2492 1894 2714 1933 summe

291 1953 504 2030 justus,
549 1953 783 2012 virtutis
811 1954 1109 2032 utriusque
1146 1955 1423 2014 exercitio
1450 1955 1613 2013 locus
1643 1955 1768 2013 dari
1797 1955 2035 2015 debuit:
2082 1955 2166 2015 Ut
2194 1975 2333 2032 ergo
2375 1954 2716 2013 immensam

302 2051 463 2091 suam
485 2033 937 2092 misericordiam
965 2035 1026 2090 in
1046 2035 1247 2092 electis
1276 2035 1527 2110 gratuito
1555 2034 1870 2092 liberandis
1892 2043 1951 2092 et
1979 2034 2273 2092 salvandis
2301 2054 2405 2111 per
2423 2035 2715 2092 Christum

301 2114 593 2189 explicare
622 2114 826 2186 voluit,
858 2113 939 2170 ita
957 2121 1015 2170 et
1036 2113 1421 2188 justissimam
1443 2113 1588 2170 iram
1608 2113 1889 2171 adversus
1909 2121 2146 2191 peccata
2164 2112 2465 2171 ostendere
2496 2113 2712 2188 debuit,

302 2193 446 2250 alias
476 2193 525 2250 si
552 2191 678 2250 haec
707 2191 1027 2249 adversarii
1052 2193 1413 2251 ratiocinatio
1442 2193 1679 2268 valeret,
1713 2201 2047 2270 sequeretur
2074 2193 2246 2251 etiam
2277 2211 2350 2250 ne
2371 2192 2560 2250 Deum
2589 2193 2714 2269 qui-

303 2270 435 2328 dem
464 2291 635 2347 poena
651 2271 875 2330 afficere
898 2273 1170 2349 reprobos
1197 2273 1372 2350 ipsos,
1405 2272 1506 2331 sed
1530 2272 1844 2332 sceleribus
1863 2273 2132 2332 omnibus
2157 2271 2559 2351 impunitatem
2581 2291 2716 2331 con-

306 2350 511 2409 cedere
542 2351 751 2410 debere
779 2359 1013 2431 propter
1042 2373 1322 2412 summam
1352 2353 1824 2415 misericordiam.

386 2431 706 2490 XXXIV.
754 2432 870 2491 Hic
899 2452 1038 2491 vero
1065 2453 1263 2493 rursus
1286 2434 1594 2511 insurgunt
1614 2434 1988 2515 impurissimi
2007 2433 2271 2493 homines
2289 2432 2476 2492 crucis
2506 2433 2723 2494 Christi

300 2510 538 2571 inimici.
585 2512 647 2570 Si
679 2514 857 2588 Deus,
888 2513 1173 2591 inquiunt,
1200 2535 1425 2574 summa
1446 2515 1548 2573 illa
1568 2515 1964 2575 misericordia
1991 2515 2275 2594 impulsus
2305 2513 2522 2572 Filium
2553 2533 2722 2573 suum

303 2593 471 2651 nobis
501 2592 635 2652 dare
663 2595 868 2670 voluit,
898 2603 965 2653 ut
991 2594 1237 2654 fatemur
1278 2603 1337 2655 et
1382 2595 1678 2673 Scriptura
1717 2604 1978 2670 testatur,
2011 2597 2171 2672 Ergo
2193 2597 2318 2673 jam
2347 2603 2479 2654 ante
2509 2593 2725 2653 adven-

303 2679 427 2732 tum
459 2673 597 2732 Filii
625 2694 849 2733 summo
890 2695 1083 2735 amore
1130 2696 1239 2734 nos
1287 2677 1757 2753 prosequebatur,
1791 2677 1952 2752 Ergo
1981 2675 2161 2734 iratus
2190 2673 2526 2751 neutiquam
2553 2674 2723 2733 nobis

304 2759 363 2811 ct
390 2753 648 2812 infensus
676 2754 801 2830 fuit,
833 2775 900 2813 ac
928 2755 1167 2832 proinde
1195 2775 1304 2814 nec
1332 2756 1518 2814 voluit
1559 2774 1667 2814 nec
1701 2775 1936 2813 necesse
1965 2754 2075 2813 fuit
2105 2753 2396 2812 Christum
2426 2773 2528 2829 pro
2557 2752 2726 2811 nobis

293 2832 539 2908 justitiae
570 2835 898 2893 satisfacere
927 2844 985 2893 et
1011 2844 1195 2894 morte
1245 2855 1350 2892 sua
1383 2855 1489 2893 nos
1529 2833 1644 2910 ipsi
1687 2833 2077 2891 reconciliare.
2163 2832 2384 2890 Verum
2413 2831 2600 2888 nodus
2627 2833 2724 2890 hic

304 2912 473 2971 facile
498 2913 743 2971 solvitur
766 2935 779 2988 ;
810 2917 885 2971 1⁰.
912 2914 1165 2980 Peccant
1187 2914 1333 2972 falsa
1352 2914 1594 2990 hypoth.
1619 2913 1785 2988 quasi
1808 2911 1981 2970 irasci
2001 2920 2059 2969 et
2077 2911 2314 2986 dz‘liyere
2333 2910 2503 2986 plane
2533 2919 2726 2969 essent

306 2991 673 3064 ὲσῦγκλυστα,
703 3012 811 3050 nec
839 2993 1073 3049 omnino
1101 2993 1162 3049 in
1188 2992 1342 3050 idem
1367 2993 1692 3068 subjectum
1722 3010 2051 3067 quanquam
2081 2989 2190 3048 sub
2209 2988 2439 3047 diverso
2463 2997 2726 3065 respectu

304 3072 437 3128 ferri
466 3079 740 3147 possent:
784 3079 845 3129 at
885 3078 951 3129 ut
988 3071 1172 3129 filium
1215 3070 1410 3147 diligit
1450 3079 1628 3147 pater,
1661 3078 1718 3128 et
1759 3070 1846 3127 illi
1887 3077 2080 3128 tamen
2121 3069 2184 3126 in
2210 3076 2510 3146 peccatum
2538 3069 2730 3128 ruenti
2753 3117 2786 3126 -

306 3151 589 3225 irascitur,
623 3158 680 3209 et
707 3169 933 3228 poenam
964 3149 1192 3227 infligit,
1225 3150 1427 3226 quidni
1468 3169 1607 3226 ergo
1649 3149 1900 3227 potuerit
1943 3149 2192 3208 coelestis
2233 3149 2408 3208 Pater
2434 3156 2492 3207 et
2519 3169 2624 3208 nos
2653 3150 2727 3208 ab

307 3239 521 3290 aeterno
552 3231 810 3308 diligere,
843 3239 901 3290 et
928 3239 1123 3290 tamen
1149 3229 1319 3288 irasci
1346 3229 1598 3308 peccatis
1620 3231 1832 3290 nostris
1854 3238 1912 3290 et
1933 3230 2008 3288 ad
2029 3229 2367 3308 placandam
2391 3228 2536 3287 iram
2565 3249 2728 3288 suam

306 3311 757 3371 satisfactionem
788 3311 926 3370 Filii
963 3311 1132 3369 nobis
1161 3309 1447 3368 destinare
1473 3333 1487 3370 :
1542 3310 1746 3369 Nimir.
1790 3309 2258 3388 distinguendum
2291 3318 2380 3368 est
2408 3311 2468 3368 in
2495 3310 2728 3370 homine

307 3413 450 3468 opus
476 3393 597 3452 Dei
620 3393 693 3451 ab
722 3412 891 3469 opere
918 3391 1142 3464 diaboli,
1174 3399 1443 3449 creatura
1492 3411 1527 3448 a
1558 3401 1792 3467 peccato
1815 3399 1872 3450 et
1894 3391 2209 3450 vitiositate
2239 3391 2350 3468 ipsi
2379 3391 2726 3468 adhaerente,

307 3480 576 3550 respectu
602 3473 807 3550 prioris
837 3471 1030 3548 diligit
1056 3471 1363 3546 hominem,
1396 3471 1499 3530 sed
1526 3491 1678 3550 resp.
1707 3471 2040 3549 posterioris
2068 3471 2178 3549 ipsi
2200 3471 2404 3531 merito
2428 3481 2518 3530 est
2544 3471 2728 3531 infen-

310 3572 410 3611 sus
434 3576 447 3628 3
497 3552 703 3629 Itaque
732 3551 869 3628 quia
896 3552 1174 3609 habemus
1201 3551 1263 3609 in
1290 3552 1459 3611 nobis
1487 3551 1645 3628 quod
1674 3553 1806 3610 odio
1835 3552 2076 3629 dignum
2113 3551 2204 3626 sit,
2236 3571 2305 3610 eo
2334 3560 2598 3629 respectu
2628 3553 2728 3611 ob—

301 3632 525 3708 jectum
557 3631 655 3688 irae
704 3632 814 3690 Dei
860 3651 1075 3704 sumus,
1107 3630 1211 3689 sed
1254 3631 1391 3708 quia
1433 3639 1726 3710 utcunque
1771 3642 2102 3712 peccatores
2133 3632 2276 3690 vitio
2303 3641 2502 3690 nostro
2531 3632 2728 3704 simus,

310 3729 610 3768 manemus
639 3717 832 3770 tamen
881 3731 1105 3789 semper
1148 3711 1274 3789 ejus
1316 3721 1607 3789 creaturae,
1641 3713 1798 3790 quod
1844 3733 2011 3772 suum
2041 3721 2129 3771 est
2159 3712 2444 3770 Dominus
2472 3712 2530 3768 in
2559 3711 2731 3769 nobis

309 3790 551 3866 perdere
578 3809 697 3848 non
724 3792 852 3850 vult
879 3799 939 3851 et
966 3791 1155 3850 adhuc
1183 3790 1403 3868 aliquid
1451 3792 1679 3851 invenit
1719 3793 1874 3870 quod
1903 3813 2007 3870 pro
2037 3812 2143 3850 sua
2169 3792 2528 3867 benignitate
2557 3799 2728 3848 amet.

313 3873 394 3928 2⁰.
412 3870 723 3947 Distingue
744 3891 993 3930 amorem
1016 3872 1145 3946 Dei,
1162 3870 1335 3930 Alius
1354 3879 1443 3930 est
1463 3873 1860 3949 benevolentiae‚
1881 3873 2030 3931 alius
2044 3873 2404 3950 beneficentiae
2414 3879 2472 3928 et
2492 3870 2728 3945 unionis,

310 3949 469 4028 prior
495 3971 611 4027 quo
638 3951 806 4010 nobis
832 3952 979 4010 bene
1008 3971 1135 4010 esse
1156 3952 1285 4012 vult
1307 3961 1366 4012 et
1390 3972 1674 4029 propenso
1703 3973 1842 4030 erga
1867 3973 1974 4010 nos
2002 3952 2181 4010 fertur
2209 3952 2419 4025 anim0,
2450 3951 2734 4026 posterior

311 4049 427 4108 quo
456 4049 573 4089 non
604 4039 825 4090 tantum
872 4032 1020 4091 bene
1048 4032 1177 4091 vult
1216 4032 1319 4091 sed
1360 4043 1419 4091 et
1460 4034 1650 4111 reipsa
1691 4034 1994 4106 benefacit,
2027 4031 2219 4108 quoad
2247 4031 2411 4088 illum
2439 4049 2554 4086 non
2585 4029 2729 4088 diffi-

311 4118 501 4170 temur
530 4111 718 4170 Deum
748 4111 915 4171 nobis
944 4112 1191 4171 amicum
1220 4113 1397 4172 fuisse
1426 4113 1599 4172 etiam
1642 4134 1757 4171 non
1801 4112 2174 4171 antecedente
2205 4109 2418 4168 Christi
2445 4118 2727 4185 respectu,

308 4191 427 4250 imo
456 4191 801 4251 arbitramur
828 4213 1078 4251 amorem
1107 4192 1263 4252 hunc
1289 4212 1405 4250 non
1434 4193 1607 4254 modo
1650 4192 2171 4251 reconciliationem
2202 4210 2238 4247 a
2265 4189 2492 4248 Christo
2520 4190 2732 4248 factam

308 4273 691 4350 praecessisse,
726 4273 827 4331 sed
859 4273 1046 4331 Deum
1090 4273 1279 4350 ipsum
1323 4273 1576 4331 movisse
1620 4280 1687 4330 ut
1722 4271 2170 4331 satisfactionem
2199 4269 2485 4327 inveniret
2513 4269 2731 4348 absque

309 4372 425 4429 qua
452 4353 703 4411 charitas
736 4353 840 4411 illa
884 4372 1107 4411 summa
1148 4353 1259 4410 Dei
1304 4351 1569 4410 effectum
1616 4351 1808 4409 sortiri
1853 4371 2020 4408 suum
2064 4352 2330 4409 locumve
2374 4349 2586 4408 habere
2615 4371 2733 4410 non

310 4440 553 4509 poterat,
586 4433 690 4492 sed
728 4453 921 4491 amore
965 4432 1359 4490 beneficentiae
1408 4449 1710 4488 censemus
1757 4432 1946 4489 Deum
1991 4431 2276 4489 neminem
2322 4431 2592 4508 prosequi
2619 4433 2734 4492 nisi

311 4511 603 4572 mediante
634 4513 849 4572 Christi
876 4512 1269 4588 redemptione
1311 4509 1449 4587 quia
1487 4509 1830 4570 beneficium
1873 4511 2094 4569 nullum
2124 4518 2398 4570 creaturae
2426 4520 2616 4588 potest
2644 4513 2752 4570 in-'

312 4592 554 4670 dulgere
583 4593 699 4651 nisi
723 4593 1003 4670 placatus„
1047 4591 1312 4668 placatus
1353 4598 1543 4649 autem
1573 4610 1690 4648 non
1721 4600 1808 4651 est
1836 4591 1948 4649 nisi
1977 4591 2036 4649 in
2066 4591 2295 4650 Christo
2321 4614 2334 4651 :
2379 4591 2585 4670 Itaque
2615 4614 2732 4653 non

311 4673 361 4732 si
393 4674 555 4732 Deus
584 4692 691 4731 nos
720 4672 793 4731 ab
822 4680 1037 4732 aeterno
1067 4670 1353 4748 dilexerit,
1385 4671 1658 4731 continuo
1702 4673 1962 4750 sequitur
2001 4692 2117 4730 non
2145 4673 2526 4732 necessariam
2555 4673 2733 4734 fuisse
