3234 5192
289 367 522 408 mspu‘r.
553 346 670 428 1n.]
1055 363 1286 405 noer-na
1315 363 1395 404 AB
1423 364 1706 406 sconsam
1734 365 2004 410 30111111.
2648 355 2723 415 63

293 509 494 586 hiique
524 507 759 566 omnino
799 504 950 566 desit
969 508 998 565 P
1083 505 1254 566 Unde
1283 526 1417 566 cnm
1443 507 1801 586 impossibile
1831 509 1922 585 sit,
1954 511 2051 570 vel
2079 511 2366 575 sacerdoti
2392 516 2725 591 celebranti,

295 589 398 647 vel
415 588 628 667 populo
659 586 1124 661 communicanti,
1169 587 1294 646 haec
1336 607 1524 663 nosse,
1555 589 1912 666 impossibile
1940 601 2029 649 est
2056 611 2092 649 a
2116 593 2374 670 periculo
2396 597 2725 672 praesentis-

297 671 448 728 simo
489 667 834 727 idololatriae
871 665 1120 742 liberari,
1165 687 1272 726 nec
1308 687 1562 746 unquam
1589 669 1745 728 ullus
1773 679 1963 728 certus
1992 691 2117 730 esse
2146 674 2357 748 poterit
2381 675 2569 734 Deum
2598 695 2726 736 esse

297 769 476 827 quem
499 749 716 823 adorat,
741 746 898 826 quod
917 757 1112 806 tamen
1134 746 1209 805 ad
1223 747 1542 822 legitimam
1564 749 1959 810 adorationem
1978 752 2193 828 requiri
2212 755 2593 814 certissimum
2616 765 2722 832 est,

297 849 436 888 nam
475 849 554 888 011
597 828 799 902 Paulo,
835 827 1122 904 Quicquid
1127 829 1208 906 fit
1229 829 1342 886 eine
1360 829 1794 908 fidepeccatum
1820 840 1915 906 est,
1950 831 2118 891 Rom.
2148 833 2269 891 xiv.
2294 837 2391 893 23.

389 909 541 969 XX.
587 909 720 968 Non
746 927 840 966 me
867 907 1010 966 latet
1035 907 1302 986 equidem
1339 908 1719 984 adversarios,
1752 912 1852 988 qui
1900 912 2156 972 sentiunt
2184 933 2245 972 se
2274 915 2468 992 urgeri
2492 916 2605 974 1100
2634 935 2722 974 ar·

299 999 597 1068 gumento‚
633 1009 670 1047 a
709 1007 826 1065 quo
867 1007 1160 1065 nunquam
1201 997 1396 1047 tamen
1435 1009 1498 1048 se
1540 991 1867 1069 expedient,
1912 993 2075 1052 varia
2116 1003 2345 1075 captare
2386 995 2616 1073 effugia,
2660 1006 2727 1056 ut

297 1072 425 1129 vim
451 1072 578 1148 ejus
605 1069 854 1129 elevent.
938 1069 1064 1128 Alii
1090 1069 1302 1146 quippe
1324 1069 1665 1148 confugiunt
1683 1072 1779 1130 hic
1802 1072 1875 1131 ad
1894 1075 2285 1134 adorationem
2302 1078 2721 1152 hypotheticam,

297 1159 370 1210 ut
396 1151 726 1210 audivimus
767 1167 844 1208 ex
887 1148 1066 1224 Biele,
1111 1149 1266 1208 unde
1297 1149 1594 1224 Bonaven,
1629 1151 1687 1210 in
1730 1155 1766 1211 3
1810 1153 2045 1212 Senten.
2081 1153 2215 1214 dist.
2248 1157 2303 1214 9.
2334 1166 2441 1216 art.
2484 1160 2535 1216 l.
2572 1178 2627 1236 q.
2666 1160 2720 1232 6,

303 1234 342 1266 ‘⁴
365 1231 588 1290 Sufficit
615 1227 774 1308 quod
802 1227 1047 1288 adorans
1076 1229 1137 1287 in
1163 1229 1366 1289 habitu
1385 1230 1534 1290 hanc
1557 1231 1769 1290 habeat
1789 1233 2195 1309 conditionem,
2218 1236 2493 1296 videlicet
2514 1237 2565 1296 si
2586 1257 2722 1296 con-

299 1313 547 1371 secratio
575 1311 774 1371 debito
799 1308 973 1368 modo
1001 1309 1152 1369 facta
1179 1311 1324 1386 est,''
1357 1307 1466 1368 &a
1553 1310 1671 1368 Sed
1692 1312 1823 1389 quis
1844 1331 1959 1370 non
1978 1313 2143 1372 videt
2162 1314 2311 1373 hanc
2332 1315 2725 1376 adorationem

299 1392 537 1470 impiam
575 1411 702 1451 esse
741 1399 802 1449 et
837 1389 1178 1465 absurdam3
1221 1409 1356 1449 nam
1393 1389 1582 1449 omnis
1619 1411 1759 1449 vera
1784 1391 2044 1450 adoratio
2071 1393 2274 1453 nititur
2299 1395 2429 1470 fide,
2463 1397 2631 1455 Rom.
2662 1418 2725 1458 x.

306 1476 400 1544 14,
429 1481 490 1531 et
517 1471 888 1530 accedentem
913 1470 990 1528 ad
1011 1469 1199 1529 Deum
1227 1478 1452 1548 oportet
1485 1469 1717 1529 credere
1749 1471 1937 1530 Deum
1980 1491 2124 1547 esse,
2160 1473 2341 1533 Hebr.
2372 1475 2453 1534 xi.
2486 1478 2541 1534 6.
2583 1477 2627 1534 J
2630 1497 2724 1536 am

299 1552 406 1630 qui
437 1551 682 1628 haesitat,
723 1561 914 1610 utrum
941 1550 1003 1608 id
1031 1550 1188 1628 quod
1214 1549 1415 1609 adorat
1446 1551 1608 1609 Deus
1637 1551 1728 1626 sit,
1760 1571 1835 1610 an
1863 1552 2085 1610 accedit
2112 1553 2215 1611 illa
2240 1553 2354 1614 fide
2404 1555 2726 1633 praeditus‘?

303 1635 520 1692 Annon
537 1652 670 1692 cum
696 1631 1068 1690 samaritanis
1089 1630 1228 1690 colit
1247 1630 1404 1708 quod
1425 1631 1627 1707 nescit,
1648 1639 1707 1690 et
1728 1651 1861 1690 cum
1884 1632 2340 1693 Atheniensibus
2360 1636 2546 1694 nescit
2582 1637 2725 1713 quid

302 1712 474 1788 colat,
505 1722 565 1772 et
589 1737 828 1790 ψυστρ
853 1713 948 1790 9¹?
969 1731 1132 1770 sacra
1158 1711 1296 1770 facit
1316 1715 1344 1770 P
1387 1712 1554 1790 quasi
1598 1732 1737 1770 vero
1774 1713 1887 1772 1100
1924 1712 2237 1771 ludibrium
2278 1715 2566 1793 majestati
2604 1737 2723 1776 suae

301 1793 428 1856 fleri
459 1793 620 1852 Deus
645 1793 899 1872 patiatur
933 1811 968 1850 a
996 1799 1273 1867 creatura,
1324 1803 1390 1849 ut
1429 1792 1857 1852 invocationem
1897 1793 2071 1852 talem
2115 1795 2417 1872 concipiat,
2448 1797 2646 1856 Adoro
2675 1808 2729 1856 et

301 1877 425 1932 colo
454 1883 520 1948 te,
552 1875 605 1932 εἰ
627 1875 788 1932 Deus
815 1893 890 1930 es.
977 1872 1129 1931 Sane
1157 1871 1208 1930 si
1237 1871 1491 1930 conditio
1523 1871 1628 1930 illa
1659 1872 1741 1932 ita
1768 1873 2167 1952 conciperetur
2204 1873 2275 1932 de
2304 1875 2513 1952 futur0,
2544 1886 2610 1936 ut
2638 1878 2723 1935 di·

299 1963 460 2014 ceret
483 1955 657 2013 homo
687 1953 760 2012 de
789 1953 1034 2031 objecto,
1055 1951 1213 2030 quod
1231 1951 1587 2011 adorandum
1607 1953 1963 2031 proponitur,
1990 1955 2239 2013 adorabo
2268 1968 2333 2030 te,
2364 1957 2418 2014 si
2438 1977 2497 2015 011
2530 1957 2723 2016 Chr-22³-

303 2046 408 2110 ms,
439 2055 546 2094 nec
573 2033 856 2108 adoraret,
887 2041 1196 2110 antequam
1223 2032 1434 2091 certior
1459 2042 1612 2092 esset
1640 2033 1827 2094 factus
1856 2033 1927 2092 de
1956 2033 2217 2110 veritate,
2238 2049 2435 2111 posset
2456 2035 2601 2096 forte
2622 2057 2723 2096 ex·

301 2125 394 2175 tra
433 2115 662 2193 culpam
705 2113 994 2188 constitui,
1061 2111 1164 2171 sed
1207 2131 1386 2189 quum
1434 2113 1756 2190 concipitur
1799 2112 1873 2172 de
1912 2115 2199 2192 praesenti,
2244 2117 2429 2175 adoro
2468 2125 2537 2192 te,
2581 2119 2634 2174 si
2670 2139 2727 2176 es

302 2195 576 2271 Christus,
607 2203 668 2254 et
703 2212 824 2254 non
861 2193 1132 2252 obstante
1173 2193 1532 2254 dubitatione
1571 2213 1676 2252 sua
1704 2201 1837 2252 actu
1864 2194 2037 2253 homo
2065 2194 2282 2268 adorat,
2314 2195 2727 2258 inexcusabilis

299 2283 410 2335 est.
493 2279 574 2334 2⁰·
619 2273 746 2332 Alii
772 2273 1082 2332 humanam
1109 2272 1512 2332 certitudinem
1539 2273 1635 2332 hic
1664 2273 1921 2334 sufficere
1950 2275 2317 2349 arbitrantur,
2348 2275 2452 2334 sed
2489 2277 2627 2335 licet
2659 2297 2729 2336 ca

299 2357 362 2414 in
391 2355 562 2416 rebus
589 2353 858 2414 humanis
889 2353 1076 2432 possit
1103 2352 1378 2429 sufficere,
1409 2354 1470 2411 in
1498 2353 1715 2412 divinis
1742 2374 1859 2413 non
1886 2355 2043 2430 item,
2073 2355 2176 2414 ubi
2202 2355 2402 2415 divina
2428 2356 2727 2433 requirun-

295 2447 396 2496 tur
421 2443 781 2514 argumenta.
866 2433 1094 2494 Deinde
1114 2433 1240 2492 haec
1267 2433 1552 2493 certitudo
1573 2435 1835 2512 sequitur
1852 2436 2105 2494 humana
2124 2445 2477 2513 argumenta,
2504 2457 2725 2512 sensus,

295 2517 598 2590 rationem,
621 2523 820 2589 testes,
851 2511 958 2573 &c.
1011 2513 1198 2592 Atqui
1225 2514 1896 2574 transubstantiationem
1924 2515 2177 2575 humana
2216 2517 2379 2576 nulla
2420 2517 2727 2578 adstruunt

296 2605 658 2675 argumenta,
704 2595 808 2654 sed
848 2594 1042 2654 omnia
1083 2603 1368 2670 evertunt,
1398 2615 1602 2654 sensus
1655 2605 1957 2674 repugnat,
2006 2606 2289 2674 repugnat
2325 2599 2489 2673 ratio,
2533 2599 2731 2658 horret

297 2679 545 2736 animus.
631 2677 897 2754 Denique
938 2675 1170 2753 quando
1211 2675 1357 2734 nihil
1397 2685 1486 2734 est
1526 2675 1769 2752 periculi
1809 2677 1869 2734 in
1907 2696 1967 2735 re
1995 2676 2274 2752 facienda,
2304 2698 2413 2736 nec
2442 2678 2539 2738 vel
2568 2679 2729 2737 Deus

297 2758 452 2834 laedi,
477 2756 576 2816 vel
594 2757 894 2835 proximus
921 2753 1137 2815 offendi
1157 2764 1363 2832 potest,
1393 2755 1688 2815 sufficiunt
1716 2756 1980 2814 humanae
2004 2770 2336 2837 ‘rangoaepogaae
2370 2767 2727 2834 argumenta.

297 2839 389 2898 At
413 2857 596 2914 quum
637 2836 1046 2916 gravissimum
1085 2835 1286 2895 subest
1307 2836 1548 2914 peccati
1589 2835 1651 2893 in
1688 2836 1879 2894 Deum
1920 2845 1979 2894 et
2019 2836 2347 2913 proximum
2388 2837 2725 2912 periculum,

297 2919 434 2996 quis
461 2937 580 2976 non
634 2917 863 2993 dixerit,
905 2918 1064 2994 piam
1105 2924 1358 2975 mentem
1405 2915 1665 2974 divinam
1720 2927 2053 2995 πληςοφοςιᾶν
2108 2935 2182 2972 ex
2231 2915 2411 2972 verbo
2469 2915 2583 2972 Dei
2628 2936 2727 2992 pe-

296 3009 424 3060 tere
455 2997 682 3072 debere,
713 3017 787 3056 ne
815 2997 1059 3074 turpiter
1085 2997 1146 3054 in
1175 2995 1262 3072 iis,
1287 2997 1349 3054 in
1377 2995 1588 3072 quibus
1617 2995 1775 3052 salus
1803 3005 1999 3052 nostra
2019 2993 2279 3068 vertitur,
2311 2994 2595 3072 impingat
2610 2997 2639 3052 P

385 3078 576 3137 XXI.
621 3078 889 3154 Denique
930 3077 1068 3136 licet
1108 3075 1377 3140 daremus
1407 3073 1743 3133 Pontificios
1784 3092 1901 3131 non
1942 3091 2180 3150 peccare
2218 3073 2511 3133 adorando
2541 3093 2728 3134 sacra·

297 3168 578 3234 mentum,
609 3158 768 3236 quod
797 3158 1090 3216 Christum
1119 3176 1245 3216 esse
1287 3155 1433 3213 falso
1475 3153 1842 3229 arbitrantur,
1866 3173 1979 3212 non
2008 3163 2254 3231 possunt
2274 3163 2469 3214 tamen
2492 3154 2732 3216 diffiteri

297 3259 420 3314 eos,
449 3239 552 3317 qui
580 3246 738 3298 certo
777 3239 842 3296 in
883 3237 1234 3296 conscientia
1272 3234 1532 3313 persuasi
1573 3242 1711 3293 sunt
1750 3253 1867 3292 non
1912 3234 2205 3294 Christum
2246 3235 2345 3311 ibi,
2378 3235 2481 3295 sed
2508 3255 2731 3296 merum

297 3339 506 3397 panem
557 3337 702 3393 esse,
745 3337 950 3377 revera
996 3332 1347 3399 ᾰςπλιτςειις
1395 3315 1612 3374 crimen
1660 3315 2065 3376 commissuros
2115 3316 2165 3375 si
2201 3316 2365 3375 illum
2406 3317 2729 3377 adorarent.

297 3399 581 3474 Quaenam
611 3399 680 3458 Ε.
709 3400 834 3458 haic
877 3398 1140 3476 tyrannis
1167 3409 1256 3457 est
1287 3398 1478 3476 Papae,
1507 3416 1616 3456 nos
1644 3415 1851 3472 cogere
1879 3397 2031 3456 velle
2058 3395 2135 3454 ad
2160 3397 2333 3456 istam
2354 3398 2709 3474 genuflexio·

295 3499 434 3538 nem
476 3488 536 3540 et
563 3479 973 3554 adorationem,
1005 3487 1066 3538 et
1099 3479 1163 3536 ni
1199 3473 1494 3553 faciam‘us,
1523 3477 1676 3536 ferro
1714 3485 1773 3536 et
1798 3477 2043 3536 flammis
2072 3487 2349 3555 tanquam
2374 3479 2578 3538 atheos
2606 3499 2728 3539 sce-

299 3560 648 3619 lestissimos
683 3559 1011 3619 mortalium
1052 3559 1320 3637 persequi
1345 3561 1374 3616 P
1417 3557 1635 3616 Annon
1663 3565 1751 3616 est
1778 3558 2079 3616 manifeste
2106 3577 2213 3616 nos
2242 3557 2317 3616 ad
2344 3557 2729 3618 idololatriam

295 3640 640 3718 propellere,
685 3649 746 3700 et
784 3649 904 3699 tam
946 3639 1164 3716 grande
1205 3646 1506 3716 peccatum
1545 3637 1715 3697 nobis
1755 3638 2063 3714 praecipere
2090 3641 2119 3696 P
2162 3637 2367 3696 Fidem
2399 3637 2511 3695 Dei
2538 3646 2597 3696 et
2623 3638 2729 3696 ho-

295 3720 524 3779 minum
565 3720 938 3798 appellamus,
965 3739 1108 3779 num
1149 3737 1378 3796 aequum
1417 3717 1490 3775 sit
1531 3737 1565 3775 a
1601 3717 1771 3776 nobis
1807 3718 2115 3795 postulare,
2144 3717 2303 3794 quod
2332 3715 2454 3774 sine
2482 3723 2600 3773 tam
2620 3716 2726 3774 im-

299 3801 462 3859 mani
499 3801 714 3860 scelere
757 3800 894 3860 dare
937 3817 1056 3859 non
1084 3819 1392 3876 possumus
1411 3801 1440 3856 P
1483 3797 1689 3874 Itaque
1725 3798 1851 3856 haec
1888 3817 2005 3856 una
2036 3797 2200 3871 ratio,
2234 3804 2293 3855 et
2320 3795 2369 3853 si
2396 3795 2525 3853 aliae
2552 3795 2729 3855 nullae

295 3889 693 3958 suppeterent,
725 3880 952 3940 abunde
991 3880 1281 3940 sufficeret
1321 3877 1398 3938 ad
1434 3879 1837 3938 necessitatem
1880 3877 2219 3937 secessionis
2263 3883 2323 3934 et
2360 3875 2727 3950 syncretismi

299 3961 826 4039 impossibilitatem
853 3959 1252 4034 evincendam,
1273 3958 1504 4036 quando
1533 3958 1616 4018 sic
1644 3957 1799 4036 apud
1818 3977 1927 4016 nos
1948 3957 2270 4031 statuimus,
2301 3955 2413 4013 11οο
2436 3953 2728 4030 objectum

295 4039 464 4120 quod
489 4041 666 4100 nobis
685 4040 1040 4100 adorandum
1067 4039 1413 4118 praecipitur,
1445 4037 1592 4098 nihil
1618 4037 1780 4097 aliud
1798 4058 1970 4115 quam
1992 4057 2209 4096 meram
2232 4042 2550 4094 creaturam
2578 4053 2723 4110 esse,

297 4131 364 4180 et
379 4141 512 4200 quse
539 4121 778 4198 proinde
803 4141 842 4180 a
867 4120 1038 4180 11011111
1065 4121 1190 4180 sine
1217 4118 1546 4178 idololatria
1571 4119 1685 4178 coli
1712 4139 1829 4177 11011
1856 4125 2063 4194 potest.

389 4201 617 4260 XXII.
665 4201 782 4260 Sed
807 4221 926 4261 11011
953 4200 1227 4260 desinunt
1253 4200 1368 4278 ipsi
1396 4199 1619 4258 colores
1668 4217 1942 4275 quaerere,
1974 4196 2185 4273 quibus
2225 4201 2527 4270 peccatum
2556 4213 2727 4254 suum

301 4280 555 4356 deleant,
579 4280 678 4340 vel
704 4281 908 4340 saltem
928 4275 1249 4341 incrustent
1277 4287 1335 4339 et
1361 4279 1641 4338 minuant.
1726 4275 1975 4336 Addunt
1992 4276 2217 4348 iterum,
2244 4273 2293 4332 si
2320 4273 2479 4350 quod
2499 4273 2575 4334 sit
2591 4295 2723 4354 pec-

303 4369 500 4421 catum
521 4380 706 4436 suum,
720 4361 877 4438 quod
891 4381 1008 4420 non
1026 4362 1294 4436 fatentur,
1313 4379 1431 4418 non
1451 4359 1568 4420 tale
1589 4377 1717 4417 esse
1738 4366 1929 4416 tamen
1942 4353 2099 4433 quod
2116 4353 2498 4414 secessionem
2516 4355 2725 4416 inferre
2804 4351 2813 4366 '

303 4440 536 4518 debeat,
565 4440 800 4520 quando
827 4442 1287 4500 communionem
1343 4439 1530 4500 colere
1585 4457 1703 4496 11011
1758 4436 2142 4495 detrectemus
2170 4455 2301 4494 cum
2358 4435 2722 4512 Lutheranis,

304 4522 410 4598 qui
437 4521 686 4582 eundem
711 4523 1034 4598 praesentiae
1071 4521 1244 4580 realis
1273 4529 1330 4580 et
1359 4518 1675 4597 corporalis
1710 4516 1925 4576 Christi
1952 4515 2013 4574 in
2061 4535 2225 4575 coena
2252 4536 2501 4576 errorem
2532 4537 2727 4576 secum

307 4601 564 4660 foveant.
623 4602 738 4661 Vel
767 4621 908 4678 ergo
936 4600 1316 4661 secedendum
1347 4619 1476 4659 esse
1502 4599 1673 4676 plane
1702 4596 1776 4656 ab
1830 4596 1965 4672 illis,
2022 4596 2118 4656 vel
2164 4617 2282 4656 non
2308 4597 2725 4675 impossibilem

303 4699 436 4740 esse
465 4690 526 4741 et
551 4681 816 4742 illicitum
845 4681 923 4741 ad
951 4701 1012 4742 sc
1040 4700 1354 4742 accessum.
1401 4679 1472 4738 R.
1518 4677 1667 4736 Haec
1716 4684 1805 4737 est
1846 4677 2111 4756 exceptio
2138 4685 2561 4757 σολυθςυλλητκ,
2595 4695 2723 4752 quae
