3234 5192
518 321 637 380 496
1106 327 1186 367 DF.
1216 320 1713 367 sarlsracrloms
1740 320 1986 363 CHRISTI
2016 320 2335 364 vsmra‘rn.
2533 302 2798 384 [DISPUT.
2827 322 2930 367 XV.

523 475 889 537 dictionibus
918 478 1167 530 eventus
1196 465 1615 525 certitudinem
1636 463 2062 533 demonstrent,
2085 462 2305 522 Matth.
2327 462 2453 520 viii.
2479 462 2573 535 17,
2601 464 2747 522 Luc.
2777 465 2923 523 xxii.

524 557 623 628 37,
652 556 827 613 Rom.
876 572 937 609 x.
990 548 1082 618 16,
1113 547 1145 604 1
1178 546 1307 603 Pet.
1352 543 1414 601 ii.
1460 543 1557 614 22,
1585 542 1682 613 24,
1713 540 1966 599 dubium
1994 542 2232 598 nullum
2261 558 2564 615 superesse
2589 550 2786 618 potest
2811 543 2926 601 nisi

526 640 739 710 sponte
766 628 1043 689 caecutire
1070 632 1132 683 et
1156 626 1235 681 ad
1264 630 1497 680 tantam
1523 622 1720 677 lucem
1747 618 2005 694 caligare
2032 618 2289 677 velimus
2312 640 2330 690 ;
2358 618 2577 696 Neque
2605 621 2704 678 hic
2731 640 2930 680 mora.

523 731 664 771 mur
689 710 732 769 J
736 710 1051 767 udaeorum
1076 704 1509 760 hodiernorum
1528 698 1744 755 deliria
1759 696 1866 772 qui
1893 699 2021 756 hoec
2041 698 2136 755 vel
2157 696 2200 755 J
2203 697 2342 755 osiae
2366 696 2538 773 Regi,
2563 707 2634 757 ut
2653 700 2928 758 Abraba-

522 791 665 861 niel,
690 789 787 845 vel
806 786 849 844 J
852 782 1107 853 eremias,
1127 786 1198 837 ut
1225 779 1300 838 R.
1322 777 1584 845 Saadiah
1612 794 1652 833 a
1679 775 1876 847 Gaon,
1905 775 2002 832 vel
2031 774 2382 833 Abrahamo
2411 784 2520 835 aut
2544 776 2724 849 Mosi,
2753 784 2824 834 ut
2850 777 2926 837 R.

526 868 803 936 Alscech,
822 864 920 921 vel
946 861 1173 937 populo
1189 858 1232 916 J
1236 859 1454 916 udai‘co
1476 856 1555 912 ad
1576 853 1984 929 captivitatem
2011 852 2448 927 Babylonicam
2475 857 2731 927 redacto,
2753 862 2822 913 ut
2849 856 2924 915 R.

528 946 774 1006 Salomo
801 942 844 1000 J
848 939 1031 1009 archi,
1060 938 1137 997 D.
1170 934 1415 994 Kimchi
1442 940 1504 991 et
1542 933 1652 990 alii
1695 931 1996 1008 applicare
2021 948 2245 1005 magno
2273 932 2583 990 molimine
2609 933 2926 1006 nituntur;

528 1024 683 1083 Cum
712 1040 787 1079 ex
816 1019 941 1077 suis
967 1015 1267 1091 magistris
1292 1011 1515 1071 revinci
1540 1016 1784 1086 queant,
1812 1009 1918 1083 qui
1943 1008 2226 1067 sincerius
2269 1010 2584 1084 loquentes
2621 1010 2754 1084 jam
2781 1012 2928 1070 olim

521 1105 638 1160 hoc
664 1098 899 1157 Messiae
929 1094 1325 1163 vindicarunt,
1348 1098 1419 1148 ut
1443 1096 1609 1165 patet
1629 1107 1704 1145 ex
1727 1086 2050 1146 chaldaica
2069 1088 2417 1163 paraphrasi
2438 1087 2481 1145 J
2485 1088 2800 1146 onathanis
2821 1091 2928 1149 ubi

522 1179 706 1238 verba
734 1176 1068 1249 Prophetae,
1087 1192 1135 1231 c.
1165 1172 1250 1229 lii.
1282 1170 1377 1241 13,
1408 1175 1443 1203 “
1468 1167 1622 1225 Ecce
1647 1165 1947 1239 intelliget
1971 1183 2176 1223 servus
2199 1167 2407 1224 meus”
2449 1166 2647 1224 reddit
2667 1190 2736 1226 sn
2753 1178 2924 1227 ...q-5„

520 1261 649 1317 πῆξις-υ
681 1274 797 1313 -ι-ιιν
832 1259 869 1287 “
888 1252 1039 1311 Ecce
1058 1248 1504 1326 prosperabitur
1519 1262 1725 1303 servus
1744 1260 1914 1300 meus
1929 1242 2240 1313 Messias,”
2263 1250 2324 1301 et
2341 1244 2417 1301 ab
2439 1245 2554 1301 hoc
2580 1245 2714 1301 loco
2743 1262 2926 1320 usque

525 1337 605 1394 ad
632 1338 814 1407 caput
853 1332 959 1389 liv.
989 1330 1192 1388 omnia
1237 1327 1418 1384 refert
1456 1324 1535 1381 ad
1576 1322 1895 1391 Messiam;
1939 1320 2024 1378 sic
2051 1320 2125 1378 R.
2157 1321 2400 1380 Salomo
2427 1322 2490 1379 in
2519 1324 2682 1379 hunc
2704 1323 2926 1393 locum,

525 1420 563 1448 “
584 1410 865 1485 Magistri
892 1408 1077 1466 nostri
1101 1407 1217 1482 pise
1244 1402 1545 1463 memoriae
1568 1401 1866 1459 affirmant
1892 1399 2022 1456 haec
2048 1400 2123 1457 de
2151 1398 2372 1458 Messia
2399 1400 2575 1471 dici,”
2605 1404 2728 1471 &c.,
2756 1401 2840 1459 sic
2864 1401 2922 1458 in

526 1489 839 1549 Midrasch
887 1487 1057 1545 Ruth
1102 1492 1162 1542 et
1202 1480 1509 1540 Bereschit
1552 1478 1768 1536 Rabba
1812 1477 1946 1534 loca
1993 1477 2162 1534 varia
2187 1496 2263 1536 ex
2308 1478 2423 1536 isto
2449 1478 2641 1553 capite
2687 1479 2926 1537 Messias

526 1566 1022 1634 transcribuntur,
1050 1562 1173 1621 vid.
1213 1558 1556 1633 Raymund,
1599 1554 1806 1613 Marti.
1851 1554 2056 1629 pugio.
2085 1556 2185 1613 fid.
2215 1575 2273 1631 p.
2303 1560 2360 1627 3,
2399 1556 2546 1631 disp.
2577 1556 2634 1627 3,
2663 1576 2710 1615 c.
2745 1559 2837 1629 10,
2866 1564 2927 1613 et

532 1646 639 1721 qui
675 1643 861 1701 ferme
888 1642 1093 1699 onmia
1138 1640 1215 1698 ab
1242 1657 1314 1696 eo
1357 1635 1564 1693 hausit
1606 1634 1673 1692 P.
1697 1632 1918 1692 Galati.
1948 1634 2023 1691 de
2050 1651 2188 1691 arca
2211 1632 2422 1692 Catho.
2450 1634 2620 1691 verit.
2665 1636 2768 1692 lib.
2799 1635 2924 1691 viii.

416 1757 423 1766 -
528 1742 655 1797 cap.
678 1722 779 1813 ⁶15,
813 1724 915 1777 διο.
958 1718 1133 1777 Nihil
1162 1716 1345 1775 etiam
1393 1732 1505 1770 nos
1532 1729 1774 1769 movere
1821 1712 2042 1768 debent
2070 1711 2352 1786 Hugonis
2371 1711 2566 1771 Grotii
2595 1712 2729 1771 Viri
2756 1721 2930 1771 caete-

522 1818 739 1875 roqmn
768 1797 989 1872 magni,
1019 1798 1122 1853 sed
1148 1794 1213 1851 in
1254 1793 1429 1850 rebus
1454 1790 1611 1860 fidei,
1649 1788 2039 1847 inconstantis
2066 1796 2127 1847 et
2155 1792 2624 1869 ἀλλοπςοσάλλου,
2655 1792 2931 1849 observa-

524 1878 737 1947 tiones,
747 1876 853 1951 qui
872 1875 984 1933 etsi
1000 1874 1063 1931 in
1079 1873 1286 1930 libello
1303 1872 1378 1927 de
1397 1867 1592 1941 Relig.
1614 1866 1909 1937 christia„
1931 1872 2128 1925 totum
2145 1868 2302 1926 illud
2322 1876 2503 1946 caput
2522 1871 2602 1928 ad
2625 1868 2932 1929 Christum

530 1956 847 2015 commoda
873 1973 944 2013 ac
969 1970 1111 2009 vera
1136 1946 1626 2023 interpretatione
1653 1944 1970 2015 retulisset,
1999 1952 2060 2002 et
2085 1948 2164 2003 ad
2192 1948 2431 2005 nullum
2461 1948 2652 2006 alium
2679 1966 2934 2022 congru-

527 2054 625 2093 ere
653 2034 1015 2103 affirmasset,
1044 2038 1105 2087 et
1124 2029 1189 2087 in
1214 2031 1475 2086 tractatu
1510 2024 1729 2081 eximio
1773 2024 1850 2081 de
1892 2022 2308 2083 satisfactione
2335 2028 2620 2083 adversus
2649 2026 2932 2085 Socinum

527 2112 694 2171 varia
720 2129 795 2169 ex
822 2129 893 2169 eo
921 2112 999 2169 ad
1029 2108 1375 2168 orthodoxae
1404 2101 1714 2161 sententiae
1741 2101 2250 2160 confirmationem
2278 2112 2634 2178 argumenta
2653 2104 2932 2180 petiisset,

528 2188 923 2248 nihilominus
950 2189 1013 2245 in
1041 2186 1199 2245 notis
1225 2184 1348 2242 suis
1374 2182 1450 2239 ad
1483 2180 1706 2238 Isaiam
1722 2181 1798 2237 de
1827 2178 2064 2239 Christo
2092 2181 2190 2238 vel
2215 2199 2432 2255 parum
2451 2182 2549 2240 vel
2575 2182 2729 2239 nihil
2755 2182 2930 2258 plane

528 2269 675 2328 dicit
708 2268 769 2324 in
800 2274 929 2325 tota
954 2265 1165 2340 capitis
1210 2262 1377 2319 illius
1419 2257 1808 2334 expositione,
1847 2257 2044 2315 dicam
2089 2259 2288 2317 verius
2314 2260 2759 2335 depravatione,
2781 2268 2841 2317 et
2868 2260 2930 2317 id
2971 2256 2976 2261 ’

530 2345 705 2403 unice
733 2344 1073 2418 quaesivisse
1101 2342 1345 2398 videtur
1384 2344 1455 2395 ut
1490 2335 1828 2394 ostenderet
1871 2337 2003 2392 haec
2049 2337 2254 2395 omnia
2280 2338 2356 2395 de
2384 2336 2428 2396 J
2429 2338 2650 2396 cremia
2675 2356 2932 2397 commo·

528 2423 767 2480 dissime
810 2439 981 2496 posse
1030 2416 1307 2490 intelligi,
1335 2422 1519 2489 atque
1562 2414 1649 2470 ita
1673 2413 1735 2469 in
1763 2413 2020 2488 gratiam
2047 2413 2091 2472 J
2095 2415 2412 2472 udaeorum
2439 2416 2778 2473 testimonia
2802 2417 2934 2474 haec

532 2499 737 2559 omnia
762 2498 1090 2558 clarissima
1112 2493 1460 2555 Christianis
1488 2491 1757 2567 eriperet,
1780 2492 1944 2566 quod
1966 2498 2026 2549 et
2046 2492 2192 2550 alibi
2212 2512 2330 2551 non
2355 2494 2536 2551 semel
2561 2512 2700 2552 eum
2725 2493 2931 2551 fecisse

532 2576 1034 2652 deprehendimus
1078 2574 1141 2631 in
1188 2570 1514 2629 illustrium
1558 2570 1939 2627 oraculorum
1980 2568 2130 2629 Vm
2179 2572 2632 2646 explanatione3
2673 2572 2802 2629 haec
2841 2570 2934 2627 in-

532 2675 718 2732 quam
759 2673 871 2713 nos
898 2670 1139 2711 movere
1180 2651 1656 2726 haudquaquam
1703 2649 1956 2706 debent:
1999 2648 2165 2707 Nam
2191 2656 2592 2724 praeterquam
2617 2651 2780 2724 quod
2805 2649 2934 2724 ipsa.

531 2734 716 2794 verba
742 2734 861 2791 alio
890 2730 1158 2807 torqueri
1184 2729 1311 2787 sine
1338 2728 1399 2784 vi
1438 2724 1756 2784 manifesta
1796 2744 1918 2784 non
1947 2735 2213 2802 possunt,
2243 2727 2378 2801 quis
2411 2728 2573 2785 enim
2598 2728 2694 2785 vel
2725 2745 2932 2802 regum

528 2816 629 2871 vel
655 2814 1087 2890 prophetarum
1105 2809 1227 2867 fuit
1248 2826 1329 2865 un
1372 2824 1514 2864 uam
1532 2805 1607 2861 de
1637 2823 1758 2879 quo
1786 2804 1904 2863 dici
1931 2805 2193 2879 potuerit
2217 2824 2358 2863 eum
2387 2812 2422 2839 “
2440 2824 2563 2864 non
2589 2806 2794 2863 fecisse
2821 2805 2937 2861 ini-

532 2894 825 2968 quitatem
874 2907 1068 2965 neque
1095 2888 1307 2945 dolum
1362 2884 1515 2942 uisse
1542 2882 1603 2939 in
1636 2900 1738 2939 ore
1765 2882 1818 2957 ej
1828 2884 1954 2957 uS,’'
1983 2902 2121 2943 cum
2149 2902 2326 2941 nemo
2353 2883 2533 2941 etiam
2565 2884 2932 2957 justissimus

530 2971 657 3029 sine
700 2976 940 3045 peccato
988 2966 1171 3039 vivat,
1223 2964 1399 3023 Prov.
1448 2980 1548 3019 xx.
1580 2960 1635 3035 9,
1671 2961 1700 3018 1
1732 2960 1775 3019 J
1780 2962 1876 3017 oh.
1913 2980 2037 3037 cap.
2067 2962 2106 3019 i.
2135 2962 2174 3019 8
2196 2966 2223 3021 Ρ
2263 2961 2399 3036 quis
2446 2962 2524 3021 de
2567 2980 2688 3039 quo
2735 2960 2934 3037 perhi-

528 3050 745 3110 beatur
786 3046 1017 3117 merit0,
1067 3064 1207 3101 eum
1249 3060 1370 3100 non
1420 3058 1533 3099 sua
1581 3040 1685 3096 sed
1714 3038 1910 3098 aliena
1956 3041 2140 3098 luisse
2168 3041 2432 3100 scelera?
2473 3040 2606 3115 quis
2633 3047 2934 3097 tantarum

532 3126 755 3184 virium
803 3130 872 3181 ut
916 3124 1102 3181 totius
1148 3120 1359 3197 populi
1412 3118 1757 3193 iniquitates
1783 3116 1939 3176 ferre
1988 3120 2267 3194 potuerit,
2297 3124 2358 3177 et
2383 3118 2628 3193 quidem
2653 3119 2740 3175 ita
2765 3124 2836 3175 ut
2859 3135 2936 3175 ex

534 3201 921 3275 castigatione
963 3200 1095 3275 ejus
1142 3216 1263 3273 pax
1296 3198 1406 3269 illi,
1452 3215 1527 3253 ex
1573 3194 1866 3253 livoribus
1909 3197 2139 3255 sanatio
2165 3205 2227 3256 et
2253 3198 2414 3256 salus
2440 3196 2554 3271 ipsi
2580 3196 2936 3271 contigerit?

531 3279 667 3354 quis
694 3277 953 3351 denique
979 3277 1065 3333 ita
1091 3277 1245 3334 mori
1274 3283 1343 3333 ut
1368 3280 1642 3348 resurgat
1673 3280 1734 3331 et
1770 3291 1970 3333 semen
1999 3275 2202 3334 videat
2227 3282 2538 3343 aeternum,
2568 3289 2706 3349 quae
2734 3274 2938 3333 omnia

530 3359 607 3415 de
633 3358 749 3412 hoc
776 3362 979 3413 nostro
1007 3354 1329 3411 dicuntur?
1374 3352 1627 3411 Accedit
1651 3350 1830 3409 etiam
1859 3354 2022 3427 quod
2045 3353 2138 3410 illi
2159 3372 2294 3412 cum
2311 3352 2530 3428 quibus
2547 3352 2680 3425 jam
2701 3352 2937 3425 agimus

530 3434 617 3492 rei
644 3432 957 3491 veritatem
982 3430 1221 3489 diffiteri
1249 3449 1373 3489 non
1418 3430 1664 3505 possint,
1694 3429 1985 3505 nobisque
2022 3433 2136 3490 hac
2173 3432 2238 3489 in
2264 3436 2432 3507 parte
2459 3429 2812 3505 adstipulari
2839 3448 2936 3487 co-

531 3519 793 3588 gantur3
834 3516 1065 3567 remota
1092 3509 1293 3585 itaque
1319 3528 1357 3567 a
1383 3508 1622 3567 cardine
1648 3509 1762 3565 hac
1802 3508 1877 3566 de
1905 3510 2173 3584 subjecto
2201 3509 2385 3568 totius
2410 3507 2674 3565 vaticinii
2701 3514 2937 3567 contro-

534 3590 745 3661 versia,
776 3591 853 3648 ad
882 3588 1242 3665 peculiarem
1268 3588 1401 3663 ejus
1426 3586 1889 3661 applicationem
1917 3589 2352 3647 transeundum
2380 3594 2486 3643 est.

614 3667 735 3726 IV.
780 3666 871 3727 Ut
898 3686 1040 3725 vero
1066 3665 1303 3724 facilius
1330 3666 1421 3723 vis
1468 3669 1963 3737 argumentorum
2009 3667 2072 3723 in
2101 3668 2217 3725 hoc
2241 3666 2484 3723 oraculo
2510 3682 2618 3739 pro
2645 3664 2938 3722 sententia

531 3754 738 3805 nostra
763 3746 1083 3805 latentium
1121 3743 1624 3818 deprehendatur,
1653 3742 1896 3799 brevem
1937 3745 2230 3819 analysim
2259 3750 2320 3801 et
2345 3741 2592 3819 ἐξήγησιν
2618 3744 2936 3801 verborum

532 3826 754 3900 quibus
798 3825 915 3881 hoc
960 3822 1314 3897 mysterium
1360 3818 1738 3897 potissimum
1785 3819 2144 3881 describitur
2174 3821 2486 3880 instituere
2511 3824 2680 3898 prius
2706 3838 2940 3877 necesse

528 3910 636 3961 est.
705 3901 1035 3977 Postquam
1076 3918 1219 3973 ergo
1247 3899 1556 3974 propheta,
1586 3914 1708 3953 ver.
1759 3897 1814 3955 2.
1857 3906 1919 3956 et
1945 3898 2021 3971 3.,
2051 3900 2404 3958 tenuitatem
2446 3906 2508 3959 et
2533 3899 2938 3958 infirmitatem

533 3980 773 4051 Christi,
802 3978 1379 4053 abjectissimamque
1405 3976 1539 4050 ejus
1586 3974 1842 4050 speciem
1870 3978 2176 4054 descripsit
2203 3978 2314 4036 sub
2343 3976 2736 4036 similitudine
2765 3980 2804 4010 “
2820 3976 2936 4051 vir-

530 4060 689 4133 gulti
716 4057 943 4115 teneri'’
972 4062 1082 4112 aut
1129 4062 1165 4089 “
1188 4055 1403 4112 radicis
1446 4055 1519 4111 de
1564 4060 1729 4110 terra
1754 4071 2004 4114 arenosa
2043 4065 2104 4115 et
2129 4056 2316 4115 sterili
2343 4055 2698 4131 surgentis,’'
2727 4055 2850 4111 imo
2877 4061 2942 4111 et

528 4137 897 4195 calamitates
923 4134 1119 4191 varias
1144 4132 1347 4207 attigit
1373 4131 1590 4207 quibus
1616 4133 1875 4189 exerceri
1919 4136 2128 4193 debuit
2172 4134 2392 4210 quibus
2417 4136 2587 4192 fieret
2613 4140 2683 4191 ut
2706 4132 2770 4191 in
2797 4151 2939 4189 con-

528 4222 823 4290 temptum
851 4211 1166 4269 hominum
1188 4212 1435 4280 veniret,
1466 4210 1571 4285 qui
1592 4208 2003 4283 praedicationi
2030 4212 2390 4287 evangelicae
2419 4219 2734 4289 propterea
2757 4212 2940 4269 fidem

529 4290 875 4366 derogaturi
902 4300 1089 4360 erant,
1118 4307 1190 4347 eo
1218 4291 1384 4365 quod
1419 4288 1482 4344 in
1513 4287 1754 4346 Christo
1789 4288 1944 4347 nihil
1991 4290 2104 4349 nisi
2133 4292 2308 4348 dolor
2333 4298 2394 4349 et
2421 4290 2732 4347 infirmitas
2757 4306 2940 4365 appa·

532 4376 705 4437 reret,
749 4374 786 4402 ‘⁸
804 4369 1176 4442 despectus,”
1203 4366 1421 4443 inquit,
1453 4373 1487 4399 “
1510 4373 1571 4423 et
1597 4366 1856 4441 rejectus
1884 4368 2042 4427 inter
2068 4368 2360 4441 homines,
2392 4369 2484 4425 vir
2511 4368 2810 4439 dolorum,
2839 4384 2944 4442 pe-

530 4444 681 4501 ritus
703 4444 1082 4516 infirmitatis,
1112 4446 1283 4523 quasi
1312 4444 1730 4504 abscondimus
1755 4443 1969 4505 faciem
1997 4448 2073 4504 ab
2099 4448 2208 4505 illo
2236 4454 2298 4505 et
2324 4446 2503 4504 nihili
2531 4445 2944 4524 reputavimus

528 4522 733 4577 eum.”
779 4520 921 4577 Jam
950 4540 1070 4579 ver.
1100 4524 1157 4593 4,
1176 4524 1469 4581 rationem
1506 4522 1706 4581 reddit
1724 4520 2160 4583 humiliationis
2196 4533 2256 4583 et
2277 4524 2694 4583 calamitatum
2721 4521 2942 4585 Christi

526 4607 597 4657 ut
625 4602 895 4657 occurrat
919 4600 1201 4659 scandalo
1229 4602 1393 4675 quod
1420 4619 1495 4659 ex
1534 4618 1607 4659 ea
1635 4602 2106 4663 consideratione
2128 4604 2272 4662 oriri
2289 4609 2544 4681 poterat,
2589 4608 2625 4637 “
2642 4620 2786 4662 sane
2813 4602 2946 4659 lan·
