3234 5192
261 372 486 412 msrcr.
517 350 616 432 m]
1005 365 1230 406 xosrnA
1261 365 1338 406 As
1367 365 1648 407 nectesu
1676 367 1945 410 noun-A.
2608 355 2681 410 41

256 513 490 591 proprio
519 509 893 569 devotionem
923 507 1198 566 exhibent
1225 515 1346 565 tam
1373 507 1434 564 in
1461 507 1586 566 vita
1611 527 1785 585 quam
1816 511 1875 568 in
1920 519 2122 584 morte,
2168 511 2327 587 ibid„
2374 515 2411 544 ‘⁶
2432 511 2687 571 Obsecro

249 603 324 666 te,
343 591 612 668 angelice
635 590 904 667 Spiritus,
937 587 1030 645 cui
1059 605 1168 664 ego
1191 585 1466 663 indignus
1487 597 1757 664 peccator
1795 590 1871 648 ad
1894 590 2314 666 providendum
2344 593 2687 650 commissus

251 693 396 746 sum,
425 680 489 730 ut
517 670 914 729 indesinenter
954 675 1241 743 protegaS,
1274 665 1568 741 defendas,
1599 669 1861 744 mundes,
1906 670 2133 728 munias
2160 689 2251 728 me
2280 671 2357 728 ab
2396 673 2551 728 omni
2600 672 2686 728 in-

249 772 424 811 cursu
471 749 767 808 Diaboli.”
855 746 1233 806 Luculentius
1274 764 1414 805 vero
1455 747 1566 804 hoc
1607 767 1685 806 ex
1727 750 1888 808 cultu
1942 751 2283 808 Sanctorum
2326 769 2361 806 a
2402 749 2482 808 ud
2528 751 2689 827 ipsos

249 823 552 909 praecep&
585 837 646 887 et
685 828 902 886 usitato
942 826 1232 904 probatur,
1265 825 1366 902 qui
1407 835 1568 886 tanto
1609 827 1683 886 iis
1710 829 2019 888 exhibetur
2046 829 2237 888 studio
2266 839 2325 888 et
2374 849 2593 903 ervore,
2622 837 2691 888 ut

251 913 596 987 Espensoeus
623 909 684 966 in
713 911 748 965 2
780 906 930 964 Tim.
961 906 1042 964 iii.
1073 905 1338 979 fateatur,
1366 909 1402 939 ‘⁸
1419 908 1725 984 plerosque
1748 928 1949 968 omnes
1990 908 2145 986 apud
2172 909 2330 986 ipsos
2358 928 2473 967 non
2496 909 2689 968 minus

251 991 430 1048 fidere
459 1010 530 1048 ac
559 987 812 1046 tribuere
839 985 1010 1043 Divis
1037 1005 1210 1062 quam
1243 985 1386 1060 Deo,
1417 987 1554 1062 quia
1581 988 1735 1046 hunc
1764 1008 1937 1064 quam
1966 989 2099 1048 illos
2126 989 2317 1048 minus
2344 988 2687 1066 placabilem

251 1079 460 1148 putant
481 1079 542 1126 et
569 1064 986 1138 exorabilem,''
1017 1075 1076 1122 et
1103 1065 1279 1137 Vives,
1303 1066 1364 1122 in
1395 1065 1648 1142 August.
1682 1069 1753 1125 de
1785 1069 1848 1126 C.
1882 1069 1955 1127 D.
2000 1069 2101 1128 lib.
2133 1069 2405 1146 viii.·cap.
2437 1073 2553 1140 27„
2600 1068 2685 1126 in-

255 1169 446 1226 genue
473 1154 772 1224 agnoscat,
805 1164 866 1203 se
911 1147 948 1177 ‘⁴
971 1163 1086 1201 non
1115 1144 1312 1202 videre
1343 1145 1400 1202 in
1429 1146 1646 1219 multis,
1677 1146 1835 1224 quod
1880 1148 1957 1207 sit
1982 1148 2289 1208 discrimen
2312 1150 2461 1208 inter
2488 1167 2687 1207 eorum

257 1228 588 1306 opinionem
617 1226 690 1284 de
721 1225 954 1297 sanctie,
978 1233 1038 1282 et
1063 1223 1220 1300 quod
1273 1221 1539 1284 Gentiles
1565 1227 1849 1302 putabant
1890 1227 1963 1286 de
1994 1229 2124 1286 Diis
2153 1229 2330 1288 suis.”
2417 1229 2687 1304 Longum

257 1316 415 1366 esset
457 1324 756 1365 recensere
785 1304 1074 1362 orationes
1122 1303 1330 1378 variae,
1363 1305 1576 1380 quibus
1626 1305 1871 1364 Sanctos
1914 1315 1975 1365 et
2027 1308 2269 1366 Sanctae
2319 1308 2683 1383 compellant,

259 1407 382 1444 non
411 1387 594 1444 solum
622 1394 688 1443 ut
716 1383 1140 1457 intercessores,
1187 1382 1290 1442 sed
1330 1391 1396 1442 ut
1437 1393 1789 1461 protectores
1828 1403 1863 1441 a
1890 1386 2075 1460 malis,
2122 1395 2179 1444 et
2222 1387 2525 1462 largitores
2568 1387 2689 1444 suis

267 1466 490 1524 meritis
529 1465 750 1542 gratiae,
779 1462 916 1520 vide
957 1465 1190 1520 Hortul.
1233 1464 1469 1536 Animae,
1515 1472 1570 1520 et
1609 1465 1936 1540 Brevioria,
1961 1465 2061 1523 ubi
2103 1467 2317 1542 passim
2362 1475 2687 1523 occurrunt.

267 1549 306 1578 ‘⁴
339 1545 515 1618 Nos,’'
557 1545 749 1621 inquit
797 1541 929 1600 Biel
977 1542 1036 1599 in
1081 1557 1280 1618 expos.
1324 1543 1540 1601 Canon.
1585 1543 1801 1620 Missae,
1846 1544 1980 1604 lect.
2010 1547 2126 1619 30„
2175 1543 2573 1602 “fiducialiter
2614 1542 2690 1601 ad

269 1626 512 1684 Sanctos
539 1623 904 1694 recurrimus,
935 1641 1132 1680 eorum
1174 1623 1504 1680 memoriam
1550 1634 1910 1699 venerantes,
1940 1633 2007 1684 ut
2035 1645 2141 1682 nos
2182 1623 2412 1701 fragiles
2440 1631 2497 1682 et
2538 1642 2690 1682 mor-

263 1705 411 1762 tales
433 1722 770 1775 mereamur,
795 1720 988 1758 eorum
1012 1701 1232 1759 meritis
1269 1708 1329 1759 et
1355 1702 1623 1778 precibus
1652 1703 1727 1762 ad
1746 1723 1943 1762 eorum
1972 1704 2418 1763 immortalitatis
2446 1703 2691 1780 gloriam

265 1783 624 1860 pervenire.”
711 1782 802 1839 Eo
831 1788 1092 1856 spectant
1117 1799 1318 1856 preces
1345 1781 1460 1839 illae
1489 1782 1683 1857 variae,
1716 1801 1845 1859 qum
1888 1792 2009 1842 tum
2052 1783 2127 1842 ad
2158 1783 2473 1860 Apostolos
2501 1783 2561 1840 in
2590 1803 2689 1860 ge·

267 1883 418 1934 nere,
449 1871 576 1921 tum
599 1861 678 1920 ad
718 1859 980 1936 singulos
1021 1858 1364 1934 diriguntur,
1409 1861 1470 1918 in
1515 1861 1725 1920 Hortu.
1771 1863 1995 1937 animae,
2043 1867 2078 1896 “
2108 1863 2159 1922 Ο
2200 1864 2355 1923 beati
2398 1864 2687 1940 Apostoli,

270 1943 476 2002 solvite
503 1961 596 2000 me
625 1961 664 1999 a
689 1938 962 2017 peccatis,
1007 1935 1298 1997 defendite
1339 1959 1448 2014 me,
1481 1940 1801 2000 confortate
1842 1962 1951 2018 me,
1984 1951 2041 2002 et
2082 1942 2157 2000 ad
2184 1945 2419 2004 eoeleste
2447 1963 2691 2022 regnum

267 2043 356 2080 me
385 2021 742 2100 perducite,’'
786 2027 848 2078 et
873 2019 933 2075 in
977 2017 1278 2076 Breviario
1308 2019 1570 2078 Romano
1597 2020 1657 2078 in
1692 2022 1933 2099 Aposto.
1964 2022 2131 2082 feste.

925 2203 1034 2260 Vos
1059 2201 1196 2259 secli
1215 2203 1364 2276 justi
1385 2204 1625 2278 judices,

921 2283 1006 2339 Et
1041 2301 1178 2338 vera
1205 2283 1402 2340 mundi
1427 2285 1657 2356 lumina,

929 2361 1078 2418 Votis
1095 2381 1408 2436 precamur
1450 2364 1721 2440 cordium,

917 2440 1122 2498 Audite
1141 2459 1339 2516 preces
1365 2443 1697 2518 supplicum.

924 2519 1042 2584 Qui
1064 2522 1256 2578 coelum
1283 2523 1446 2580 verbo
1475 2523 1750 2598 clauditis,

914 2599 1194 2675 Sera-sque
1221 2603 1337 2675 ejus
1361 2603 1585 2677 εοῖιήειζς,

916 2679 1040 2736 Nos
1067 2701 1104 2736 α
1125 2681 1370 2755 peccatis
1397 2682 1645 2738 omnibus

917 2759 1126 2816 Solvite
1135 2763 1318 2834 jussu,
1349 2781 1678 2835 quaesumm.

927 2837 1182 2904 Quorum
1199 2849 1486 2915 pra-cepto
1512 2841 1768 2897 subditur

919 2917 1088 2974 Salus
1116 2927 1168 2976 et
1195 2921 1436 2993 lanquor
1463 2920 1723 2990 omnium,

919 2997 1132 3055 Sanate
1159 3017 1339 3072 αρν-οε
1365 2999 1627 3068 moribus,

913 3077 1037 3134 Nos
1063 3078 1354 3134 reddentes
1382 3076 1688 3133 virtutibus.

282 3257 355 3318 Et
379 3260 454 3318 ad
483 3260 720 3319 Petrum
751 3259 834 3318 ibi
863 3259 922 3317 in
950 3257 1097 3319 festo
1128 3259 1324 3334 Petri„

915 3445 1056 3501 Jam
1083 3445 1219 3502 bone
1237 3453 1444 3520 pastor
1471 3445 1657 3518 Petre,
1683 3447 1915 3503 clemens
1941 3447 2131 3524 accipe

929 3525 1072 3580 Vota
1089 3525 1459 3598 peccantium,
1493 3533 1548 3581 et
1561 3526 1787 3598 peccati
1802 3525 2023 3583 vincula

919 3603 1170 3674 Resona,
1201 3603 1298 3660 tibi
1312 3612 1588 3679 potestate
1615 3605 1846 3678 tradita,

923 3681 1042 3747 Qui
1065 3683 1270 3740 cunct&
1296 3685 1490 3741 eaelum
1516 3685 1681 3741 verbo
1708 3685 1941 3760 claudis,
1972 3688 2181 3762 aperis·

282 3837 440 3896 Idem
481 3839 650 3898 facile
691 3836 918 3896 ostendi
959 3849 1158 3916 posset
1183 3841 1256 3900 de
1297 3841 1428 3900 aliis
1457 3842 1775 3919 Apostolis,
1806 3853 1866 3902 et
1907 3843 1979 3902 de
2028 3845 2253 3902 Sanctis
2281 3843 2381 3920 qui
2425 3844 2693 3920 religiose

279 3917 631 3978 invocantur.
721 3916 892 3975 Unde
915 3919 1040 3996 jam
1066 3921 1265 3996 liquet,
1295 3923 1616 3998 praecipuas
1659 3931 1717 3981 et
1744 3924 2042 4000 primarias
2071 3923 2255 3980 divini
2282 3923 2474 3980 cultus
2501 3933 2693 4000 partes

285 3997 598 4056 Ecclesiam
631 3996 952 4055 Romanam
985 4001 1214 4060 Sanctis
1251 3999 1538 4060 defunctis
1587 4003 1880 4061 exhibere.
1966 4003 2189 4062 Caetera
2235 4021 2365 4078 quae
2393 4002 2467 4059 ad
2497 4003 2691 4080 religi·

280 4077 412 4138 onia
431 4078 650 4136 cultum
698 4076 1004 4152 pertinent,
1043 4080 1358 4154 juramenti
1399 4083 1849 4158 conceptionem,
1882 4090 2147 4140 votorum
2188 4082 2691 4158 nuncupationem,

281 4155 620 4232 templorum
659 4162 719 4213 et
765 4155 1030 4215 altarium
1059 4159 1421 4235 erectionem,
1454 4161 1729 4220 festorum
1758 4161 2263 4234 consecrationem,
2311 4167 2371 4218 et
2398 4161 2475 4234 id,
2507 4181 2693 4237 genus

283 4233 388 4372 alig
429 4236 490 4292 in
533 4235 810 4293 honorem
857 4237 1198 4296 Sanctorum
1237 4238 1381 4314 fieri,
1413 4241 1606 4300 notius
1634 4249 1741 4316 est,
1772 4259 1945 4317 quam
1974 4247 2040 4298 ut
2065 4239 2403 4316 probatione
2432 4241 2691 4320 indigere

282 4313 336 4370 vi
377 4323 560 4373 eatur.

339 4409 658 4457 canonizatio
767 4393 1016 4453 XVIII.
1057 4396 1204 4455 Haec
1231 4417 1372 4456 vero
1399 4398 1592 4456 omnia
1620 4397 1811 4456 cultus
1840 4396 2095 4474 religiosi
2126 4417 2265 4475 erga
2297 4399 2541 4460 Sanctos
2568 4403 2689 4462 offi-

339 4469 645 4515 sanctorum.
727 4473 818 4530 cia
843 4473 1157 4535 fundantur
1199 4477 1259 4533 in
1287 4497 1484 4536 eorum
1517 4477 1968 4550 Canonz'zatione,
2001 4495 2116 4553 qua
2152 4497 2227 4536 ex
2256 4479 2486 4540 decreto
2518 4482 2690 4560 Papae

281 4557 336 4607 et
364 4548 600 4627 Papalis
631 4549 968 4612 Consistorii
997 4555 1304 4616 defunctus
1325 4557 1535 4632 aliquis
1562 4566 1797 4634 propter
1816 4557 2028 4615 bonam
2058 4557 2265 4617 famam
2296 4571 2355 4620 et
2380 4562 2687 4620 miraculo-

281 4645 400 4686 rum
429 4628 784 4689 evidentiam
811 4633 1142 4694 inscribitur
1160 4636 1442 4714 Catalogo
1475 4637 1834 4712 Sanctorum,
1860 4643 1919 4694 et
1940 4639 2183 4714 jubetur
2202 4640 2401 4698 haberi
2436 4643 2686 4700 Sanctus
