3234 5192
560 354 593 406 7
604 351 639 407 2
1347 364 1425 405 ns
1454 362 1818 406 necessum
1849 360 2196 405 πει-1008510113
2603 341 2862 423 [DISPUT.
2895 362 2990 401 111.

561 507 637 566 ad
666 508 1026 567 sanctitatem
1058 506 1435 566 Eucharistiae
1477 504 1896 565 conciliandam
1919 526 1933 581 3
1979 504 2040 561 in
2069 503 2219 561 collo
2247 521 2323 560 ex
2351 500 2661 562 devotione
2689 511 2748 561 et
2774 502 2996 561 fiducia

564 588 641 646 ad
672 588 861 646 Deum
890 595 948 646 et
994 588 1238 646 Sanctos
1256 587 1509 665 portari3
1548 586 1721 645 tactis
1748 586 2009 661 reliquiis
2042 585 2374 661 juramenta
2409 583 2572 659 fieri3
2618 592 2677 641 et
2707 584 2808 641 tali
2850 583 2989 641 reli-

566 668 747 745 giosae
794 668 1155 725 venerationi
1182 666 1549 743 reliquiarum
1594 666 1856 743 gratiam,
1901 664 2196 738 beneficia,
2229 662 2542 721 efficaciam
2569 682 2804 739 precum
2830 662 2995 739 apud

564 765 662 806 eas
689 746 961 823 fusamm,
993 756 1053 806 et
1099 746 1493 805 remissionem
1536 753 1902 823 peccatorum
1951 742 2214 819 obtineri,
2246 762 2375 819 quae
2403 742 2598 801 omnia
2644 743 2774 801 luce
2815 742 2990 801 meri·

564 826 737 885 diana
763 826 973 885 clarius
1001 826 1211 886 docent
1237 826 1507 903 religiose
1534 844 1633 884 eas
1661 826 1792 884 coli.

648 905 967 965 XXXVI.
1014 906 1102 965 Ne
1150 926 1289 965 vero
1316 907 1427 963 1100
1454 906 1597 982 ipsis
1641 904 1786 963 falso
1829 912 1888 963 et
1931 921 2228 981 perperam
2271 922 2308 959 a
2360 900 2530 959 nobis
2557 900 2804 978 impingi
2847 919 2990 978 que-

560 994 778 1061 rantur,
808 984 968 1062 quod
1009 986 1253 1045 subinde
1280 984 1467 1043 facere
1489 985 1693 1059 solent,
1714 983 1969 1061 graviter
1991 980 2380 1041 succensendo
2402 981 2734 1040 doctoribus
2755 982 2989 1057 nostris,

565 1066 681 1123 imo
711 1074 770 1124 et
795 1064 1081 1123 mendacii
1127 1084 1227 1124 eos
1270 1064 1610 1139 accusandO,
1663 1064 1801 1123 dum
1827 1064 2099 1139 reliquias
2139 1062 2212 1119 ab
2255 1062 2398 1137 ipsis
2427 1061 2653 1119 adorari
2689 1069 2748 1120 et
2775 1061 2996 1120 divinis

564 1145 881 1204 honoribus
892 1144 1042 1203 affici
1058 1146 1331 1221 scribunt,
1346 1153 1412 1204 ut
1432 1145 1816 1203 Bellaminus
1833 1143 1936 1201 lib.
1957 1147 2013 1201 2.
2033 1141 2104 1201 de
2125 1141 2409 1218 Reliquiis
2421 1149 2480 1199 et
2502 1141 2709 1217 Imagi.
2727 1140 2991 1199 Sanctor.

568 1244 619 1283 0.
652 1227 750 1283 23.
840 1226 875 1257 “
898 1226 1077 1301 Nos,'’
1118 1226 1324 1303 inquit,
1360 1224 1690 1301 “reliquias
1731 1224 2079 1282 honoramus
2119 1230 2178 1280 et
2206 1221 2546 1296 osculamur,
2578 1230 2644 1279 ut
2673 1240 2832 1279 sacra
2857 1220 2990 1296 pig-

568 1324 713 1363 nora
739 1312 1112 1383 patronorum
1138 1312 1481 1380 nostrorum,
1506 1304 1609 1363 sed
1631 1324 1736 1363 nec
1754 1304 2058 1362 adoramus
2085 1310 2150 1361 ut
2181 1303 2387 1376 Deum,
2416 1320 2524 1359 nec
2545 1301 2880 1359 invocamus
2922 1310 2995 1358 ut

574 1385 876 1444 Sanctos.'’
919 1385 1239 1445 Videamus
1266 1404 1341 1443 an
1370 1404 1485 1441 non
1500 1386 1660 1462 juste
1686 1385 1798 1443 hoc
1837 1384 1979 1461 ipsis
2005 1382 2307 1441 tribuatur.
2393 1381 2587 1438 Primo
2598 1379 2992 1439 adorationem

570 1465 741 1523 istam
770 1466 1048 1525 sancitam
1077 1474 1135 1524 et
1162 1466 1536 1543 approbatam
1562 1464 1740 1523 fuisse
1769 1464 1829 1521 in
1875 1462 2133 1521 Concilio
2163 1462 2216 1519 N
2220 1462 2400 1520 icaeno
2430 1460 2514 1519 II.
2557 1468 2718 1537 patet
2754 1480 2831 1519 ex
2857 1479 2990 1519 ver—

570 1545 663 1603 bis
692 1544 961 1603 Actionis
1010 1546 1140 1620 IV.‚
1188 1548 1223 1578 ‘⁴
1247 1546 1410 1620 Ossa,
1458 1544 1696 1617 cineres,
1747 1562 1984 1621 pannos,
2030 1542 2340 1619 sepulchra·
2375 1540 2622 1617 denique
2663 1538 2988 1615 adoramus,

574 1624 693 1683 illis
721 1632 915 1683 tamen
941 1644 1060 1682 non
1102 1624 1545 1683 sacrificamus.''
1633 1622 1954 1681 Concilium
1994 1620 2393 1681 Tridentinum
2435 1618 2638 1677 eodem
2666 1638 2838 1677 sensu
2866 1619 2990 1676 eul-

576 1712 703 1763 tum
732 1703 905 1761 istum
934 1704 1250 1778 confirmat,
1288 1705 1441 1761 Sess.
1492 1706 1588 1761 25.
1637 1704 1884 1761 Decreto
1912 1702 1986 1760 de
2036 1702 2410 1761 Invocatione
2464 1700 2724 1759 Sanctor.
2751 1698 2993 1756 mandat

578 1782 888 1860 Episcopis
930 1792 997 1842 ut
1038 1784 1299 1857 doceant,
1348 1786 1384 1815 “
1404 1782 1731 1859 Martyrum
1772 1790 1831 1841 et
1859 1781 2100 1840 aliorum
2129 1790 2456 1840 sanctorum
2483 1798 2613 1837 cum
2645 1778 2873 1837 Christo
2902 1778 2992 1835 vi-

576 1862 836 1921 ventium
864 1882 1103 1939 corpora
1131 1882 1166 1920 a
1192 1862 1461 1920 fidelibus
1488 1880 1615 1919 esse
1645 1860 1990 1937 veneranda,
2018 1880 2122 1938 per
2140 1880 2270 1938 quae
2290 1860 2475 1919 multa
2499 1859 2780 1917 beneficia
2806 1859 2992 1917 homi-

576 1942 751 2001 nibus
778 1962 813 1999 a
842 1942 971 2001 Deo
1009 1950 1371 2018 praestantur.
1415 1941 1562 1999 Tum
1582 1962 1682 2000 eos
1701 1961 1898 2001 omnes
1920 1940 2277 1999 damnandos
2305 1959 2430 1998 esse
2449 1939 2798 2017 pronuntiat,
2839 1940 2876 1971 “
2893 1939 2996 2015 qui

576 2022 861 2080 affirmant
908 2022 1248 2081 Sanctorum
1295 2021 1552 2098 reliquiis
1606 2022 2034 2080 venerationem
2075 2029 2248 2097 atque
2293 2020 2570 2077 honorem
2617 2038 2734 2077 non
2775 2017 2992 2091 deberi,

578 2101 675 2159 vel
730 2120 829 2159 eos
857 2101 1083 2178 aliaque
1128 2120 1288 2159 sacra
1315 2110 1686 2160 monumenta
1724 2122 1760 2160 a
1797 2102 2069 2160 fidelibus
2095 2099 2374 2158 inutiliter
2399 2098 2685 2172 honorari,
2709 2106 2768 2156 et
2795 2116 2993 2155 eorum

582 2181 710 2259 opis
736 2180 1110 2258 impetrandae
1138 2200 1327 2256 causa,
1364 2182 1704 2240 Sanctorum
1732 2181 2038 2240 memorias
2065 2180 2276 2238 frustra
2301 2177 2666 2256 frequentari,
2697 2187 2869 2255 prout
2885 2197 2997 2236 -eos

572 2259 919 2339 jampridem
948 2260 1247 2319 damnavit
1290 2269 1347 2319 et
1376 2280 1527 2319 nune
1555 2262 1730 2320 etiam
1773 2261 2010 2319 damnat
2052 2260 2373 2318 Ecclesia.”
2441 2258 2560 2318 Ubi
2587 2259 2724 2317 lieet
2751 2258 2994 2316 subdole

578 2348 637 2399 et
653 2340 859 2400 callide
888 2360 1045 2399 more
1074 2360 1178 2399 suo
1226 2360 1406 2417 agens
1439 2342 1709 2417 Synodus
1743 2342 2030 2399 abstineat
2073 2339 2306 2418 quidem
2335 2338 2408 2397 ab
2449 2339 2802 2397 adorationis
2827 2358 2990 2411 voce,

579 2428 639 2478 et
676 2420 855 2478 solius
882 2421 1251 2479 venerationis
1278 2429 1337 2479 et
1384 2422 1609 2480 honoris
1637 2421 1982 2496 meminerit,
2008 2418 2430 2497 superstitionis
2458 2437 2578 2477 suae
2604 2417 2856 2476 dedecus
2885 2418 2994 2475 sub

578 2499 991 2557 vocabulorum
1020 2500 1261 2559 istorum
1288 2500 1664 2577 ambiguitate
1691 2520 1916 2578 regens,
1947 2520 2064 2559 non
2105 2500 2275 2557 aliam
2303 2508 2492 2557 tamen
2523 2518 2650 2556 esse
2679 2498 2807 2575 ejus
2833 2516 2992 2555 men·

581 2588 717 2654 tem,
765 2598 937 2656 quam
966 2580 1183 2645 cultum
1232 2580 1567 2655 religiosum
1608 2581 1870 2657 reliquiis
1933 2580 2192 2639 debitum
2240 2578 2625 2657 praescribere,
2655 2578 2752 2636 vel
2797 2594 2872 2635 ex
2923 2595 2993 2635 eo

580 2667 777 2737 patere
805 2668 1012 2737 potest,
1044 2659 1202 2737 quod
1238 2658 1473 2718 damnet
1500 2678 1600 2719 eos
1643 2662 1746 2737 qui
1785 2660 2069 2719 affirmant
2100 2661 2440 2727 Sanctorum
2467 2657 2728 2735 reliquiis
2753 2676 2992 2715 venera·

580 2740 796 2799 tionem
826 2748 997 2817 atque
1020 2742 1296 2799 honorem
1324 2758 1441 2797 non
1468 2739 1683 2816 deberi,
1715 2741 1926 2817 quibus
1952 2740 2146 2799 verbis
2168 2740 2406 2798 dubium
2433 2758 2548 2796 non
2569 2746 2673 2812 est,
2705 2736 2844 2813 quin
2865 2756 2992 2814 per-

582 2819 833 2897 stringat
884 2820 1149 2879 doctores
1204 2828 1449 2895 nostros,
1507 2838 1624 2878 non
1686 2820 1843 2897 quod
1893 2821 2169 2880 honorem
2223 2819 2482 2877 debitum
2541 2818 2880 2877 Sanctorum
2936 2828 2996 2874 et

580 2899 839 2959 fidelium
881 2898 1213 2978 corporibus
1242 2900 1611 2978 denegemus,
1660 2900 1760 2977 qui
1789 2901 2052 2959 consistit
2077 2901 2139 2958 in
2185 2900 2428 2957 honesta
2475 2897 2770 2974 sepultura
2793 2905 2874 2975 vet
2899 2895 2996 2973 pia

584 2980 861 3055 custodia,
894 3000 1065 3059 quem
1094 3000 1130 3039 a
1156 2980 1324 3039 nobis
1352 2981 1469 3039 illis
1498 2980 1708 3039 deferri
1737 2989 1825 3040 sat
1851 2990 2053 3041 notum
2073 2989 2178 3053 est,
2211 2979 2314 3037 sed
2359 2978 2518 3055 quod
2545 2976 2992 3051 venerationem,

582 3069 641 3119 et
666 3060 1002 3137 religiosum
1027 3062 1305 3120 honorem
1332 3060 1450 3119 illis
1477 3060 1718 3119 reddere
1735 3078 2080 3120 recusemus.
2126 3058 2294 3133 Quod
2311 3078 2388 3117 ex
2409 3078 2477 3117 eo
2495 3058 2668 3116 etiam
2685 3056 2992 3133 colligitur,

582 3140 813 3215 quando
862 3139 1081 3199 addunt
1129 3142 1303 3199 talem
1346 3160 1473 3200 esse
1521 3141 1968 3215 venerationem,
2014 3159 2118 3217 per
2143 3158 2316 3215 quam
2359 3157 2520 3196 sacra
2545 3144 2919 3195 monumenta
2963 3156 2998 3194 a

582 3218 852 3275 fidelibus
879 3219 1328 3294 frequentantur,
1360 3228 1419 3278 et
1456 3238 1654 3279 eorum
1689 3222 1814 3296 opis
1841 3218 2214 3297 impetrandae
2243 3238 2416 3276 causa
2443 3216 2732 3275 memoriae
2759 3216 2994 3275 Sancto-

582 3312 709 3353 rum
752 3295 1200 3372 frequentantur,
1228 3298 1385 3373 quod
1412 3298 1748 3374 religiosum
1777 3300 1994 3357 cultum
2023 3298 2254 3355 omnino
2281 3298 2567 3373 importat.

668 3374 1027 3433 XXXVII.
1090 3376 1221 3433 Hoc
1268 3394 1409 3433 vero
1458 3375 1760 3434 candidius
1813 3386 1872 3434 et
1939 3376 2192 3453 apertius
2239 3375 2479 3451 exponit
2527 3374 2795 3448 Vasques
2849 3375 2910 3432 in
2959 3378 2992 3433 3

586 3452 734 3511 Tho.
764 3461 967 3529 quaest.
998 3457 1094 3513 33.
1125 3454 1397 3531 disputat.
1447 3458 1580 3512 112.
1669 3456 1706 3487 “
1724 3454 1904 3531 Apud
1933 3454 2319 3529 Catholicos,’'
2349 3452 2554 3530 inquit,
2589 3455 2625 3485 ‘⁴
2645 3454 2862 3513 veritas
2908 3454 2992 3513 in·

589 3532 853 3591 dubitata
894 3542 998 3607 est,
1050 3534 1324 3610 reliquias
1376 3534 1734 3609 Sanctorum,
1788 3534 1912 3593 sive
1939 3534 2152 3592 fuerint
2177 3542 2371 3611 partes
2418 3534 2690 3611 ipsorum,
2741 3542 2808 3592 ut
2847 3552 2991 3609 ossa,

589 3631 807 3687 carnes,
838 3620 897 3671 et
914 3614 1149 3691 cinereS,
1182 3614 1305 3674 sive
1332 3634 1426 3673 res
1454 3613 1581 3673 aliae
1608 3634 1739 3691 quae
1768 3614 1923 3693 ipsos
1964 3613 2296 3691 tetigerunt,
2339 3614 2437 3673 vel
2464 3612 2538 3672 ad
2567 3615 2723 3691 ipsos
2749 3614 2995 3692 pertine·

588 3701 705 3768 ant,
736 3692 1057 3753 adorandas
1074 3702 1133 3753 et
1172 3694 1233 3751 in
1259 3695 1369 3753 hoc
1410 3696 1628 3754 honore
1658 3714 1818 3754 sacro
1847 3692 2144 3753 habendas
2169 3694 2349 3755 esse.”
2429 3694 2508 3752 Et
2533 3694 2682 3771 disp.
2709 3696 2839 3751 113.
2871 3694 2992 3752 init.

593 3776 630 3807 “
652 3774 943 3832 Cinctoria
970 3782 1029 3833 et
1056 3773 1287 3834 sudaria
1333 3775 1519 3851 Pauli,
1574 3775 1673 3851 ait,
1721 3775 2074 3835 adorationis
2103 3775 2262 3833 cultu
2303 3776 2481 3835 fuisse
2509 3773 2896 3847 veneranda,’'
2940 3782 2995 3831 et

591 3854 674 3912 sic
721 3854 937 3931 passim
984 3855 1255 3932 loquitur.
1350 3856 1642 3915 Valdensis
1669 3876 1744 3915 ex
1774 3856 2136 3915 Damascene
2174 3855 2374 3915 statuit
2413 3874 2530 3913 non
2573 3852 2748 3911 modo
2773 3853 2993 3928 lignum

590 3935 776 3993 crucis
820 3933 1071 4011 Domini,
1104 3935 1207 3994 sed
1254 3936 1427 3994 etiam
1470 3934 1852 4013 sepulchrum,
1884 3954 2157 4014 praesepe,
2209 3935 2422 4011 clavos,
2463 3934 2738 4007 lanceam,
2784 3940 2990 4006 vestes,

596 4014 737 4073 Sion
780 4022 839 4072 et
877 4015 1173 4092 Golgotha
1217 4016 1347 4074 loca
1374 4035 1501 4075 esse
1550 4016 1857 4092 adoranda,
1889 4026 1948 4075 et
1974 4036 2075 4075 eos
2103 4015 2286 4073 veluti
2311 4015 2614 4073 haereticos
2640 4012 2866 4086 refutat,
2897 4012 2992 4087 qui

594 4094 785 4153 Deum
812 4094 1045 4171 quidem
1074 4096 1135 4152 in
1160 4094 1252 4153 his
1280 4096 1453 4155 rebus
1480 4104 1581 4155 aut
1618 4097 1764 4155 locis
1793 4096 2018 4155 adorari
2044 4095 2384 4170 concedunt,
2413 4114 2506 4152 res
2532 4112 2673 4152 vero
2699 4092 2872 4170 ipsas,
2901 4089 2994 4148 vel

590 4174 721 4232 loca
746 4174 1039 4233 adoranda
1066 4183 1300 4252 negant,
1334 4175 1650 4234 Doctrinal.
1700 4196 1756 4253 p.
1807 4179 1863 4234 3.
1907 4176 2020 4234 Tit.
2057 4178 2150 4235 13.
2194 4194 2320 4251 cap.
2364 4176 2496 4247 120,
2527 4181 2588 4231 et
2613 4172 2753 4230 alibi
2779 4191 2829 4229 0.
2865 4168 2990 4242 121,

600 4255 801 4313 Omnes
828 4254 947 4312 Dei
968 4255 1205 4313 Sancto-⁹
1248 4264 1302 4312 et
1336 4275 1529 4313 eorum
1555 4256 1825 4332 reliquias
1853 4274 1966 4314 esse
1991 4257 2104 4313 surb
2140 4256 2412 4331 madibus
2447 4254 2792 4311 adorandos.
2877 4250 2994 4307 Nec

594 4331 763 4389 aliter
786 4334 1103 4409 loquuntur
1128 4334 1301 4393 hodie
1348 4336 1704 4410 Jansem'nae,
1734 4344 1894 4411 patet
1935 4354 2009 4393 ex
2035 4352 2313 4411 responso
2361 4333 2436 4391 ab
2483 4330 2625 4409 ipsis
2665 4331 2802 4389 dato
2832 4348 2997 4407 super

593 4410 902 4483 miraculis,
954 4429 1083 4487 quae
1112 4413 1267 4472 edita
1306 4414 1636 4474 ferebantur
1675 4432 1712 4471 a
1757 4423 1954 4473 saneta
2003 4415 2168 4492 spina
2213 4412 2368 4491 apud
2419 4412 2741 4471 Ecclesiam
2791 4408 2996 4469 Portus

596 4487 786 4563 Regii,
830 4488 931 4547 ubi
979 4492 1339 4551 vindicantes
1376 4514 1445 4552 ea
1472 4494 1545 4553 ab
1592 4494 2041 4553 obtrectatorum
2089 4494 2391 4553 calumniis
2432 4510 2548 4551 non
2577 4490 2756 4550 semel
2783 4490 2993 4563 dicunt,

592 4586 813 4625 sacram
856 4567 1014 4627 illam
1064 4571 1304 4647 spinam,
1342 4592 1515 4649 quam
1544 4594 1619 4633 ex
1647 4593 1860 4633 corona
1889 4574 2122 4634 Domini
2151 4573 2350 4650 spinea
2389 4572 2720 4649 decerptam
2758 4570 2994 4647 jactant,

594 4647 837 4722 adorari,
901 4656 960 4708 et
1004 4668 1272 4727 magnam
1320 4654 1646 4712 mortalium
1689 4664 1978 4714 catervam
2047 4654 2204 4713 adire
2255 4652 2576 4711 Ecclesiam
2625 4651 2785 4708 illam
2841 4668 2996 4709 suam
