3234 5192
480 333 597 393 140
1244 351 1324 392 ns
1354 350 1722 393 necessarus
1753 351 2098 393 sncsssroun
2517 332 2778 415 [Disru‘r.
2809 354 2891 395 vr.

550 492 868 551 XXVIII.
918 492 1097 552 Porro
1126 512 1254 572 quse
1302 494 1451 553 ratio
1481 494 1824 553 secessionis
1852 494 2256 554 necessitatem
2305 492 2421 552 illis
2469 493 2762 573 imposuit,
2794 516 2888 555 ea-

470 573 620 648 dem,
678 574 851 633 rebus
910 593 1134 652 semper
1177 575 1261 633 sic
1308 574 1611 649 stantibus,
1664 574 2030 652 syncretismi
2084 572 2358 651 αιδωιμιω
2401 574 2633 634 evincit.
2737 576 2888 635 Nam

468 653 518 713 si
547 654 704 713 exire
719 654 960 732 jubetur
992 655 1101 712 Dei
1129 655 1376 733 populus
1398 674 1472 713 ex
1494 655 1817 732 Babylone,
1851 676 1966 733 quo
1993 656 2229 715 tandem
2256 663 2442 733 pact0,
2475 656 2568 714 vel
2599 656 2659 714 in
2688 676 2756 714 ea
2785 656 2888 713 ad-

468 734 581 793 huc
610 754 857 809 manere,
889 735 986 793 vel
1014 734 1089 793 ad
1118 754 1244 793 eam
1260 734 1464 809 redire,
1498 742 1555 793 et
1572 754 1920 813 quocunque
1946 735 2178 794 demum
2208 745 2492 813 praetextu
2511 756 2640 794 cum
2669 756 2736 794 ea
2755 763 2882 807 συγ·

468 816 703 895 κςητιζω
743 834 1061 891 possemne,
1106 814 1217 872 nisi
1261 814 1481 873 coelesti
1523 814 1656 871 voci
1699 815 1962 891 rebelleS,
2009 824 2067 875 et
2109 816 2168 873 in
2195 816 2484 894 propriam
2525 816 2768 874 salutem
2796 816 2882 873 in-

462 897 653 973 jurii?
736 894 1025 970 Quicquid
1067 894 1221 950 enim
1262 901 1631 969 praetexatur,
1677 893 1753 951 ad
1794 896 2090 954 exitialem
2145 896 2305 954 illam
2347 900 2499 955 {uuo-n
2543 895 2878 973 faciendam,

470 973 748 1051 quicquid
787 974 1013 1031 dicatur
1040 972 1113 1029 ad
1142 992 1363 1030 errores
1390 972 1812 1049 incrustandos,
1857 976 2282 1053 tegendamque
2304 978 2430 1055 ejus
2453 975 2878 1053 turpitudinem,

470 1052 740 1129 Babylon
770 1071 995 1129 semper
1022 1062 1126 1125 est,
1158 1072 1289 1110 cum
1318 1072 1433 1129 qua
1460 1072 1686 1111 sacrum
1716 1055 2121 1115 commercium
2163 1056 2388 1115 nullum
2429 1056 2597 1115 nobis
2640 1056 2879 1115 interce-

468 1132 605 1192 dere
634 1140 841 1210 potest,
871 1132 983 1189 nisi
1013 1152 1140 1189 cum
1172 1152 1239 1191 ea
1266 1132 1453 1210 perire
1495 1134 1783 1193 volumus.
1867 1134 2036 1209 Quod
2085 1136 2134 1194 si
2191 1136 2415 1195 Lothus
2463 1136 2726 1195 Sodomis
2764 1156 2881 1194 non

468 1213 643 1272 modo
672 1213 831 1271 exire
866 1212 1104 1289 jubetur
1148 1213 1589 1291 promptissime,
1635 1234 1706 1272 ne
1749 1214 2104 1275 detestandae
2147 1216 2307 1275 urbis
2349 1217 2742 1275 involveretur
2782 1236 2880 1274 ex-

470 1294 641 1367 cidi0,
688 1293 791 1352 sed
820 1302 877 1353 et
905 1293 1242 1371 prohibetur
1269 1302 1578 1353 retrorsum
1614 1293 1691 1353 ad
1719 1315 1843 1353 eam
1893 1296 2179 1373 respicere
2209 1298 2385 1355 semel
2416 1317 2701 1374 egressus,
2733 1297 2882 1356 Gen.

466 1375 591 1432 xix.
629 1377 718 1448 14,
756 1378 845 1450 17,
868 1374 1025 1452 quod
1043 1394 1171 1433 cum
1194 1394 1340 1432 uxor
1367 1374 1494 1451 ejus
1522 1374 1916 1448 detrectasset,
1943 1376 2158 1434 crimen
2187 1378 2533 1453 gravissima
2563 1397 2730 1454 poena
2757 1377 2883 1451 luit,

465 1454 527 1514 in
557 1455 695 1513 salis
718 1462 967 1514 statuam
996 1474 1273 1514 conversa
1296 1476 1311 1529 3
1370 1454 1419 1511 si
1445 1452 1607 1513 nefas
1626 1464 1748 1513 erat
1773 1455 2080 1531 IsraelitaS,
2107 1476 2180 1514 ex
2211 1457 2478 1535 AEgypto
2509 1458 2687 1516 semel
2715 1457 2884 1515 liber-

466 1544 609 1609 atOS,
643 1536 849 1594 iterum
890 1556 959 1593 eo
1004 1534 1206 1609 redire,
1238 1534 1333 1592 vel
1377 1554 1683 1611 peponum,
1716 1542 1774 1593 et
1816 1555 2118 1612 caeparum,
2160 1535 2547 1615 similiumque
2590 1539 2717 1615 ejus
2745 1537 2886 1595 deli·

469 1616 685 1673 ciarum
716 1614 1000 1672 desiderio
1056 1614 1201 1690 capi,
1232 1613 1390 1690 quod
1427 1614 1577 1671 male
1627 1615 1802 1672 cessit
1841 1615 2123 1674 Israelitis
2171 1617 2679 1692 murmurantibus,
2711 1621 2884 1676 Num.

469 1694 550 1751 xi.
583 1696 637 1767 3,
670 1702 727 1751 et
756 1693 877 1751 xiv.
909 1696 963 1766 3,
1012 1696 1067 1765 4,
1116 1694 1288 1751 Deut.
1334 1692 1476 1749 xvii.
1526 1696 1617 1762 16,
1664 1694 1712 1751 si
1755 1694 1968 1768 Judaei,
2014 1714 2088 1753 ex
2139 1696 2475 1773 captivitate
2523 1698 2888 1774 Babylonica

466 1772 725 1847 reduces,
758 1773 866 1831 sub
893 1772 1149 1849 pristina»,
1179 1772 1475 1830 servitutis
1510 1772 1719 1848 jugum
1751 1773 1936 1832 redire
1979 1774 2102 1833 sine
2145 1776 2381 1835 crimine
2409 1797 2527 1836 non
2555 1788 2883 1856 potuerunt,

464 1861 681 1930 quanto
710 1852 944 1929 gravior
971 1871 1140 1927 poena
1168 1870 1267 1909 eos
1295 1870 1524 1909 manere
1553 1853 1841 1911 censenda
1869 1862 1972 1927 est,
1998 1855 2099 1931 qui
2121 1857 2494 1933 suavissimae,
2535 1880 2651 1935 qua
2689 1858 2885 1917 fruun-

466 1944 577 2007 tur,
608 1932 891 1991 libertatis
920 1932 1102 2007 obliti,
1134 1932 1353 1990 vellent
1370 1930 1633 2007 ferreum,
1658 1952 1773 2010 quo
1803 1944 1972 1993 antea
2001 1942 2220 1992 tantum
2251 1956 2367 1994 non
2397 1938 2882 2015 opprimebantur,

468 2012 793 2091 tyrannidis
826 2013 1035 2089 jugum
1068 2021 1269 2088 sponte
1300 2010 1509 2087 subire,
1557 2020 1614 2071 et
1643 2013 1936 2073 exitialem
1983 2014 2304 2092 Babylonis
2347 2018 2675 2093 amicitiam,
2730 2020 2882 2078 salu-

464 2094 605 2154 taris
654 2113 785 2151 cum
830 2092 1057 2151 Christo
1100 2091 1519 2151 communionis
1560 2092 1880 2171 dispendiO,
1926 2098 2227 2170 quaerere?
2309 2097 2456 2156 Nam
2502 2106 2885 2175 praeterquam

466 2174 622 2253 quod
656 2174 1159 2233 Samaritanismus
1188 2172 1303 2245 ille,
1337 2192 1438 2230 seu
1466 2173 1812 2251 religionum
1841 2174 2094 2233 mixtura
2115 2176 2240 2233 Deo
2264 2194 2488 2255 semper
2514 2178 2623 2236 fuit
2661 2197 2882 2236 summe

464 2275 660 2330 exosa,
694 2255 792 2332 qui
832 2253 1115 2313 consortis
1162 2252 1486 2330 impatienS,
1537 2273 1644 2313 nec
1673 2274 1864 2332 parem
1913 2274 2018 2312 nec
2062 2255 2412 2332 superiorem
2455 2258 2514 2314 in
2544 2258 2704 2315 cultu
2732 2257 2880 2315 ferre

464 2344 672 2413 potest,
718 2344 783 2393 ut
824 2334 995 2393 toties
1034 2334 1146 2391 hoc
1174 2332 1291 2390 illis
1318 2332 1647 2409 exprobrat,
1677 2334 1778 2411 qui
1819 2333 2140 2393 claudicare
2171 2334 2445 2394 volebant
2486 2336 2544 2392 in
2575 2344 2880 2411 utrumque

460 2414 633 2490 latuS,
666 2422 725 2473 et
765 2413 1061 2472 dominum
1090 2412 1353 2483 colend0,
1382 2410 1495 2470 diis
1537 2413 1712 2471 etiam
1757 2412 1878 2471 suis
1907 2412 2140 2488 servire,
2178 2416 2206 2471 1
2255 2414 2402 2490 Reg.
2433 2414 2596 2473 xviii.
2628 2418 2724 2489 21,
2755 2423 2814 2472 et
2842 2418 2878 2471 2

466 2496 615 2571 Reg.
646 2494 788 2552 xvii.
833 2496 929 2553 33.
976 2492 1060 2552 Ut
1087 2500 1351 2552 vetuerat
1378 2510 1579 2569 agrum
1625 2492 1849 2551 conseri
1891 2492 2136 2551 diversis
2178 2493 2511 2568 seminibus,
2555 2500 2614 2551 et
2655 2501 2880 2551 vestem

463 2582 795 2634 contextam
824 2594 898 2632 ex
925 2572 1059 2631 lana
1086 2580 1145 2631 et
1173 2572 1292 2630 lino
1321 2590 1536 2650 gerere,
1572 2571 1760 2631 Levit.
1791 2572 1916 2631 xix.
1950 2574 2042 2647 19,
2087 2593 2156 2631 eo
2184 2573 2312 2649 ipso
2339 2572 2650 2631 mixtiones
2679 2592 2878 2631 omnes

462 2657 524 2715 in
553 2655 714 2714 cultu
743 2654 941 2712 divino
971 2652 1325 2712 adulterinas
1346 2671 1472 2712 esse
1494 2652 1810 2729 symbolice
1835 2652 2096 2711 innuens.
2146 2652 2223 2710 Et
2253 2652 2468 2710 Paulus
2497 2652 2879 2730 periculosam

460 2737 623 2795 illam
652 2760 929 2815 wyngaem
958 2754 1072 2792 non
1105 2733 1283 2791 semel
1340 2733 1591 2807 damnat,
1650 2736 1679 2790 1
1715 2732 1845 2791 Cor.
1876 2754 1934 2792 x.
1967 2736 2062 2806 21,
2095 2742 2153 2791 et
2183 2738 2217 2790 2
2251 2732 2378 2791 Cor.
2411 2734 2489 2791 vi.
2525 2736 2616 2808 14,
2652 2733 2743 2807 15,
2781 2736 2872 2809 16,

465 2820 495 2876 1
529 2817 677 2876 Tim.
728 2816 806 2875 vi.
866 2818 920 2891 5,
968 2815 1123 2873 Heb.
1168 2814 1291 2872 xiii.
1337 2816 1391 2889 9,
1440 2818 1475 2872 2
1518 2814 1659 2873 Joh.
1709 2815 1802 2872 10.
1887 2812 2137 2872 Accedit
2177 2812 2349 2871 etiam
2414 2812 2616 2872 salutis
2664 2820 2877 2872 nostrae

460 2899 627 2958 ratio.
690 2898 839 2956 Nam
866 2896 1195 2975 quicunque
1225 2894 1308 2954 sic
1335 2908 1605 2975 ωφοπςος
1635 2901 1740 2971 est,
1773 2913 1975 2953 revera
2002 2890 2234 2974 ουδιπςος
2263 2918 2363 2952 εστι
2388 2916 2401 2969 ;
2447 2894 2546 2971 qui
2577 2904 2877 2972 utramque

459 2979 797 3057 religionem
840 2978 1058 3036 sociare
1106 2975 1412 3055 pertendit,
1447 2985 1709 3035 neutram
1758 2974 1954 3035 habet.
2055 2975 2176 3035 Nec
2205 2975 2351 3033 bene
2381 2975 2749 3049 conveniunt,
2781 2975 2879 3033 vel

459 3058 521 3116 in
572 3080 689 3119 una
752 3058 887 3117 sede
948 3066 1264 3133 morantur,
1310 3077 1444 3116 arca
1488 3056 1601 3116 Dei
1643 3076 1772 3115 cum
1820 3056 2080 3134 Dagone‚
2125 3055 2342 3115 veritas
2384 3075 2512 3113 cum
2557 3055 2874 3132 mendaciO,

464 3140 726 3197 Christus
775 3158 905 3196 cum
953 3137 1159 3213 Belial,
1192 3146 1251 3196 et
1291 3138 1569 3215 templum
1623 3137 1736 3195 Dei
1773 3154 1910 3195 cum
1951 3137 2140 3196 idolis.
2229 3136 2402 3196 Unde
2437 3156 2708 3213 magnam
2738 3136 2876 3194 olim

456 3218 689 3277 laudem
719 3216 1011 3276 consecuti
1042 3225 1177 3275 sunt
1220 3216 1579 3275 Athanasius
1622 3224 1680 3275 et
1725 3216 2003 3291 Hilarius,
2048 3217 2149 3293 qui
2177 3216 2312 3275 dum
2343 3226 2502 3275 totus
2529 3216 2685 3274 orbis
2714 3216 2874 3293 inge-

458 3297 757 3371 miscebat,
790 3305 848 3355 et
878 3296 1159 3354 Arianum
1200 3316 1263 3353 se
1304 3316 1432 3355 esse
1473 3296 1806 3370 mirabatur,
1854 3296 2236 3355 secessionem
2264 3304 2323 3355 et
2363 3296 2558 3371 exilia,
2591 3304 2789 3354 sancto
2818 3304 2878 3355 et

464 3396 599 3435 vere
628 3396 910 3455 generoso
940 3374 1197 3450 consili0,
1228 3374 1365 3433 huic
1392 3375 1679 3453 pestiferae
1701 3375 1917 3449 unioni,
1949 3383 2008 3434 et
2035 3375 2356 3435 maledietae
2406 3376 2727 3435 concordiae
2755 3377 2874 3435 ala·

459 3477 587 3518 eres
614 3456 1009 3535 praetulerunt.

544 3536 802 3595 XXIX.
850 3536 943 3594 Ita
970 3534 1363 3593 demonstrata
1396 3532 1738 3592 secessionis
1791 3542 2004 3593 nostrae
2045 3534 2388 3595 necessitate
2431 3556 2466 3594 a
2500 3537 2686 3595 dit-ino
2716 3558 2874 3595 man-

458 3622 611 3695 dato,
654 3636 835 3677 unum
892 3624 1169 3694 superest,
1220 3623 1286 3673 ut
1329 3614 1528 3692 paucis
1574 3613 2024 3692 respondeamus
2054 3615 2364 3691 nonnulliS,
2395 3638 2525 3693 quae
2555 3616 2744 3676 afferri
2775 3617 2874 3675 ad·

460 3700 575 3759 hue
650 3706 909 3777 possunt,
962 3696 1038 3755 ad
1084 3696 1205 3753 vim
1260 3692 1587 3772 argumenti
1656 3694 1839 3753 nostri
1915 3694 2354 3773 infringendam,
2415 3696 2873 3774 exceptionibus

462 3782 657 3839 Prima
704 3779 920 3857 petitur
964 3798 1039 3836 ex
1080 3776 1382 3853 alleqorico
1430 3774 1706 3851 loquendi
1756 3795 2021 3849 sermone,
2074 3796 2148 3833 ex
2204 3795 2318 3852 quo
2362 3776 2506 3834 nihil
2537 3779 2674 3837 certi
2705 3798 2875 3854 posse

460 3861 657 3938 colligi
687 3857 985 3919 contendit
1020 3856 1347 3930 Pet-ronias,
1392 3862 1515 3913 tum
1556 3856 1693 3932 quia
1731 3855 2122 3914 subobscurus
2167 3875 2293 3913 esse
2344 3856 2507 3931 solet,
2555 3866 2676 3916 tum
2720 3857 2877 3934 qnod

459 3962 536 4001 ex
565 3960 782 4000 canone
812 3945 1059 4015 recept0,
1098 3937 1398 4012 Theoloyz‘a
1425 3936 1733 4012 alleyorica
1760 3956 1871 3993 non
1897 3936 1971 3993 sit
1997 3937 2468 4011 arqumentativa.
2587 3936 2872 4011 Secunde,

461 4022 599 4081 licet
629 4020 877 4094 daretur,
926 4017 1211 4095 inquiunt,
1246 4015 1568 4075 Ecclesiam
1616 4024 1946 4092 corruptam
1991 4014 2185 4088 fuisse,
2219 4036 2334 4074 non
2376 4026 2677 4094 propterea
2705 4018 2778 4076 ab
2809 4038 2878 4075 ea

460 4100 841 4161 recedendum
894 4099 1106 4173 fuisse3
1151 4096 1327 4155 fuisse
1372 4095 1790 4172 corrigendam,
1839 4095 1942 4153 sed
1987 4116 2102 4153 non
2152 4095 2328 4155 fuisse
2378 4097 2770 4171 deserendam,
2803 4117 2875 4155 ne

458 4182 653 4240 unitas
682 4181 809 4258 ejus
836 4179 1200 4238 laceraretur.
1284 4176 1498 4251 Terti0,
1552 4176 1599 4234 si
1645 4196 1773 4253 quae
1814 4176 2062 4234 secessio
2089 4177 2504 4253 postulabatur,
2537 4198 2652 4235 non
2683 4177 2874 4236 statim

461 4261 639 4320 fuisse
668 4260 995 4337 positivam,
1040 4268 1099 4317 et
1146 4266 1462 4332 externam,
1494 4275 1624 4333 quae
1663 4257 1762 4335 jus
1792 4256 2068 4315 tribueret
2098 4276 2279 4316 novas
2311 4258 2604 4317 Ecclesiae
2634 4277 2872 4314 novum-

463 4360 575 4417 que
604 4340 983 4398 ministerium
1006 4338 1284 4417 erigendi,
1316 4337 1473 4415 quod
1518 4337 1640 4396 sine
1669 4337 1943 4415 peculiari
1983 4337 2286 4397 vocatione
2313 4358 2482 4397 nemo
2512 4336 2752 4413 aggredi
2776 4335 2872 4393 de-

458 4420 596 4493 bet3
644 4418 745 4477 sed
795 4418 1087 4478 suffecisse
1132 4418 1482 4496 negativam,
1516 4426 1572 4476 et
1600 4418 1903 4477 internam.
1989 4418 2222 4493 QuartO,
2270 4426 2462 4495 patres
2491 4426 2624 4475 ante
2671 4414 2873 4473 Refor-

456 4498 767 4558 mationem
816 4498 1117 4575 Babylone
1157 4508 1456 4558 manentes
1497 4499 1754 4575 potuisse
1785 4498 2019 4574 servari,
2051 4507 2108 4557 et
2137 4500 2327 4575 reipsa
2355 4506 2616 4557 servatos
2645 4516 2770 4553 esse
2801 4516 2876 4553 cx

458 4586 657 4639 nostra
712 4577 1027 4653 sententia;
1073 4580 1155 4637 sic
1193 4588 1251 4638 et
1295 4599 1400 4638 nos
1450 4598 1646 4637 eorum
1676 4579 1942 4656 exemplo
1969 4598 2137 4656 posse
2168 4578 2402 4654 servari,
2433 4576 2543 4636 etsi
2575 4576 2876 4653 Babylone

460 4676 813 4719 maneamus,
