3234 5192
488 314 607 371 234
1132 327 1211 366 m:
1241 326 1581 369 seme-rum:
1610 328 1815 370 sacam:
1844 328 2286 371 sumemus-1³.
2557 309 2816 389 [msru‘r.
2848 331 2914 373 11.

486 470 658 530 istius
687 466 1109 530 Controversiae
1140 468 1346 527 Cardo.
1434 470 1513 527 Et
1534 469 1611 527 ad
1659 468 2033 529 Orthodoxos
2061 468 2292 547 quidem
2345 467 2506 546 quod
2547 469 2772 545 attinet,
2825 471 2911 531 sic

484 550 575 609 illi
603 557 879 625 statuunt,
914 548 1267 626 Scripturam
1300 548 1535 607 Sacram
1564 569 1793 609 omnem
1823 569 1988 608 suam
2016 548 2450 608 Authoritatem
2477 568 2514 607 a
2555 549 2700 623 Dee,
2725 570 2762 608 a
2789 570 2907 629 quo

487 628 747 708 profecta
774 638 879 705 est,
910 628 1178 701 mutuari,
1210 636 1269 687 et
1296 628 1378 687 ita
1405 649 1481 688 ex
1504 648 1566 688 se
1594 630 1723 707 ipsa
1749 649 1878 688 esse
1908 629 2341 705 Authenticam,
2371 636 2438 688 ut
2481 648 2516 686 a
2544 629 2908 691 Testimonio

478 710 905 788 qualiscunque
936 708 1231 784 Ecclesiae,
1262 708 1445 767 multo
1472 709 1666 768 minus
1697 709 1867 769 Sedis
1897 710 2177 768 Romanae
2201 708 2477 786 suspendi
2504 708 2632 785 ejus
2677 712 2906 769 αὖθιηία

487 810 597 849 nec
623 790 810 868 possit
836 809 943 848 nec
984 788 1209 847 debeat.
1294 788 1427 847 Non
1454 788 1612 865 quod
1641 809 1810 848 suum
1849 809 1966 848 non
1994 790 2070 849 sit
2123 789 2353 867 pondus
2379 808 2535 847 verse
2564 796 2622 849 et
2650 790 2901 867 purioris

486 870 767 931 Ecclesiae
794 868 1167 941 TestimoniO,
1200 867 1303 927 sed
1351 868 1509 945 quod
1535 888 1644 928 nec
1665 870 1854 928 solum
1883 870 1961 930 sit
1985 889 2094 928 nec
2140 868 2511 947 praecipuum,
2559 869 2664 927 sed
2701 890 2903 930 secun-

481 949 711 1009 darium
736 958 963 1010 tantum
990 956 1049 1007 et
1074 947 1467 1023 ministeriale,
1498 947 1719 1026 absque
1760 970 1877 1026 quo
1927 950 2100 1009 etiam
2130 968 2236 1008 sua
2261 956 2491 1009 constat
2530 949 2667 1008 huic
2695 950 2897 1009 Verbo

488 1030 707 1089 Divino
733 1030 1053 1105 abram-anau,
1084 1027 1198 1087 nisi
1223 1028 1349 1086 Deo
1385 1028 1649 1106 loquenti
1689 1029 1942 1106 obloqui,
1991 1036 2050 1089 et
2092 1028 2512 1089 Testimonium
2555 1029 2772 1088 Divina
2801 1051 2902 1090 au-

486 1110 759 1170 thoritate
787 1110 1075 1169 firmatum
1105 1107 1165 1167 in
1188 1107 1428 1167 dubium
1456 1127 1732 1167 revocare
1759 1110 2051 1169 volumus.

475 1228 745 1275 'l'rifariam
833 1244 858 1275 ⁸
894 1244 968 1275 oo-
1090 1188 1201 1247 IV.
1248 1186 1427 1247 Porro
1468 1188 1544 1247 ad
1570 1188 1888 1266 pleniorem
1933 1188 2234 1249 sententiae
2255 1188 2424 1247 istius
2451 1187 2898 1249 declarationem

536 1290 819 1395 ,aava
838 1244 967 1393 “³221-
1008 1266 1568 1409 aasentias?
1600 1269 1743 1407 2¹32ss
1771 1268 1848 1327 “¹
1871 1268 2332 1408 {wasers
2372 1268 2904 1408 mur

542 1382 859 1511 {ssffigffssivssl
874 1406 966 1452 Ec-
1010 1370 1201 1489 Dbulm
1237 1428 1297 1486 in
1347 1370 1646 1506 Scrigtgpa
1708 1368 2059 1507 lgqufenzztin,
2103 1369 2500 1505 fflituxmin
2539 1358 2744 1487 cordet’
2782 1370 2899 1489 ἐξ·

1006 1516 1244 1585 tantem,
1296 1515 1356 1568 et
1400 1509 1718 1569 Ecclesiam
1775 1509 2131 1587 Scripturam
2173 1509 2343 1568 nobis
2381 1508 2739 1569 tradentem:
2813 1508 2900 1570 Ut

479 1590 643 1649 enim
670 1589 883 1667 triplex
912 1588 1037 1647 dari
1064 1596 1257 1665 potest
1284 1608 1475 1664 causa,
1506 1607 1637 1666 quae
1664 1588 1740 1648 ad
1767 1589 2014 1667 alicujus
2031 1589 2116 1648 rei
2131 1589 2560 1667 persuasionem
2588 1589 2896 1663 concurrit,

486 1670 603 1729 Vel
630 1670 909 1746 effectiva,
953 1689 1083 1745 quae
1112 1668 1511 1745 complectitur
1538 1677 1942 1747 argumentum
1985 1688 2090 1729 seu
2135 1669 2418 1728 motivum
2465 1675 2700 1746 propter
2740 1669 2900 1746 quod

487 1748 678 1824 crede,
722 1749 839 1808 Vel
859 1748 1091 1825 efficiens
1106 1748 1467 1825 principalis,
1498 1768 1629 1825 quae
1656 1749 2004 1827 principium
2031 1756 2196 1809 notat
2245 1749 2412 1823 cujus
2458 1748 2674 1807 virtute
2703 1750 2896 1826 cred0,

484 1828 600 1889 Vel
654 1828 1109 1903 instrumentalis,
1168 1847 1297 1904 quae
1338 1827 1593 1887 medium
1636 1838 1696 1887 et
1743 1848 2024 1907 organum
2053 1828 2321 1906 designat
2347 1848 2452 1907 per
2477 1828 2636 1906 quod
2683 1828 2894 1909 credof;

482 1908 773 1988 quomodo
818 1907 893 1966 ad
933 1908 1216 1967 visionem
1262 1927 1593 1984 corpoream
1636 1908 1746 1967 tria
1785 1908 2155 1987 requiruntur
2217 1908 2557 1983 necessarie,
2604 1908 2898 1985 objectum

485 1988 733 2064 visibile,
798 1987 1043 2047 facultas
1088 1986 1295 2061 visiva,
1352 1995 1412 2046 et
1480 1988 1736 2047 medium
1801 1989 2169 2067 diaphanum,
2214 1989 2374 2067 quod
2415 1988 2636 2067 species
2677 1987 2777 2047 vel
2803 2009 2893 2048 ra-

483 2069 613 2129 dios
651 2067 922 2145 utrinque
970 2067 1341 2127 transmittit:
1387 2068 1481 2126 Ita
1526 2068 1832 2145 Scriptura
1867 2089 1929 2129 se
1957 2068 2133 2127 habet
2170 2068 2245 2127 ad
2272 2067 2508 2128 modum
2535 2066 2896 2129 fundamenti

484 2156 545 2209 et
571 2149 896 2227 argumenti
923 2156 1157 2225 propter
1200 2146 1357 2224 quod
1399 2147 1589 2223 credo,
1619 2150 1870 2225 Spin-itm
1894 2150 2136 2209 Sanctus
2163 2148 2238 2207 ad
2265 2147 2501 2207 modum
2541 2148 2808 2227 principii
2835 2158 2897 2209 et

486 2249 675 2291 causae
696 2228 1012 2305 efficientis,
1036 2228 1206 2305 cujus
1232 2228 1297 2285 vi
1320 2236 1383 2287 et
1416 2227 1672 2287 efficacia
1698 2228 1888 2303 credo,
1915 2237 1974 2287 et
2017 2229 2275 2288 Ecclesia
2302 2228 2379 2287 ad
2419 2228 2655 2287 modum
2681 2228 2895 2289 instru-

484 2310 664 2369 menti
691 2329 795 2386 per
821 2307 978 2387 quod
998 2308 1191 2367 credo.
1276 2307 1435 2367 Hinc
1463 2308 1514 2366 si
1557 2308 1850 2385 quaeritur,
1905 2307 2078 2368 Unde
2122 2310 2413 2388 probetur,
2446 2309 2544 2367 vel
2570 2308 2894 2369 innotescat

483 2388 653 2449 nobis
685 2388 996 2467 Scripturae
1024 2387 1385 2463 Authoritas,
1416 2408 1520 2466 pro
1548 2388 1762 2466 triplici
1806 2407 1982 2448 sensu
2023 2388 2373 2464 Quaestionis
2414 2388 2690 2447 trifariam
2720 2389 2897 2448 etiam

483 2468 949 2546 respondendum
968 2488 1286 2527 censemus.
1371 2468 1487 2527 Vel
1508 2468 1664 2527 enim
1685 2469 1962 2546 quaeritur
1985 2490 1999 2545 3
2034 2469 2168 2536 Quo
2187 2477 2528 2547 argumento
2557 2489 2660 2527 seu
2691 2470 2807 2528 Cur
2833 2477 2895 2529 et

470 2558 717 2627 propter
724 2548 865 2625 quid
881 2548 1163 2624 credam,
1176 2556 1236 2607 et
1254 2557 1392 2608 tunc
1414 2549 1796 2626 respondetur
1813 2556 2047 2627 propter
2067 2549 2420 2627 Scripturam
2445 2549 2626 2607 solam
2649 2556 2708 2608 et
2723 2550 2890 2631 κςιπί-

510 2650 569 2689 ια
588 2628 701 2705 ipsi
726 2628 917 2703 insita,
946 2648 1065 2687 non
1084 2635 1319 2706 propter
1344 2628 1503 2687 aliud
1531 2628 1673 2706 quid
1691 2638 1858 2689 extra
1885 2649 1946 2688 se
1973 2630 2328 2707 Scripturam
2349 2628 2620 2706 cognosci
2651 2636 2710 2689 et
2736 2630 2896 2689 credi

545 2709 781 2768 ivinam.
866 2708 981 2767 Vel
1010 2708 1301 2787 quaeritur,
1332 2726 1450 2786 quo
1498 2708 1882 2769 instrumento
1924 2718 1983 2769 et
2008 2710 2218 2784 medi0,
2251 2730 2353 2769 seu
2370 2730 2485 2786 per
2513 2710 2654 2786 quid
2670 2728 2798 2768 eam
2824 2714 2892 2770 ut

480 2790 659 2851 talem
686 2808 1106 2866 agnoscamus3
1152 2788 1352 2867 Atque
1378 2789 1476 2847 hic
1516 2790 1898 2869 respondetur
1937 2809 2041 2868 per
2068 2790 2347 2849 Ecclesiae
2387 2789 2768 2849 ministerium
2799 2811 2891 2849 or-

478 2870 701 2933 dinarie
742 2889 851 2929 nos
887 2890 1015 2929 eam
1042 2868 1309 2929 notitiam
1336 2870 1630 2947 consequi,
1671 2871 1766 2929 cui
1807 2869 1964 2943 λέγει
1994 2888 2099 2928 sua
2119 2870 2475 2929 committere
2495 2869 2657 2929 Deus
2683 2869 2889 2930 voluit.

480 2951 601 3011 Vel
628 2950 878 3028 denique
906 2950 1150 3028 quaestio
1178 2957 1283 3025 est,
1312 2952 1368 3009 A
1396 2970 1507 3027 quo
1532 2950 1834 3028 principio,
1866 2970 1970 3010 seu
1996 2970 2071 3009 ex
2099 2970 2216 3027 qua
2243 2968 2416 3009 causa
2437 2948 2718 3009 efficiente
2745 2949 2892 3010 fides

476 3031 596 3107 illa,
628 3051 759 3108 quse
786 3030 1051 3108 agnoscit
1094 3030 1475 3090 Divinitatem
1522 3030 1852 3108 Scripmse,
1885 3030 2138 3105 oriatur3
2185 3030 2284 3088 Ad
2327 3029 2440 3088 hoc
2465 3048 2606 3087 vero
2653 3048 2888 3108 respon-

477 3111 663 3186 detur,
694 3109 909 3187 optime
935 3110 1047 3169 hoe
1074 3109 1200 3169 fieri
1214 3131 1253 3169 a
1283 3110 1502 3189 Spiritu
1533 3111 1748 3172 Sancto
1773 3109 1934 3169 intus
1961 3118 2250 3187 operante,
2295 3108 2421 3168 solo
2450 3108 2724 3170 salvificae
2751 3110 2889 3169 fidei

476 3189 653 3359 2¹:31¹?
655 3209 757 3351 rt„
796 3305 957 3364 Scrip-
1079 3268 1156 3327 V.
1201 3268 1445 3344 Quando
1472 3269 1765 3346 loquimur
1789 3277 1982 3329 autem
2004 3268 2078 3327 de
2099 3268 2454 3328 Testimonio
2481 3268 2664 3346 ipsius
2697 3269 2888 3348 Scrip-

566 3370 695 3409 turae
736 3366 956 3409 testimo-
996 3354 1157 3421 turae,
1188 3348 1459 3407 nolumus
1486 3348 1737 3425 intelligi
1763 3348 2049 3409 duntaxat
2088 3357 2479 3425 aryumentum
2511 3350 2883 3431 inarafictale,

568 3424 722 3467 nium.
998 3428 1167 3503 quasi
1210 3426 1507 3505 Scriptura
1536 3428 1872 3507 simpliciter
1890 3429 2064 3488 fidem
2093 3428 2204 3487 sibi
2231 3428 2494 3488 adhiberi
2522 3428 2716 3505 vellet,
2748 3430 2887 3507 quia

474 3528 542 3570 se
599 3505 875 3566 Divinam
922 3506 1107 3584 dicit3
1154 3506 1258 3565 sed
1298 3508 1593 3601 artificiale
1619 3518 1680 3567 et
1725 3509 2191 3584 ratiocinativum,
2238 3516 2523 3587 quatenus
2574 3509 2735 3568 Deus
2796 3510 2886 3569 illi

476 3596 648 3647 notas
695 3596 756 3647 et
790 3585 1021 3647 criteria
1062 3587 1349 3663 ejusmodi
1388 3588 1696 3666 impressit,
1747 3609 1876 3666 quae
1924 3589 1987 3647 in
2031 3587 2306 3667 scriptum
2334 3588 2650 3648 humanum
2677 3589 2886 3649 cadere

472 3689 593 3729 non
620 3675 896 3748 possunt;
941 3667 1136 3744 qualia
1164 3675 1298 3728 sunt
1348 3668 1565 3727 Divina
1590 3669 1756 3729 verbi
1793 3669 2046 3745 Veritas,
2093 3668 2432 3727 admiranda
2461 3668 2880 3747 Mysteriorum

471 3748 823 3824 sublimitas,
854 3747 1085 3808 Candor
1125 3757 1186 3806 et
1232 3751 1475 3829 πιρῥιισία
1519 3748 1894 3829 Scriptorum,
1949 3748 2268 3809 Consensi'o
2303 3748 2553 3827 partium
2607 3748 2880 3824 invicem,

480 3830 776 3889 Doctrinae
821 3828 1097 3888 sanctitas
1137 3835 1197 3887 et
1243 3828 1512 3906 efficacia,
1545 3837 1604 3889 et
1631 3828 1746 3888 alia
1793 3830 1854 3887 id
1891 3846 2094 3907 genus,
2145 3828 2206 3886 in
2253 3828 2466 3905 quibus
2509 3828 2884 3889 inimitabiles

469 3910 787 3988 singularis
840 3916 965 3969 tum
1012 3908 1333 3986 majestatis
1360 3918 1483 3969 tum
1532 3909 1828 3989 sapientiis
1877 3908 2235 3968 characteres
2277 3907 2802 3986 deprehenduntur,
2825 3916 2884 3968 et

470 3990 611 4051 talis
638 3988 943 4069 gravitatis
970 3988 1145 4048 simul
1171 3996 1231 4049 et
1271 3989 1658 4067 simplicitatis
1685 3989 2151 4066 contemperatiO,
2183 4008 2313 4065 quse
2361 3987 2589 4047 occulta
2630 3988 2880 4065 quadam

471 4071 689 4131 virtute
716 4070 779 4129 in
805 4070 1061 4130 animum
1087 4068 1170 4147 pii
1197 4068 1431 4131 lectoris
1456 4070 1731 4145 illabitur,
1761 4088 2010 4146 eumque
2052 4067 2272 4146 subigit
2314 4076 2376 4127 et
2401 4076 2700 4146 expugnat
2724 4092 2737 4127 :
2783 4068 2879 4126 Ex

472 4150 707 4211 illorum
726 4150 939 4229 quippe
968 4149 1182 4209 intuitu
1228 4149 1399 4209 facile
1447 4149 1776 4227 colligimus
1827 4149 2184 4227 Scripturam
2229 4148 2465 4208 Sacram
2507 4168 2624 4207 non
2653 4166 2780 4207 csse
2808 4148 2877 4205 li-

472 4230 643 4291 brum
668 4232 923 4291 humana
963 4229 1249 4290 industria
1296 4230 1669 4306 elaboratum,
1727 4229 1832 4289 sed
1869 4230 2106 4305 speciali
2153 4228 2403 4307 Spiritus
2455 4228 2656 4288 Sancti
2699 4228 2879 4287 ductu

466 4312 897 4388 concinnatum,
927 4310 1189 4390 adeoque
1216 4331 1353 4370 vere
1381 4310 1644 4370 divinum
1671 4317 1734 4369 et
1757 4306 2068 4368 adria-cmv.
2153 4308 2354 4386 Atque
2381 4308 2478 4367 hic
2514 4307 2876 4385 distinguen-

468 4388 615 4449 dum
644 4398 913 4467 putamus
938 4392 1091 4451 inter
1124 4392 1404 4468 Olv'ecmm
1450 4407 1555 4450 seu
1590 4392 2047 4449 Fundamentum
2089 4387 2244 4464 fidei,
2275 4398 2334 4449 et
2377 4388 2636 4466 ejusdem
2683 4390 2873 4464 Arqu-

476 4478 718 4527 mentum
747 4488 850 4528 seu
876 4472 1169 4530 Matinum.
1255 4471 1406 4530 Nam
1435 4469 1872 4530 fundamentum
1921 4468 2080 4527 aliud
2128 4488 2244 4527 non
2294 4476 2486 4545 potest
2523 4488 2668 4541 esse,
2699 4487 2874 4545 quam

460 4546 668 4606 divina
718 4548 1038 4625 Revelatio,
1088 4570 1192 4609 seu
1242 4551 1500 4611 Verbum
1542 4550 1843 4610 Divinitus
1869 4550 2207 4609 revelatum.
2297 4548 2412 4608 Sed
2468 4554 2872 4625 argumentum

458 4626 631 4689 istius
676 4626 815 4687 fidei
861 4636 1071 4687 nostra
1118 4630 1489 4708 suppeditant
1516 4630 1686 4691 Notae
1711 4630 1847 4707 illae,
1877 4649 2022 4708 quas
2049 4630 2112 4689 in
2153 4628 2353 4688 divina
2377 4628 2488 4689 hac
2515 4626 2878 4689 revelatione
