3234 5192
260 346 495 389 msrur.
523 324 662 406 vin]
998 342 1231 384 nos-ran
1268 342 1347 383 An
1379 344 1660 387 accensu
1691 344 1962 387 noxam.
2577 334 2687 391 161

260 498 599 561 monstrare,
630 506 759 562 quoe
810 485 870 543 in
912 486 1387 545 antecedentibus
1415 493 1537 545 tum
1581 488 1774 565 quoad
1815 488 2006 563 fidem,
2037 496 2158 547 tum
2205 489 2398 566 quoad
2441 490 2679 568 cultum,

261 580 386 630 tum
414 568 607 647 quoad
634 566 895 643 regimen
923 565 1151 625 abunde
1192 566 1437 643 probata
1476 575 1603 645 est;
1647 568 1806 646 quod
1847 568 2090 628 ulterius
2118 578 2315 646 posset
2343 571 2572 629 ostendi
2599 592 2678 631 ex

264 650 598 711 recensione
626 648 1055 705 innumerorum
1084 664 1342 705 errorum
1369 654 1489 705 tam
1531 656 1794 707 veterum
1835 668 2011 725 quam
2039 668 2340 726 novorum,
2373 650 2586 727 quibus
2613 672 2677 711 se

264 738 587 810 apostatam
641 746 769 786 esse
796 726 1119 785 luculenter
1144 734 1406 786 testatur.
1494 727 1609 786 Sed
1653 728 1900 787 sufficiat
1937 748 2092 788 nunc
2135 730 2492 806 observasse,
2537 752 2678 809 quo-

264 812 439 871 modo
468 808 699 868 Christo
726 805 1067 865 adversetur
1094 805 1288 883 quoad
1326 807 1453 884 ejus
1481 809 1720 881 officium
1747 809 2156 885 mediatorium,
2187 818 2311 869 tum
2359 810 2420 869 in
2469 830 2680 889 genere

264 912 369 970 per
412 890 557 949 alios
594 887 945 947 mediatores
988 894 1047 947 et
1093 886 1518 963 intercessores,
1580 908 1730 965 quos
1769 888 1858 947 illi
1905 889 2190 967 adjungit,
2219 898 2344 949 tum
2385 890 2448 949 in
2489 893 2680 969 specie

264 970 457 1050 quoad
498 968 858 1047 prophetiam
898 987 1003 1044 per
1042 966 1383 1025 traditiones
1429 982 1711 1049 ιγςιφους,
1756 977 1817 1027 et
1857 970 2255 1029 auctoritatem
2297 968 2678 1049 infallibilem,

268 1071 441 1129 quam
488 1050 600 1108 sibi
648 1048 962 1123 vendicat;
1006 1046 1201 1124 quoad
1255 1049 1646 1125 sacerdotium,
1693 1068 1797 1127 per
1825 1049 2168 1108 sacrificium
2213 1048 2568 1109 missaticum
2622 1062 2682 1111 et

269 1130 691 1190 satisfactiones
751 1129 1072 1203 humanas;
1143 1126 1339 1203 quoad
1390 1147 1642 1205 reynum,
1692 1147 1798 1206 per
1869 1136 2214 1206 potestatem
2269 1136 2330 1189 et
2375 1130 2680 1209 imperium

267 1211 427 1289 quod
452 1218 693 1286 usurpat
720 1208 779 1265 in
818 1207 1005 1266 terris.
1093 1206 1185 1264 Ita
1212 1214 1404 1265 autem
1436 1208 1666 1268 Christo
1707 1208 2062 1285 adversatur,
2109 1218 2176 1269 ut
2217 1228 2334 1267 non
2363 1210 2440 1269 sit
2487 1231 2520 1269 a
2595 1220 2686 1271 rta

266 1289 643 1368 oppugnatiO,
672 1287 862 1365 qualis
888 1294 977 1347 est
1016 1286 1358 1346 Judaeorum
1386 1296 1485 1347 aut
1515 1288 2056 1347 Mahumetanorum
2081 1312 2095 1365 ς
2141 1288 2243 1347 sed
2267 1232 2598 1371 μυσηςιοξηῖ
2625 1300 2685 1351 et

272 1370 518 1444 occulta,
562 1368 727 1426 larva
768 1366 1185 1425 Christianismi
1228 1366 1439 1443 velata,
1484 1376 1543 1427 et
1601 1368 1710 1428 sub
1765 1377 2052 1445 praetextu
2099 1368 2429 1429 vicariatus.
2515 1370 2685 1445 Quod

274 1448 507 1509 diffiteri
550 1467 667 1506 non
714 1455 957 1524 possunt
1002 1447 1334 1523 adversarii,
1386 1448 1489 1525 qui
1542 1448 1908 1526 pertendunt,
1939 1448 2070 1507 ideo
2123 1448 2339 1526 Papam
2369 1468 2486 1507 uon
2513 1472 2682 1528 posse

276 1528 703 1589 Antichristum
744 1526 874 1601 dici,
906 1546 974 1585 eo
1018 1526 1176 1603 quod
1217 1546 1427 1585 nomen
1469 1537 1528 1587 et
1590 1528 1930 1606 religionem
1961 1528 2191 1603 Christi,
2225 1548 2288 1587 se
2318 1538 2511 1589 autem
2555 1531 2683 1609 eJus

274 1628 507 1669 servum
536 1616 595 1667 et
622 1606 901 1666 vicarium
929 1606 1299 1684 profiteatur3
1341 1608 1507 1685 quasi
1556 1627 1674 1667 nou
1701 1610 1886 1687 possit
1931 1608 2222 1668 Christum
2273 1608 2470 1669 verbis
2513 1611 2684 1689 profi-

270 1689 448 1749 tendo
476 1688 667 1765 reipsa
692 1687 998 1764 abnegare,
1030 1696 1089 1745 et
1118 1688 1225 1746 sub
1252 1687 1485 1765 pietatis
1512 1688 1664 1763 ve10,
1694 1690 2006 1767 impietatis
2047 1708 2334 1747 venenum
2363 1690 2686 1767 propinare.

882 1767 1133 1825 XXIV.
1177 1770 1233 1826 3.
1266 1766 1664 1829 Antichristus
1683 1768 1885 1827 debuit
1907 1769 1987 1828 ita
2013 1788 2141 1828 esse
2162 1794 2474 1845 anm-apem
2493 1771 2686 1830 Chris·

273 1826 319 1871 3.
334 1824 756 1928 rftiissoectfsssffi'
802 1854 925 1906 tum
955 1846 1361 1925 oppugnandO,
1394 1856 1459 1907 ut
1486 1848 1751 1907 debuerit
1799 1849 1973 1908 etiam
2001 1868 2128 1908 esse
2153 1856 2513 1931 ὑπιςαιιςομιιος
2561 1852 2688 1930 ejus

804 1927 1048 2005 gloriam
1100 1927 1440 2002 aemulandO,
1493 1938 1552 1988 et
1593 1930 1648 1987 ei
1693 1948 1756 1988 se
1784 1929 2147 2005 conferendO,
2179 1931 2294 1988 imo
2338 1932 2510 1989 etiam
2539 1951 2683 2009 prae-

275 2008 528 2083 ferendO,
588 2008 673 2067 sic
729 2008 883 2067 enim
958 2007 1191 2079 Paulus,
1251 2012 1287 2064 2
1338 2008 1542 2066 Thess.
1600 2009 1660 2067 ii.
1711 2012 1766 2083 4,
1834 2012 1856 2067 ὅ
1913 2032 2224 2083 mmmmm
2296 2037 2383 2068 και
2429 2018 2682 2093 ὑπεραιρο-

272 2114 405 2165 pum
433 2114 511 2147 σπι
556 2112 723 2147 ’.ταυτα
765 2104 1018 2164 λιγομςνον
1046 2100 1166 2145 em
1208 2115 1235 2151 n
1284 2098 1546 2163 ηβασμα·
1604 2089 1726 2147 ὣστε
1766 2114 1914 2147 aaron
1955 2114 2014 2154 εις
2060 2116 2140 2147 τον
2182 2116 2286 2148 κιο,
2312 2100 2400 2151 τοῦ
2442 2100 2574 2151 Θεοῦ
2625 2093 2686 2156 ὣς

276 2184 397 2228 om
422 2179 657 2246 αδετις
704 2172 741 2201 “
761 2169 874 2243 Qui
902 2178 990 2227 est
1012 2168 1331 2227 contrarius
1358 2175 1419 2227 et
1472 2188 1533 2227 se
1560 2169 1851 2228 extollens
1899 2188 2072 2248 super
2098 2190 2326 2230 omnem
2354 2173 2455 2249 qui
2476 2172 2688 2231 dicitur

282 2251 441 2309 Deus
468 2260 569 2309 aut
612 2250 858 2325 Numen,
890 2248 1035 2307 adeo
1064 2256 1129 2307 ut
1156 2248 1216 2305 in
1256 2249 1470 2326 templo
1501 2248 1613 2307 Dei
1643 2250 1792 2309 sicut
1823 2250 1984 2309 Deus
2013 2250 2227 2325 sedeat,
2261 2272 2380 2329 prae
2409 2272 2470 2311 se
2499 2250 2690 2313 ferens

280 2350 341 2389 se
370 2350 495 2389 esse
526 2329 775 2389 Deum.’'
864 2328 1081 2387 Sensus
1122 2336 1228 2404 est,
1276 2328 1585 2387 Hominem
1610 2329 1775 2389 illum
1816 2330 2056 2409 peccati,
2085 2330 2298 2390 Filium
2328 2332 2686 2409 perditionis,

280 2430 351 2470 eo
380 2410 662 2488 superbiae
689 2416 1120 2487 perventurum,
1146 2418 1229 2485 ut,
1262 2417 1427 2467 terrae
1458 2409 1611 2469 filius
1641 2430 1772 2468 cum
1803 2412 1894 2488 sit,
1927 2430 1988 2469 se
2011 2410 2211 2470 efferat
2239 2432 2412 2488 super
2432 2412 2492 2470 id
2519 2431 2690 2473 omne

279 2490 434 2568 quod
464 2490 675 2549 dicitur
718 2490 895 2565 Deus,
928 2488 989 2547 id
1017 2496 1121 2563 est,
1154 2498 1277 2548 tum
1307 2508 1481 2566 super
1504 2508 1674 2567 reges
1704 2498 1762 2549 et
1789 2491 2094 2569 principes,
2128 2492 2227 2568 qni
2283 2494 2344 2550 in
2377 2492 2690 2570 Scripturis

282 2569 381 2629 Dii
408 2578 705 2645 vocantur,
740 2569 894 2627 Psal.
924 2568 1136 2627 lxxxii.
1171 2572 1221 2643 1,
1256 2572 1310 2644 6,
1342 2568 1387 2627 J
1390 2569 1483 2628 oh.
1527 2591 1586 2629 x.
1641 2572 1736 2646 34,
1783 2580 1902 2629 tum
1947 2590 2118 2649 supra
2169 2582 2475 2649 augustam
2529 2572 2690 2631 illam

280 2652 685 2727 imperatorum
726 2650 1105 2727 majestatem,
1136 2648 1236 2725 qui
1298 2646 1529 2708 regma
1570 2650 1710 2708 olim
1761 2652 2134 2727 vocabantur,
2186 2660 2252 2711 ut
2295 2672 2447 2730 saepe
2495 2652 2556 2710 in
2583 2673 2690 2712 nu-

280 2732 643 2791 mismatibus
667 2730 925 2807 Augusti
953 2729 1189 2787 occurit.
1238 2728 1427 2803 Quare
1455 2738 1650 2789 autem
1678 2730 1870 2789 dictus
1901 2731 1978 2789 sit
2004 2728 2256 2806 σιζκστος,
2281 2732 2452 2791 docet
2482 2732 2690 2791 Dionis

282 2811 665 2871 abbreviator.
698 2814 735 2844 ‘⁶
758 2810 1068 2883 Volebat,''
1090 2810 1293 2886 inquit,
1329 2812 1365 2843 “
1385 2809 1672 2869 Romulus
1699 2810 1913 2884 vocari,
1945 2812 2049 2869 sed
2071 2812 2307 2869 invidiae
2335 2811 2694 2870 declinandae

283 2911 473 2967 eausa,
504 2910 577 2950 ne
598 2890 754 2967 regis
780 2890 957 2949 ullius
980 2908 1189 2947 nomen
1228 2888 1479 2948 affictum
1513 2888 1824 2964 videretur,
1860 2890 2064 2949 maluit
2102 2890 2216 2948 dici
2264 2890 2588 2967 AugustuS,
2634 2892 2694 2956 ὣς

284 2976 451 3029 πλεῖον
490 2996 539 3028 τι
576 2997 631 3029 ου
658 2971 775 3029 κατ’
806 2979 1081 3052 affigam-eve
1123 2994 1198 3044 nv,
1245 2994 1415 3026 rann
1441 2996 1545 3049 γῆς
1571 2994 1642 3026 τι
1688 2993 1985 3044 unipes-nra
2031 2995 2118 3027 aaa
2166 2972 2394 3051 “ugnas-n
2423 2985 2696 3043 Avyovnae

283 3074 712 3155 πςοσωγοςιυστιι,
767 3054 816 3122 αξ
884 3054 1029 3131 ivn-ug
1090 3076 1178 3107 xm
1234 3060 1477 3118 nssmov
1516 3074 1664 3107 αυτ-ον
1702 3048 2024 3125 {hasungen-nc
2080 3057 2338 3130 vrgmi'mv
2378 3075 2538 3132 nme
2585 3076 2697 3111 τινα

285 3155 477 3207 παι-τω,
518 3132 806 3207 [anquam
834 3130 1055 3208 aliquid
1082 3136 1237 3189 esset
1278 3148 1451 3207 supra
1478 3129 1774 3188 hominum
1817 3130 2224 3207 conditionem,
2277 3151 2410 3189 nam
2454 3151 2584 3209 quse
2633 3132 2695 3191 in

282 3211 501 3270 honore
531 3219 589 3269 et
609 3210 769 3270 cultu
797 3219 948 3286 sunt,
980 3230 1051 3269 ea
1080 3210 1353 3287 Augusta
1381 3216 1680 3285 vocantur,
1710 3208 1866 3269 unde
1896 3210 1997 3288 qui
2027 3210 2428 3271 Graecisabant
2457 3222 2698 3279 mmor

279 3291 586 3368 vocabant,
646 3291 813 3369 quasi
868 3298 1131 3349 sanctum
1177 3289 1347 3365 Dei,'’
1396 3289 1527 3349 Dio.
1578 3289 1680 3348 lib.
1729 3290 1834 3349 liii.
1921 3290 2044 3349 Nec
2095 3311 2268 3370 super
2315 3312 2416 3352 eos
2469 3301 2697 3353 tantum

285 3370 683 3432 Antichristus
704 3390 765 3430 se
794 3368 995 3429 efferre
1024 3369 1239 3445 debuit,
1260 3369 1361 3447 qui
1388 3370 1451 3427 in
1476 3370 1648 3430 terris
1674 3378 1957 3431 vocantur
1989 3370 2103 3447 Dii,
2150 3372 2250 3431 sed
2296 3381 2354 3432 et
2377 3393 2550 3452 super
2576 3393 2693 3451 eos,

282 3452 471 3529 quiin
518 3452 683 3511 coelis
724 3448 850 3509 divi
889 3449 1288 3527 indigitantur,
1320 3448 1588 3529 Angelos
1631 3460 1690 3511 et
1721 3451 1982 3526 Sanctos,
2029 3453 2144 3511 imo
2188 3472 2459 3531 eousque,
2516 3462 2583 3514 ut
2636 3456 2698 3513 in

282 3532 499 3609 templo
532 3532 644 3590 Dei
700 3528 900 3589 sedeat
926 3539 1199 3607 tanquam
1250 3530 1427 3607 Deus,
1460 3550 1804 3609 supremam,
1835 3532 2222 3591 universalem
2251 3552 2318 3591 ac
2345 3534 2517 3610 plane
2547 3533 2698 3592 divi-

284 3631 417 3671 nam
444 3612 507 3669 in
535 3610 802 3671 Ecclesia
840 3618 1183 3688 potestatem
1229 3610 1341 3669 sibi
1388 3610 1711 3686 vindicans,
1743 3620 1802 3669 et
1837 3611 1920 3671 ita
1965 3631 2026 3672 se
2071 3632 2294 3689 gerens,
2326 3633 2393 3671 ac
2438 3614 2488 3671 si
2538 3612 2700 3673 Deus

284 3699 439 3750 esset
466 3692 525 3749 in
553 3692 740 3751 terris.

367 3771 582 3830 XXV.
628 3770 799 3846 Quod
848 3770 899 3829 si
927 3790 963 3829 a
1002 3770 1153 3830 thesi
1194 3769 1270 3828 ad
1324 3771 1694 3847 hypothesim
1743 3770 2165 3845 descendimus,
2213 3772 2307 3829 cui
2350 3771 2541 3847 aptius
2589 3771 2703 3831 ista

286 3850 573 3929 quadrant
600 3871 773 3928 quam
799 3848 1085 3927 Pontifici,
1118 3850 1177 3907 in
1217 3849 1467 3927 primatu
1496 3859 1555 3909 et
1596 3850 1852 3909 dominio
1900 3860 2024 3910 tum
2067 3850 2387 3927 temporali,
2419 3858 2543 3909 tum
2587 3852 2702 3929 spi-

290 3932 502 4005 rituali,
534 3930 691 4007 quod
720 3931 831 3990 sibi
864 3930 1161 4007 arrogavit
1179 3932 1209 3988 ⁴?
1292 3929 1435 4005 Quis
1472 3930 1675 4005 nescit,
1723 3948 1856 3989 eum
1902 3950 2075 4007 supra
2099 3948 2271 4007 reges
2309 3936 2368 3988 et
2393 3930 2702 4009 principes,

286 4012 407 4069 imo
436 4010 593 4087 ipsos
636 4011 1009 4087 imperatores
1038 4030 1101 4069 se
1144 4007 1363 4084 efferre,
1408 4010 1547 4069 dum
1577 4010 1690 4069 sibi
1711 4010 1812 4087 jus
1853 4017 2087 4089 arrogat
2131 4030 2230 4068 eos
2258 4008 2615 4086 instituendi,
2647 4020 2706 4070 et

290 4088 645 4149 destituendi
672 4089 749 4148 ad
773 4089 1022 4167 libitum,
1056 4089 1399 4149 absolvendi
1419 4089 1683 4149 subditos
1711 4090 1942 4148 illorum
1972 4110 2008 4148 a
2036 4090 2367 4167 juramento
2389 4089 2704 4169 fidelitatis,

286 4178 351 4229 et
376 4168 633 4248 ipsorum
660 4188 841 4247 regna
867 4169 943 4229 ad
970 4171 1115 4229 alios
1142 4166 1544 4247 transferendi,
1588 4178 1656 4229 ut
1681 4169 1809 4229 fuse
1831 4177 2143 4245 ostensum,
2177 4168 2344 4245 Disp.
2374 4169 2434 4227 V
2453 4172 2482 4229 Ρ
2543 4170 2704 4229 Non-

284 4270 364 4309 ne
393 4269 455 4308 se
486 4248 649 4308 effert
685 4270 861 4327 snpra
886 4251 1145 4327 angelos,
1190 4268 1435 4327 quorum
1464 4270 1529 4309 se
1560 4250 1820 4328 judicem
1870 4249 2248 4308 constitutum
2289 4266 2416 4308 esse
2452 4250 2702 4328 jactitat,

284 4330 389 4423 gui
420 4329 632 4388 habeat
667 4330 768 4408 jus
807 4330 927 4389 illis
966 4328 1306 4409 imperandi,
1338 4331 1435 4389 cui
1489 4330 1727 4389 subesse
1768 4336 2074 4387 teneantur
2088 4330 2118 4386 ⁴?
2197 4331 2554 4391 Innocentius
2593 4334 2706 4392 IV.

286 4430 349 4468 m
373 4409 438 4471 C.
470 4409 788 4487 Canonum,
837 4413 873 4445 ‘⁶
893 4410 1193 4470 Conditori
1220 4428 1504 4469 canonum
1534 4417 1594 4469 et
1612 4408 1832 4467 vicario
1862 4408 2150 4467 Creatoris
2193 4409 2426 4469 subdita
2453 4420 2542 4473 est
2589 4432 2711 4472 om-

288 4490 380 4549 nis
408 4498 687 4566 creatura,
718 4490 847 4568 ejus
889 4498 1147 4569 potestas
1176 4495 1265 4548 est
1292 4490 1477 4569 major
1504 4488 1663 4548 omni
1703 4494 1990 4565 potestate
2035 4498 2243 4565 creata,
2286 4508 2350 4549 >se
2391 4492 2714 4562 extendens

288 4570 366 4629 ad
413 4571 693 4646 coelestia,
740 4571 1051 4647 terrestria,
1103 4570 1427 4647 infernalia,
1478 4577 1545 4628 ut
1588 4568 1649 4627 ei
1699 4586 1890 4644 genua
1932 4578 2140 4629 cuncta
2181 4574 2551 4650 curventur,''
2583 4572 2712 4651 ἔω,

289 4649 509 4711 Anton.
572 4668 777 4710 smum.
821 4670 879 4729 p.
904 4652 959 4710 3.
988 4650 1029 4709 l.
1060 4655 1156 4711 22.
1194 4669 1245 4707 c.
1278 4650 1335 4709 5.
1389 4652 1663 4711 Clemens.
1723 4648 1824 4707 VI.
1873 4648 1934 4709 in
1977 4650 2154 4710 Bulla
2181 4671 2356 4731 super
2381 4674 2532 4713 anno
2558 4654 2712 4731 jubi-

2355 4752 2390 4792 L
