3234 5192
319 382 550 422 msru'r.
582 361 738 442 κιαι]
945 379 1021 418 ns
1053 379 1532 421 suist-senonis
1561 379 1801 420 cums-1⁸1
1844 381 2163 420 vem-rara.
2618 360 2733 420 619

319 522 402 580 οὖν
444 525 542 580 καὶ
571 525 652 578 τὸν
681 523 866 578 ἑαυτοῦ
893 525 1102 600 χριστὸν
1131 523 1252 600 ὑπὲρ
1280 524 1378 579 τῶν
1405 523 1464 578 ἐκ
1493 525 1689 587 παντὸς
1716 523 1891 600 γίνους
1921 525 2191 600 ἀνθρώπων
2219 524 2243 577 ὁ
2272 522 2451 600 πατὴρ
2480 522 2579 578 τῶν
2607 524 2740 578 ὅλων

323 605 427 668 τὰς
456 603 661 658 πάντων
691 605 940 680 κατάρας
990 599 1348 677 ἀναδέξασθαι
1397 603 1667 677 ἔῦουλὴθη,
1717 604 1864 667 είόὼς
1894 603 1970 658 ὅτι
2000 602 2279 668 ἀναστήσει
2322 604 2478 658 αὐτὸν
2508 620 2735 680 σταυρω-

323 683 471 740 θὲντα
535 687 634 738 καὶ
696 685 1039 753 ἀποθανόντα,
1097 680 1204 741 Sto.
1296 682 1360 741 Si
1396 701 1537 760 ergo
1595 683 1755 741 Deus
1802 703 1993 740 rerum
2060 681 2459 741 universarum
2512 701 2739 758 parens,

327 762 619 823 Christum
676 781 844 820 suum
891 782 965 820 ex
1009 763 1166 820 omni
1193 763 1519 822 mortalium
1550 782 1761 840 genere
1804 764 2059 821 omnium
2101 761 2537 820 maledictiones
2578 761 2736 819 exei-

325 863 461 921 pere
481 842 682 917 voluit,
709 842 896 900 sciens
914 841 1070 918 quod
1086 862 1218 901 eum
1238 842 1574 902 crucifixum
1601 852 1657 902 et
1680 851 1970 902 mortuum
1990 843 2371 910 suscitaturus
2392 841 2605 917 esset,’'
2630 839 2738 900 ὅτε.

409 922 801 982 Tertullianus
829 923 930 999 qui
959 921 1066 980 sub
1095 922 1268 980 finem
1298 921 1536 982 secundi
1567 922 1749 982 seculi
1776 923 1943 998 vixit,

411 1001 538 1061 Lib.
570 1005 840 1061 adversus
867 1001 1124 1079 Judaeos,
1155 1024 1203 1061 c.
1227 1005 1320 1062 13.

333 1086 370 1117 “
394 1083 684 1142 Christum
708 1083 1009 1159 oportebat
1034 1103 1138 1160 pro
1177 1082 1446 1142 omnibus
1473 1083 1745 1160 gentibus
1774 1081 2135 1158 sacrificium,
2167 1082 2267 1159 qui
2306 1089 2579 1156 tanquam
2611 1081 2739 1140 ovis

331 1163 408 1221 ad
435 1157 730 1221 victimam
779 1162 988 1222 duetus
1035 1171 1140 1239 est,
1171 1171 1230 1222 et
1263 1163 1424 1223 velut
1465 1183 1655 1240 agnus
1702 1183 1891 1222 coram
1924 1163 2197 1222 tondente
2228 1181 2289 1220 se
2319 1161 2443 1220 sine
2472 1181 2632 1237 voce,
2659 1160 2741 1220 sie

333 1262 452 1300 non
480 1243 704 1320 aperuit
730 1261 797 1300 os
825 1243 1052 1301 suum.'’
1076 1289 1089 1298 .

417 1321 700 1400 Origenes
727 1321 1116 1381 Adamantius
1143 1322 1244 1400 qui
1272 1319 1424 1380 circa
1449 1342 1582 1380 ann.
1613 1325 1750 1398 230,
1782 1322 1991 1382 floruit.

419 1403 632 1462 Homil.
664 1402 742 1461 iv.
773 1403 831 1460 in
857 1405 1098 1460 Numer.

419 1485 454 1514 “
479 1482 544 1541 si
571 1502 690 1540 non
717 1482 922 1541 fuisset
947 1489 1265 1558 peceatum,
1277 1501 1396 1540 non
1415 1501 1651 1540 necesse
1661 1481 1848 1541 fuerat
1868 1483 2081 1541 Filium
2103 1482 2213 1540 Dei
2236 1498 2449 1556 agnum
2472 1479 2615 1556 fieri,
2636 1501 2741 1540 nee

333 1582 480 1640 opus
507 1561 694 1622 suerat
713 1583 846 1622 eum
875 1563 935 1619 in
963 1582 1133 1621 carne
1160 1562 1412 1639 positum
1435 1562 1713 1640 jugulari,
1745 1563 1849 1620 sed
1876 1563 2182 1622 mansisset
2208 1562 2319 1620 hoe
2348 1559 2505 1635 quod
2533 1571 2657 1620 erat
2684 1561 2743 1620 in

333 1642 632 1721 principio,
667 1643 828 1702 Deus
857 1642 1135 1702 Verbum.
1221 1641 1438 1701 Verum
1478 1643 1750 1719 quoniam
1780 1643 1999 1702 introiit
2024 1651 2323 1720 peecatum
2353 1638 2413 1695 in
2442 1641 2739 1716 mundum,

331 1723 556 1800 peccati
583 1732 772 1783 autem
805 1723 1118 1782 necessitas
1140 1721 1600 1800 propitiationem
1624 1723 1881 1799 requirit,
1914 1731 1973 1782 et
1998 1722 2327 1800 propitiatio
2375 1738 2493 1777 non
2516 1719 2591 1780 sit
2634 1723 2747 1782 nisi

329 1823 434 1881 per
461 1803 726 1879 hostiam,
757 1803 1144 1862 necessarium
1169 1802 1276 1860 fuit
1304 1803 1596 1880 provideri
1628 1803 1873 1862 hostiam
1902 1822 2006 1881 pro
2028 1803 2324 1880 peecat0.’'

414 1885 492 1942 Et
520 1885 577 1942 in
595 1885 801 1943 Matth.
831 1906 876 1943 c.
912 1887 1003 1958 16,
1049 1892 1212 1941 tract.
1248 1885 1340 1941 11.
1391 1884 1643 1941 “Homo
1682 1883 1917 1960 quidem
1944 1903 2060 1942 non
2101 1891 2295 1960 potest
2322 1883 2459 1942 dare
2489 1885 2743 1962 aliquam

331 1965 836 2022 commutationem
881 1983 984 2040 pro
1013 1964 1204 2020 anima
1252 1981 1372 2038 sua,
1427 1962 1587 2022 Deus
1616 1973 1808 2021 autem
1837 1983 1941 2040 pro
1970 1963 2271 2022 animabus
2300 1965 2553 2022 omnium
2586 1963 2746 2023 dedit

331 2044 838 2102 commutationem
867 2042 1176 2119 pretiosum
1200 2042 1538 2118 sanguinem
1569 2041 1675 2098 filii
1704 2044 1827 2114 sui3
1860 2043 1981 2100 Nec
2010 2043 2165 2100 enim
2193 2043 2371 2118 empti
2400 2063 2599 2103 sumus
2617 2060 2743 2103 eor-

329 2123 587 2198 ruptibili
616 2131 857 2198 argento
886 2121 982 2179 vel
1011 2140 1168 2195 auro,
1201 2118 1304 2178 sed
1331 2121 1583 2196 pretioso
1611 2122 1895 2196 sanguine
1924 2122 2060 2197 agni
2084 2121 2495 2180 immaculati.”

409 2201 734 2278 Cyprianus
761 2202 861 2278 qni
891 2200 1176 2276 Martyrio
1205 2207 1512 2258 coronatus
1540 2209 1631 2257 est
1658 2200 1811 2258 eirca
1832 2219 1963 2257 ann.
1996 2203 2133 2258 258.

409 2283 594 2358 Epist.
620 2284 715 2357 63,
747 2283 831 2338 ad
859 2281 1044 2340 C'oecil.
1067 2299 1282 2356 paraq.
1313 2281 1369 2338 9.

412 2365 448 2394 ‘⁴
471 2362 526 2420 N
529 2381 594 2420 os
623 2381 822 2419 omnes
851 2359 1116 2438 portabat
1146 2359 1425 2437 Christus,
1458 2359 1635 2437 quiet
1662 2367 1899 2439 peecata
1924 2367 2123 2419 nostra
2150 2359 2474 2438 portabat.”

407 2445 569 2501 Idem
600 2445 670 2500 de
695 2443 968 2500 Pas-sione
999 2441 1228 2500 Christi.

412 2523 706 2583 “Causam
729 2523 930 2582 mortis
947 2522 1008 2580 in
1029 2522 1143 2598 te,'’
1158 2521 1472 2602 (Christum
1491 2518 1845 2601 alloquitur),
1871 2523 1905 2554 ‘⁴
1928 2540 2046 2578 non
2064 2539 2189 2579 esse
2211 2521 2435 2580 Pilatus
2453 2521 2575 2599 ipse
2598 2541 2743 2598 prae-

329 2603 574 2678 dixerat,
608 2613 664 2662 et
696 2603 981 2681 Caiaphas
1029 2611 1272 2662 mortem
1301 2610 1458 2660 tuam
1486 2621 1592 2679 pro
1622 2600 1857 2659 inimico
1894 2601 2108 2679 populo
2138 2601 2578 2676 satisfacturam,
2611 2621 2741 2659 eum

325 2694 478 2743 esset
509 2685 644 2742 anni
673 2684 830 2742 illius
862 2683 1150 2758 Pontifex,
1182 2680 1686 2760 prophetaverat‚’'
1738 2691 1791 2740 et
1814 2702 1967 2755 mox,
2015 2686 2050 2714 ‘⁴
2076 2681 2219 2740 Cum
2277 2681 2543 2757 originali
2573 2681 2742 2740 morti

327 2765 550 2823 nullum
581 2765 692 2822 nisi
721 2765 781 2821 in
811 2764 1025 2823 Christi
1055 2773 1237 2821 morte
1265 2763 1517 2839 potuerit
1545 2781 1673 2818 esse
1702 2760 2036 2834 remedium,
2067 2779 2175 2818 nec
2211 2761 2583 2818 reconciliare
2615 2760 2741 2818 Deo

327 2844 580 2920 potuerit
609 2844 812 2902 exules
841 2857 898 2901 et
920 2843 1222 2900 damnatos
1251 2841 1526 2918 quaslibet
1543 2839 1778 2915 oblatio,
1804 2840 1915 2896 nisi
1935 2839 2235 2916 sanguinis
2256 2839 2431 2915 hujus
2449 2838 2743 2915 singulare

333 2923 737 2997 sacrificium‚”
769 2919 876 2980 &a

411 3001 702 3059 Eusebius
733 3000 1102 3059 Caesariensis
1131 2999 1232 3076 qui
1259 3006 1516 3074 tempore
1545 2997 1909 3056 Constantini
1940 2996 2147 3072 Magni
2170 2995 2336 3054 vixit.

411 3081 536 3139 Lib.
567 3101 626 3139 x.
657 3083 727 3139 de
755 3083 1095 3138 demonstra.
1126 3079 1404 3153 Evanqel.
1436 3097 1482 3134 c.
1518 3079 1570 3135 1.

414 3166 452 3196 “
477 3160 654 3238 Γέγονε
705 3163 828 3238 γοῦν
869 3159 991 3237 ὑπὲρ
1022 3159 1168 3228 ἡμῶν
1197 3158 1417 3235 κατάρα
1447 3159 1470 3212 ὃ
1515 3158 1679 3226 ἀμνὸς
1722 3157 1811 3212 τοῦ
1837 3155 1961 3212 θεοῦ
2004 3159 2027 3212 ὀ
2050 3155 2205 3234 αἴρων
2234 3157 2327 3221 τὴν
2353 3159 2627 3236 ἁμαρτίαν
2653 3161 2744 3214 τοῦ

335 3258 548 3312 κοσμου,
575 3243 624 3296 ὅν
651 3243 750 3296 καί
774 3239 852 3309 μὴ
898 3242 1086 3316 γνόντα
1129 3239 1401 3316 ἁμαρτίαν
1429 3239 1452 3292 ὀ
1480 3235 1600 3301 θεὸς
1631 3237 1753 3314 ὑπὲρ
1798 3236 1945 3305 ἡμῶν
1988 3239 2260 3315 ἁμαρτίαν
2307 3237 2545 3313 ἐποίησεν,
2600 3241 2741 3294 ἀντί-

335 3319 524 3398 ψυχον
569 3321 691 3398 ὑπὲρ
721 3321 925 3376 πάντων
967 3318 1112 3387 ἡμῶν
1153 3317 1420 3396 προὶμενος
1463 3318 1619 3372 αὑτὸν
1660 3318 1743 3372 ῗνα
1788 3316 1937 3385 ἡμεῖς
1978 3320 2249 3395 γινώμεθα
2300 3317 2591 3386 δικαιοσύνη
2620 3317 2744 3376 θεοῦ

336 3403 396 3458 ἐκ
425 3403 598 3479 αὐτῷ.
683 3400 902 3459 Factus
931 3407 1020 3456 est
1047 3418 1187 3476 ergo
1235 3417 1340 3476 pro
1369 3397 1537 3456 nobis
1571 3397 1878 3456 Execratio
1909 3396 2121 3474 Agnus
2152 3398 2261 3456 Dei
2285 3398 2384 3474 qui
2412 3399 2568 3459 tollit
2614 3419 2743 3477 pec-

335 3491 528 3540 catum
596 3481 814 3556 mundi,
887 3499 1055 3556 quem
1129 3478 1354 3538 etiamsi
1397 3497 1515 3536 non
1570 3477 1829 3536 novisset
1896 3487 2216 3555 peccatum,
2272 3488 2571 3554 peecatum
2640 3499 2745 3556 pro

335 3562 506 3619 nobis
527 3561 662 3620 fecit
694 3562 871 3634 Deus,
903 3559 1031 3618 loco
1061 3559 1314 3617 omnium
1345 3567 1606 3617 nostrum
1650 3557 1929 3617 vicarium
1959 3578 2091 3618 eum
2120 3559 2473 3618 substituens
2500 3569 2565 3618 ut
2592 3580 2749 3618 esse·

337 3661 466 3698 mus
501 3641 732 3718 justitia
761 3641 871 3698 Dei
899 3640 960 3697 in
988 3639 1171 3718 ipsO.”

422 3721 500 3779 Et
527 3720 700 3797 paulo
725 3728 860 3798 post
877 3721 1087 3779 clarius
1104 3720 1215 3778 hoe
1243 3718 1433 3796 ipsum
1455 3726 1859 3796 argumentum
1888 3719 2195 3795 exequitur
2222 3741 2350 3779 eum
2382 3718 2559 3792 addit,
2611 3720 2647 3752 “
2671 3723 2750 3777 Οὐ

339 3803 484 3870 μόνον
528 3802 578 3857 δε
623 3804 802 3857 ταῦτα
865 3798 1085 3879 πράξας
1128 3802 1152 3855 ὃ
1193 3799 1358 3868 ἀμνὸς
1421 3803 1509 3855 τοῦ
1569 3797 1713 3870 θεοῦ,
1776 3799 1940 3854 ἀλλὰ
1982 3803 2081 3855 καὶ
2123 3799 2245 3876 ὑπὲρ
2288 3800 2431 3869 ἡμῶν
2474 3803 2751 3865 κολασθεὶς

347 3885 443 3936 κα)
501 3885 750 3959 τιμωρίαν
812 3881 1056 3958 ὑποσχὼν
1097 3877 1154 3947 ἣν
1209 3881 1371 3943 αὐτὸς
1423 3900 1518 3947 μιν
1560 3881 1652 3935 οὐκ
1698 3877 1933 3954 ὤφειλεν,
1978 3878 2113 3934 ἀλλ’
2178 3879 2327 3950 ἡμεῖς
2390 3881 2479 3934 τοῦ
2520 3879 2751 3945 πλήθους

344 3960 500 4017 ἕνεκεν
540 3962 639 4017 τῶν
681 3961 1228 4030 πεπλημμελημένοιν,
1276 3958 1392 4028 ἡμῖν
1435 3958 1603 4024 αἴτιος
1634 3959 1733 4015 τῶν
1772 3960 2181 4036 ἁμαρτημάτων
2222 3959 2455 4030 ἀφέσεως
2498 3958 2751 4032 κατέστη,

347 4040 444 4096 ἅτε
490 4044 572 4097 τὸν
612 4041 734 4118 ὑπὲρ
777 4041 922 4110 ἡμῶν
963 4037 1352 4114 ἀναδεξάμενος
1391 4037 1624 4094 θάνατον
1662 4041 1946 4116 μάστιγας
1976 4059 2031 4094 τε
2062 4043 2160 4095 καὶ
2201 4038 2367 4116 ’ύζρεις
2395 4042 2495 4094 κα)
2523 4040 2750 4108 ἀτιμίας

349 4120 469 4190 ἡμῖν
525 4121 932 4194 ἒποφειλομένας
991 4122 1064 4184 εἷς
1107 4120 1286 4176 ἑαυτὸν
1322 4121 1588 4190 μεταθείς,
1637 4123 1735 4175 καὶ
1775 4119 1867 4183 τὴν
1911 4117 2029 4187 ἡμῖν
2070 4118 2533 4196 προστετιμημένην
2576 4122 2751 4176 κατά-

348 4220 440 4277 ραν
481 4201 560 4274 ἐφ’
593 4200 772 4256 ἑαυτὸν
799 4199 1052 4272 ἑλκύσας,
1096 4202 1359 4277 γενόμενος
1401 4200 1523 4275 ὑπὲρ
1567 4199 1713 4269 ἡμῶν
1755 4198 1993 4274 κατάρα.
2080 4197 2211 4256 Non
2241 4198 2427 4256 solum
2458 4217 2597 4256 vero
2624 4199 2749 4258 haec

343 4301 526 4356 agens
577 4280 790 4356 Agnus
836 4280 964 4354 Dei,
995 4289 1162 4339 autor
1203 4276 1556 4338 remissionis
1603 4285 1969 4355 peecatorum
2017 4278 2187 4336 nobis
2214 4277 2400 4335 factus
2429 4285 2533 4352 est,
2566 4278 2668 4337 sed
2696 4291 2755 4341 et

347 4380 451 4437 pro
499 4359 668 4418 nobis
719 4360 1003 4438 supplicio
1051 4368 1110 4418 et
1163 4378 1336 4436 poena
1378 4356 1635 4431 affeetuS‚
1687 4377 1859 4435 quam
1910 4357 2031 4433 ipse
2078 4377 2191 4415 non
2222 4356 2485 4433 debebat,
2518 4358 2621 4416 sed
2649 4379 2755 4421 nos

347 4449 582 4518 propter
630 4440 1056 4499 multitudinem
1107 4447 1469 4516 peecatorum
1519 4445 1850 4496 nostrorum
1876 4459 1889 4512 ς
1934 4444 2056 4494 tum
2104 4438 2233 4496 loco
2282 4445 2481 4496 nostro
2508 4447 2750 4500 mortem

348 4521 670 4597 suscipiens
715 4529 772 4579 et
816 4521 876 4578 in
925 4521 1176 4598 seipsum
1225 4519 1576 4577 transferens
1602 4517 1803 4594 flagra,
1834 4517 2091 4594 injurias,
2124 4526 2183 4576 et
2209 4517 2556 4596 ignominias
2584 4521 2751 4580 nobis

348 4601 592 4675 debitas,
624 4609 682 4660 et
727 4601 822 4660 ad.
846 4621 908 4661 se
937 4601 1170 4660 trahens
1198 4597 1658 4658 maledictionem
1692 4597 1859 4656 nobis
1902 4608 2179 4676 paratam,
2228 4597 2412 4658 sactus
2454 4619 2557 4676 pro
2586 4603 2753 4662 nobis

349 4681 738 4740 maledieti0.”
