3234 5192
292 384 527 427 marm·-
556 361 719 447 πη]
1040 382 1267 427 noenu
1297 382 1377 425 as
1404 384 1686 428 sccusu
1715 382 1984 427 nonan.
2039 440 2061 455 -
2596 370 2712 429 203

296 546 408 586 nec
435 525 607 601 enim,
638 522 741 601 qui
758 521 1093 584 tribuuntur
1131 523 1249 585 illis
1290 544 1515 585 errores
1555 525 1744 585 solum
1773 534 1909 585 sunt
1947 522 2232 599 indirecti,
2262 531 2322 583 et
2357 543 2464 617 per
2511 545 2710 585 conse-

295 606 567 683 quentias
594 602 805 678 educti,
850 603 957 663 sed
994 604 1197 664 directi
1217 612 1277 663 et
1286 608 1585 681 formales,
1630 624 1776 682 quos
1803 624 1920 663 non
1947 604 2120 662 modo
2147 622 2266 663 non
2291 602 2576 681 rejiciunt,
2607 605 2714 665 sed

298 704 449 763 quos
476 684 743 743 omnibus
771 681 1089 743 credendos
1110 684 1443 760 obtrudunt,
1464 704 1524 742 v.
1554 704 1613 760 g.
1639 683 1980 743 sacrificium
2020 682 2393 757 missaticum,
2444 685 2710 744 transub-

304 764 619 838 stantiatio,
664 762 925 822 adoratio
964 763 1187 839 hostioe,
1219 764 1411 823 cultus
1450 764 1788 840 imaginum,
1814 760 1922 823 &c.
1982 764 2036 821 6.
2071 762 2514 839 Syncretismus,
2538 782 2712 840 quem

302 854 571 922 optamus
598 862 729 902 cum
758 842 1123 917 Lutheranis,
1168 842 1304 901 talis
1346 849 1452 918 est,
1482 850 1551 901 ιιι
1575 861 1682 919 per
1707 861 1838 903 eum
1867 842 2011 900 nihil
2056 840 2298 901 decedat
2344 842 2512 901 nobis
2541 842 2614 902 de
2641 862 2714 903 ea

300 924 547 983 veritate
574 942 747 1000 quam
775 921 1125 998 profitemur,
1154 930 1355 999 utpote
1382 922 1483 999 qui
1510 922 1575 979 in
1602 922 1729 981 sola
1769 922 2022 981 fraterna
2063 920 2370 980 tolerantia
2416 923 2715 997 consistat,

300 1003 487 1063 donec
518 1002 679 1061 Deus
704 1000 949 1061 ulterius
975 1009 1231 1060 errantes
1258 1001 1547 1061 illuminet
1586 1001 1667 1059 ad
1706 1000 1942 1079 plenum
1987 1018 2330 1059 consensum
2376 1000 2713 1078 ineundum,

300 1082 365 1142 in
391 1082 464 1141 iis
491 1082 554 1139 in
580 1081 793 1157 quibus
838 1079 1205 1140 dissidemus.
1292 1080 1411 1139 Sed
1438 1080 1643 1156 Roma,
1674 1099 1805 1157 quse
1833 1100 1896 1139 se
1924 1080 2216 1139 dominam
2257 1087 2316 1138 et
2343 1079 2708 1141 infallibilem

292 1163 498 1241 jactat,
526 1160 751 1219 nullum
778 1167 971 1237 potest
998 1159 1439 1235 syncretismum
1468 1160 1790 1235 admittere,
1822 1160 1934 1218 nisi
1976 1159 2036 1217 in
2067 1159 2194 1236 ejus
2223 1159 2403 1218 verba
2422 1159 2706 1237 juremus,

301 1250 362 1301 et
388 1241 545 1300 illius
566 1241 779 1317 jugum
806 1238 1133 1298 subeamus.
1218 1238 1397 1297 Absit
1417 1258 1556 1298 vero
1576 1249 1644 1297 ut
1661 1239 1778 1298 tale
1800 1238 1942 1316 quid
1963 1239 2060 1297 vel
2087 1238 2408 1315 cogitemus
2430 1259 2704 1318 unquam,

299 1321 399 1379 vel
425 1328 781 1397 prastemus.
873 1318 1215 1377 Maneamus
1242 1318 1305 1377 in
1331 1317 1589 1393 liberate,
1619 1318 1681 1377 in
1709 1338 1882 1395 quam
1912 1317 2176 1377 Christus
2203 1336 2311 1377 nos
2339 1320 2601 1393 asseruit,
2631 1338 2706 1379 ne

302 1400 413 1459 sub
439 1397 923 1458 reconciliationis
949 1406 1252 1475 praetextu,
1282 1396 1585 1457 redeamus
1604 1396 1682 1455 ad
1707 1396 2032 1473 compedes,
2063 1406 2122 1457 et
2147 1397 2258 1455 sub
2277 1397 2489 1474 jugum
2515 1396 2704 1457 duris-

304 1480 467 1539 simae
494 1478 811 1552 servitutis,
841 1477 949 1536 sub
977 1497 1093 1554 quo
1120 1486 1293 1537 antea
1318 1476 1734 1553 detinebamur,
1760 1476 1950 1535 denuo
1990 1475 2304 1534 mittamur.
2389 1475 2468 1533 Et
2495 1476 2546 1535 si
2573 1496 2706 1535 nos-

300 1566 455 1617 trum
499 1557 576 1616 ad
621 1577 685 1617 se
732 1556 979 1615 reditum
1024 1557 1285 1617 obtinere
1330 1556 1461 1615 vult
1510 1556 1714 1631 Roma,
1761 1554 1960 1614 redeat
1997 1554 2184 1633 primo
2211 1555 2272 1612 in
2299 1554 2544 1631 gratiam
2572 1575 2704 1614 cum

302 1638 551 1712 Christe,
575 1644 635 1697 et
648 1656 781 1697 eum
804 1636 991 1695 solum
1009 1656 1253 1713 regnare
1289 1636 1559 1714 patiatur,
1589 1644 1650 1695 et
1675 1654 1782 1695 nos
1801 1634 2003 1693 faciles
2022 1634 2351 1711 experietur
2370 1634 2432 1691 in
2452 1634 2706 1696 ineundo

301 1736 605 1777 consensu.
693 1715 813 1775 Sed
836 1716 947 1775 hoc
974 1726 1171 1793 optare
1200 1715 1427 1775 facilius
1474 1723 1565 1775 est
1606 1734 1782 1793 quam
1809 1732 2074 1791 sperare:
2117 1713 2230 1773 nisi
2259 1714 2440 1789 Deus,
2470 1715 2573 1791 qui
2599 1716 2704 1775 ho-

300 1797 522 1857 minum
550 1795 725 1855 corda
750 1796 811 1853 in
838 1814 1013 1855 manu
1042 1815 1145 1855 sua
1171 1795 1365 1870 habet,
1393 1802 1660 1871 potenter
1706 1814 1776 1855 ea
1825 1792 2076 1873 Spiritus
2117 1792 2208 1853 sui
2233 1792 2448 1853 virtute
2489 1793 2702 1871 flectat,

299 1875 458 1955 quod
477 1875 701 1953 piorum
730 1874 987 1934 omnium
1013 1883 1215 1934 votum
1242 1894 1370 1934 esse
1399 1873 1587 1933 debet.

378 1954 737 2015 XXXVII.
781 1954 927 2013 Cum
967 1973 1106 2031 ergo
1135 1974 1212 2013 ex
1254 1954 1327 2012 iis
1354 1953 1641 2027 omnibus,
1672 1971 1803 2029 quae
1830 1972 1866 2011 a
1891 1950 2062 2009 nobis
2101 1950 2381 2011 hactenus
2409 1950 2704 2029 disputata

298 2043 453 2111 sunt,
484 2042 723 2109 constet,
756 2034 1003 2093 Romam
1022 2032 1461 2111 quamplurimis
1478 2031 1813 2091 exitialibus
1831 2030 2147 2090 haeresibus
2163 2030 2478 2089 doctrinam
2511 2030 2705 2091 Chris·

298 2116 517 2175 tianam
544 2114 884 2191 corrupisse,
915 2120 975 2171 et
1000 2113 1061 2171 in
1088 2112 1251 2173 cultu
1271 2111 1754 2171 crassissimamm
1775 2110 2245 2188 superstitionum
2268 2116 2328 2167 et
2353 2108 2706 2169 idololatria·

295 2214 442 2269 rum,
472 2213 602 2271 quae
629 2213 761 2253 cum
806 2192 991 2252 salute
1037 2192 1209 2270 plane
1250 2199 1388 2252 sunt
1412 2216 1706 2265 aemma,
1735 2209 1890 2249 ream
1919 2208 2084 2265 essc;
2129 2197 2302 2265 atque
2329 2187 2476 2247 adeo
2503 2187 2700 2248 sedem

296 2293 426 2334 esse
452 2273 679 2351 imperii
704 2272 993 2349 tyrannici
1020 2279 1079 2331 et
1106 2270 1569 2347 Antichristiani,
1601 2279 1662 2330 et
1697 2269 1945 2347 insignis
1993 2268 2316 2346 apostasiae,
2347 2286 2476 2345 quae
2505 2269 2702 2329 novis·

301 2352 463 2413 simis
490 2352 844 2429 temporibus
872 2351 1207 2429 contingere
1250 2349 1469 2426 debuit,
1519 2371 1555 2410 a
1594 2370 1712 2427 qua
1751 2348 1992 2427 proinde
2023 2347 2271 2425 Spiritus
2302 2346 2548 2407 Sanctus
2574 2348 2704 2426 pios

298 2452 499 2492 omnes
528 2431 793 2491 secedere
835 2430 1021 2507 jubet,
1052 2430 1104 2489 si
1145 2430 1319 2491 saluti
1346 2450 1467 2490 suae
1504 2430 1834 2489 consultum
1861 2428 2082 2503 volunt,
2127 2427 2271 2505 quid
2297 2434 2558 2505 superest
2584 2428 2701 2489 nisi

298 2520 365 2572 ut
392 2511 819 2585 concludamus,
848 2508 1229 2569 necessariam
1258 2510 1492 2569 omnino
1520 2510 1698 2570 fuisse
1742 2509 1978 2567 Patrum
2009 2516 2336 2567 nostrorum
2385 2507 2461 2567 ab
2509 2528 2578 2567 ea
2613 2528 2705 2568 se-

298 2592 637 2667 cessionem,
668 2599 727 2651 et
748 2589 1180 2667 impossibilem,
1211 2589 1385 2649 rebus
1426 2590 1509 2649 sic
1538 2588 1843 2663 stantibus,
1889 2596 2150 2648 nostrum
2177 2586 2254 2646 ad
2280 2606 2406 2646 eam
2453 2588 2704 2647 reditum

296 2680 355 2731 et
382 2690 511 2731 cum
540 2690 610 2729 ea
636 2669 1097 2747 syncretismum,
1128 2669 1227 2745 qui
1248 2669 1427 2729 totius
1466 2669 1637 2729 istius
1668 2667 2092 2747 Disputationis
2113 2686 2322 2743 scopus
2341 2666 2449 2726 fuit
2469 2676 2528 2725 et
2547 2668 2700 2727 finis.

300 2751 479 2810 Faxit
508 2750 669 2809 Deus
698 2748 965 2826 Optimus
1003 2748 1319 2821 Maximus,
1351 2749 1451 2826 qui
1478 2769 1587 2809 nos
1614 2748 1693 2807 ad
1717 2748 2030 2826 gloriosam
2058 2746 2224 2823 regni
2251 2745 2342 2803 sui
2369 2745 2698 2806 libertatem

296 2830 547 2905 vocavit,
572 2837 655 2904 ut,
686 2828 749 2887 in
774 2828 885 2887 bac
900 2828 1145 2887 veritate
1174 2828 1413 2887 salutari
1440 2829 1629 2907 magis
1657 2828 1957 2904 magisque
1985 2825 2323 2897 confirmati,
2353 2824 2700 2899 posthabitis

297 2916 359 2969 et
396 2907 607 2986 spretis
648 2907 947 2985 promissis
990 2916 1050 2967 et
1090 2908 1266 2967 minis
1314 2908 1599 2982 omnibus,
1648 2906 1860 2984 quibus
1902 2905 2002 2964 vel
2027 2924 2136 2963 nos
2161 2904 2418 2961 inescare
2447 2910 2506 2961 et
2533 2903 2608 2961 ad
2635 2922 2698 2963 se

294 2988 547 3061 allicere,
576 2988 675 3045 vel
702 3006 738 3045 a
754 2986 869 3045 fide
899 2987 1113 3045 Christi
1141 2986 1429 3047 deterrere
1470 2995 1529 3046 et
1569 2986 1855 3044 abducere
1885 2984 2154 3061 Babylon
2181 2988 2438 3055 conatur,
2471 2981 2699 3041 Christo

290 3068 467 3128 unico
494 3065 671 3142 capiti
697 3072 755 3123 et
782 3085 997 3143 sponso
1025 3075 1223 3126 nostro
1274 3066 1565 3125 indivulse
1606 3064 1984 3135 adhaerentes,
2033 3062 2196 3121 illum
2243 3061 2326 3119 ita
2369 3068 2700 3121 constanter

291 3166 415 3226 prae
445 3143 713 3205 omnibus
739 3164 1013 3221 amemus,
1043 3147 1317 3221 colamus,
1348 3155 1409 3205 et
1436 3163 1760 3224 sequamur,
1791 3150 1858 3202 ut
1885 3141 2030 3201 nihil
2057 3142 2131 3200 ab
2152 3141 2278 3218 ejus
2295 3141 2697 3200 communione

292 3226 547 3286 avellere
575 3243 827 3301 unquam
847 3244 957 3284 nos
976 3226 1193 3303 possit3
1239 3224 1423 3285 donec
1450 3224 1525 3283 ad
1554 3222 2014 3283 communionem
2043 3222 2170 3299 ejus
2198 3220 2398 3299 gloriae
2425 3220 2488 3279 in
2515 3220 2696 3281 coelos

292 3304 575 3382 translati,
609 3324 739 3365 cum
768 3324 836 3365 eo
864 3305 927 3363 in
956 3313 1234 3364 aeternum
1262 3304 1461 3365 felices
1481 3306 1767 3363 vivamus.
1851 3301 2055 3378 Auen,
2087 3300 2292 3361 Aunu.
