3234 5192
342 338 581 383 msrur.
608 322 767 398 xm]
946 334 1025 376 ns
1054 332 1547 377 sxrrsrxcmoms
1576 334 1824 377 cums-rx
1853 334 2175 381 vxmrxrx.
2637 310 2760 379 486

344 480 483 539 dum
512 479 622 539 fuit
648 477 1041 539 maledictioni
1068 475 1404 553 obnoxium,
1436 477 1546 538 fuit
1572 474 1747 537 etiam
1777 497 1883 536 suo
1921 497 2094 538 sensu
2120 476 2342 555 peccati
2371 477 2756 555 expiatorium

342 568 402 619 et
428 559 889 637 propitiatorium
917 558 1018 616 irae
1047 557 1279 616 divinae.
1366 558 1587 616 Verum
1633 566 1842 635 praeter
1867 558 1972 617 has
2014 558 2266 617 rationes
2293 558 2506 635 quibus
2529 565 2756 618 constat

342 640 577 699 effatum
600 639 711 697 hoc
734 637 989 714 Domini,
1018 638 1190 697 Deut.
1211 637 1355 711 xxi„
1379 638 1684 697 veritatem
1708 656 1870 696 suam
1891 638 1953 695 in
1974 637 2142 696 litera
2169 645 2227 697 et
2247 646 2390 716 typo
2412 637 2752 714 obtinuisse,

339 720 582 779 ulterius
609 718 991 796 proculdubio
1032 718 1291 795 respexit
1322 717 1569 795 Spiritus
1615 717 1674 776 S.
1705 726 1766 777 et
1804 716 1920 775 alia
1959 718 2192 777 suberat
2231 717 2478 795 mystica
2517 717 2667 775 ratio
2697 726 2757 776 et

340 799 809 877 supernaturalia,
841 806 1125 875 quatenus
1144 800 1269 875 jam
1299 796 1437 855 olim
1464 797 1575 855 hoc
1604 796 1888 873 symbolo,
1919 798 2120 856 mortis
2139 797 2354 857 Christi
2383 815 2567 875 genus
2595 796 2754 874 quod

340 898 475 939 cum
503 879 703 938 divina
730 880 1095 937 execratione
1122 878 1400 953 conjungi
1426 876 1630 935 debuit
1665 876 1741 935 ad
1769 876 2221 955 redemptionem
2247 885 2521 953 nostram,
2553 876 2756 935 adum-

338 959 507 1018 brare
535 958 939 1037 quadantenus
984 957 1189 1032 voluit,
1236 964 1296 1015 et
1344 956 1610 1015 Christus
1654 956 1802 1016 hanc
1845 957 2048 1015 mortis
2095 956 2345 1035 speciem
2391 957 2455 1015 in
2497 963 2755 1035 tempore

342 1039 567 1117 selegit,
618 1058 738 1097 non
792 1037 964 1097 modo
1002 1037 1140 1115 quia
1182 1036 1199 1093 i
1206 1035 1735 1113 gnominiosissima
1780 1036 1842 1094 in
1891 1056 1953 1096 se
1995 1036 2106 1097 fuit
2151 1045 2210 1096 et
2251 1036 2636 1111 acerbissima,
2689 1043 2758 1095 ιιι

339 1120 423 1177 ita
490 1120 553 1177 in
593 1119 778 1177 forma
818 1118 971 1176 servi
1014 1116 1271 1175 existens
1322 1115 1521 1174 servili
1562 1115 1845 1193 supplicio
1897 1115 2136 1176 affectus
2188 1116 2481 1175 infamiam
2523 1124 2582 1175 et
2635 1124 2754 1175 tor-

340 1206 537 1257 menta
565 1198 759 1257 omnia
784 1196 954 1255 nobis
981 1195 1179 1255 debita
1224 1194 1536 1272 perferret3
1580 1214 1785 1253 verum
1827 1196 2001 1254 etiam
2042 1205 2110 1256 ut
2152 1196 2448 1273 implendo
2495 1195 2652 1273 quod
2679 1194 2754 1255 de

342 1298 413 1337 ea
440 1277 777 1355 praedictum
806 1277 1007 1351 fuerat,
1041 1273 1407 1353 suscipiendo
1450 1274 1915 1335 maledictionem
1963 1276 2130 1337 nobis
2176 1284 2410 1353 propter
2451 1282 2753 1354 peccatum

342 1358 737 1415 imminentem
764 1376 873 1414 nos
899 1356 972 1414 ab
1002 1374 1071 1413 ea
1097 1354 1385 1433 liberaret,
1416 1364 1591 1432 atque
1618 1355 1701 1415 ita
1742 1356 2086 1433 gravissima
2113 1355 2215 1414 illa
2241 1357 2460 1415 scelera
2487 1375 2616 1432 quae
2645 1374 2753 1413 nos

344 1456 545 1495 omnes
574 1444 737 1495 reatu
765 1455 871 1495 suo
899 1434 1340 1512 obstringebant
1365 1436 1662 1513 expiaret:
1709 1435 1806 1495 Sic
1853 1444 2255 1512 argumentum
2303 1436 2472 1495 Pauli
2499 1456 2534 1494 a
2561 1442 2754 1513 poste·

340 1516 479 1575 riori
507 1524 612 1592 est,
642 1536 758 1574 non
788 1536 824 1574 a
848 1516 1043 1593 priori,
1086 1533 1275 1592 neque
1316 1515 1469 1573 euim
1515 1534 1662 1574 crux
1697 1534 1872 1574 causa
1899 1516 2009 1574 fuit
2033 1524 2100 1575 ut
2125 1516 2310 1594 primo
2340 1516 2606 1574 Christus
2632 1534 2756 1574 ma-

340 1596 590 1656 ledictus
618 1595 805 1671 fuerit,
839 1595 943 1654 sed
970 1594 1327 1654 demonstrat
1352 1615 1499 1654 crux
1524 1602 1726 1673 utpote
1753 1595 2174 1655 maledictionis
2213 1594 2558 1673 symbolum,
2588 1594 2760 1654 illum

333 1676 459 1754 jam
487 1685 621 1736 ante
649 1676 827 1735 fuisse
855 1695 891 1733 a
920 1674 1090 1734 Patre
1118 1674 1511 1735 maledictum.
1574 1675 1694 1734 Cur
1719 1694 1858 1734 vero
1893 1675 2236 1735 maledictus
2279 1675 2675 1735 sanctissimus
2697 1681 2759 1735 et

343 1755 753 1815 dilectissimus
796 1755 911 1815 Dei
952 1755 1107 1815 filius
1123 1758 1153 1814 P
1192 1755 1307 1814 nisi
1346 1755 1486 1833 quia
1524 1762 1747 1813 reatum
1788 1754 1851 1815 in
1891 1774 1954 1814 se
1995 1764 2256 1815 nostrum
2298 1762 2629 1833 susceperat
2654 1754 2758 1832 qui

342 1835 467 1895 sine
494 1836 855 1913 penitissime
882 1836 983 1893 irae
1010 1843 1071 1894 et
1096 1834 1519 1894 maledictionis
1546 1834 1762 1893 divinae
1790 1854 1964 1894 sensu
1991 1836 2213 1913 expiari
2239 1855 2356 1894 non
2375 1835 2580 1914 potuit,
2602 1834 2756 1893 unde

341 1934 461 1974 non
486 1924 711 1975 tantum
740 1914 951 1975 dicitur
960 1918 1159 1989 factus
1186 1915 1487 1989 execrattb,
1532 1914 1638 1973 sed
1655 1934 1773 1989 pro
1799 1916 1969 1990 nobis,
2003 1924 2067 1974 ut
2107 1935 2215 1974 nos
2259 1915 2333 1975 ab
2360 1935 2430 1973 ea
2457 1914 2753 1990 eximeret,

341 2004 541 2055 nostro
570 1995 695 2055 scil.
725 1995 852 2053 loco
881 2002 939 2053 et
966 1994 1112 2068 vice,
1143 1994 1281 2070 quia
1307 1993 1549 2052 eandem
1595 2012 1766 2070 quam
1797 2013 2025 2052 eramus
2053 1995 2372 2053 commeriti
2397 1994 2758 2053 maledictio-

340 2093 474 2133 nem
491 2075 691 2134 insons
719 2074 843 2151 ipse
874 2073 1023 2147 tulit,
1048 2072 1351 2149 “suscepit
1378 2071 1878 2131 maledictionem”
1895 2072 2085 2148 inquit
2097 2073 2393 2149 Chrysost.
2411 2073 2474 2129 in
2497 2073 2630 2133 Gal.
2653 2072 2756 2149 iii„

346 2156 383 2187 “
406 2162 581 2230 atque
610 2152 692 2211 ita
720 2152 878 2209 illam
910 2150 1159 2225 sustulit,
1188 2150 1426 2227 perinde
1456 2150 1674 2208 faciens
1701 2170 1768 2209 ac
1797 2150 1848 2209 si
1894 2150 2065 2210 morti
2113 2151 2443 2228 adjudicato
2463 2152 2759 2229 quopiam,

346 2234 496 2291 alius
515 2233 713 2309 justus
740 2230 899 2290 illius
926 2229 1180 2288 damnati
1219 2230 1349 2289 vice
1392 2238 1597 2307 sponte
1642 2230 1790 2290 mori
1833 2230 2037 2289 volens
2085 2231 2290 2308 eripiat
2329 2231 2554 2291 illum.”
2600 2230 2758 2291 Hinc

346 2311 749 2387 oecumenius,
784 2313 819 2345 “
843 2310 991 2369 Eam
1020 2309 1445 2370 execrationem
1474 2309 1726 2389 suscepit
1747 2310 1841 2369 cui
1861 2310 2150 2369 obnoxius
2170 2331 2288 2370 non
2315 2318 2454 2387 erat,
2480 2331 2610 2371 cum
2630 2330 2758 2371 sus-

344 2410 561 2471 pensus
590 2391 700 2451 fuit
724 2390 787 2451 in
812 2390 993 2469 ligne,
1022 2398 1089 2451 ut
1136 2391 1562 2451 execrationem
1610 2390 1862 2451 solveret
1908 2411 2039 2469 quae
2083 2391 2391 2452 adversum
2439 2411 2548 2451 nos
2575 2392 2758 2452 erat.”

346 2472 441 2530 Ex
472 2472 684 2550 quibus
711 2472 795 2531 ita
821 2472 1132 2549 disputatis
1160 2472 1541 2531 certissimum
1570 2492 1676 2549 pro
1717 2471 1964 2533 veritate
1992 2471 2318 2533 orthodoxa
2337 2472 2643 2532 deducitur
2669 2492 2759 2531 ar-

344 2561 680 2629 gumentum
706 2574 721 2629 3
768 2552 917 2611 Nam
945 2552 1047 2630 qui
1075 2552 1158 2611 ita
1177 2573 1281 2629 pro
1309 2552 1479 2612 nobis
1506 2561 1770 2613 mortuus
1798 2560 1888 2612 est
1914 2560 1981 2612 ut
2007 2552 2068 2610 in
2091 2573 2153 2612 se
2183 2553 2498 2629 susciperet
2524 2572 2759 2611 execra-

343 2632 559 2692 tionem
588 2632 757 2692 nobis
786 2632 1039 2692 debitam
1069 2641 1127 2691 et
1148 2633 1222 2691 ab
1250 2652 1320 2691 ea
1366 2652 1473 2692 nos
1520 2632 1794 2692 liberaret
1836 2631 2299 2691 benedictionem
2337 2651 2499 2691 suam
2543 2632 2606 2689 in
2653 2652 2762 2691 nos

343 2712 679 2788 derivandO,
710 2713 913 2790 utique
951 2732 1070 2771 non
1097 2712 1250 2771 bono
1291 2720 1516 2771 tantum
1558 2711 1660 2770 ille
1707 2718 1924 2785 nostre,
1973 2710 2076 2769 sed
2105 2718 2165 2769 et
2189 2711 2320 2768 vice
2366 2719 2629 2770 mortuus
2649 2718 2758 2787 est,

342 2810 451 2851 nec
480 2792 749 2869 exemplo
771 2792 1072 2865 duntaxat,
1104 2790 1207 2849 sed
1234 2792 1441 2850 merito
1484 2798 1545 2849 et
1572 2789 1963 2849 satisfactione
2009 2790 2284 2848 Servator
2325 2796 2414 2847 est
2457 2789 2758 2866 dicendus,

343 2870 487 2947 quid
516 2872 669 2929 enim
696 2870 771 2927 ad
800 2868 1149 2947 exemplum,
1195 2869 1338 2945 quid
1385 2869 1462 2927 ad
1498 2868 1776 2927 doctrinae
1810 2867 2301 2927 confirmationem
2343 2866 2532 2926 facere
2572 2869 2764 2945 potuit

345 2949 637 3007 execratio
656 2952 686 3006 i>
726 2948 861 3007 fecit
888 2968 1029 3006 vero
1056 2967 1231 3024 quam
1256 2948 1509 3005 maxime
1557 2946 1636 3004 ad
1667 2946 1911 3025 justitiae
1957 2945 2422 3023 satisfactionem,
2453 2953 2512 3005 et
2539 2955 2761 3007 reatum

344 3034 713 3104 peccatorum
732 3025 1089 3103 tollendum;
1135 3027 1221 3084 At
1250 3026 1514 3085 Christus
1540 3025 1667 3087 haec
1693 3026 2002 3119 praestitit:
2033 3024 2105 3084 Ε.

430 3106 717 3165 XXVII.
763 3106 1077 3182 Reponunt
1116 3106 1213 3163 hic
1258 3106 1371 3163 tria
1417 3103 1771 3165 adversarii:
1826 3106 1902 3163 1⁰.
1937 3104 2230 3165 Christum
2266 3123 2384 3165 non
2438 3126 2610 3185 posse
2645 3106 2762 3169 dici

346 3185 561 3245 factum
589 3205 694 3263 pro
722 3184 891 3244 nobis
912 3185 1337 3245 execrationem
1358 3184 1661 3245 subeundo
1683 3184 2108 3245 execrationem
2134 3186 2304 3246 nobis
2326 3187 2598 3265 debitam,
2622 3189 2762 3266 quia

350 3266 643 3326 execratio
670 3266 773 3325 illa
798 3285 917 3324 non
944 3266 1059 3324 alia
1085 3264 1195 3325 fuit
1232 3284 1407 3343 quam
1450 3284 1607 3325 mors
1655 3273 1886 3341 aeterna,
1916 3286 2090 3345 quam
2136 3274 2332 3327 tamen
2361 3268 2626 3329 Christus
2653 3270 2760 3329 mi-

345 3346 499 3405 nime
529 3346 677 3406 ferre
704 3345 894 3425 potuit
936 3344 1221 3423 siquidem
1268 3345 1622 3423 resurrexit3
1668 3350 1752 3408 2⁰.
1797 3346 2045 3406 Paulum
2073 3346 2219 3405 nihil
2245 3348 2406 3409 aliud
2434 3350 2761 3429 significare

345 3426 603 3487 voluisse
630 3447 805 3504 quam
834 3426 1146 3501 Christum,
1176 3425 1315 3486 dum
1343 3426 1467 3504 ipse
1494 3427 1679 3485 nostri
1707 3446 1882 3486 causa
1907 3428 1968 3485 in
1997 3427 2288 3504 quandam
2318 3428 2496 3507 Legis
2525 3451 2759 3490 execra-

346 3507 548 3565 tionem
577 3506 799 3581 incidit,
829 3506 1163 3582 judicialem
1192 3506 1317 3565 scil.
1362 3514 1649 3583 quatenus
1695 3514 1940 3565 mortem
1991 3507 2177 3567 crucis
2205 3508 2382 3567 subiit
2410 3529 2540 3586 quae
2567 3528 2604 3569 a
2632 3509 2761 3569 Deo

346 3586 657 3644 maledicta
682 3586 885 3660 fuerat,
916 3604 1023 3645 nos
1051 3606 1087 3644 a
1113 3605 1253 3645 vera
1278 3585 1427 3663 legis
1456 3586 1823 3646 execratione
1871 3587 2092 3647 interea
2115 3587 2393 3648 liberasse
2416 3609 2432 3664 3
2484 3589 2568 3648 sic
2606 3590 2760 3648 enim

348 3664 701 3741 Apostolum
729 3673 794 3724 ut
821 3664 882 3722 in
910 3665 1042 3725 aliis
1069 3685 1221 3743 saepe
1250 3667 1399 3725 solet
1426 3666 1487 3723 in
1514 3667 1898 3727 execrationis
1935 3686 2080 3726 voce
2125 3676 2393 3745 argutum
2422 3687 2550 3727 esse
2593 3668 2758 3727 volu-

348 3744 481 3818 isse,
512 3752 579 3803 ιιι
605 3744 837 3803 collatio
866 3745 1017 3805 inter
1042 3745 1105 3805 id
1132 3766 1167 3805 a
1194 3765 1309 3823 quo
1340 3745 1604 3805 Christus
1631 3746 1835 3806 fideles
1861 3746 2122 3823 redemit,
2153 3756 2214 3807 et
2240 3747 2303 3806 id
2329 3747 2486 3825 quod
2512 3748 2638 3825 ipse
2654 3768 2761 3825 pro

346 3821 421 3881 iis
447 3824 603 3882 hunc
624 3825 686 3881 in
710 3824 886 3884 finem
916 3826 1206 3901 sustinuit,
1238 3834 1393 3885 esset
1420 3826 1757 3903 elegantior,
1788 3834 1848 3885 et
1876 3826 2212 3885 concinnior
2235 3825 2401 3886 fieret
2429 3826 2628 3903 oratio,
2651 3828 2762 3887 etsi

345 3902 408 3959 in
438 3902 669 3962 Christo
695 3904 807 3963 hoc
836 3906 1101 3983 supplicii
1130 3924 1315 3983 genus
1356 3905 1740 3965 execrationis
1788 3905 2002 3965 divinae
2044 3908 2326 3965 rationem
2362 3925 2502 3966 vere
2544 3915 2604 3967 et
2629 3927 2762 3985 pro-

346 3982 470 4059 prie
498 4002 615 4041 non
644 3984 897 4059 haberet,
926 3993 994 4044 ut
1018 4004 1127 4045 nec
1154 3986 1215 4042 in
1237 3984 1541 4063 Apostolis
1562 3994 1622 4045 et
1643 3984 1772 4044 aliis
1793 3985 2145 4063 martyribus
2166 3985 2266 4063 qui
2288 4006 2320 4045 e
2341 3986 2503 4063 ligno
2531 3985 2766 4047 fuerunt

347 4064 615 4138 suspensi
642 4072 701 4123 et
722 4064 927 4141 capitis
956 4064 1239 4142 supplicio
1260 4064 1486 4140 affecti3
1518 4066 1597 4124 3⁰.
1643 4064 2014 4142 Quaecunque
2030 4066 2128 4123 vel
2148 4066 2210 4123 in
2235 4066 2346 4124 hac
2373 4067 2635 4144 epistola,
2667 4067 2765 4126 vel

346 4140 489 4200 alibi
516 4161 552 4200 a
582 4143 764 4201 Paulo
793 4143 867 4203 de
897 4143 1056 4221 Lege
1086 4152 1146 4203 et
1170 4143 1511 4204 liberatione
1540 4144 1613 4203 ab
1642 4164 1712 4203 ea
1739 4144 1864 4204 sive
1893 4146 2020 4221 ejus
2069 4145 2434 4204 execratione
2462 4146 2763 4224 disputan-

342 4228 458 4297 tur,
490 4220 565 4280 ad
593 4223 637 4282 J
640 4222 838 4282 udaeos
865 4231 1089 4283 tantum
1117 4222 1219 4300 qui
1246 4222 1353 4282 sub
1382 4242 1451 4282 ea
1478 4232 1644 4283 erant
1687 4241 1806 4282 non
1845 4231 2038 4283 autem
2067 4223 2142 4283 ad
2170 4232 2408 4284 caeteros
2433 4227 2762 4305 pertinax-03

346 4300 433 4361 sic
466 4301 619 4361 Soci.
645 4302 708 4362 li.
741 4303 801 4363 ii.
825 4324 874 4362 c.
909 4306 961 4378 1,
995 4302 1186 4361 Crelli.
1206 4302 1339 4364 adu.
1372 4302 1558 4362 Groti.

431 4381 755 4441 XXVIII.
800 4382 963 4441 Nihil
1002 4382 1099 4441 hic
1124 4390 1319 4441 tamen
1362 4390 1451 4441 est
1489 4380 1651 4461 quod
1676 4380 1797 4440 vim
1838 4383 2166 4459 argumenti
2193 4382 2504 4461 infringere
2544 4387 2765 4464 possit:
2823 4428 2834 4439 -

348 4460 501 4520 Nam
530 4461 605 4521 ad
636 4463 894 4522 Primum
922 4462 1080 4540 quod
1118 4461 1342 4539 attinet,
1373 4462 1583 4523 falsum
1627 4463 1972 4541 supponitur
2013 4464 2304 4523 Christum
2349 4483 2469 4523 non
2507 4467 2768 4544 potuisse

348 4542 777 4602 execrationem
806 4542 975 4603 nobis
1002 4542 1257 4601 debitam
1287 4542 1499 4619 subire,
1533 4544 1662 4602 Imo
1689 4563 1792 4621 per
1819 4544 2195 4604 retorsionem
2219 4544 2268 4604 si
2297 4545 2370 4604 ab
2399 4549 2766 4609 execratione

348 4621 519 4681 nobis
546 4622 744 4682 debita
784 4643 892 4683 nos
932 4622 1177 4683 liberare
1220 4622 1422 4683 debuit
1460 4632 1527 4685 ut
1571 4623 1790 4683 Paulus
1828 4631 2092 4703 testatur,
2136 4624 2334 4703 utique
2373 4634 2432 4686 et
2458 4646 2584 4686 eam
2613 4628 2674 4686 in
2703 4648 2766 4689 se
