3234 5192
378 389 606 433 msrur.
639 371 729 452 x.]
1278 390 1355 429 m:
1386 389 1688 431 euersuri:
1719 391 1907 430 asso.
2675 359 2788 434 38'1

462 533 617 592 XX.
663 532 883 591 Verum
911 531 1051 591 licet
1095 532 1157 590 in
1204 531 1335 590 istis
1376 531 1685 610 multiplex
1713 533 1792 590 sit
1819 531 2222 591 convenientia
2268 533 2420 592 inter
2465 533 2710 612 figuram
2740 543 2800 595 ct

380 615 702 689 veritatem,
734 611 1032 671 fatendum
1060 621 1253 670 tamen
1294 620 1401 688 est,
1438 631 1555 671 non
1582 613 1864 672 minorem
1893 631 2020 672 esse
2048 611 2510 691 discrepantiam,
2541 623 2600 673 et
2625 617 2798 674 istam

376 695 482 754 illa
506 695 681 771 longe
722 692 1179 772 praestantiorem
1220 691 1415 752 fuisse.
1505 693 1756 770 Serpens
1797 711 2009 768 aeneus,
2039 701 2170 753 utut
2197 694 2398 770 gratiae
2431 693 2542 752 Dei
2569 694 2798 773 insigne

382 775 727 852 symbolum,
758 793 863 852 per
888 793 951 832 se
978 781 1173 832 tamen
1212 773 1359 832 nihil
1396 781 1637 850 poterat,
1673 776 1708 806 ‘⁶
1725 793 1842 832 nou
1869 774 2024 832 enim
2052 773 2153 851 qui
2179 774 2522 852 respiciebat
2548 795 2652 852 per
2677 795 2798 834 rem

378 855 584 931 visam,
616 854 720 913 sed
746 873 849 932 per
876 861 934 913 te
968 853 1333 914 Servatorem
1378 854 1630 912 omnium
1677 853 2052 928 salvabitur,’‘
2093 861 2160 912 ut
2187 875 2322 914 vere
2353 855 2434 914 ait
2460 855 2608 914 liber
2639 855 2796 934 Sapi.

382 957 432 994 c.
462 937 585 994 xvi.
673 935 790 994 Sed
820 935 1083 993 Christus
1104 953 1243 993 vera
1271 942 1329 992 et
1349 933 1575 1012 proprie
1606 933 1762 994 dicta
1789 944 1878 995 est
1907 953 2082 994 eausa
2109 935 2312 994 salutis
2341 943 2399 994 et
2424 935 2561 994 vitae
2585 959 2599 1012 ς
2643 936 2799 995 unde

381 1016 595 1076 dicitur
625 1015 727 1074 Sol
748 1015 993 1092 justitiae
1021 1015 1211 1073 ferens
1240 1015 1545 1073 sanitatem
1583 1013 1646 1071 in
1692 1015 1800 1073 alis
1829 1015 1966 1090 suis,
1999 1014 2143 1072 Mal.
2173 1015 2252 1073 iv.
2283 1019 2340 1091 2,
2371 1014 2584 1074 dicitur
2609 1035 2797 1076 resur-

382 1097 561 1156 reetio
590 1103 649 1155 et
676 1097 815 1170 vita,
847 1095 947 1173 qui
976 1095 1152 1154 habet
1186 1095 1371 1153 vitam
1399 1095 1461 1152 in
1482 1094 1672 1172 seipso
1702 1103 1760 1154 et
1789 1113 2162 1173 quoscunque
2191 1095 2320 1155 vult
2345 1095 2622 1170 vivificat,
2654 1095 2698 1156 J
2701 1097 2794 1155 oh.

380 1195 437 1236 v.
469 1180 566 1252 21,
598 1176 784 1235 factus
810 1176 871 1234 in
898 1176 1173 1252 Spiritum
1200 1174 1516 1250 vivificum,
1552 1179 1581 1232 1
1617 1175 1745 1234 Cor.
1777 1195 1877 1234 xv.
1902 1179 1998 1234 45.
2083 1181 2139 1235 2.
2173 1175 2422 1254 Serpens
2444 1195 2637 1236 aeneus
2662 1177 2802 1236 solis

383 1257 669 1316 Israelitis
696 1255 897 1314 debuit
946 1273 1071 1314 esse
1101 1254 1369 1314 salutaris
1392 1278 1405 1331 ;
1452 1253 1555 1313 sed
1602 1255 1749 1314 fides
1793 1256 1854 1313 in
1904 1255 2198 1315 Christum
2240 1256 2506 1315 omnibus
2551 1277 2626 1316 ex
2658 1277 2792 1334 qua·

381 1356 609 1413 cunque
658 1344 847 1414 gente,
899 1354 1061 1410 sexu,
1114 1335 1439 1394 conditione
1470 1343 1527 1394 et
1556 1343 1741 1410 astate,
1792 1345 1858 1395 ut
1901 1335 2181 1414 quisquis,
2211 1336 2336 1394 sive
2365 1336 2408 1396 J
2412 1337 2628 1412 udaeus,
2675 1337 2800 1396 sive

382 1418 643 1492 GraecuS,
676 1419 736 1474 in
764 1433 895 1474 eum
924 1415 1122 1490 credit,
1153 1435 1270 1474 non
1309 1423 1523 1492 pereat,
1569 1416 1674 1474 sed
1713 1415 1924 1475 habeat
1961 1417 2144 1476 vitam
2187 1423 2476 1476 aeternam.
2561 1419 2617 1476 3.
2666 1417 2797 1476 Ser-

382 1517 527 1576 pens
555 1516 777 1555 morsos
805 1497 886 1556 ita
914 1515 949 1554 a
976 1505 1159 1555 morte
1188 1495 1488 1572 liberabat,
1518 1504 1587 1554 ut
1612 1497 1785 1556 morti
1813 1496 2004 1556 adhuc
2031 1506 2225 1557 essent
2247 1497 2519 1574 obnoxii3
2566 1497 2669 1556 sed
2697 1517 2802 1576 per

382 1577 677 1638 Christum
706 1585 823 1637 tam
852 1577 925 1634 ab
954 1577 1132 1634 animi
1172 1595 1346 1653 quam
1374 1597 1409 1634 a
1437 1577 1693 1655 corporis
1720 1587 1903 1638 morte
1928 1577 2244 1636 liberamur
2267 1577 2328 1635 in
2359 1586 2653 1638 aeternum.
2739 1581 2795 1637 4.

386 1659 683 1736 Serpentis
710 1657 897 1717 virtus
924 1657 1001 1715 ad
1026 1675 1243 1734 paucos
1283 1665 1507 1716 tantum
1538 1656 1662 1716 dies
1691 1657 1940 1733 duravit,
1971 1657 2070 1716 vel
2099 1657 2260 1717 Deus
2289 1657 2363 1716 ad
2391 1659 2518 1735 ejus
2545 1677 2796 1737 praesen-

380 1740 523 1798 tiam
571 1739 813 1797 indulsit
860 1737 1075 1816 populo
1117 1737 1473 1796 sanationem
1502 1757 1539 1796 a
1568 1737 1909 1797 vulneribus
1950 1737 2026 1796 ad
2067 1739 2344 1815 exiguum
2387 1746 2651 1816 tempus;
2695 1738 2799 1798 sed

384 1819 647 1879 Christus
675 1819 825 1877 idem
859 1837 1084 1896 semper
1110 1817 1300 1894 hodie,
1330 1817 1457 1876 heri
1484 1825 1544 1877 et
1570 1817 1632 1876 in
1661 1818 1871 1896 secula,
1905 1819 2061 1878 Heb.
2090 1817 2213 1877 xiii.
2238 1821 2293 1894 8,
2318 1819 2410 1878 vis
2439 1819 2564 1896 ejus
2585 1827 2800 1878 aeterna

378 1908 439 1959 et
464 1899 704 1976 infinita,
756 1919 885 1976 quse
932 1915 1228 1976 nunquam
1271 1897 1482 1958 deficit.
1567 1901 1623 1957 5.
1672 1899 1919 1978 Serpens
1947 1899 2276 1977 propositus
2305 1899 2413 1958 fuit
2441 1898 2515 1957 ad
2544 1907 2797 1958 contem-

380 1980 713 2056 plationem,
746 1979 849 2038 sed
876 1999 993 2038 non
1022 1979 1096 2036 ad
1133 1979 1542 2054 adorationem,
1577 1979 1733 2038 unde
1775 2000 1954 2058 quum
1989 1979 2237 2057 populus
2265 1979 2318 2038 ei
2347 1979 2576 2040 adolere
2605 1981 2797 2058 coepit,

382 2060 663 2120 contritus
682 2068 771 2119 est
788 2060 1061 2118 mandato
1092 2059 1376 2134 Ezechiae,
1398 2061 1435 2116 2
1452 2059 1601 2136 Reg.
1620 2059 1786 2119 xviii.
1811 2063 1866 2134 4,
1888 2060 1990 2120 sed
2016 2063 2264 2118 “omncs
2285 2061 2564 2120 honorare
2587 2060 2802 2119 debent

385 2141 617 2213 Filium,
650 2148 715 2198 ut
734 2139 1021 2198 honorant
1050 2139 1340 2214 Patrem,''
1370 2138 1413 2198 J
1417 2139 1509 2197 oh.
1530 2159 1589 2199 v.
1612 2143 1709 2216 23,
1741 2149 1800 2200 et
1831 2143 1866 2173 “
1885 2159 2016 2200 eum
2045 2140 2284 2198 adorare
2295 2139 2574 2217 jubentur
2602 2159 2802 2199 omncs

386 2219 663 2296 Angeli,'’
696 2219 849 2277 Heb.
878 2219 915 2278 i.
948 2221 1001 2294 6,
1032 2238 1140 2277 nec
1169 2219 1346 2277 alium
1388 2218 1449 2276 in
1486 2219 1660 2278 finem
1691 2223 1726 2254 “
1746 2221 1907 2280 Deus
1953 2241 2084 2280 eum
2133 2221 2429 2295 exaltavit,
2478 2239 2802 2298 nomenque

380 2299 469 2357 illi
498 2297 660 2357 dedit
687 2319 859 2376 super
900 2319 1067 2357 omne
1110 2317 1335 2375 nomen,
1368 2299 1479 2358 nisi
1506 2309 1573 2359 ut
1600 2300 1664 2358 in
1689 2301 1922 2360 nomine
1951 2301 1991 2360 J
1997 2321 2100 2360 esu
2128 2320 2296 2360 omne
2331 2320 2488 2379 genu
2513 2299 2795 2376 flectatur,

384 2387 443 2438 et
471 2397 671 2437 omnes
698 2378 985 2439 fateantur
1011 2399 1137 2439 esse
1169 2380 1500 2458 Dominum,
1524 2381 1599 2440 ad
1622 2382 1865 2460 gloriam
1897 2381 2146 2458 Patris,’'
2191 2381 2341 2441 Phil.
2371 2381 2428 2439 ii.
2465 2385 2558 2441 10.
2645 2381 2722 2440 Et
2753 2383 2802 2441 si

382 2460 665 2519 contritus
692 2459 803 2519 fuit
830 2479 1064 2539 serpens
1083 2479 1275 2521 aeneus
1294 2461 1486 2521 statim
1516 2470 1690 2541 atque
1711 2463 1823 2523 coli
1843 2463 2050 2542 coepit3
2095 2471 2295 2522 contra
2322 2463 2540 2522 conteri
2569 2461 2800 2539 debent,

381 2541 481 2618 qui
512 2541 803 2600 Christum
832 2561 949 2602 non
976 2542 1363 2603 adoraverint.
1472 2546 1507 2578 “
1528 2545 1804 2604 Conteres
1833 2563 1934 2604 cos
1961 2544 2130 2621 virga
2167 2543 2367 2617 ferrea,
2405 2551 2463 2602 et
2506 2543 2654 2603 sieut
2699 2563 2802 2603 vas

380 2621 551 2700 figuli
577 2621 907 2699 confringes
934 2624 1093 2698 cos,'’
1126 2623 1281 2682 Psal.
1311 2624 1371 2682 ii.
1401 2625 1457 2700 9,
1492 2624 1595 2683 sed
1620 2625 1777 2683 beati
1806 2623 1908 2702 qui
1949 2623 2284 2683 osculantur
2325 2623 2558 2699 Filium,
2604 2625 2803 2683 osculo

382 2702 673 2778 religioso,
706 2712 764 2762 et
790 2703 851 2760 in
880 2723 949 2762 eo
976 2703 1247 2762 fiduciam
1267 2712 1507 2781 ponunt.

465 2782 654 2840 XXI.
701 2782 833 2842 Hoc
862 2793 950 2842 est
979 2783 1245 2858 officium,
1292 2782 1449 2859 quod
1490 2783 1813 2860 praescribit
1857 2783 2090 2856 Paulus,
2143 2784 2170 2838 l
2206 2783 2335 2839 Cor.
2366 2803 2424 2839 x.
2450 2786 2504 2858 9,
2551 2783 2650 2840 ubi
2679 2783 2806 2859 agit

382 2862 455 2921 de
502 2871 740 2940 peccato
797 2863 1208 2938 Israelitarum,
1266 2861 1421 2920 unde
1469 2863 1628 2920 elicit
1675 2881 1844 2920 usum
1886 2860 2199 2937 practicum
2247 2860 2318 2918 de
2363 2880 2479 2918 non
2527 2861 2804 2920 tentando

384 2943 631 3016 Christo,
653 2940 757 3000 sed
782 2943 977 3018 potius
1005 2941 1077 3000 de
1107 2961 1175 3000 eo
1205 2940 1447 2998 colendo
1467 2949 1525 3000 et
1547 2938 1942 3016 glorificandO,
1975 2947 2040 2997 ut
2069 2939 2196 2996 Deo
2219 2957 2442 2996 summo
2465 2939 2801 3000 fidelissimo

383 3029 443 3079 et
468 3021 887 3098 potentissimo,
921 3023 957 3054 “
980 3021 1069 3079 Ne
1096 3028 1385 3078 tentemus
1416 3019 1730 3093 Christum,
1762 3018 1912 3076 sicut
1938 3019 2026 3075 illi
2055 3017 2408 3091 tentarunt,”
2437 3018 2561 3077 scil.
2591 3018 2798 3096 ipsum,

385 3103 421 3134 ‘⁴
439 3107 499 3158 et
544 3101 837 3177 perierunt
883 3120 919 3158 a
966 3098 1389 3176 serpentibus.”
1474 3097 1644 3172 Quod
1686 3097 1855 3156 nobis
1905 3097 2234 3176 suppeditat
2274 3095 2649 3156 fortissimum
2697 3119 2802 3178 pro

387 3179 709 3239 Divinitate
739 3179 953 3239 Christi
982 3186 1181 3239 contra
1214 3176 1552 3237 Socinianos
1594 3185 2034 3255 argumentum:
2077 3196 2193 3236 non
2221 3177 2394 3236 modo
2423 3199 2495 3238 ex
2527 3199 2612 3256 ec,
2645 3181 2804 3258 quod

384 3261 651 3320 Christus
668 3261 793 3338 jam
822 3267 945 3318 tum
974 3259 1151 3318 fuisse
1180 3258 1392 3316 dicitur
1419 3259 1527 3317 sub
1556 3258 1760 3318 Veteri
1781 3257 2168 3333 Testamento,
2193 3258 2350 3336 quod
2376 3279 2490 3318 non
2518 3259 2806 3338 potuisset

383 3342 456 3401 de
504 3361 573 3402 eo
628 3341 761 3417 dici,
812 3341 925 3399 nisi
982 3340 1144 3398 Deus
1198 3347 1368 3413 esset,
1428 3339 1532 3398 sed
1586 3339 1760 3398 etiam
1804 3339 1961 3417 quod
2007 3347 2261 3398 tentasse
2303 3338 2574 3400 dicuntur
2613 3342 2802 3419 ipsum

383 3422 681 3497 Israelitae,
724 3421 883 3499 quod
924 3420 995 3478 de
1039 3421 1166 3478 Deo
1208 3429 1429 3480 tantum
1469 3420 1697 3480 dicitur.
1782 3419 1906 3479 Nec
1948 3419 2270 3479 audiendus
2315 3420 2652 3493 Eniedinus,
2702 3424 2804 3501 qui

381 3504 510 3562 vult
538 3511 819 3563 tentatum
849 3500 1023 3560 etiam
1051 3499 1227 3560 fuisse
1258 3501 1485 3559 Mosem
1512 3501 1585 3560 ab
1616 3500 1916 3576 Israelitis,
1941 3501 2114 3559 Num.
2145 3501 2288 3577 xxi„
2323 3503 2358 3534 “
2381 3501 2684 3580 Loquutus
2713 3513 2803 3564 est

381 3583 631 3660 populus
660 3589 859 3640 contra
884 3581 1071 3640 Deum
1100 3589 1159 3640 et
1188 3581 1411 3639 Mosem
1439 3581 1493 3642 :”
1536 3580 1696 3640 aliud
1717 3581 1870 3640 euim
1889 3589 1978 3641 est
2004 3579 2163 3660 loqui
2193 3589 2252 3640 et
2277 3602 2632 3642 murmurare
2663 3605 2796 3643 con—

384 3671 475 3720 tra
502 3662 771 3738 aliquem,
818 3661 977 3720 aliud
1020 3661 1209 3740 ipsum
1253 3669 1509 3738 tentare;
1554 3661 1703 3720 illud
1743 3670 1934 3740 potest
1959 3662 2084 3721 fieri
2113 3671 2313 3721 contra
2348 3663 2656 3736 hominem,
2688 3665 2798 3724 hoc

387 3761 527 3800 vero
556 3749 781 3800 tantum
810 3750 1009 3802 contra
1039 3742 1245 3818 Deum,
1277 3743 1360 3801 ita
1389 3742 1587 3802 Moses
1614 3743 1740 3820 ipse
1782 3741 2107 3820 distinguit,
2142 3741 2328 3802 Exod.
2363 3741 2506 3799 xvii.
2530 3747 2586 3816 2,
2621 3745 2656 3775 “
2681 3744 2798 3804 Cur

377 3821 696 3898 jurgamini
718 3842 941 3881 mecum
958 3826 987 3882 Ρ
1014 3843 1116 3882 cur
1136 3823 1372 3882 tentatis
1393 3823 1435 3882 J
1440 3824 1686 3882 ehovam
1706 3825 1734 3881 P
1790 3822 1922 3882 Non
1942 3823 2197 3882 melioris
2215 3831 2302 3881 est
2323 3821 2623 3882 commatis
2641 3825 2796 3901 quod

384 3900 548 3960 addit
576 3902 845 3978 secuud0,
875 3923 993 3962 non
1022 3903 1136 3962 dici
1148 3903 1445 3962 Israelitas
1465 3912 1720 3963 tentasse
1732 3902 2024 3963 Christum
2047 3903 2152 3962 sed
2171 3910 2396 3961 tantum
2413 3910 2666 3962 tentasse
2695 3905 2798 3964 ab·

385 3981 596 4059 solute;
617 3983 714 4042 vel
731 3983 779 4041 si
791 3983 1011 4062 aliquid
1032 3983 1402 4062 repetendum
1415 3994 1520 4060 est,
1534 3992 1593 4043 et
1608 3982 1910 4043 transitive
1920 3983 2161 4043 verbum
2170 3990 2432 4059 ponatur,
2447 3982 2796 4044 subaudien-

384 4063 521 4121 dum
552 4083 679 4122 esse
710 4069 846 4140 Θιὶυ,
876 4085 993 4124 non
1020 4070 1240 4145 Xeno-rb,
1264 4065 1515 4141 quicum
1544 4072 1754 4123 unctus
1783 4063 1858 4122 sit
1885 4071 2110 4124 tantum
2139 4062 2331 4140 quoad
2356 4063 2791 4141 humanitatem,

384 4144 641 4203 nondum
664 4155 786 4205 erat
812 4146 873 4203 in
890 4166 1079 4206 rerum
1108 4154 1330 4204 natura.
1390 4146 1539 4204 Nam
1560 4143 1744 4222 gratis
1763 4144 2104 4221 supponitur
2123 4142 2366 4202 verbum
2387 4143 2636 4222 πορίζω
2655 4147 2795 4224 poni

383 4225 664 4302 absolute,
685 4227 1063 4304 cum‘scmper
1082 4226 1383 4284 transitive
1400 4233 1460 4286 et
1480 4225 1670 4284 active
1699 4231 1973 4300 sumatur,
1999 4233 2057 4282 et
2077 4222 2149 4282 de
2170 4222 2366 4300 aliquo
2387 4222 2628 4284 djeatur.
2673 4226 2728 4284 N
2731 4247 2795 4287 ec

382 4305 645 4365 tentandi
674 4307 825 4366 aetio
854 4307 977 4366 sine
1006 4306 1235 4384 objecto
1264 4314 1323 4364 et
1348 4326 1410 4364 re
1438 4311 1660 4365 tentata
1697 4303 1922 4381 concipi
1942 4309 2149 4380 potest.
2233 4302 2366 4361 Non
2405 4323 2575 4380 posse
2603 4315 2796 4366 autem

382 4385 577 4462 alium,
609 4407 783 4465 quam
812 4388 1104 4446 Christum
1132 4385 1447 4460 subaudiri,
1471 4383 1774 4462 dispositio
1795 4383 2104 4442 verborum
2126 4381 2311 4458 docet,
2346 4384 2382 4416 ‘⁸
2401 4383 2490 4444 Ne
2508 4394 2796 4449 tentemus

386 4466 695 4542 Christum,
729 4468 879 4526 sicut
906 4466 993 4525 illi
1022 4466 1373 4540 tentarunt,'’
1399 4463 1646 4524 subaudi
1679 4463 1919 4541 “ipsum
1942 4465 1996 4522 :'’
2023 4463 2172 4522 Nam
2201 4463 2251 4522 si
2271 4463 2446 4522 alium
2465 4469 2794 4546 quempiam

384 4546 787 4623 intellexisset,
818 4547 1050 4606 omuino
1080 4545 1397 4622 exprimere
1428 4565 1559 4603 eum
1587 4543 1806 4619 debuit,
1837 4552 1902 4603 ut
1921 4543 2356 4620 ambiguitatem
2380 4549 2658 4608 sermonis
2687 4551 2796 4609 tol·

383 4627 544 4702 leret,
576 4627 733 4705 quod
762 4649 889 4686 cum
922 4647 1037 4685 non
1065 4624 1253 4700 faciat,
1285 4645 1399 4684 non
1430 4625 1505 4684 ad
1532 4626 1708 4684 alium
1737 4645 1908 4702 quam
1931 4623 2006 4683 ad
2036 4625 2324 4684 Christum
2347 4629 2582 4706 respicit
2605 4653 2618 4690 :
2667 4631 2801 4689 Scio

392 4706 662 4765 Soeinum
694 4707 785 4767 hic
817 4705 1185 4768 concedendo
1215 4706 1674 4767 subaudiendum
1705 4727 1829 4766 esse
1857 4725 2170 4784 prononem
2201 4710 2359 4782 αῠτὶι,
2391 4710 2542 4769 velle
2573 4711 2800 4770 Mosem
