3234 5192
263 294 496 338 msrur.
539 275 742 359 xxm]
1085 290 1164 332 ns
1206 290 1461 335 macuto
1502 292 1858 339 rou-rmore.
2554 288 2668 347 721

23 499 25 579 ι
259 446 319 577 it
345 432 1075 577 ‘’0‘33022331132012d2'2mffl
1104 432 1180 571 :2²⁶
1206 454 1337 574 31:3⁶
1338 434 1924 579 ffssznssffffiffs?
1917 460 1946 498 ⁸
1961 440 1992 499 ³
2013 441 2271 579 “iim“
2295 450 2387 503 ω
2413 442 2475 505 ³¹¹
2501 465 2674 585 ΡῖἱῗΡέ

23 580 26 627 ⁸
262 539 521 676 ‘'erg-:112³
548 596 741 655 omnia
768 614 899 672 quoe
918 594 981 653 in
1008 533 1205 653 iffi-bell
1222 594 1335 655 Dei
1362 536 1650 655 credenda
1671 540 2084 675 proponffigg
2097 540 2428 661 lgllgsseacl‘i'o
2443 544 2669 681 artemi&

23 696 25 741 i
260 677 643 756 providentia,
680 674 1019 751 redemptio,
1064 671 1193 750 ἀφ,
1234 683 1371 735 sunt
1411 676 1708 737 materiale
1743 678 1880 739 fidei
1909 679 2218 758 objectum,
2263 691 2400 744 sunt
2425 684 2581 743 enim
2610 684 2674 744 id

23 746 26 855 j
259 758 418 835 quod
446 756 749 831 credimus,
798 763 858 815 et
900 774 1004 833 per
1047 773 1116 813 ea
1162 754 1544 832 respondetur
1586 757 1664 817 ad
1709 758 2084 835 quaestionem
2111 760 2255 839 quid
2294 762 2526 823 credis?
2567 764 2674 825 sed

23 860 26 957 Ι
258 838 580 898 authoritas
608 836 771 895 verbi
798 843 887 895 est
913 834 1153 893 formale
1182 835 1471 913 objectum
1500 835 1638 896 fidei
1665 847 1895 915 nostrae,
1938 840 2078 919 quia
2104 849 2194 901 est
2229 842 2377 907 ratio
2414 842 2673 905 formalis

260 926 493 996 propter
518 935 693 995 quam
722 914 1011 975 credimus
1039 914 1233 973 omnia
1260 916 1391 991 alia,
1434 924 1495 975 et
1532 936 1664 993 quse
1697 938 1813 979 non
1841 920 2096 981 creditur
2120 931 2355 999 propter
2379 922 2542 983 aliud
2567 924 2676 985 sed

262 1007 495 1076 propter
538 1017 619 1056 se.
692 996 736 1057 J
738 1015 829 1053 am
859 996 1246 1075 Requlafidca‘
1279 995 1573 1055 diversum
1604 998 1746 1075 quid
1774 1008 1942 1061 sonat
1968 1001 2043 1061 ab
2071 1009 2334 1079 utroque,
2385 1022 2520 1063 nam
2563 1024 2674 1064 nec

258 1087 352 1138 est
392 1076 731 1154 simpliciter
777 1075 1069 1152 objectum
1110 1075 1407 1135 materiale
1450 1076 1750 1153 sigillatim
1786 1078 2214 1141 consideratum
2254 1090 2314 1143 et
2356 1082 2418 1141 in
2459 1084 2669 1161 specie,

260 1178 367 1217 nec
394 1166 485 1217 est
511 1156 749 1216 formale
779 1176 883 1215 seu
910 1156 1057 1215 ratio
1086 1163 1321 1233 propter
1346 1175 1521 1232 quam
1548 1158 1854 1235 credimus,
1886 1160 1991 1220 sed
2019 1161 2159 1221 dicit
2187 1170 2444 1239 systema
2465 1172 2524 1223 et
2551 1163 2671 1222 col·

260 1238 565 1297 lectionem
611 1236 869 1295 omnium
912 1234 1347 1312 credendorum,
1396 1255 1499 1295 seu
1534 1237 1881 1315 principium
1911 1240 2227 1302 secundum
2251 1241 2412 1319 quod
2439 1242 2672 1305 credere

258 1318 571 1393 debemus;
614 1317 699 1377 ita
735 1315 930 1375 differt
966 1315 1041 1374 ab
1082 1315 1313 1392 objecto
1361 1314 1590 1375 formali
1629 1316 2053 1381 diversimode:
2106 1324 2160 1381 1.
2189 1323 2416 1397 Requla
2435 1324 2586 1401 fidei
2610 1343 2673 1383 se

260 1398 437 1457 habet
462 1397 538 1457 ad
565 1396 803 1457 modum
829 1414 1014 1455 causoe
1040 1396 1381 1471 exemplans
1418 1416 1593 1473 quam
1620 1396 1766 1457 fides
1805 1398 1870 1457 in
1910 1400 2178 1460 omnibus
2207 1401 2373 1479 sequi
2399 1412 2459 1463 et
2485 1403 2580 1463 cui
2607 1422 2672 1463 se

257 1477 615 1537 conformare
646 1475 818 1536 debet
840 1498 855 1552 ;
900 1484 961 1535 at
969 1478 1227 1550 formale
1252 1478 1518 1552 objectum
1544 1477 1722 1537 habet
1747 1480 2028 1539 rationem
2055 1500 2242 1541 causoe
2267 1483 2542 1557 objectivae
2569 1502 2674 1543 seu

23 1554 26 1613 !
260 1557 621 1617 fundamenti
660 1564 894 1634 propter
934 1555 1092 1633 quod
1131 1556 1525 1633 principaliter
1551 1565 1612 1617 et
1639 1557 1954 1621 formaliter
1991 1560 2316 1639 credimus;
2361 1566 2418 1623 2.
2447 1564 2676 1639 Regula

23 1630 26 1667 ¹
248 1639 404 1777 ἔξω·
426 1637 642 1697 limitat
690 1645 750 1695 et
798 1636 1143 1695 determinat
1185 1656 1313 1695 eam
1360 1636 1728 1699 latitudinem
1767 1648 1828 1699 et
1869 1641 2272 1701 extensionem
2311 1662 2486 1719 quam
2528 1642 2674 1705 fides

336 1718 437 1778 bet
479 1717 539 1777 iu
584 1716 785 1777 ordine
828 1715 903 1775 ad
947 1716 1175 1793 objecta
1214 1717 1551 1793 materialia,
1596 1718 1734 1777 dum
1763 1718 1934 1779 docet
1960 1730 2102 1799 quot
2129 1730 2189 1781 et
2215 1742 2345 1799 quae
2385 1722 2676 1783 credenda

260 1806 412 1873 sunt,
445 1798 549 1857 sed
560 1800 817 1873 somate
844 1798 1109 1872 objectum
1136 1797 1445 1874 specificat,
1490 1806 1551 1857 et
1576 1798 1783 1860 fundat
1822 1820 2124 1861 assensum
2151 1801 2322 1879 fidei3
2367 1806 2424 1863 3.
2447 1805 2676 1879 Requla

242 1878 398 1953 fidei
421 1888 511 1937 est
538 1877 972 1953 comprehensio
1014 1885 1075 1936 et
1114 1880 1343 1949 συλλ-ογὸ
1382 1878 1639 1937 omnium
1669 1878 2122 1959 credendorum
2167 1880 2271 1941 sed
2295 1884 2553 1955 formale
2579 1885 2674 1943 ob-

23 1966 25 1971 ’
245 1959 459 2031 jectum
500 1965 589 2015 est
616 1956 677 2014 id
705 1966 938 2033 propter
962 1955 1123 2032 quod
1148 1964 1207 2015 ct
1234 1957 1419 2035 ipsam
1446 1958 1708 2033 regulam
1737 1967 1796 2017 et
1821 1961 2018 2019 omnia
2041 1980 2174 2037 quse
2199 1960 2262 2018 in
2289 1980 2360 2019 ea
2385 1962 2674 2021 credenda

258 2043 657 2113 proponuntur
694 2034 810 2093 fide
852 2034 1053 2092 divina
1093 2035 1397 2110 credimus,
1438 2035 1591 2093 unde
1618 2036 1766 2094 fides
1791 2046 1990 2097 nostra
2015 2058 2134 2097 non
2159 2038 2471 2101 resolvitur
2495 2040 2560 2099 in
2583 2042 2674 2119 ip-

256 2136 383 2175 sam
411 2115 673 2193 regulam
702 2114 921 2187 ultimo,
954 2112 1059 2173 sed
1084 2113 1147 2171 in
1172 2113 1363 2190 ipsum
1390 2112 1630 2173 formale
1658 2114 1969 2192 objectum.

342 2194 561 2253 XVII.
606 2192 739 2253 Hoc
776 2193 964 2269 posito
1002 2193 1232 2252 vanitas
1267 2192 1628 2270 exceptionis
1655 2202 1831 2272 patet.
1892 2198 1946 2255 1.
1977 2194 2314 2272 Recipimus
2357 2194 2670 2259 confessio-

258 2294 392 2333 nem
414 2293 589 2352 quam
609 2272 825 2331 veritas
846 2272 963 2331 illis
990 2280 1317 2351 extorquet,
1338 2272 1513 2332 fidem
1542 2273 1666 2333 scil.
1690 2273 1798 2333 niti
1824 2275 2172 2335 authoritate
2184 2276 2368 2337 Verbi
2394 2286 2672 2355 tanquam

258 2354 486 2415 formali
515 2353 760 2431 objecto,
806 2372 943 2411 nam
970 2352 1022 2411 si
1047 2353 1159 2412 hoc
1185 2353 1341 2413 bona
1366 2352 1483 2411 fide
1509 2354 1853 2431 profitentur
1879 2365 1939 2415 et
1965 2355 2224 2433 credunt,
2269 2357 2424 2419 ultro
2464 2378 2672 2419 manus

256 2434 397 2493 dare
436 2433 606 2493 nobis
646 2440 917 2505 tenentur
957 2440 1017 2493 et
1056 2452 1291 2493 causam
1332 2432 1688 2511 pontificiam
1728 2434 2031 2513 deserere;
2074 2456 2211 2495 nam
2239 2437 2290 2497 si
2317 2446 2407 2497 est
2434 2437 2672 2501 formale

254 2515 570 2593 objectum,
614 2533 757 2591 ergo
792 2514 998 2574 ultima
1037 2513 1175 2573 fidei
1215 2514 1473 2592 analysis
1512 2514 1575 2574 in
1604 2514 1788 2575 Verbi
1813 2516 2223 2577 authoritatem
2249 2518 2670 2594 terminabitur,

256 2614 377 2653 non
404 2614 543 2655 vero
570 2595 633 2653 in
662 2594 941 2655 Ecclesiae
970 2593 1272 2653 infallibile
1306 2594 1718 2670 testimonium,
1759 2614 1892 2672 quse
1921 2604 2114 2655 tamen
2140 2616 2270 2656 rece
2311 2606 2372 2656 ta
2399 2606 2490 2657 est
2515 2598 2672 2676 apud

252 2675 619 2735 adversarios
669 2673 955 2735 sententia
994 2693 1169 2749 quam
1196 2674 1293 2733 hic
1319 2673 1769 2750 impugnamus:
1816 2674 2086 2735 audiatur
2127 2675 2270 2753 Stap
2295 2684 2370 2735 ct.
2412 2676 2514 2736 lib.
2545 2678 2670 2737 viii.

256 2755 499 2833 princip.
530 2754 684 2813 doct.
714 2773 841 2830 cap.
870 2755 967 2825 21,
1002 2753 1039 2784 “
1061 2752 1349 2811 Formalis
1376 2752 1523 2811 ratio
1550 2752 1688 2811 fidei
1715 2772 1833 2813 non
1857 2762 1948 2813 est
1973 2754 2132 2813 Deus
2158 2755 2441 2831 revelans,
2473 2755 2579 2815 scd
2605 2765 2671 2817 ut

256 2834 344 2893 sic
373 2833 435 2891 id
475 2841 565 2891 est
604 2850 709 2908 per
735 2830 1117 2907 Ecclesiam‚’'
1148 2840 1207 2891 et
1234 2831 1295 2889 in
1322 2840 1583 2891 controv.
1611 2831 1808 2891 relect.
1839 2840 2098 2893 controv.
2129 2832 2211 2891 iv.
2239 2854 2297 2911 q.
2328 2837 2386 2893 3.
2415 2835 2576 2895 artic.
2609 2839 2666 2912 2,

254 2912 409 2971 hanc
436 2910 867 2971 conclusionem
893 2910 1073 2987 ponit,
1119 2912 1157 2945 ‘⁴
1184 2919 1309 2969 tota
1338 2911 1626 2987 completa
1653 2910 1910 2973 formalis
1936 2912 2083 2971 ratio
2111 2911 2247 2971 fidei
2274 2921 2487 2973 nostrae
2515 2914 2668 2973 ordi-

254 2992 416 3053 narie
442 2989 735 3069 loquendo
763 2998 853 3049 est
876 2990 1036 3049 Deus
1062 3009 1167 3067 per
1188 2990 1511 3049 Ecclesiam
1538 2990 1865 3051 revelans.’'
1919 2990 1984 3049 Si
2004 2991 2075 3049 E.
2099 2991 2342 3051 credunt
2368 2992 2668 3055 formalem

254 3072 535 3131 rationem
558 3078 793 3147 propter
810 3089 984 3147 quam
1012 3069 1300 3129 credimus
1328 3088 1455 3129 esse
1478 3070 1670 3129 Deum
1689 3070 2020 3147 loquentem
2041 3090 2145 3147 per
2167 3071 2506 3145 Ecclesiam,
2536 3093 2666 3151 per-

254 3171 454 3229 peram
482 3150 684 3210 dicunt
704 3149 971 3209 doctores
996 3148 1097 3209 isti
1124 3148 1289 3209 verbi
1315 3149 1722 3210 authoritatem
1751 3169 1868 3208 non
1896 3149 2004 3209 niti
2029 3148 2444 3213 infallibilitate
2463 3153 2668 3215 Eccle-

254 3230 358 3290 siae
386 3239 661 3308 tanquam
689 3228 917 3289 formali
945 3229 1192 3306 objecto.
1269 3233 1326 3289 2.
1357 3229 1437 3288 Et
1462 3229 1611 3288 illud
1638 3229 2010 3290 vehementer
2035 3229 2244 3291 falsum
2271 3240 2361 3291 cst
2385 3233 2546 3309 quod
2572 3234 2668 3297 hic

254 3410 411 3449 mam
451 3390 708 3449 omnium
750 3388 1166 3449 credendorum
1207 3389 1624 3466 complectitur,
1657 3398 1747 3449 est
1773 3410 1975 3449 norma
2002 3390 2103 3449 illa
2128 3391 2302 3469 plena
2329 3401 2388 3451 et
2414 3393 2670 3470 perfecta

252 3470 351 3530 cui
378 3472 527 3529 nihil
554 3470 650 3530 vel
676 3468 813 3527 addi
843 3468 1017 3527 debet
1032 3470 1130 3527 vel
1158 3468 1399 3543 detrahi,
1430 3478 1497 3529 ut
1523 3468 1698 3529 toties
1724 3489 1760 3528 a
1790 3470 2010 3547 Spiritu
2044 3470 2104 3531 S.
2133 3479 2223 3531 est
2249 3474 2666 3549 praescriptum.

256 3551 323 3610 Si
348 3551 419 3609 E.
443 3550 710 3609 Ecclesia
736 3567 853 3607 non
879 3556 1073 3626 potest
1098 3548 1216 3607 dici
1241 3549 1445 3627 regula
1470 3549 1626 3626 fidei,
1647 3570 1764 3610 non
1777 3556 1974 3628 potest
1992 3548 2234 3613 verbum
2253 3550 2416 3609 credi
2433 3560 2669 3630 propter

256 3630 581 3689 Ecclesiam
605 3638 883 3705 tanquam
911 3636 1146 3706 propter
1171 3630 1451 3707 regulam.

337 3710 589 3769 XVIII.
634 3712 715 3767 δ’.
761 3708 1007 3784 Quidam
1038 3708 1381 3786 confugiunt
1400 3706 1477 3767 ad
1498 3706 1762 3767 diverses
1781 3712 2094 3786 respectus,
2115 3715 2244 3769 tum
2270 3726 2662 3786 personarum,

252 3796 381 3847 tum
416 3789 749 3866 regularum
784 3788 1077 3851 credendi.
1133 3788 1285 3847 Nam
1313 3788 1626 3865 aliquando
1653 3807 1782 3847 esse
1809 3787 2070 3847 diversas
2097 3807 2372 3866 personas
2400 3788 2552 3849 circa
2578 3788 2668 3847 di-

252 3888 426 3929 versa
472 3875 745 3941 errantes,
789 3888 849 3927 v,
879 3888 938 3945 g.
988 3887 1167 3945 quum
1200 3868 1351 3927 alter
1378 3867 1676 3944 Ecclesiae,
1722 3867 1886 3927 alter·
1905 3866 2216 3945 Scripturas
2257 3867 2666 3927 authoritatem

252 3956 449 4025 negat,
502 3957 641 4007 time
680 3947 905 4007 nullum
944 3948 1225 4007 circulum
1268 3946 1513 4023 admitti,
1562 3947 1613 4006 si
1650 3946 1782 4025 quis
1807 3947 1974 4006 illum
1999 3947 2234 4024 quidem
2261 3967 2338 4007 ex
2370 3946 2670 4023 Scriptura

252 4047 431 4105 quam
476 4026 731 4087 admittit
774 4027 847 4087 de
894 4027 1173 4087 Ecclesiae
1212 4026 1455 4087 veritate
1496 4027 1822 4099 convincat,
1873 4035 1934 4085 et
1976 4034 2178 4085 contra
2199 4025 2483 4087 adversus
2509 4026 2666 4085 hunc

257 4108 614 4185 Scripturam
655 4106 863 4185 probet
900 4126 1006 4184 per
1032 4106 1355 4167 Ecclesiam
1384 4106 1456 4167 de
1484 4107 1654 4184 eujus
1681 4106 2090 4167 infallibilitate
2117 4126 2234 4165 non
2261 4104 2491 4166 dubitat
2515 4128 2530 4166 ε
2579 4106 2666 4167 sic

253 4188 469 4264 Becan‚
501 4188 563 4246 in
590 4187 781 4246 Tract.
812 4186 885 4245 de
915 4186 1145 4245 Circulo
1170 4186 1398 4245 Calvia.
1428 4190 1483 4261 2,
1514 4186 1710 4247 caveri
1737 4186 2014 4247 circulum
2047 4205 2128 4245 ex
2163 4184 2410 4245 diversis
2437 4204 2664 4263 respec-

248 4268 411 4326 tibus
451 4267 778 4345 regularum
824 4265 1114 4340 credendi,
1158 4286 1289 4343 quae
1316 4274 1382 4325 ut
1408 4266 1650 4325 totidem
1679 4285 1884 4342 causae,
1922 4265 2148 4342 sibique
2173 4265 2426 4325 invicem
2454 4284 2660 4342 causae,

248 4366 327 4405 ex
357 4355 561 4405 mutua
586 4345 1029 4423 comparatione,
1070 4346 1258 4423 magis
1286 4346 1661 4405 illustrabiles
1689 4352 1749 4404 et
1775 4364 1878 4422 per
1903 4344 2238 4405 seinvicem
2267 4352 2402 4404 sunt
2429 4344 2663 4405 demon·

250 4426 538 4501 strabiles,
564 4435 623 4485 et
650 4434 789 4485 tunc
814 4444 932 4485 non
956 4444 1087 4485 esse
1110 4425 1405 4500 circulum,
1436 4424 1541 4485 sed
1566 4444 1894 4502 regressum
1919 4424 2097 4483 talem
2125 4424 2352 4503 qualem
2382 4424 2445 4483 in
2471 4424 2662 4485 diver-

248 4506 334 4565 sis
362 4506 671 4584 generibus
698 4524 1021 4581 causarum,
1050 4505 1297 4582 probant
1324 4525 1458 4564 cum
1480 4504 1662 4565 Arist.
1688 4504 2062 4581 sapientiores
2080 4524 2280 4565 omnes
2303 4504 2663 4582 Philosophi.

248 4586 451 4664 Besp,
484 4586 603 4647 Sed
642 4593 848 4645 neutra
884 4584 1125 4645 istarum
1166 4585 1603 4664 responsionum
1631 4582 2027 4645 difficultatem
2066 4584 2266 4721 tollit.2
2300 4583 2433 4645 Non
2459 4584 2662 4665 prima,

2303 4680 2340 4721 z

23 3034 38 4563 -—ssffi—————-——-——-—q—-
23 3022 25 3027 ·
23 2940 25 2943 ’
23 2926 25 2931 ·

254 3318 605 3389 supponunt,
638 3309 961 3369 Ecclesiam
994 3328 1123 3369 esse
1148 3308 1287 3368 fidei
1314 3309 1591 3387 regulam,
1624 3310 1811 3369 solum
1829 3310 1988 3369 enim
2016 3310 2294 3387 Verbum,
2325 3312 2484 3389 quod
2511 3333 2666 3373 sum·
2759 3336 2788 3365 ο
