3234 5192
269 334 509 378 msrur.
540 308 637 394 ιι]
943 327 1027 369 nr.
1067 326 1407 369 sciurram
1450 328 1654 369 sAcRAE
1694 328 2138 371 suruom‘rars.
2587 322 2702 379 235

270 470 780 555 deprehendimus,
830 476 891 529 et
938 488 1069 546 quse
1112 468 1295 528 veluti
1324 468 1565 528 totidem
1606 470 1754 529 radii
1781 470 2103 531 divinitatis
2149 471 2280 550 ejus
2324 474 2690 552 splendorem

272 563 549 635 arguunt.
634 552 729 610 Ita
782 557 851 609 ut
888 550 1127 608 Verbum
1150 568 1251 607 seu
1280 547 1481 609 divina
1512 548 1816 610 Revelatio
1846 552 1922 611 sit
1965 551 2150 611 veluti
2195 555 2508 632 materiale,
2539 559 2698 636 quod

274 638 425 697 fides
468 630 855 711 amplectitur,
895 636 957 689 et
1002 648 1105 707 per
1131 628 1289 706 quod
1334 628 1716 707 respondetur
1743 630 1818 689 ad
1858 632 2254 709 quaestionem,
2291 634 2452 701 Quid
2494 640 2698 699 credis.

278 715 447 777 Nota
484 734 627 774 vero
655 712 914 787 formale
958 728 1063 769 seu
1098 708 1400 785 motivum,
1443 730 1559 787 quo
1614 709 1760 769 fides
1804 721 2002 771 nostra
2043 712 2262 787 nititur,
2295 722 2354 773 et
2399 734 2504 794 per
2543 718 2704 795 quod

278 795 663 875 respondetur
698 790 775 851 ad
802 789 1197 868 quoestionem,
1226 790 1477 867 Propter
1502 791 1645 867 quid
1679 792 1878 851 credis.
1963 790 2140 852 Unde
2188 794 2370 853 oritur
2414 799 2704 875 certitudo,

280 897 403 937 non
430 894 583 935 mere
602 870 916 950 probabilis
944 877 1003 930 et
1028 869 1282 946 moralis,
1304 870 1449 929 alias
1467 869 1615 931 fides
1641 880 1842 931 nostra
1867 892 1984 931 non
2025 872 2236 933 certior
2261 883 2418 935 esset
2442 878 2705 954 quolibet

280 976 527 1017 assensu
551 952 847 1027 historice,
877 949 979 1028 qui
1023 948 1251 1027 scriptis
1277 949 1547 1009 humanis
1574 950 1925 1030 adhibetur-3
1972 952 2076 1013 sed
2125 954 2462 1033 Theoloqica
2507 967 2568 1019 et
2613 959 2700 1017 in-

286 1034 564 1110 fallibilis,
594 1053 725 1110 quse
747 1030 1039 1090 hominem
1066 1028 1299 1089 fidelem
1325 1037 1385 1089 et
1416 1029 1636 1107 Spiritu
1680 1031 1738 1091 S.
1767 1032 2120 1094 illustratum
2150 1032 2414 1113 decipere
2454 1057 2572 1098 non
2599 1059 2700 1117 po-

286 1125 421 1193 test,
451 1116 589 1193 quie
614 1132 733 1171 non
772 1111 977 1169 nititur
1020 1109 1201 1169 verbo
1244 1109 1560 1187 hominum,
1612 1112 1714 1189 qui
1741 1120 1802 1173 et
1841 1112 1966 1172 falli
1993 1122 2052 1175 et
2077 1112 2278 1174 fallere
2303 1126 2564 1197 possunt,
2596 1118 2702 1179 sed

290 1196 491 1256 Verbo
521 1193 651 1269 Dei,
679 1191 781 1271 qui
809 1198 868 1251 et
895 1188 1019 1249 falli
1046 1198 1105 1249 et
1126 1188 1324 1249 fallere
1352 1199 1443 1251 est
1466 1190 1717 1251 nescius.

286 1314 453 1366 Quale
498 1316 567 1358 m
612 1310 767 1355 'resu-
893 1269 1005 1329 VI.
1050 1268 1153 1328 Ad
1180 1269 1600 1329 Testimonium
1633 1270 1944 1348 Scripturae
1999 1272 2156 1349 quod
2181 1300 2248 1331 κν
2275 1275 2340 1333 lo·
2367 1284 2459 1336 est
2501 1284 2560 1335 et
2585 1277 2702 1354 pri-

354 1373 581 1418 moninm
608 1369 771 1415 Eccle-
810 1349 1073 1425 marium,
1106 1348 1357 1409 Accedit
1392 1355 1720 1444 λυτουςγικὶν
1748 1358 1807 1411 et
1834 1352 2196 1411 minster-iulo
2283 1355 2508 1431 celest'ae,
2544 1356 2702 1433 quod

360 1433 463 1477 ⁵¹⁸³·
816 1430 990 1491 etiam
1018 1430 1265 1509 alicujus
1310 1442 1587 1490 momenti
1641 1431 1737 1489 hic
1765 1449 1894 1491 esse
1946 1450 2064 1489 non
2119 1431 2445 1493 diffitemur.
2531 1434 2702 1497 Licet

297 1516 451 1577 enim
469 1512 727 1575 absolute
754 1531 873 1571 non
901 1510 977 1569 sit
1003 1510 1329 1569 necessaria
1356 1511 1533 1571 ullius
1562 1510 1816 1570 hominis
1850 1529 2024 1604 opera
2066 1511 2141 1570 ad
2191 1510 2504 1591 Scripturas
2534 1513 2700 1575 Divi-

297 1596 537 1657 nitatem
564 1590 1043 1670 cognoscendam,
1076 1590 1363 1668 siquidem
1420 1591 1581 1651 Deus
1635 1600 1829 1669 potest
1881 1592 2212 1653 immediate
2241 1592 2502 1654 Verbum
2531 1614 2702 1655 suum

296 1676 503 1755 quibus
530 1672 765 1733 libuerit
792 1670 1085 1729 revelare:
1128 1678 1195 1730 ut
1219 1669 1437 1729 factum
1470 1680 1736 1749 respectu
1765 1671 1857 1733 sui
1898 1679 2148 1733 testatur
2193 1672 2532 1751 Apostolus,
2567 1675 2700 1736 Gal.

296 1758 333 1816 i.
368 1761 459 1833 12,
490 1773 669 1833 quum
696 1750 1014 1829 profitetur,
1057 1752 1093 1783 “
1116 1770 1179 1809 se
1235 1750 1626 1829 Evangelium
1681 1752 1756 1811 ab
1808 1751 2042 1813 homine
2071 1774 2186 1813 non
2230 1754 2540 1834 accepisse,
2596 1776 2706 1817 nec

294 1837 563 1897 edoctum
590 1832 787 1907 fuisse,
818 1830 922 1891 sed
949 1850 1053 1908 per
1078 1830 1490 1891 revelationem
1518 1832 1670 1892 Jesu
1713 1831 1926 1891 Christi
1948 1833 2002 1893 :’'
2086 1834 2308 1893 Tamen
2355 1836 2491 1912 quia
2517 1836 2580 1895 in
2606 1837 2707 1896 via

294 1914 584 1977 ordinaria
608 1909 1011 1991 providentiae,
1044 1910 1173 1969 Deo
1199 1910 1393 1971 visum
1414 1920 1504 1971 est
1530 1912 1613 1972 uti
1642 1912 1940 1972 hominum
1970 1933 2144 1991 opera
2169 1914 2231 1973 in
2271 1915 2603 1975 hominibus
2631 1916 2706 1976 ad

293 1996 467 2057 fidem
496 1990 892 2067 adducendis;
938 1990 1080 2050 Ideo
1104 1990 1381 2049 Ecclesiae
1425 2010 1543 2051 suae
1587 1992 1838 2051 Oracula
1865 1993 2220 2055 committere
2248 1996 2436 2054 voluit
2461 2003 2529 2055 ut
2563 1996 2706 2057 fide-

294 2078 447 2137 libus
474 2073 875 2147 traderentur3
918 2068 1073 2130 unde
1100 2090 1218 2129 non
1243 2091 1447 2148 parum
1494 2072 1769 2149 ponderis
1817 2091 1969 2149 saepe
2015 2072 2194 2132 habet
2219 2074 2294 2133 ad
2331 2073 2554 2133 animos
2601 2076 2704 2136 ho-

294 2158 514 2217 minum
543 2148 1008 2226 commovendos,
1066 2159 1125 2210 et
1172 2150 1249 2208 ad
1300 2151 1609 2230 Scripturas
1639 2150 2020 2211 reverentiam
2063 2154 2420 2213 excitandos.
2504 2154 2706 2233 Atque

294 2238 431 2298 hinc
464 2232 773 2312 multiplex
802 2230 1080 2289 Ecclesiae
1108 2231 1261 2291 circa
1293 2232 1648 2309 Scripturam
1699 2231 1949 2291 officium
1977 2233 2229 2311 exurgit,
2265 2233 2460 2292 Primo
2506 2234 2704 2295 Custo-

297 2319 399 2393 dis,
430 2316 534 2395 qui
554 2315 987 2373 Testamentum
1018 2310 1131 2369 hoc
1159 2308 1421 2370 divinum
1450 2332 1675 2371 summa
1717 2312 1832 2371 fide
1861 2312 2218 2373 Tabellionis
2265 2314 2449 2375 instar
2476 2335 2704 2376 conser-

295 2418 433 2457 vare
462 2395 653 2469 debet,
684 2412 801 2470 quo
829 2410 1005 2451 sensu
1036 2390 1254 2449 Paulus
1280 2392 1453 2451 toties
1498 2392 1764 2453 hortatur
1799 2392 2185 2470 Timotheum,
2217 2402 2285 2455 ut
2319 2405 2500 2455 servet
2533 2399 2704 2474 depo-

296 2478 477 2552 situm,
520 2478 550 2533 1
584 2473 732 2534 Tim.
789 2471 871 2531 vi.
914 2474 1011 2547 20,
1064 2480 1123 2529 et
1164 2475 1263 2529 2¹³.
1298 2472 1337 2530 i.
1372 2474 1465 2531 14.
1554 2472 1822 2533 Secundo
1849 2474 2079 2551 Indicis,
2125 2476 2226 2553 qui
2253 2476 2508 2537 indicare
2536 2477 2706 2537 nobis

297 2558 473 2617 debet
497 2555 680 2615 libros
725 2570 919 2611 sacros
972 2558 1031 2609 et
1086 2550 1161 2609 ad
1188 2555 1322 2613 illos
1376 2552 1782 2630 manuducere,
1839 2554 2130 2632 quomodo
2159 2556 2202 2616 J
2205 2576 2420 2615 oannes
2475 2557 2706 2617 Judoeis

299 2637 592 2697 Christum
620 2632 931 2707 indicabat,
962 2631 1007 2691 J
1008 2630 1103 2690 oh.
1146 2632 1187 2692 i.
1218 2634 1314 2708 29,
1358 2634 1510 2693 Ecce
1556 2635 1754 2711 Agnus
1801 2636 1934 2709 Dei,
1964 2642 2024 2695 et
2074 2636 2436 2697 Samaritana
2487 2638 2708 2698 indicat

298 2717 577 2777 Messiam
606 2713 947 2773 concivibus
989 2711 1127 2787 suiS,
1158 2714 1203 2774 J
1206 2714 1299 2773 oh.
1346 2712 1425 2771 iv.
1510 2714 1707 2774 Tertio
1746 2715 2010 2791 Vindicis,
2057 2716 2159 2792 qui
2206 2724 2401 2776 tuetur
2427 2725 2487 2775 et
2515 2718 2704 2777 vindi-

296 2806 391 2857 eat
416 2797 599 2856 libros
626 2792 914 2870 genuinos
938 2792 1013 2851 ab
1061 2791 1401 2854 adulterinis
1449 2800 1509 2852 et
1536 2793 1917 2872 supposititiis
1961 2796 2329 2869 secernendO,
2359 2814 2434 2853 ne
2461 2795 2705 2855 verbum

293 2878 615 2939 humanum
640 2894 745 2951 pro
766 2872 967 2931 divino
996 2872 1354 2948 obtrudatur,
1386 2880 1447 2933 et
1472 2893 1552 2931 aes
1578 2893 1684 2949 pro
1713 2893 1853 2931 auro
1876 2882 2267 2950 supponatur;
2311 2892 2427 2949 quo
2455 2875 2707 2951 pertinet

292 2957 520 3017 illustre
566 2952 891 3015 encomium
931 2951 1101 3011 Pauli
1144 2974 1324 3032 quum
1367 2949 1617 3033 ἒδςοιίαμα
1669 2958 1752 3019 τῖς
1779 2954 2003 3019 &saeuus
2045 2952 2202 3011 illam
2249 2960 2438 3027 vocat,
2491 2956 2521 3011 1
2554 2954 2702 3013 Tim.

294 3036 375 3096 iii.
412 3040 503 3095 15.
550 3036 766 3111 Quarto
792 3032 1143 3110 Interpretzk,
1175 3035 1345 3113 cujus
1372 3041 1461 3091 est
1508 3052 1710 3093 verum
1739 3042 1797 3091 et
1823 3032 2140 3109 genuinum
2189 3050 2423 3091 sensum
2463 3033 2703 3111 aperire,

291 3126 353 3177 et
379 3116 640 3178 Verbum
667 3133 745 3173 ex
770 3112 1041 3191 analogia
1094 3113 1231 3175 fidei
1259 3121 1318 3173 et
1365 3111 1491 3191 ipsa
1538 3112 1834 3189 Scriptura
1881 3117 2158 3193 ὅςοοτομῶ,
2219 3112 2388 3173 Rom.
2433 3112 2536 3173 xii.
2569 3115 2623 3189 6,
2649 3122 2709 3175 et

298 3198 451 3273 Eph.
481 3196 562 3255 iv.
675 3194 891 3269 Quinto
918 3194 1207 3253 Praecom’s
1235 3201 1296 3254 et
1320 3192 1548 3267 Nuncii,
1580 3192 1680 3269 qui
1697 3192 1966 3271 proponit
1993 3201 2054 3253 et
2092 3192 2320 3272 promul
2397 3200 2423 3253 t
2443 3194 2706 3255 Verbum

292 3276 449 3337 istud
470 3284 745 3353 tanquam
768 3274 1039 3333 Edictum
1061 3282 1121 3333 et
1142 3274 1361 3353 Legem
1379 3273 1587 3333 summi
1618 3272 1904 3351 Principis
1924 3274 2173 3351 nomine,
2197 3283 2265 3337 ut
2385 3274 2522 3335 fidei
2539 3275 2708 3335 obse-

288 3357 493 3434 quium
506 3356 771 3415 homines
787 3352 1055 3429 adducat,
1074 3373 1191 3432 quo
1208 3374 1382 3413 sensu
1404 3353 1662 3412 Ministri
1679 3362 1958 3415 vocantur
1979 3354 2204 3434 Legati,
2231 3355 2536 3417 Praecones
2549 3356 2711 3415 Nun-

291 3437 385 3512 cii,
408 3437 577 3496 Rom.
595 3456 655 3493 x.
673 3434 745 3493 15
758 3478 775 3509 ,
796 3437 831 3491 2
846 3434 975 3493 Cor.
986 3454 1045 3492 v,
1064 3436 1156 3511 19,
1172 3437 1267 3510 20,
1292 3434 1407 3495 Isa.
1424 3434 1505 3492 xl.
1526 3436 1581 3509 5,
1601 3452 1914 3511 eorumque
1931 3436 2311 3498 ministerium
2333 3437 2706 3497 Proecom'um.

378 3516 526 3575 VII.
572 3514 738 3575 Licet
758 3522 951 3573 autem
978 3514 1287 3592 multiplex
1315 3514 1563 3575 officium
1594 3513 1876 3573 Ecclesiae.
1913 3516 2066 3575 circa
2096 3516 2221 3575 Scri
2261 3524 2450 3576 turam
2481 3537 2713 3594 compe-

292 3603 399 3671 tat,
429 3595 492 3655 id
520 3614 689 3655 omne
710 3602 903 3653 tamen
932 3593 1297 3655 ministerium
1316 3595 1605 3672 importat,
1630 3613 1748 3653 non
1767 3596 2167 3671 maqtkterium.
2263 3596 2710 3656 uemadmodum

294 3696 405 3735 nec
434 3675 662 3751 Custos,
694 3681 795 3733 aut
822 3672 1077 3749 Vindex,
1108 3694 1217 3734 nec
1246 3676 1463 3749 PraecO,
1488 3681 1590 3734 aut
1618 3674 1912 3751 Interpres
1934 3675 2343 3735 authoritatem
2366 3676 2544 3733 ullam
2575 3695 2712 3733 con-

294 3756 489 3816 ferunt
514 3755 688 3814 rebus
718 3753 828 3813 sibi
856 3754 1197 3830 commissis,
1228 3754 1332 3815 sed
1378 3761 1605 3815 tantum
1649 3754 1920 3831 organice
1955 3762 2016 3813 et
2057 3753 2512 3813 ministerialiter
2558 3754 2711 3813 circa

294 3855 397 3895 eas
424 3842 817 3913 occupantur:
861 3834 956 3893 Ita
982 3834 1261 3913 quicquid
1288 3842 1427 3912 agat
1476 3834 1742 3893 Ecclesia
1769 3833 1922 3896 circa
1969 3832 2248 3910 Verbum,
2299 3853 2418 3893 non
2465 3834 2711 3893 ulterius

296 3915 647 3990 extenditur,
678 3934 851 3992 quam
880 3912 957 3973 ad
992 3915 1390 3990 ministerium,
1421 3922 1488 3975 ut
1522 3934 1637 3991 per
1695 3935 1822 3975 eam
1867 3913 2102 3993 quidem
2147 3912 2380 3973 credere
2429 3911 2708 3989 dicamur,

297 4015 416 4056 non
437 4014 577 4055 vero
618 4004 861 4071 propter
905 4014 1049 4069 eam,
1094 3994 1384 4073 quomodo
1430 4015 1535 4073 per
1582 3995 1628 4055 J
1630 4015 1875 4057 oannem
1897 3995 2130 4055 credere
2173 3992 2464 4053 debebant
2490 3992 2534 4053 J
2535 3992 2708 4068 udaei,

298 4077 343 4136 J
346 4076 441 4135 oh.
482 4074 521 4135 i.
554 4078 609 4150 7,
634 4082 695 4135 et
720 4094 824 4152 per
871 4072 1291 4144 Samaritanam
1342 4075 1628 4137 Concives
1669 4077 1813 4155 eJus.
1899 4076 2066 4135 Idem
2094 4075 2266 4149 enim,
2317 4072 2475 4150 quod
2502 4072 2712 4131 mulier

297 4155 401 4215 illa
456 4154 808 4215 Concisibus
862 4154 1001 4231 suis,
1058 4163 1294 4232 praestat
1321 4154 1489 4214 nobis
1537 4156 1826 4232 officium3
1871 4164 1937 4215 ut
1963 4156 2116 4217 enim
2143 4154 2246 4213 illa
2283 4152 2608 4213 deducebat
2633 4152 2710 4211 ad

298 4234 625 4311 Christum;
656 4243 717 4295 et
764 4233 985 4293 aditum
1039 4236 1336 4311 praebebat
1387 4236 1764 4295 Samaritanis
1811 4235 1886 4294 ad
1914 4256 2046 4295 eum
2095 4231 2563 4311 cognoscendum
2591 4251 2708 4310 quo

294 4315 531 4392 cognito
558 4314 734 4393 longe
763 4315 977 4375 certius
1003 4314 1171 4373 illum
1208 4314 1704 4393 amplectebantur
1743 4322 1978 4392 propter
2033 4314 2318 4391 seipsum;
2367 4314 2402 4345 ‘⁴
2421 4313 2464 4372 J
2467 4332 2558 4371 am
2589 4332 2706 4373 non

296 4395 644 4471 credimus,”
667 4394 954 4471 inquiunt,
989 4395 1280 4471 “propter
1322 4413 1647 4453 sermonem
1681 4402 1862 4467 tuum,
1915 4393 2027 4471 ipsi
2075 4392 2228 4451 enim
2270 4392 2616 4469 audivimus,
2649 4401 2708 4455 et

298 4476 513 4613 εοίἓιιιε
541 4474 822 4615 (Ῑιιῖᾶ.1ιὶο
850 4482 941 4533 est
973 4493 1129 4578 §vere
1178 4474 1473 4611 ‘Servatgg
1499 4471 1780 4629 Srnurgttliss'
1832 4473 1975 4611 ὖοὲι.
2016 4473 2110 4566 iv.
2140 4476 2217 4531 42
2246 4496 2261 4534 ε
2303 4473 2413 4568 ita.
2441 4474 2708 4535 Ecclesia

294 4575 388 4614 me
431 4576 549 4614 mm
578 4574 643 4615 es
697 4578 1020 4627 any-»ymon
1136 4573 1231 4612 ma
1251 4572 1360 4612 nos
1542 4572 1624 4611 cn
1691 4572 1854 4611 uram
1939 4574 2032 4613 uc1
2107 4573 2232 4613 eam
2276 4575 2349 4617 ue
2397 4576 2458 4613 1n
2501 4572 2710 4615 manus

294 4635 489 4711 tradit.
563 4634 681 4695 Sed
702 4635 961 4713 quandiu
988 4599 1083 4693 h’ic
1096 4574 1499 4709 {absistimus
1522 4631 1670 4693 fides
1698 4640 1920 4698 tantum
1941 4562 2194 4695 hultrlana
2219 4575 2327 4713 gat,
2351 4656 2468 4696 non
2488 4635 2709 4711 divina,
