3234 5192
342 373 569 415 msru'r.
602 355 761 438 vnn]
1372 377 1450 416 m:
1480 377 1710 416 usxss.
2643 355 2760 414 345

341 515 477 572 anni
524 516 836 592 mensibus,
888 535 996 574 nec
1034 515 1156 574 ulla
1194 516 1345 575 aeris
1370 516 1615 576 mutatio
1659 515 1888 574 obstare
1915 517 2120 594 potuit,
2146 517 2454 594 quominus
2481 535 2584 594 per
2613 523 2766 574 totos

342 594 725 673 quadraginta
745 617 927 655 annos
956 597 1253 674 aequaliter
1280 597 1540 656 stillaret.
1627 597 1862 670 QuartO,
1912 596 2058 655 illud
2108 617 2334 674 semper
2359 597 2564 655 eodem
2593 595 2766 653 modo

346 683 403 732 et
435 683 690 752 tempore
720 677 913 752 cadit3
963 677 1080 735 Sed
1126 677 1389 734 divinum
1436 677 1529 735 die
1576 676 1821 753 septimo
1863 677 2098 735 omnino
2121 697 2236 735 non
2265 676 2541 752 cadebat;
2586 684 2644 734 et
2673 675 2768 732 die

347 763 513 812 sexto
543 755 949 834 duplicabatur
998 757 1123 834 ejus
1154 757 1334 834 copia,
1366 766 1431 815 ut
1474 757 1718 814 alterum
1765 757 1966 815 homer
1992 758 2053 814 in
2083 758 2274 816 cibum
2305 755 2572 816 sabbathi
2599 775 2767 832 repo-

343 843 562 894 nerent.
648 837 881 914 Quint0,
914 857 1125 896 manna
1150 837 1493 896 medicinale
1522 855 1624 914 per
1667 857 1728 894 se
1755 857 1872 895 non
1901 845 1992 895 est
2038 837 2374 896 alimentum
2403 836 2563 914 quod
2589 836 2766 894 habet

342 914 461 972 vim
490 917 801 992 nutriendi,
848 917 951 976 sed
997 918 1370 994 pharmacum
1420 935 1521 976 seu
1562 917 2064 992 medicamentum,
2094 918 2252 994 quod
2279 917 2455 976 habet
2481 916 2602 974 vim
2631 935 2764 993 pur-

344 995 620 1070 gativam.
710 998 827 1056 Sed
854 1016 1065 1056 manna
1096 998 1375 1055 Divinum
1404 997 1514 1054 fuit
1542 995 1708 1055 cibus
1735 998 2114 1056 suavissimus
2143 1007 2202 1056 et
2229 996 2764 1074 temperatissimae,

344 1076 443 1150 qui
471 1076 659 1135 facilis
686 1077 797 1136 fuit
824 1077 1184 1154 digestionis,
1210 1097 1317 1136 nec
1338 1085 1404 1134 ut
1431 1076 1529 1134 alii
1552 1077 1667 1134 cibi
1695 1097 1905 1153 corpus
1935 1078 2219 1154 gravabat
2242 1099 2256 1154 3
2304 1078 2407 1136 sed
2435 1095 2552 1136 non
2581 1077 2762 1134 medi-

344 1169 687 1231 camentum,
747 1159 891 1216 alias
930 1158 1057 1216 fieri
1104 1177 1223 1215 non
1276 1157 1577 1234 potuisset,
1629 1166 1696 1215 nt
1749 1156 1851 1215 illo
1877 1167 2272 1230 vescerentur,
2303 1157 2444 1236 quin
2471 1157 2689 1215 luxatis
2707 1165 2766 1214 et

346 1235 551 1294 solutis
594 1237 929 1314 corporibus
970 1237 1293 1314 periissent,
1338 1236 1451 1294 nisi
1491 1237 1624 1313 quis
1664 1236 1820 1295 dicat
1861 1257 1991 1314 cum
2049 1237 2328 1313 VallesiO,
2371 1237 2627 1314 potuisse
2683 1236 2761 1295 ci-

340 1314 481 1372 bum
502 1315 655 1374 hunc
678 1317 797 1375 vim
824 1317 1037 1375 habere
1066 1317 1448 1394 purgamenti,
1502 1316 1578 1373 ad
1622 1317 2062 1394 expurgandam
2104 1318 2555 1394 cacoehymiam,
2587 1335 2762 1393 quam

344 1403 751 1456 contraxerant
811 1397 872 1455 in
930 1397 1198 1474 AEgypto
1260 1417 1369 1456 usu
1417 1415 1723 1473 peponum,
1769 1417 2154 1471 cucumerum,
2199 1406 2258 1456 et
2297 1415 2614 1475 porrorum,
2661 1397 2766 1456 sed

345 1483 547 1550 postea
587 1475 729 1553 ipsis
770 1477 831 1534 in
873 1488 1101 1554 gratum
1144 1477 1335 1536 cibum
1378 1497 1481 1553 per
1522 1477 1996 1536 consuetudinem
2040 1477 2270 1536 abiisse.
2359 1479 2556 1551 Sext0,
2601 1496 2762 1534 man-

342 1574 419 1612 na
458 1557 719 1616 naturale
760 1566 939 1616 noctu
978 1577 1095 1616 non
1135 1557 1430 1635 putrescit,
1475 1575 1582 1615 nec
1624 1577 1854 1616 vermes
1893 1556 2175 1635 producit,
2219 1577 2337 1614 non
2376 1555 2648 1634 liquescit
2689 1555 2766 1615 ad

352 1635 551 1708 solem,
577 1657 685 1696 nec
728 1647 816 1696 est
838 1638 1062 1714 durum,
1094 1647 1160 1697 ut
1186 1637 1464 1696 contundi
1506 1637 1734 1712 debeat,
1777 1646 1844 1696 ut
1879 1657 1954 1696 ex
1983 1657 2052 1696 eo
2079 1638 2360 1715 placentae
2398 1637 2604 1696 confici
2631 1657 2765 1714 pos-

343 1715 474 1790 sint,
524 1717 673 1776 sicut
720 1717 829 1776 fuit
886 1719 1182 1778 Divinum.
1270 1719 1546 1795 Septimo,
1602 1737 1816 1776 manna
1863 1717 2124 1776 divinum
2166 1717 2410 1777 cadebat
2435 1718 2764 1794 ubicunque

342 1798 910 1872 castrametabantur,
942 1807 1001 1858 et
1028 1819 1373 1877 quocunque
1399 1797 1644 1874 profecti
1661 1806 1796 1857 sunt
1823 1799 2094 1858 comitata
2123 1807 2212 1857 est
2241 1817 2342 1857 eos
2367 1799 2493 1856 haec
2524 1798 2635 1856 Dei
2662 1797 2762 1857 be-

342 1876 626 1954 nedictio;
660 1897 789 1937 cum
816 1879 1025 1937 vicinae
1054 1888 1259 1956 gentes
1287 1879 1573 1938 frumento
1602 1887 1988 1954 vescerentur,
2021 1887 2080 1938 et
2105 1887 2330 1938 tantum
2359 1879 2420 1936 in
2441 1878 2644 1938 castris
2675 1877 2762 1936 Is-

344 1957 673 2015 raelitarum
726 1979 859 2016 man
907 1967 1061 2018 esset
1108 1959 1422 2036 cognitum,
1464 1957 1624 2034 quod
1669 1957 1862 2016 statim
1912 1968 2086 2036 atque
2113 1959 2360 2036 ingressi
2389 1967 2524 2018 sunt
2553 1967 2762 2018 terram

342 2034 693 2096 fructuosam
732 2048 791 2097 et
832 2039 1105 2097 frumenti
1142 2039 1405 2113 feracem,
1456 2037 1726 2098 cessavit.
1811 2039 1906 2098 Ita
1952 2040 2076 2098 sive
2103 2039 2482 2116 proprietates
2511 2038 2764 2097 coelestis

344 2115 511 2175 istius
534 2117 670 2175 doni
700 2118 1081 2192 attendamus,
1114 2118 1238 2176 sive
1264 2118 1457 2177 locum
1476 2117 1539 2175 in
1566 2136 1682 2195 quo
1711 2118 1972 2196 dabatur,
2006 2120 2128 2178 sive
2158 2129 2402 2196 tempus,
2435 2118 2558 2177 sive
2580 2137 2762 2194 quan-

342 2195 567 2254 titatem
647 2198 771 2255 sive
860 2198 1366 2274 continuationem,
1454 2217 1571 2256 non
1662 2199 1904 2258 obscure
1989 2201 2175 2276 liquet
2243 2197 2762 2258 extraordinarium

344 2275 523 2334 fuisse
554 2277 667 2335 Dei
694 2277 1053 2354 beneficium,
1104 2279 1319 2355 populo
1366 2278 1684 2337 Israelitico
1733 2279 1808 2338 ad
1848 2289 2075 2358 tempus
2102 2299 2205 2358 per
2244 2279 2584 2338 miraculum
2627 2297 2764 2337 con-

344 2375 589 2415 cessum.

427 2437 545 2496 XI.
594 2438 769 2497 Plura
798 2439 869 2499 de
897 2459 1123 2498 mannae
1150 2440 1488 2518 quantitate,
1518 2439 1720 2514 forma,
1751 2442 1958 2517 colore,
1989 2451 2050 2501 et
2077 2462 2280 2519 sapore
2300 2441 2482 2520 quaeri
2507 2449 2762 2518 possent,

341 2525 407 2576 ut
436 2527 493 2576 et
520 2519 673 2577 circa
700 2520 827 2597 ejus
848 2520 1264 2597 collectionem,
1295 2530 1354 2579 et
1394 2520 1876 2580 distributionem.
1965 2522 2082 2581 Sed
2109 2524 2245 2600 quia
2272 2523 2384 2581 ista
2413 2521 2600 2580 aliena
2629 2531 2764 2581 sunt

342 2597 417 2656 ab
446 2599 710 2659 instituto
738 2609 935 2660 nostro
959 2624 973 2677 3
1024 2601 1219 2661 Satius
1246 2611 1337 2660 est
1364 2608 1430 2659 ut
1458 2601 1533 2659 ad
1559 2622 1731 2659 usum
1773 2604 1898 2679 ejus
1918 2621 2150 2660 sacrum
2177 2603 2494 2676 veniamus,
2527 2611 2586 2660 et
2607 2621 2762 2678 mys-

341 2679 551 2738 terium
607 2681 714 2739 sub
762 2682 875 2740 isto
923 2683 1137 2740 cortice
1176 2682 1363 2740 latens
1408 2691 1748 2740 scrutemur.
1844 2681 1946 2738 Ad
1988 2681 2144 2756 quod
2191 2682 2406 2740 Paulus
2447 2701 2554 2738 nos
2583 2681 2760 2756 ducit,

342 2760 573 2836 quando
594 2771 767 2820 vocat
796 2762 941 2820 illud
966 2765 1151 2842 βςῦμα
1168 2765 1505 2836 πνευματικὴ,
1538 2759 1724 2816 eibum
1747 2759 2129 2834 wir-§malma
2216 2761 2308 2818 Ita
2334 2781 2474 2819 vero
2502 2769 2760 2835 vocatur,

338 2859 455 2897 non
484 2849 705 2916 natura,
738 2842 821 2900 sic
848 2842 1003 2898 enim
1031 2849 1153 2899 erat
1180 2847 1487 2916 corporeus
1514 2847 1573 2896 et
1600 2839 1932 2912 materialiS,
1964 2838 2068 2895 sed
2085 2847 2206 2896 tum
2235 2841 2466 2915 oriyine,
2498 2847 2620 2896 tum
2649 2840 2734 2914 ⁸59
2757 2875 2764 2884 -

338 2921 673 2996 nificate'one.
762 2921 955 2978 Primo
999 2920 1228 2995 oriqine,
1276 2918 1413 2994 quia
1458 2937 1575 2975 non
1616 2917 1872 2974 humana
1899 2935 2090 2992 opera,
2120 2918 2220 2975 sed
2249 2927 2457 2994 praeter
2497 2925 2762 2975 naturam

344 3000 687 3058 miraculose
738 2999 1213 3076 suppeditabatur
1261 3017 1296 3055 a
1346 2998 1491 3070 Deo,
1536 2995 1640 3071 qui
1693 2995 1810 3052 κατ’
1853 2997 2018 3071 ἐξοχὴ
2065 2997 2311 3072 Spiritus
2380 2995 2604 3071 dicitur,
2665 2997 2762 3055 vel

343 3079 481 3156 quia
508 3079 824 3154 spirituum,
846 3078 908 3135 id
934 3087 1023 3136 cst
1051 3077 1387 3153 angelorum
1432 3074 1752 3133 ministerio
1780 3077 2124 3152 parabatur:
2157 3077 2328 3136 Unde
2357 3075 2568 3134 dicitur
2585 3079 2760 3152 panis

343 3162 673 3235 anyelorum
688 3157 1219 3232 senfortiumfflsal.
1242 3155 1475 3214 lxxviii.
1496 3157 1591 3230 25,
1613 3173 1730 3213 non
1753 3155 1909 3233 quod
1929 3175 1998 3214 eo
2019 3167 2390 3217 vescerentur
2409 3157 2622 3234 angeli,
2637 3159 2754 3234 qui,

341 3247 407 3298 ut
440 3239 687 3317 Spiritus
734 3239 994 3303 ἅσῶμιτοι
1043 3237 1173 3295 cibo
1202 3255 1475 3314 corporeo
1502 3255 1619 3294 non
1661 3245 1852 3312 egent,
1885 3237 1988 3294 sed
2009 3237 2166 3314 quod
2187 3237 2260 3296 ab
2289 3237 2513 3314 angelis
2542 3237 2758 3297 submi-

340 3320 682 3378 nistraretur
730 3319 944 3397 populo
974 3316 1049 3374 ad
1096 3317 1206 3374 Dei
1252 3326 1456 3375 nutum
1480 3335 1495 3371 τ
1542 3317 1688 3374 Cum
1715 3316 1868 3374 enim
1897 3337 1990 3376 res
2018 3317 2190 3377 fuerit
2217 3319 2674 3378 extraordinaria
2701 3327 2760 3380 et

344 3400 705 3475 miraculosa,
736 3409 803 3458 ut
830 3399 1066 3472 dictum,
1098 3396 1337 3456 dubium
1367 3415 1483 3454 non
1512 3405 1618 3473 est,
1651 3397 1790 3474 quin
1821 3398 1982 3456 Deus
2010 3398 2104 3456 hic
2130 3419 2273 3458 usus
2301 3399 2474 3460 fuerit
2499 3399 2758 3460 ministe-

342 3481 429 3538 rio
458 3480 816 3557 angelorum,
846 3488 968 3537 tum
1018 3477 1091 3535 ad
1140 3477 1435 3536 materiam
1464 3477 1553 3535 illi
1581 3477 1940 3554 generationi
1965 3479 2232 3538 idoneam
2259 3480 2516 3558 undique
2546 3500 2756 3539 conve-

340 3559 607 3634 hendam,
639 3567 697 3617 et
725 3558 801 3617 ad
829 3559 987 3617 illam
1015 3557 1126 3616 soli
1152 3557 1569 3636 exponendam,
1599 3567 1666 3616 ut
1693 3557 1920 3617 facilius
1947 3561 2212 3637 excoqui,
2243 3569 2303 3619 et
2330 3561 2594 3620 decidere
2623 3581 2754 3638 pos·

344 3647 451 3696 set.

426 3717 580 3777 XII.
630 3718 911 3792 SecundO,
960 3720 1273 3796 spiritualis
1320 3727 1559 3779 vocatur
1600 3719 2023 3797 siynfflcatione,
2055 3722 2192 3799 quia
2219 3721 2523 3798 mysticam
2552 3729 2610 3779 et
2639 3720 2755 3796 spi-

342 3799 605 3859 ritualem
652 3799 1127 3878 significationem
1176 3799 1395 3875 habuit,
1448 3799 1718 3858 nimirum
1745 3811 1812 3858 ut
1841 3801 2131 3860 Christum
2160 3821 2362 3860 verum
2384 3820 2590 3877 panem
2618 3801 2756 3860 vitae

341 3879 736 3939 adumbraret:
780 3881 1059 3955 Quamvis
1087 3881 1238 3939 enim
1267 3881 1452 3957 primo
1480 3879 1678 3939 datum
1708 3889 1862 3939 essct
1883 3901 1918 3939 a
1941 3881 2068 3940 Deo
2084 3901 2296 3940 manna
2322 3881 2384 3938 in
2411 3880 2600 3938 cibum
2632 3899 2754 3938 cor-

340 3979 579 4038 poreum
606 3960 837 4038 popu10,
868 3969 933 4019 ut
961 3961 1171 4020 famem
1192 3961 1318 4038 ejus
1365 3961 1607 4036 sedaret,
1639 3979 1746 4019 nec
1775 3960 1934 4020 aliud
1960 3961 2022 4018 in
2043 3981 2111 4020 eo
2142 3969 2467 4039 spectarent
2493 3960 2756 4019 homines

338 4041 517 4099 crassi
565 4051 623 4101 et
668 4041 909 4118 profani,
954 4043 1113 4101 Deus
1140 4049 1334 4100 tamen
1362 4041 1535 4100 altius
1564 4041 1900 4118 mysterium
1935 4040 2288 4117 intendebat,
2320 4049 2380 4100 et
2405 4039 2623 4115 fideles,
2655 4041 2758 4116 qui

333 4121 409 4180 ad
436 4141 611 4198 opera
640 4122 750 4180 Dei
778 4123 1115 4182 attentiores
1140 4130 1319 4197 erant,
1346 4121 1652 4180 sublimius
1693 4121 2032 4198 mysterium
2061 4121 2122 4179 in
2149 4123 2260 4180 hoc
2285 4119 2564 4179 miraculo
2591 4121 2760 4180 oculo

336 4201 473 4260 fidei
502 4203 829 4278 cernebant,
862 4213 919 4261 et
949 4203 1163 4262 Christi
1206 4203 1413 4260 animae
1432 4201 1566 4260 ‘cibi
1610 4209 1816 4279 typum
1845 4201 2122 4259 eximium
2149 4203 2210 4258 in
2235 4220 2449 4260 manna
2477 4219 2752 4277 agnosce·

338 4282 513 4343 bant:
555 4283 725 4360 plane
755 4282 1045 4360 quomodo
1072 4282 1239 4360 panis
1268 4293 1327 4341 et
1352 4282 1571 4356 vinum,
1603 4301 1734 4358 quae
1761 4289 1968 4339 natura
1995 4300 2100 4338 sua
2127 4290 2184 4339 et
2211 4301 2314 4358 per
2341 4301 2402 4340 se
2431 4281 2754 4340 inserviunt

342 4363 415 4420 ad
444 4363 819 4422 nutriendum
849 4383 1074 4440 corpus,
1107 4361 1295 4440 gratia
1325 4361 1437 4420 Dei
1484 4369 1678 4418 tamen
1707 4360 2071 4418 destinantur
2097 4361 2174 4420 ad
2199 4381 2368 4420 usum
2397 4360 2752 4438 spiritualem

342 4452 401 4502 et
448 4463 693 4519 sacrum,
744 4452 810 4502 ut
854 4443 971 4501 sint
1017 4442 1283 4519 symbola
1312 4439 1567 4516 corporis
1612 4449 1672 4498 et
1699 4439 1998 4518 sanguinis
2027 4441 2258 4516 Christi,
2290 4441 2501 4519 quibus
2545 4443 2750 4502 animae

338 4531 750 4598 sustentantur,
801 4542 919 4581 non
962 4523 1221 4600 physica,
1274 4520 1376 4579 sed
1406 4521 1607 4578 morali
1637 4529 1860 4579 tantum
1903 4529 1962 4579 et
1989 4521 2388 4581 sacramentali
2415 4523 2750 4584 mutatione.

337 4603 459 4663 Nec
482 4603 555 4662 de
575 4624 644 4662 eo
672 4603 939 4663 dubitare
966 4622 1073 4662 nos
1102 4602 1241 4661 sinit
1268 4601 1547 4676 Christus,
1574 4601 1676 4678 qui
1705 4601 1748 4662 J
1751 4600 1954 4659 oannis
1975 4602 2072 4676 vi.,
2094 4603 2272 4661 totius
2293 4603 2554 4680 mysterii
2581 4605 2751 4664 istius

340 4683 562 4741 clavem
612 4685 780 4742 nobis
824 4682 1084 4761 porrigit,
1133 4683 1269 4742 dum
1320 4701 1381 4740 se
1426 4701 1652 4741 mannae
1679 4681 2026 4742 conferendo
2054 4691 2112 4741 et
2139 4683 2511 4761 praeferende,
2543 4703 2750 4761 corpus
