3234 5192
487 272 563 329 10
1235 289 1312 328 nn
1341 287 1707 329 necessarus
1736 287 2084 330 SECESSIONE
2570 269 2830 350 [meror.
2860 291 2907 331 1.

478 427 820 488 idololatriis
847 428 973 506 ejus
999 429 1320 506 participet.
1408 433 1443 464 ‘⁴
1462 430 1639 489 Exite
1666 449 1741 488 ex
1770 449 1855 504 ea,
1884 429 2096 506 popule
2122 411 2219 502 mi,
2250 447 2323 486 ne
2350 428 2748 506 participando
2776 431 2909 508 ejus

477 506 747 586 peccatis,
777 507 1130 586 participetis
1158 509 1287 587 ejus
1327 509 1575 590 plagis&
1662 509 2019 587 Hujusmodi
2058 516 2252 568 autem
2290 507 2555 566 extitisse
2594 508 2765 567 nobis
2809 527 2900 568 se·

481 586 722 647 cedendi
750 588 824 646 ab
871 588 1134 647 Ecclesia
1163 589 1426 648 Romana
1475 607 1696 663 causas,
1719 607 1837 647 non
1866 589 2107 647 seorsim
2136 597 2359 647 tantum
2386 587 2684 664 quasdam,
2718 586 2904 666 (quod

477 667 841 807 arpiepmffissi
877 667 1136 728 sufficere
1177 671 1428 748 poterat)
1457 667 1563 726 sed
1589 667 1943 746 conjunctim
1972 687 2171 726 omnes
2198 667 2259 725 in
2288 666 2662 744 sequentibus
2689 667 2899 745 proba-

727 922 794 966 ,,
863 868 954 966 s
993 826 1287 964 ,affl
1309 826 1847 964 Pssssffifflffl
1908 824 2613 971 mmm&
2562 825 2725 964 ,ᾖ
2764 837 2903 966 ⁵³¹:ss

534 924 824 1025 21ᾟῶῒίῦί
999 925 1429 1060 percipiendiim
1457 925 1879 1061 ερρήἑεοειξιῖἒ
1891 924 2259 1059 ῗιῖῗεεεατίω,
2288 991 2413 1043 tum
2448 1003 2524 1042 ex
2550 992 2715 1062 parte
2744 925 2897 1044 Ἐιῗό-

464 1066 622 1142 jecti,
643 1063 800 1141 quod
819 1071 910 1122 est
931 1063 1190 1137 Secessi0‚
1222 1072 1346 1123 tum
1376 1065 1698 1139 Proedicati,
1720 1064 1878 1142 quod
1898 1072 1988 1122 est
2004 1065 2263 1122 Ecclesia
2272 1065 2559 1122 Romana.
2598 1083 2637 1123 1.
2656 1064 2905 1124 Seceoeco

477 1145 593 1203 alia
619 1152 708 1202 est
734 1143 1131 1201 Ecclesia-stica
1177 1152 1237 1203 et
1263 1163 1442 1219 sacra,
1473 1164 1509 1202 a
1535 1143 1795 1204 doctrina
1822 1151 1881 1202 et
1920 1147 2086 1202 cultu.
2172 1142 2313 1202 Alia
2338 1144 2581 1202 Politica
2606 1151 2665 1202 et
2684 1143 2895 1220 civilis,

368 1285 384 1296 ἐ
477 1224 553 1282 ab
599 1223 904 1282 hominibus
944 1229 1003 1281 et
1032 1224 1311 1299 personis.
1396 1224 1485 1283 De
1525 1223 1640 1283 ista
1679 1243 1795 1282 non
1836 1223 2141 1300 loquimur,
2187 1221 2291 1281 sed
2331 1222 2403 1281 de
2440 1223 2560 1280 illa.
2644 1223 2901 1284 Possunt

475 1302 559 1382 pii
586 1303 914 1363 cohabitare
939 1302 1313 1363 heterodoxis
1353 1313 1412 1362 et
1456 1302 1779 1362 idololatris
1820 1311 1887 1362 ut
1926 1302 2263 1360 concivibus
2310 1301 2449 1377 suis,
2494 1301 2597 1361 sed
2623 1321 2740 1360 non
2766 1321 2898 1380 pos-

477 1391 613 1443 sunt
639 1404 746 1443 nec
773 1383 988 1442 debent
1015 1401 1147 1442 cum
1185 1383 1304 1441 illis
1330 1383 1789 1441 communionem
1832 1382 2021 1442 colere
2041 1381 2103 1439 in
2130 1382 2325 1456 sacris,
2354 1389 2421 1440 ut
2447 1400 2575 1439 cum
2606 1380 2895 1441 fratribus.

477 1464 672 1523 Prima
698 1472 788 1521 est
813 1462 1038 1520 secessio
1079 1461 1274 1540 quoad
1294 1463 1492 1540 fidem,
1522 1461 1705 1519 altera
1743 1461 1932 1537 quoad
1964 1461 2311 1520 charitatem.
2368 1460 2482 1518 Illa
2508 1459 2667 1520 licita
2706 1469 2797 1519 est
2834 1470 2897 1521 et

478 1542 820 1615 necessaria,
844 1541 981 1618 quia
1007 1541 1169 1600 nulla
1196 1549 1286 1600 est
1311 1539 1637 1599 communio
1661 1540 1875 1599 Christi
1904 1560 2034 1599 cum
2066 1539 2270 1616 Belial,
2300 1539 2419 1598 luci
2445 1559 2578 1598 cum
2605 1540 2895 1617 tenebris3

475 1623 590 1681 ista
635 1639 775 1679 vero
801 1639 1184 1696 nequaquam,
1215 1618 1681 1697 qnandoquidem
1710 1619 1958 1679 charitas
1998 1639 2074 1678 ex
2114 1617 2445 1696 praescripto
2473 1619 2622 1696 legis
2670 1618 2747 1677 ad
2772 1639 2895 1677 om·

476 1721 582 1760 nes
607 1699 870 1758 homines
898 1698 1135 1758 extendi
1162 1698 1351 1775 debet,
1381 1699 1554 1757 modo
1581 1719 1655 1758 ne
1697 1698 1839 1775 quid
1880 1699 2209 1758 detrimenti
2234 1699 2467 1772 veritas,
2496 1707 2597 1757 aut
2623 1696 2769 1757 fides
2794 1705 2900 1776 'per

478 1781 540 1841 id
582 1779 849 1857 patiatur.
935 1778 1051 1837 Hic
1099 1797 1346 1855 namque
1395 1798 1620 1855 semper
1663 1777 1808 1837 illud
1856 1777 2116 1837 obtinere
2163 1776 2353 1853 debet,
2383 1797 2556 1852 usque
2600 1779 2687 1836 ad
2716 1777 2895 1837 Aras.

481 1861 578 1920 Sic
605 1865 849 1937 possunt
895 1857 1112 1917 foedera
1137 1859 1316 1934 pangi
1343 1877 1474 1916 cum
1497 1858 1568 1916 iis
1595 1859 1787 1932 etiam,
1818 1858 1919 1934 qui
1940 1877 1975 1915 a
2000 1857 2126 1916 veri
2156 1857 2268 1915 Dei
2295 1857 2625 1932 cognitione
2651 1864 2710 1916 et
2736 1857 2899 1916 cultu

479 1948 614 1999 sunt
641 1937 831 2012 alieni,
861 1945 928 1996 ut
955 1938 1218 2012 Davidis,
1254 1937 1597 2013 Salomonis,
1633 1937 2131 1995 Macchabaeorum
2174 1935 2443 2012 exempla
2482 1935 2709 1996 docent.
2796 1936 2894 1995 Sic

478 2017 852 2077 humanitatis
887 2025 948 2077 et
986 2016 1283 2077 charitatis
1323 2016 1512 2076 officia
1551 2015 1770 2075 nemini
1810 2017 2139 2075 mortalium
2190 2014 2465 2092 denegari
2511 2023 2755 2093 possunt
2790 2023 2893 2075 aut

482 2098 720 2158 debent.

645 2216 658 2228 .
869 2215 932 2259 al·
1088 2174 1304 2234 XVII.
1349 2193 1412 2233 11.
1455 2176 1698 2235 Secessio
1739 2193 1903 2234 sacra
1940 2182 2002 2233 et
2044 2173 2467 2248 Ecclesiastica,
2516 2173 2610 2232 vel
2654 2181 2743 2232 est
2784 2176 2893 2234 Oc-

478 2219 860 2328 εοῗὲζιιιιῗῖἧῗ
885 2229 968 2330 pit
1007 2257 1158 2314 culta
1197 2262 1257 2313 et
1295 2254 1500 2330 latens,
1543 2255 1639 2313 vel
1668 2254 1889 2331 Aperta
1943 2261 2001 2313 et
2040 2261 2262 2330 patens.
2352 2252 2480 2327 Illa,
2524 2271 2640 2329 qua
2666 2251 2885 2329 fideles,

540 2337 665 2378 ⁶⁰³⁸·
1001 2335 1127 2392 sive
1153 2333 1323 2393 multi
1366 2334 1490 2392 sive
1517 2335 1715 2410 pauci,
1736 2334 1836 2410 qui
1864 2334 1923 2392 in
1947 2342 2101 2391 coetu
2126 2333 2320 2408 aliquo
2352 2332 2575 2409 impuro
2602 2339 2663 2391 et
2708 2331 2893 2390 idolo·

479 2417 682 2476 latrice
711 2415 948 2491 degunt,
979 2413 1061 2472 ita
1088 2413 1296 2470 vivunt
1335 2413 1667 2471 hominibus
1708 2413 1953 2486 obscuri,
1986 2420 2043 2470 et
2062 2411 2169 2470 soli
2214 2413 2340 2470 Deo
2368 2411 2603 2487 cogniti,
2634 2421 2701 2470 ut
2719 2431 2897 2489 puros

481 2517 544 2556 se
573 2503 632 2554 et
659 2495 942 2553 immunes
969 2492 1043 2551 ab
1071 2491 1360 2550 erroribus
1387 2491 1505 2550 iUis
1531 2500 1592 2550 et
1632 2491 2133 2568 superstitionibus
2162 2499 2462 2566 tueantur3
2506 2491 2708 2568 quales
2734 2490 2893 2550 fuere

481 2583 703 2652 septem
731 2573 890 2631 mille
931 2573 1194 2630 homines
1234 2571 1338 2646 illi,
1383 2573 1484 2647 qui
1527 2571 1673 2628 Eliae
1714 2578 1969 2647 tempore
2012 2590 2202 2647 genua
2232 2569 2397 2627 Baali
2424 2589 2540 2628 non
2568 2569 2891 2646 flexerunt3

480 2655 682 2733 quales
709 2653 797 2710 illi
824 2671 1024 2710 omnes
1049 2651 1149 2728 pii,
1180 2650 1280 2726 qui
1307 2659 1439 2709 ante
1469 2650 1757 2708 sublatum
1804 2649 2113 2726 Evangelii
2152 2649 2433 2708 vexillum
2462 2668 2565 2725 per
2594 2649 2891 2708 Reforma-

479 2735 694 2793 tionem
718 2733 777 2790 in
809 2732 1030 2808 Papatu
1058 2728 1428 2788 morabantur
1455 2737 1514 2788 et
1541 2728 1865 2804 gemebant.
1948 2733 2168 2805 Aperta
2188 2737 2279 2787 est
2310 2747 2523 2801 eorum,
2574 2729 2674 2805 qui
2700 2728 2893 2805 palam

476 2813 818 2891 profitentur
843 2831 905 2870 se
934 2811 1007 2869 ab
1036 2810 1193 2874 illius
1237 2817 1419 2867 coetus
1457 2808 1736 2883 doctrina,
1775 2817 1833 2866 et
1861 2809 2019 2867 cultu
2055 2808 2293 2882 alienos,
2344 2817 2409 2866 ut
2438 2807 2616 2882 Elias,
2663 2808 2890 2883 Daniel,

476 2903 535 2953 et
564 2893 706 2953 socii
733 2894 875 2970 ejus,
905 2891 1006 2969 qui
1034 2897 1229 2968 aperte
1258 2908 1388 2947 cum
1415 2887 1736 2947 idololatris
1764 2888 2183 2946 communicare
2208 2886 2542 2962 renuebant,
2574 2887 2632 2944 in
2649 2905 2894 2963 quorum

479 2973 736 3031 ordinem
765 2971 974 3030 referre
996 2970 1275 3029 debemus
1304 2975 1534 3027 sanctos
1577 2967 1711 3026 illos
1760 2966 2022 3025 veritatis
2070 2975 2266 3038 testes,
2296 2966 2399 3042 qui
2425 2973 2557 3024 ante
2590 2964 2889 3025 Reforma-

477 3053 696 3111 tionem
715 3070 833 3107 non
845 3058 1066 3108 tantum
1088 3049 1148 3105 in
1169 3047 1342 3106 corde
1355 3048 1503 3105 clam
1519 3046 1795 3104 Ecclesiae
1808 3045 2086 3104 Romanae
2104 3064 2325 3103 errores
2346 3053 2405 3104 et
2422 3044 2773 3121 corruptelas
2792 3045 2890 3104 de·

479 3129 854 3202 testabantur,
878 3127 1046 3185 sedet
1060 3127 1288 3202 publice
1309 3145 1408 3183 eas
1419 3127 1755 3182 incusarunt
1766 3132 1823 3182 et
1840 3134 2261 3201 oppugnarunt,
2282 3131 2341 3182 et
2354 3124 2529 3182 fidem
2542 3143 2703 3183 suam
2714 3124 2887 3182 etiam

479 3206 710 3285 proprio
751 3205 1032 3281 sanguine
1061 3204 1454 3278 obsignarunt,
1491 3211 1556 3260 ut
1593 3211 1821 3260 constat
1848 3222 1922 3260 ex
1954 3203 2230 3279 Gataloqo
2260 3204 2475 3261 testium
2500 3203 2767 3262 veritatis.

711 3349 720 3360 ,
917 3349 926 3360 ,
1083 3281 1333 3339 XVIII.
1377 3299 1462 3338 111.
1487 3282 1710 3339 Rursus
1720 3281 1961 3339 Secessio
1982 3282 2194 3341 aliaest
2210 3284 2484 3357 negativa,
2504 3282 2617 3340 alia
2623 3282 2888 3358 positiva.

483 3351 601 3397 ΑΠ’*
620 3349 844 3418 pontiva,
865 3353 962 3392 ⁸¹¹⁸·
1001 3361 1302 3438 Negativa,
1335 3359 1566 3435 quando
1589 3380 1718 3418 cum
1741 3360 1935 3436 aliquo
1962 3369 2114 3419 coetu
2143 3381 2259 3419 non
2300 3363 2805 3436 communicamus,
2826 3370 2887 3420 et

597 3411 839 3466 negativa.
1003 3440 1126 3498 sive
1155 3440 1320 3514 clam,
1353 3439 1476 3497 sive
1503 3439 1695 3516 palam
1722 3459 1829 3497 nos
1858 3439 1931 3496 ab
1959 3440 2087 3517 ejus
2112 3440 2227 3498 fide
2257 3448 2314 3498 et
2342 3441 2503 3499 cultu
2550 3440 2883 3516 avertimuS,

479 3519 584 3578 sed
611 3519 693 3577 ita
719 3527 912 3576 tamen
939 3524 1004 3577 ut
1031 3519 1286 3577 nondum
1327 3527 1631 3595 propterea
1668 3538 1883 3577 novum
1926 3528 2137 3578 coetum
2172 3521 2603 3594 constituamus,
2635 3529 2693 3578 et
2709 3519 2891 3578 altare

479 3598 646 3658 altari
675 3615 1048 3674 opponamus.
1131 3597 1332 3672 Qualis
1358 3597 1466 3656 fuit
1495 3606 1719 3675 patrum
1748 3607 2089 3672 nostrorum,
2116 3600 2215 3675 qui
2242 3598 2303 3656 in
2332 3598 2597 3657 Ecclesia
2626 3598 2890 3658 Romana

480 3685 750 3754 corrupta
776 3676 914 3734 olim
955 3677 1262 3750 latuerunt,
1293 3695 1410 3735 non
1457 3677 1801 3735 adhaerendo
1830 3685 2022 3736 tamen
2050 3677 2206 3736 illius
2234 3677 2539 3736 erroribus.
2620 3679 2889 3752 Positiva,

478 3757 710 3836 quando
738 3774 855 3814 non
897 3756 1066 3815 modo
1093 3775 1200 3815 nos
1228 3756 1446 3815 alienos
1487 3757 1560 3814 ab
1588 3757 1783 3833 aliquo
1824 3765 1978 3815 coetu
2017 3765 2312 3830 testamur,
2352 3758 2456 3815 sed
2484 3756 2658 3815 etiam
2706 3765 2889 3816 coetus

477 3838 552 3896 ab
599 3838 701 3896 illo
751 3843 1042 3913 separatos
1089 3836 1384 3908 habemus,
1427 3834 1673 3912 priorem
1726 3837 2043 3894 Ecclesiam
2073 3834 2408 3909 deserendo,
2448 3843 2507 3894 et
2546 3855 2757 3893 novam
2800 3836 2887 3893 in-

477 3915 785 3990 stituendO,
817 3934 946 3992 quae
983 3914 1212 3992 legibus
1254 3915 1693 3988 Ecclesiasticis‚
1728 3915 1839 3973 Dei
1880 3914 2094 3987 Verb0,
2130 3915 2628 3973 sacramentorum
2668 3915 2888 3972 admin-

477 3997 774 4055 istratione
802 4004 860 4053 et
902 3995 1080 4053 sacris
1107 3994 1431 4052 istiusmodi
1460 3995 1763 4071 separatim
1792 4002 2003 4053 utatur.
2062 3993 2397 4070 cujusmodi
2424 3994 2737 4071 putabatur
2762 4011 2889 4054 esse

476 4074 724 4134 secessio
748 4073 1163 4133 Rubenitarum
1182 4082 1240 4133 et
1269 4073 1629 4148 Gaditarum,
1653 4080 1947 4131 exstructo
1974 4091 2151 4148 prope
2193 4073 2375 4149 ripam
2404 4073 2445 4131 J
2449 4072 2681 4131 ordanis
2722 4072 2890 4130 altari

479 4163 686 4230 praeter
726 4155 906 4212 altare
951 4153 1078 4230 Dei,
1133 4153 1178 4212 J
1180 4173 1262 4211 os.
1307 4153 1453 4210 xxii.
1535 4153 1790 4226 Quaestio
1832 4170 1971 4208 vero
2012 4159 2209 4210 nostra
2249 4157 2355 4225 est,
2400 4171 2518 4209 non
2556 4150 2629 4209 de
2667 4151 2883 4227 prima,

477 4230 582 4290 sed
608 4231 682 4289 de
721 4236 980 4290 secunda.
1064 4234 1266 4309 Neque
1295 4231 1446 4290 enim
1475 4231 1836 4308 disputamus
1876 4237 2118 4304 tantum,
2149 4249 2218 4288 an
2258 4230 2419 4290 licita
2444 4230 2617 4288 fuerit
2642 4231 2891 4289 secessio

477 4309 580 4367 illa
606 4310 878 4385 negativa
903 4311 1176 4385 fidelium,
1219 4331 1335 4388 qua
1373 4309 1766 4388 pertendimus
1794 4309 1921 4385 pios
1972 4329 2172 4368 omnes
2214 4328 2339 4368 sese
2380 4329 2416 4366 a
2461 4309 2681 4386 Papatu
2724 4329 2886 4386 sepa-

481 4407 655 4460 rasse,
701 4387 786 4446 sic
811 4388 963 4446 enim
1002 4409 1296 4466 nunquam
1324 4391 1706 4448 exivissemus
1728 4409 1800 4447 ex
1844 4407 1949 4463 eo;
2012 4388 2115 4448 sed
2142 4408 2217 4447 an
2242 4388 2509 4465 positiva,
2540 4407 2655 4464 qua
2686 4388 2889 4448 Patres

479 4468 662 4526 nostri
704 4467 920 4544 egressi
950 4477 1082 4527 sunt
1111 4488 1184 4527 ex
1232 4470 1469 4547 Papatu,
1503 4477 1560 4526 et
1615 4487 1796 4525 novas
1842 4468 2133 4526 Ecclesias
2186 4468 2401 4544 passim
2458 4474 2887 4540 exstruxerunt,

445 4545 798 4605 ‚necessaria
839 4546 1008 4606 fuerit
1036 4555 1092 4606 et
1113 4548 1291 4624 justa.

3142 4817 3187 5162 bas..-
