3234 5192
522 283 639 340 366
1396 295 1471 334 DE
1520 293 1708 334 Parim
1765 293 2035 335 (wimaro.
2553 278 2935 356 [1.›1src‘r.1x.

520 445 577 498 τὶ
602 437 717 499 εἶναι’
744 464 831 496 zac
871 437 1018 514 paim»
1046 436 1333 512 aedanum,
1368 437 1484 496 188.
1504 438 1712 495 xxviii.
1762 440 1851 512 16,
1887 438 2054 497 Rom.
2084 438 2164 495 ix.
2197 439 2292 512 33,
2329 440 2357 494 1
2393 437 2520 496 Pet.
2563 437 2622 496 ii.
2665 442 2724 514 6,
2755 439 2839 497 ita
2868 449 2938 498 ut

518 528 699 598 portae
728 518 1039 577 inferorum
1088 537 1205 576 non
1252 518 1475 594 possint
1522 518 1838 594 praevalere
1887 517 2166 576 adversus
2215 517 2536 576 Ecclesiam
2577 518 2715 576 huic
2755 528 2936 594 petrae

520 599 940 673 inaedificatam,
974 598 1184 657 Matth.
1214 597 1336 656 xvi.
1371 600 1463 656 18.
1549 597 1709 656 Hinc
1740 597 1922 656 Paulo
1953 598 2216 657 Christus
2243 606 2487 657 vocatur
2495 601 2938 672 fiandamentum

524 684 554 739 1
589 681 719 738 Cor.
775 679 856 737 iii.
908 682 998 754 11,
1058 686 1117 737 et
1160 678 1314 736 Psal.
1344 677 1543 736 cxviii.
1575 681 1671 753 22,
1734 678 1938 755 “lapis
1987 678 2341 755 angulariS‚''
2393 679 2550 755 quod
2600 679 2936 738 Bernardus

520 760 775 837 explicat
800 759 1013 818 eximie
1045 757 1225 816 Serm.
1272 760 1344 816 61
1396 758 1457 815 in
1500 757 1665 816 Cant.
1745 761 1780 792 ‘⁴
1805 757 1959 833 Quid
2005 778 2122 816 non
2169 758 2360 832 boni‚’'
2417 759 2623 837 inquit,
2678 759 2796 816 “in
2822 760 2936 818 hac

522 849 686 919 petra
704 843 733 898 ⁴?
776 841 848 896 In
880 839 1055 898 Petra
1082 838 1390 912 exaltatus,
1421 837 1483 895 in
1509 847 1674 914 petra
1715 857 1968 914 securus,
1999 839 2060 896 in
2081 845 2244 915 petra
2283 838 2525 898 firmiter
2557 847 2666 914 stc,
2697 859 2936 898 securus

520 923 596 980 ab
622 921 806 995 hoste,
836 919 1002 978 fortis
1029 938 1064 976 a
1091 937 1247 976 casu.
1332 918 1411 976 Et
1454 937 1658 976 revera
1703 919 1805 977 ubi
1853 927 1978 978 tuta
2023 919 2301 996 firmaque
2349 919 2592 978 infirmis
2635 920 2932 996 securitas,

520 1000 634 1059 nisi
662 999 723 1057 in
750 998 1089 1058 vulneribus
1121 997 1443 1056 Servatoris
1459 1000 1488 1056 ⁴?
1569 999 1758 1058 Tanto
1805 999 1926 1058 illic
1975 999 2228 1058 securior
2269 1007 2357 1057 est
2384 999 2683 1072 habitatio,
2714 1009 2935 1076 quanto

522 1081 619 1138 ille
648 1079 936 1157 potentior
964 1088 1052 1137 est
1080 1077 1151 1136 ad
1183 1077 1542 1154 salvandum,
1573 1079 1766 1138 fremit
1807 1079 2074 1156 mundus,
2104 1079 2254 1156 perit
2281 1099 2506 1156 corpus,
2535 1079 2817 1138 Diabolus
2845 1080 2934 1137 in-

522 1159 779 1234 sidiatur,
810 1179 927 1217 non
956 1158 1116 1234 cado,
1140 1159 1399 1217 firmatus
1427 1177 1556 1217 sum
1584 1159 1738 1218 enim
1767 1179 1939 1237 super
1963 1159 2186 1217 firmam
2213 1167 2453 1237 petram.

604 1239 861 1298 XXIV.
910 1239 1026 1298 Sed
1080 1239 1217 1316 quia
1268 1239 1485 1298 Paulus
1540 1240 1907 1316 peculiariter
1962 1239 2156 1317 seligit
2211 1240 2442 1298 Petram
2471 1240 2659 1314 istam,
2713 1259 2788 1298 ex
2815 1261 2934 1317 qua

521 1341 686 1400 aquae
706 1320 1015 1394 fluxerunt,
1040 1320 1322 1396 analogiae
1350 1318 1495 1378 ratio
1526 1341 1658 1378 cum
1679 1340 1748 1378 ea
1763 1319 1859 1379 hic
1887 1320 2054 1379 unice
2071 1320 2437 1394 attendenda,
2467 1339 2598 1396 quae
2627 1320 2932 1396 multiplex

520 1421 647 1460 esse
674 1410 883 1478 potest.
969 1401 1117 1458 Nam
1166 1409 1231 1459 ut
1276 1407 1439 1478 petra
1480 1401 1844 1476 potissimum
1893 1420 1930 1458 a
1978 1401 2105 1460 Deo
2134 1400 2368 1477 eligitur
2409 1399 2483 1458 ad
2510 1420 2692 1476 aquas
2719 1401 2934 1477 populo

518 1479 986 1558 suppeditandas,
1017 1499 1147 1557 quas
1174 1499 1292 1538 non
1320 1479 1492 1538 modo
1521 1480 1582 1539 in
1632 1500 1694 1538 se
1735 1489 1916 1556 aquas
1943 1500 2059 1539 non
2087 1481 2359 1555 continet,
2392 1478 2496 1538 sed
2515 1480 2609 1538 cui
2637 1480 2784 1538 nihil
2810 1501 2932 1540 ma-

518 1561 611 1638 gis
639 1567 924 1636 repugnat
949 1560 1009 1616 in
1032 1559 1299 1635 speciem,
1331 1579 1501 1637 quam
1525 1579 1706 1636 aquas
1734 1560 1887 1635 dare,
1911 1580 2046 1618 nam
2075 1580 2150 1619 ex
2177 1560 2308 1618 aliis
2335 1559 2568 1638 quidem
2598 1561 2934 1637 corporibus

520 1659 687 1716 aquae
716 1639 848 1697 elici
874 1648 1133 1715 possunt,
1166 1639 1269 1697 sed
1296 1659 1373 1696 ex
1415 1639 1607 1716 lapide
1649 1639 1746 1697 vel
1776 1647 1939 1716 petra
1966 1660 2330 1718 nequaquam
2356 1662 2369 1698 ε
2430 1640 2524 1699 Ita
2551 1641 2699 1698 nihil
2725 1641 2931 1699 absur-

520 1719 652 1778 dius
700 1718 1007 1778 videbatur
1054 1717 1230 1793 carni,
1282 1738 1456 1795 quam
1504 1739 1577 1777 ex
1610 1719 1902 1778 Crucifixo
1931 1720 2176 1778 salutem
2203 1728 2416 1797 petere,
2448 1719 2510 1777 id
2536 1729 2626 1779 est
2653 1741 2728 1779 ex
2749 1729 2933 1780 morte

518 1800 717 1874 vitam,
775 1818 850 1857 ex
898 1797 1129 1856 miseria
1182 1797 1532 1874 felicitatem,
1592 1819 1668 1856 ex
1712 1799 2116 1858 maledictione
2171 1799 2652 1859 benedictionem.
2761 1800 2932 1860 Unde

522 1879 785 1938 Christus
827 1877 1039 1936 dicitur
1085 1877 1422 1937 scandalum
1447 1879 1492 1938 J
1496 1878 1694 1953 udaeis,
1733 1879 1980 1938 stultitia
2001 1879 2240 1954 GraeciS,
2267 1880 2370 1938 sed
2399 1881 2620 1939 vocatis
2651 1881 2935 1957 sapientia

518 1967 578 2020 et
603 1959 863 2036 potentia
891 1959 1022 2018 Dei.
1105 1963 1161 2018 2.
1208 1959 1433 2018 Rursus
1479 1969 1546 2019 ut
1590 1979 1666 2018 ex
1703 1967 1868 2036 petra
1893 1980 2058 2037 aquae
2086 1959 2416 2037 fluxerunt3
2463 1960 2556 2019 Ita
2585 1961 2846 2020 Christus
2873 1961 2941 2020 fit

519 2040 639 2100 suis
666 2039 797 2098 fons
826 2039 1038 2100 saliens
1058 2037 1121 2097 in
1148 2039 1327 2099 vitam
1352 2047 1642 2115 aeternam,
1674 2039 1775 2117 qui
1802 2049 1879 2099 ex
1907 2059 1969 2099 se
1991 2060 2173 2119 aquas
2201 2041 2404 2119 gratiae
2434 2049 2492 2100 et
2514 2039 2716 2099 salutis
2743 2039 2936 2099 fundit

522 2120 938 2198 copiosissime.
1022 2119 1197 2180 Unde
1240 2120 1412 2178 toties
1453 2120 1607 2198 apud
1638 2121 1958 2198 Prophetas
1986 2121 2094 2180 sub
2124 2122 2390 2199 symbolo
2417 2141 2694 2198 aquarum
2720 2119 2934 2180 benefi-

518 2201 611 2260 cia
628 2201 902 2258 salutaria
924 2199 1154 2274 Christi,
1178 2206 1237 2258 et
1258 2199 1411 2258 dona
1435 2199 1684 2277 Spiritus
1717 2201 1914 2259 Sancti
1940 2201 2376 2276 adumbrantur,
2409 2201 2523 2260 Isa.
2553 2201 2658 2260 xli.
2686 2209 2746 2260 et
2791 2201 2937 2258 xliv.

516 2279 729 2336 Ezech.
772 2279 1001 2348 xxxvi„
1032 2278 1207 2335 Zach.
1250 2278 1475 2352 xiii.,1,
1536 2278 1581 2336 J
1585 2279 1678 2337 oh.
1721 2279 1800 2337 iv.
1845 2288 1905 2337 et
1945 2279 2045 2339 vii.
2104 2285 2159 2339 3.
2209 2281 2324 2340 Sed
2352 2289 2416 2339 ut
2443 2290 2606 2356 petra
2631 2301 2750 2340 non
2778 2281 2937 2338 dedit

520 2375 729 2433 aquam
769 2355 884 2413 nisi
923 2374 1212 2432 percussa,
1258 2355 1338 2414 Et
1380 2376 1457 2414 ex
1500 2357 1601 2414 illa
1628 2375 1901 2433 percussa
1929 2358 2240 2418 exilierunt
2266 2379 2430 2434 aquae
2459 2359 2696 2437 affatim,
2727 2359 2935 2438 quibus

521 2433 925 2494 reficiebantur
954 2432 1235 2492 Israelitae
1264 2455 1279 2508 3
1340 2434 1433 2492 Ita
1481 2455 1555 2492 ex
1586 2433 1801 2494 Christi
1831 2435 2092 2494 crucifixi
2119 2437 2298 2494 latere
2326 2438 2586 2496 manavit
2614 2441 2853 2517 sanguis
2879 2447 2938 2498 et

520 2534 687 2592 aqua,
738 2513 949 2591 quibus
996 2512 1330 2572 reficiuntur
1358 2513 1672 2572 Credentes
1700 2513 1760 2570 in
1787 2513 2014 2572 deserto
2042 2514 2259 2587 mundi,
2306 2514 2608 2572 tendentes
2635 2519 2711 2574 ad
2729 2529 2938 2576 terram

520 2594 934 2675 promissionis,
979 2593 1043 2652 id
1088 2599 1177 2652 est
1218 2593 1445 2652 coelum.
1530 2592 1676 2652 Cum
1726 2592 1878 2652 enim
1919 2593 2080 2652 Deus
2125 2593 2274 2652 nihil
2301 2594 2587 2670 peccatori
2631 2594 2936 2671 indulgere

521 2683 736 2755 posset,
764 2675 877 2736 nisi
904 2674 1169 2752 placatus
1196 2672 1582 2734 satisfactione
1606 2672 1762 2749 Filii,
1783 2672 1942 2750 prius
1963 2691 2094 2732 cum
2115 2673 2339 2752 percuti
2366 2672 2622 2750 oportuit
2648 2680 2707 2732 et
2735 2672 2932 2750 affligi,

520 2766 590 2817 ut
616 2756 920 2835 castigatio
948 2754 1108 2834 pacis
1134 2762 1349 2814 nostrae
1377 2773 1550 2831 super
1576 2773 1706 2812 eum
1754 2761 2077 2831 poneretur,
2109 2763 2168 2813 et
2203 2775 2280 2812 ex
2307 2754 2434 2832 ejus
2460 2752 2752 2812 vibicibus
2781 2755 2934 2813 salu—

524 2847 644 2898 tem
670 2855 1169 2916 consequeremur.
1232 2839 1290 2894 4.
1325 2834 1441 2894 Sed
1467 2842 1534 2893 ut
1554 2843 1720 2911 petra
1744 2853 2016 2912 percussa
2035 2833 2147 2894 fuit
2171 2834 2342 2912 virga
2369 2833 2574 2908 Mosis,
2621 2834 2714 2892 Ita
2742 2833 2936 2894 Chris-

522 2927 619 2980 tus
647 2939 766 2978 non
790 2917 965 2978 modo
992 2936 1299 2996 percussus
1326 2915 1437 2975 fuit
1484 2935 1518 2972 a
1545 2915 1588 2974 J
1590 2914 1790 2988 udaeis,
1830 2934 2066 2992 quorum
2101 2915 2348 2992 figuram
2377 2913 2560 2992 gessit
2587 2913 2804 2990 MoseS,
2837 2916 2940 2974 sed

524 3000 813 3077 praecipue
841 3019 877 3058 a
902 2998 1073 3076 virga
1100 2997 1295 3076 Legis,
1326 2997 1495 3074 cujus
1522 2994 1622 3054 ille
1653 2995 1922 3054 Minister
1948 2995 2074 3071 suit,
2106 2995 2184 3054 id.
2214 2993 2620 3053 maledictione
2649 3003 2708 3053 et
2748 2995 2936 3072 poenis

526 3099 563 3135 a
590 3079 748 3156 Lege
778 3077 1156 3152 denunciatiS,
1184 3079 1298 3138 Isa.
1327 3076 1432 3137 liii.
1462 3079 1519 3152 4,
1552 3078 1607 3151 5,
1641 3076 1773 3136 Gal.
1817 3075 2025 3136 iii..13.
2089 3079 2144 3134 5.
2172 3076 2345 3134 Petra
2370 3094 2644 3151 percussa
2669 3095 2939 3152 magnam

528 3157 751 3232 copiam
780 3177 1059 3232 aquarum
1086 3156 1253 3230 fudit,
1286 3177 1414 3234 quae
1436 3155 1667 3214 abunde
1696 3155 1922 3214 suffecit
1947 3156 2161 3234 populo
2195 3179 2208 3215 ε
2266 3156 2360 3214 Ita
2389 3153 2653 3214 Christus
2681 3155 2784 3232 qui
2811 3155 2938 3213 fons

528 3243 619 3292 est
658 3234 1040 3292 inexhaustus
1088 3235 1308 3311 salutis,
1356 3237 1416 3292 in
1464 3255 1580 3312 quo
1625 3235 1924 3312 plenitudo
1967 3243 2055 3294 est
2083 3236 2269 3295 omnis
2297 3234 2516 3313 gratim,
2549 3235 2940 3312 copiosissime

529 3332 709 3388 aquas
738 3312 879 3370 istas
908 3312 1187 3370 salutares
1216 3313 1293 3371 id.
1324 3314 1477 3372 dona
1508 3314 1758 3390 Spiritus
1787 3333 1860 3372 ex
1891 3333 1952 3372 se
1974 3314 2178 3391 fundit,
2209 3335 2340 3392 quae
2367 3334 2484 3374 non
2503 3315 2605 3373 uni
2634 3315 2727 3374 vel
2757 3315 2939 3391 alteri,

530 3390 634 3450 sed
662 3391 771 3450 toti
792 3390 1071 3450 Ecclesiae
1099 3391 1327 3450 abunde
1366 3392 1669 3467 sufficiant,
1699 3392 1742 3451 J
1746 3393 1840 3450 oh.
1879 3393 1916 3450 i.
1945 3396 2037 3468 16,
2067 3403 2126 3454 et
2151 3396 2230 3453 iv.
2265 3398 2356 3470 14,
2389 3403 2448 3453 et
2468 3395 2569 3453 vii.
2601 3397 2696 3454 37.
2785 3395 2940 3453 Hinc

528 3471 742 3532 dicitur
787 3469 975 3529 factus
1024 3470 1193 3530 nobis
1242 3491 1277 3528 a
1306 3471 1477 3529 Patre
1528 3471 1827 3549 sapientia,
1853 3472 2096 3548 justitia,
2129 3473 2256 3550 &c.‚
2293 3478 2346 3533 1.
2378 3475 2506 3533 Cor.
2538 3475 2576 3533 i.
2607 3479 2702 3550 30,
2728 3483 2786 3532 et
2814 3495 2939 3534 esse

533 3551 727 3612 omnia
753 3551 813 3608 in
841 3549 1125 3626 omnibus,
1158 3549 1279 3609 Col.
1311 3550 1391 3609 iii.
1428 3553 1520 3608 11.
1604 3553 1661 3610 6.
1695 3551 1779 3611 Ut
1805 3551 1954 3609 nihil
1995 3554 2230 3613 suavius
2271 3557 2460 3632 potuit
2501 3575 2628 3614 esse
2659 3555 2940 3613 Israelitis

531 3634 594 3692 in
644 3631 888 3706 desert0,
933 3639 993 3690 et
1030 3630 1177 3689 locis
1237 3631 1357 3690 illis
1397 3630 1617 3706 calidis,
1662 3650 1836 3708 quam
1885 3630 2073 3692 fontes
2113 3654 2408 3711 aquarum,
2455 3635 2666 3712 quibus
2705 3645 2942 3712 possent

532 3712 692 3773 dulci
733 3711 991 3771 salientis
1032 3731 1197 3789 aquae
1239 3711 1395 3770 sitim
1438 3709 1793 3790 restinguere
1835 3711 1961 3771 rivo
1990 3735 2005 3789 ;
2056 3712 2148 3771 Ita
2206 3714 2350 3772 nihil
2409 3715 2711 3791 salubrius,
2797 3715 2942 3772 nihil

534 3793 757 3873 gratius
796 3791 1067 3852 fidelibus
1106 3791 1168 3850 in
1209 3791 1437 3852 deserto
1478 3791 1679 3850 mundi
1719 3791 1881 3850 arido
1921 3802 1980 3851 et
2021 3802 2287 3871 aestuoso,
2317 3815 2490 3871 quam
2531 3795 2747 3854 fontem
2777 3814 2942 3872 aquae

534 3874 795 3936 salientis
822 3891 1001 3951 penes
1028 3889 1089 3932 se
1117 3871 1347 3948 habere,
1378 3892 1493 3950 quo
1514 3871 1844 3932 reficiantur
1873 3872 1932 3930 in
1961 3882 2106 3933 aestu
2135 3894 2258 3932 suo,

616 3954 829 4013 XXV.
876 3957 929 4012 7.
976 3953 1061 4013 Ut
1080 3961 1243 4030 petra
1269 3973 1449 4031 aquas
1474 3952 1626 4012 fudit
1671 3973 1788 4012 non
1815 3952 1890 4011 ad
1915 3963 2286 4030 momentum,
2325 3975 2456 4032 quae
2495 3963 2698 4033 postea
2724 3975 2943 4014 aresce·

536 4044 682 4111 rent,
714 4034 817 4094 sed
844 4041 1137 4112 perpetuO,
1169 4033 1445 4111 quamdiu
1472 4033 1722 4112 populus
1749 4034 1812 4091 in
1840 4033 2068 4095 deserto
2097 4035 2496 4113 peregrinatus
2523 4044 2629 4109 est,
2673 4036 2827 4095 unde
2856 4035 2941 4094 di·

539 4116 689 4176 citur
730 4122 928 4175 secuta
966 4114 1261 4193 populum,
1306 4114 1365 4172 in
1410 4114 1553 4172 rivis
1598 4115 1819 4173 scilicet
1845 4133 1920 4173 ex
1965 4115 2066 4174 illa
2113 4115 2480 4175 manantibus
2511 4138 2525 4190 ;
2585 4115 2678 4174 Ita
2727 4116 2940 4174 Christi

538 4195 794 4273 sanguis,
826 4203 885 4254 et
902 4195 1054 4255 dona
1080 4196 1282 4274 gratiae
1304 4195 1497 4254 omnia
1522 4203 1782 4272 tempora
1807 4204 1868 4255 et
1893 4196 2022 4254 loca
2048 4205 2359 4274 permeant,
2391 4217 2498 4255 nec
2533 4215 2788 4271 unquam
2817 4216 2941 4254 are-

540 4284 709 4334 scunt
735 4284 795 4335 et
821 4275 1113 4350 deficiunt,
1146 4275 1249 4335 sed
1274 4285 1551 4354 perpetuo
1578 4275 1780 4335 fideles
1807 4277 2155 4336 comitantur
2182 4277 2242 4334 in
2277 4277 2506 4336 deserto
2534 4277 2710 4352 hujus
2738 4276 2940 4335 mundi

540 4354 615 4413 ad
644 4375 743 4414 eos
773 4357 1195 4416 sustentandos.
1281 4355 1403 4416 Nec
1435 4356 1609 4416 modo
1637 4355 1802 4416 adest
1845 4356 2114 4416 fidelibus
2143 4357 2263 4418 suis
2305 4377 2408 4435 per
2448 4356 2617 4432 dona,
2649 4377 2777 4434 quae
2821 4356 2942 4414 illis

542 4432 759 4491 affatim
790 4436 1135 4512 suppeditat,
1166 4437 1272 4496 sed
1300 4437 1422 4514 ipse
1451 4437 1758 4514 praesentia
1785 4457 1891 4498 sua
1917 4457 2018 4497 eos
2046 4437 2335 4515 dignatur,
2365 4457 2474 4496 nec
2501 4446 2620 4496 tam
2663 4437 2939 4514 sequitur,

542 4531 715 4589 quam
736 4514 1043 4573 comitatur
1070 4524 1129 4574 et
1154 4516 1337 4592 praeit,
1369 4537 1441 4575 ne
1470 4517 1778 4594 quicquam
1807 4518 1948 4595 ipsis
1977 4517 2128 4576 desit
2169 4518 2229 4575 in
2257 4517 2369 4591 via,
2402 4537 2532 4593 quae
2560 4516 2701 4593 ipsis
2744 4517 2942 4576 emeti-

542 4591 692 4650 enda
719 4600 824 4650 est.
911 4593 997 4652 Ut
1035 4594 1129 4652 hic
1158 4594 1273 4654 duo
1310 4596 1561 4654 maxima
1610 4595 1866 4657 fidelium
1894 4597 2200 4676 privilegia
2237 4596 2629 4672 designentur,
2679 4599 2942 4656 Perseve-
