3234 5192
356 383 586 426 nist-ur.
616 367 705 444 x.]
1258 385 1335 426 nn
1366 385 1670 428 sanrnn‘re
1699 385 1895 429 Διιιιιο.
2217 385 2232 398 ”
2647 379 2771 443 379

356 529 577 603 habuit,
611 528 761 586 Rom
792 527 915 586 viii.
953 529 1009 602 3,
1041 527 1183 606 quia
1210 527 1419 587 similis
1444 529 1614 588 nobis
1645 528 1831 589 factus
1859 539 1950 590 est
1975 531 2036 589 in
2072 531 2358 610 omnibus,
2391 534 2496 594 sed
2525 545 2772 616 excepto

358 618 613 686 peccate,
646 609 802 666 Heb.
832 608 909 668 iv.
949 611 1039 684 15,
1086 609 1195 667 hoc
1224 617 1417 666 tamen
1460 628 1589 667 cum
1631 609 1978 688 discrimine,
2010 613 2166 689 quod
2195 633 2430 691 serpens
2473 626 2771 676 externam

358 699 587 750 tantum
628 688 868 747 formam
899 688 1119 764 habuit,
1154 688 1239 747 At
1268 689 1531 748 Christus
1574 691 1876 767 internam,
1909 692 2046 769 quia
2072 713 2246 752 verus
2286 693 2398 754 fuit
2437 696 2612 755 homo
2653 717 2770 756 non

360 789 527 829 secus
555 789 623 828 ac
651 788 775 828 nos.
861 771 917 827 3.
967 769 1215 846 Serpens
1236 789 1349 827 non
1380 789 1454 828 ex
1484 790 1624 829 auro
1653 771 1750 830 vel
1791 781 2032 848 argento
2061 773 2356 833 confectus
2400 785 2504 854 est,
2551 777 2654 836 sed
2696 798 2772 836 ex

361 869 472 910 oere
500 849 693 908 viliori
722 848 974 925 metelle,
1008 869 1208 908 verum
1239 849 1425 908 solido
1454 859 1513 909 et
1539 851 1813 927 perenni:
1860 853 1954 910 Ita
1981 853 2245 912 Christus
2273 853 2382 914 fuit
2411 856 2536 914 sine
2565 857 2772 916 decore

361 940 421 990 et
450 931 571 990 sine
616 931 813 1005 forma,
848 930 963 987 Isa.
1005 929 1111 988 liii.
1156 935 1211 1005 2,
1244 929 1348 989 sed
1394 928 1593 988 firmus
1620 939 1816 990 tamen
1859 940 1949 991 est
1977 940 2036 992 et
2082 933 2475 1011 inconcussus,
2501 957 2674 1014 rupes
2715 946 2775 997 et

360 1020 523 1089 petra
550 1011 789 1068 immota
818 1008 1039 1068 salutis.
1124 1014 1181 1069 4.
1228 1010 1389 1068 Inter
1418 1011 1612 1069 omnia
1655 1011 1891 1070 metalla
1935 1032 2014 1072 aes
2057 1021 2144 1072 est
2185 1014 2436 1074 maxime
2481 1036 2770 1092 sonorum,

360 1091 515 1150 unde
547 1091 781 1166 PauluS,
819 1094 844 1148 1
882 1091 1011 1149 Cor.
1042 1090 1165 1148 xiii.
1202 1093 1253 1165 1,
1299 1090 1483 1162 vivom
1523 1095 1728 1165 χαλκὶς
1777 1096 1908 1168 ἧχόν
1945 1113 2066 1152 sum
2097 1113 2176 1152 ωε
2203 1095 2442 1154 tinniens
2467 1117 2493 1160 ,·
2535 1097 2631 1156 Ita
2671 1117 2778 1176 per

362 1191 442 1230 aes
470 1180 623 1230 recte
651 1178 885 1230 notatur
914 1170 1177 1229 Christus
1205 1172 1533 1246 crucifixae,
1567 1181 1626 1229 et
1653 1172 1985 1248 praedicatio
2015 1173 2202 1232 crucis
2243 1195 2346 1252 per
2373 1195 2548 1252 quam
2597 1197 2775 1237 sonus

362 1251 577 1310 Christi
605 1251 861 1328 percussi
884 1249 994 1309 fuit
1014 1270 1117 1327 per
1132 1259 1311 1309 totam
1330 1260 1557 1327 terram,
1585 1251 1755 1310 Rom.
1780 1273 1839 1310 x.
1865 1255 1957 1312 18.
2016 1256 2071 1312 5.
2105 1254 2356 1332 Serpens
2383 1275 2498 1314 non
2521 1257 2774 1318 humano

363 1351 533 1408 opere
562 1331 840 1388 formatus
870 1329 994 1406 fuit,
1021 1329 1125 1388 sed
1152 1331 1286 1407 igne
1316 1330 1623 1390 conflatus:
1654 1332 1737 1391 sic
1761 1333 2024 1391 Christus
2041 1353 2158 1391 non
2189 1354 2362 1411 opera
2378 1335 2492 1393 viri
2521 1337 2772 1414 genitus,

362 1411 468 1470 sed
496 1411 711 1470 virtute
746 1411 991 1488 Spiritus
1020 1421 1332 1489 conceptus
1366 1419 1473 1487 est,
1504 1421 1563 1470 ει
1590 1411 1650 1470 ἱιι
1681 1413 1816 1488 igne
1845 1413 2142 1472 charitatis
2171 1414 2352 1473 veluti
2395 1425 2672 1476 excoctus
2712 1417 2774 1482 in

366 1492 568 1564 Cruce,
600 1499 667 1549 ut
692 1491 855 1550 fieret
882 1490 1198 1549 remedium
1228 1491 1397 1550 nobis
1426 1492 1696 1551 salutare.
1782 1495 1837 1551 6.
1885 1493 1969 1551 Ut
1995 1512 2148 1551 unus
2187 1513 2422 1571 serpens
2451 1494 2624 1556 datus
2651 1505 2776 1556 erat

364 1570 668 1646 Israelitis,
700 1580 764 1630 ut
784 1569 861 1629 ad
889 1589 1019 1628 eum
1050 1590 1251 1630 omnes
1278 1571 1665 1649 respicerent:
1712 1573 1806 1633 Ita
1831 1591 1984 1632 unus
2007 1573 2270 1632 Christus
2293 1574 2464 1634 datur
2483 1576 2771 1652 omnibuS,

361 1652 421 1709 in
450 1671 521 1710 co
548 1670 665 1710 uno
692 1659 751 1710 et
780 1669 895 1709 non
925 1651 983 1708 in
1014 1650 1127 1710 alio
1156 1671 1447 1730 quoquam
1478 1653 1653 1712 salue.

360 1771 546 1817 Christi
591 1772 840 1818 exaltatio.
966 1731 1181 1790 XVII.
1227 1736 1282 1792 2.
1336 1734 1411 1791 Ut
1449 1733 1638 1792 Moses
1696 1734 1895 1793 extulit
1953 1743 2260 1810 serpentem
2301 1735 2361 1793 in
2401 1737 2636 1812 deserte,
2683 1739 2778 1797 Ita

884 1812 1134 1889 oportuit
1148 1813 1361 1871 Filium
1406 1813 1644 1872 hominis
1672 1813 1939 1873 exaltor-i.
2025 1814 2268 1874 Frustra
2307 1815 2504 1874 Moses
2547 1837 2778 1894 serpen·

360 1897 479 1950 tem
506 1891 681 1950 istum
709 1901 985 1968 parasset,
1016 1893 1131 1951 nisi
1172 1893 1232 1950 in
1280 1893 1476 1970 palum
1497 1893 1593 1952 vel
1620 1894 1898 1972 perticam
1927 1903 2128 1970 postea
2165 1895 2462 1971 erexisset,
2491 1905 2558 1956 ut
2582 1907 2781 1974 posset

362 1970 437 2028 ab
464 1972 729 2030 omnibus
776 1971 1049 2048 conspici.
1137 1972 1236 2031 Sic
1274 1993 1391 2032 non
1436 1973 1756 2034 sufficiebat
1805 1975 2022 2033 Filium
2070 1975 2322 2033 hominis
2360 1985 2558 2036 natum
2579 1977 2776 2054 fuisse,

362 2059 421 2109 et
448 2050 689 2110 formam
720 2052 874 2110 servi
894 2051 1202 2128 accepisse,
1233 2053 1344 2110 nisi
1376 2053 1447 2111 de
1476 2053 1676 2112 infami
1694 2055 1855 2132 ligno
1885 2055 2073 2114 crucis
2102 2055 2564 2132 suspenderetur,
2585 2069 2643 2116 ει
2681 2083 2778 2116 u-

362 2131 501 2210 τείμ
516 2151 617 2190 seu
645 2131 973 2190 maledictio
996 2131 1175 2205 fieret,
1199 2132 1309 2190 hac
1329 2140 1555 2191 tantum
1576 2135 1798 2193 ratione
1820 2134 2088 2194 salutaris
2105 2143 2166 2194 et
2181 2135 2452 2194 vivificus
2472 2137 2640 2196 nobis
2663 2137 2778 2197 fac-

360 2219 457 2268 tus
480 2219 586 2270 est.
619 2210 889 2287 Oportuit
906 2229 1045 2287 ergo
1058 2211 1273 2270 Filium
1284 2211 1533 2270 hominis
1555 2214 1778 2289 extolli,
1797 2234 1913 2273 non
1931 2214 2104 2273 modo
2129 2215 2202 2274 ad
2221 2214 2610 2293 impletionem
2629 2216 2777 2295 figu-

360 2309 552 2349 rarum
581 2298 640 2349 et
668 2290 1027 2349 oraculorum
1056 2299 1333 2367 veterum,
1360 2292 1463 2351 sed
1488 2293 1776 2371 praecipue
1804 2304 2038 2372 propter
2059 2295 2260 2355 salutis
2289 2303 2498 2354 nostrae
2527 2297 2778 2356 necessi·

363 2377 558 2445 tatem,
590 2371 727 2448 quia
748 2370 891 2429 alias
909 2371 1225 2430 remedium
1246 2382 1485 2450 peccato
1513 2383 1714 2434 nostro
1737 2395 1852 2433 non
1873 2375 2060 2452 potuit
2087 2376 2340 2453 reperiri,
2372 2384 2437 2435 ut
2463 2377 2624 2436 nulla
2647 2397 2780 2456 spes

362 2451 677 2511 sanationis
708 2451 1002 2527 Israiilitis,
1032 2453 1143 2511 nisi
1165 2453 1225 2510 in
1248 2454 1529 2532 serpentis
1551 2456 1696 2514 aenei
1719 2456 1892 2515 crecti
1922 2465 2176 2534 aspectu.
2222 2457 2392 2516 Hanc
2409 2465 2604 2517 autem
2633 2457 2778 2532 ὕψω-

363 2557 437 2590 m
457 2551 557 2591 seu
577 2532 987 2592 exaltationem
1012 2533 1223 2592 Christi
1246 2534 1322 2592 ad
1343 2534 1776 2595 crucifixionem
1799 2544 1857 2594 ει
1873 2545 2116 2594 mortem
2134 2537 2260 2614 ejus
2277 2557 2403 2596 esse
2421 2537 2778 2598 referendam

364 2613 658 2689 colligitur
684 2633 759 2672 ex
801 2613 843 2672 J
848 2613 941 2672 oh.
970 2613 1072 2672 xii.
1098 2617 1193 2689 32,
1218 2614 1321 2672 ubi
1344 2616 1608 2675 Christus
1627 2617 1708 2675 ait
1733 2637 1746 2673 :
1793 2619 1828 2648 ‘⁴
1853 2617 1994 2675 Cum
2019 2616 2310 2675 exaltatus
2337 2616 2498 2676 fuero
2521 2638 2552 2676 ε
2583 2619 2777 2695 Terra,

363 2693 583 2751 traham
604 2713 804 2752 omnes
826 2693 900 2751 ad
920 2693 1073 2768 me,'’
1094 2694 1443 2770 significans,
1466 2706 1532 2755 ut
1551 2695 1716 2754 addit
1732 2696 1775 2754 J
1778 2715 2010 2770 oannes,
2039 2699 2074 2728 “
2087 2696 2246 2773 quali
2263 2705 2446 2756 morte
2467 2698 2782 2758 moriturus

364 2775 575 2848 esset,''
600 2774 737 2832 nim.
762 2774 965 2849 crucis,
996 2775 1055 2831 in
1078 2793 1253 2851 quam
1282 2774 1486 2834 extolli
1508 2775 1725 2848 debuit,
1750 2795 1823 2833 ex
1853 2775 2069 2852 linguae
2102 2774 2264 2850 Syrae
2286 2795 2412 2850 usu,
2437 2776 2496 2834 in
2518 2797 2634 2854 qua
2652 2797 2780 2837 ver-

362 2852 501 2912 bum
530 2873 614 2926 ηρτ
644 2853 800 2931 quod
841 2855 1068 2930 proprie
1103 2861 1191 2912 est
1232 2857 1502 2928 attollere,
1540 2854 1786 2912 sumitur
1814 2873 1965 2930 saepe
2009 2853 2068 2910 in
2108 2853 2484 2930 crucifigendi
2527 2857 2778 2932 notione,

364 2933 576 2991 Matth.
620 2951 723 2992 xx.
771 2934 863 3007 19,
910 2933 989 2990 Ει
1029 2933 1297 2990 attollent
1337 2952 1487 3004 eum,
1533 2933 1610 2990 id.
1655 2932 2012 3007 crucifigent,
2056 2939 2123 2990 ut
2169 2931 2230 2988 in
2277 2932 2487 2992 Graeco
2529 2935 2781 2994 habetur

364 3015 689 3091 amezo-⁶253
736 3012 815 3070 Et
840 3012 1008 3068 xxvi.
1039 3015 1093 3085 2,
1128 3011 1315 3068 Filius
1342 3011 1595 3069 hominis
1623 3009 1871 3068 traditur
1897 3019 1962 3070 ιιι
2007 3011 2306 3069 attollatur
2347 3010 2426 3070 id.
2479 3013 2780 3092 crucifiga-

364 3099 474 3167 tur,
515 3097 576 3156 εἰς
623 3097 677 3148 τὶ
727 3096 1070 3170 σταυρωθῖὲιιι.
1155 3088 1445 3148 Chaldaeis
1502 3089 1800 3148 familiaris
1841 3099 1930 3149 est
1983 3090 2086 3148 illa
2139 3090 2414 3166 aceeptiO,
2461 3092 2627 3151 Esth.
2676 3095 2777 3155 vii.

368 3174 463 3247 10,
508 3175 543 3205 “
566 3170 937 3230 Sustulerunt
994 3171 1315 3228 Humanem
1376 3190 1547 3248 super
1586 3170 1868 3246 lignum,'’
1897 3170 1976 3228 id.
2011 3174 2046 3203 “
2110 3173 2240 3230 ibn-c
2297 3173 2777 3250 suspenderunt,”

362 3260 427 3310 ιιι
456 3261 544 3312 est
571 3251 631 3310 in
663 3251 932 3311 HebraeO.
1020 3249 1381 3309 Holocausta
1406 3255 1552 3310 ι-ιὺυ
1584 3270 1686 3309 seu
1719 3249 1928 3322 ὑψᾶστις
1971 3250 2325 3326 dicebantur,
2371 3254 2506 3329 quia
2550 3273 2778 3315 sursum

363 3332 789 3407 attollebantur,
836 3340 895 3390 et
924 3328 1327 3407 significabant
1367 3330 1489 3390 fore
1516 3339 1584 3391 ut
1612 3331 1877 3390 Christus
1903 3351 2007 3409 pro
2034 3331 2288 3408 peccatis
2318 3351 2379 3392 se
2401 3333 2646 3394 offerens
2675 3356 2776 3395 ex-

362 3413 639 3473 altaretur
679 3413 737 3472 in
767 3431 971 3471 cruce:
1013 3430 1143 3487 quae
1170 3418 1325 3470 recte
1352 3413 1601 3490 perticae,
1648 3412 1708 3469 in
1752 3430 1924 3488 quam
1975 3419 2211 3470 evectus
2256 3419 2360 3488 est,
2407 3415 2772 3495 assimilatur,

360 3495 611 3553 maxime
656 3495 704 3552 si
732 3492 793 3550 in
822 3492 1059 3550 formam
1090 3489 1275 3550 crucis
1304 3491 1599 3552 efformata
1626 3491 1752 3569 fuit,
1782 3501 1848 3552 ut
1875 3491 2000 3550 fieri
2027 3491 2228 3551 debuit
2255 3493 2305 3551 si
2328 3496 2608 3572 serpentis
2637 3498 2774 3557 alati

358 3573 671 3650 imaginem
712 3573 932 3630 habuit.

444 3653 695 3712 XVIII.
742 3652 909 3711 Licet
934 3672 1073 3710 vero
1100 3651 1213 3714 ista
1257 3653 1470 3714 erectio
1520 3654 1802 3732 serpentis
1849 3661 2092 3713 mortem
2143 3653 2358 3713 Christi
2385 3655 2446 3712 in
2476 3673 2643 3715 cruce
2671 3656 2772 3716 ad·

360 3732 657 3806 umbrarit,
688 3733 929 3792 ulterius
950 3741 1142 3792 tamen
1169 3735 1494 3812 respexisse
1524 3735 1760 3794 dubium
1786 3753 1912 3793 esse
1941 3753 2058 3792 non
2084 3741 2291 3811 potest,
2323 3735 2374 3792 si
2401 3734 2768 3812 attendimus,

367 3812 511 3871 Ideo
556 3821 807 3872 erectum
849 3812 1027 3872 fuisse
1070 3822 1137 3873 ιιι
1178 3815 1622 3892 conspiceretur,
1681 3835 1796 3873 non
1845 3814 2032 3888 potuit
2081 3823 2273 3873 autem
2329 3814 2600 3892 conspici,
2657 3815 2773 3876 nisi

360 3901 571 3972 praeter
596 3894 939 3952 erectionem
960 3894 1017 3951 in
1049 3914 1217 3954 cruce
1246 3896 1361 3954 alio
1388 3896 1561 3954 etiam
1591 3895 1762 3954 modo
1784 3895 1988 3953 fuisset
2014 3894 2321 3952 exaltatus.
2405 3895 2548 3952 Tres
2576 3903 2766 3954 autem

362 3975 747 4033 exaltationes
786 3974 999 4034 Christi
1040 3985 1283 4051 possunt
1322 3975 1624 4052 distingui,
1670 3995 1814 4052 quas
1851 3975 1946 4033 hic
1990 3973 2388 4050 congerendas
2429 3993 2769 4037 censemus:

364 4055 559 4114 Prima
600 4064 691 4114 est
706 4053 951 4130 poenalis
996 4055 1055 4112 in
1100 4055 1300 4131 Cruce,
1334 4055 1585 4114 secunda
1642 4056 1996 4131 m‘umphalt‘s
2021 4053 2082 4112 in
2133 4053 2311 4127 Coele,
2343 4053 2512 4112 tertia
2538 4057 2770 4130 mystica

360 4136 419 4194 in
450 4135 665 4195 Verbo.
753 4135 865 4194 Per
884 4135 1123 4212 primam
1169 4145 1394 4196 erectus
1423 4135 1597 4195 estin
1642 4155 1864 4194 crucem
1897 4134 1972 4192 ad
2019 4132 2485 4192 satisfaciendum
2524 4135 2769 4210 justitias

362 4216 491 4292 Dei,
523 4225 581 4275 et
608 4215 995 4293 expiationem
1042 4225 1405 4293 peccatorum
1456 4236 1558 4292 per
1604 4215 1870 4274 meritum
1915 4213 2254 4290 sanguinis:
2297 4212 2411 4270 Per
2458 4215 2768 4274 secundam

357 4304 583 4357 erectus
604 4306 692 4356 est
720 4296 780 4354 in
808 4296 1035 4370 coelum,
1087 4297 1161 4354 ad
1210 4295 1662 4355 conservandam
1691 4294 2100 4352 intercessione
2150 4312 2254 4350 sua
2303 4293 2563 4368 salutem,
2595 4313 2766 4371 quam

358 4386 541 4437 morte
571 4396 676 4436 sua
704 4377 872 4435 nobis
900 4377 1206 4452 aequisivit
1230 4399 1243 4434 ε
1292 4376 1404 4433 Ρει·
1428 4375 1657 4433 tertiam
1701 4374 1991 4432 exaltatur
2017 4373 2077 4430 in
2127 4372 2388 4431 Ecclesia
2433 4393 2534 4451 per
2561 4376 2768 4452 praedi-

359 4459 641 4518 cationcm
676 4457 1003 4534 Evangelii,
1034 4455 1106 4514 ad
1136 4453 1535 4533 applicandam
1584 4453 1829 4512 salutem
1878 4453 2094 4527 electis»,
2142 4461 2200 4511 ει
2243 4473 2344 4512 eos
2372 4453 2446 4512 ad
2476 4455 2768 4516 Christum

359 4539 798 4596 convertendos,
916 4537 1004 4593 De
1040 4536 1225 4612 prima
1278 4535 1535 4611 loquitur
1590 4533 1854 4592 Christus
1907 4533 2038 4593 loco
2085 4534 2278 4604 citam,
2337 4534 2477 4595 Joh.
2507 4535 2610 4594 xii.
2667 4539 2766 4595 32.

362 4621 397 4650 ‘⁶
422 4619 565 4676 Cum
624 4617 887 4677 sublatus
941 4614 1101 4674 fuero
1156 4635 1188 4675 ε
1242 4622 1411 4688 terra,
1490 4615 1714 4673 traham
1771 4613 1964 4672 omnia
2017 4614 2092 4672 ad
2146 4614 2296 4688 me,”
2353 4615 2542 4674 nimir.
2599 4615 2772 4696 εὐωδίᾳ

360 4697 619 4755 sacrificii
653 4707 709 4756 et
758 4697 959 4755 mortis
1009 4716 1143 4770 suae,
1192 4705 1250 4755 et
1298 4695 1435 4754 Joh.
1490 4694 1609 4753 viii.
1661 4699 1756 4771 28,
1793 4698 1827 4728 “
1847 4693 2078 4773 quaudo
2107 4695 2501 4778 exaltaveritis
2554 4697 2768 4754 Filium
