3234 5192
512 325 626 382 716
1326 341 1406 381 na
1435 341 1688 384 curcum
1719 340 2068 383 rona-mmo.
2457 322 2718 397 [maru-r.
2749 332 2922 380 xxiv.

506 500 809 560 processus
838 490 927 542 est
953 482 1213 542 infinitus
1240 502 1276 541 a
1307 482 1603 561 Scriptura
1623 482 1700 542 ad
1729 482 2048 542 Ecclesiam
2077 490 2138 541 ot
2163 479 2419 540 vicissim
2447 479 2523 540 ab
2551 480 2818 541 Ecclesia
2839 480 2918 540 ad

510 562 883 639 scripturam,
914 582 1023 621 uec
1050 563 1111 621 in
1138 570 1433 639 aeternum,
1464 563 1744 641 quicquid
1769 564 2096 637 moliantur,
2122 581 2250 621 sese
2277 581 2352 621 ex
2379 562 2490 619 hoe
2519 560 2917 637 inexplicabili

507 641 841 719 labyrintho
870 652 931 703 et
956 643 1343 702 inextricabili
1370 644 1577 721 laqueo
1605 663 1723 720 quo
1745 643 1950 702 irretiti
1977 649 2246 702 tenentur
2271 640 2544 718 expedire
2573 648 2862 717 poterunt.

589 721 774 781 VIII.
818 722 1112 783 Conantur
1146 730 1341 782 tamen
1369 720 1545 781 variis
1570 722 1762 781 modis
1789 722 1980 798 elabi;
2030 730 2209 801 utque
2237 722 2466 780 facilius
2494 740 2732 797 scopum
2759 720 2918 780 hunc

510 808 907 879 assequantur,
942 802 1173 862 diversa
1212 802 1650 862 distinctionum
1696 803 1941 861 latibula
1968 810 2248 881 quaerunt,
2279 802 2340 860 in
2367 821 2498 879 quae
2527 807 2592 859 ut
2617 800 2760 877 ipsis
2789 801 2916 878 qui-

511 880 643 940 dem
671 881 904 940 videtur
929 889 1057 941 tuto
1086 902 1148 941 se
1198 883 1451 961 recipere
1496 881 1740 961 possint.
1809 881 1927 941 Sed
1977 881 2026 941 si
2073 882 2256 940 facem
2287 880 2550 941 veritatis
2577 880 2752 957 paulo
2779 901 2912 958 pro-

507 961 637 1039 pius
665 961 1045 1037 intulerimus,
1075 961 1297 1021 falsitas
1338 982 1535 1022 earum
1582 971 1642 1022 et
1689 959 1888 1023 οὐδέκω
1917 962 2110 1023 statim
2137 961 2376 1040 patebit.
2439 959 2608 1021 Varii
2633 960 2793 1019 varie
2819 980 2912 1020 re-

397 1108 417 1123 „
509 1041 832 1119 spondent3
874 1060 981 1100 nos
1001 1042 1319 1119 praecipuas
1340 1051 1563 1102 tantum
1585 1043 1988 1121 responsiones
2005 1042 2357 1120 attingemus
2386 1048 2447 1100 et
2475 1060 2606 1119 quae
2633 1041 2913 1118 majorem

507 1120 725 1180 habent
751 1122 876 1179 veri
904 1122 1169 1199 speciem,
1214 1122 1438 1181 caeteris
1464 1123 1659 1182 missis
1687 1144 1816 1202 quae
1844 1122 1938 1181 vel
1968 1122 2044 1181 ad
2070 1121 2373 1182 rhombum
2401 1140 2518 1179 non
2547 1120 2781 1197 faciunt,
2813 1122 2915 1179 vel

508 1220 612 1277 per
640 1220 701 1259 se
729 1202 891 1260 nullo
918 1203 1153 1279 negotio
1180 1201 1365 1261 refelli
1392 1214 1654 1280 possunt.
1741 1204 1970 1261 Primus
2017 1201 2112 1261 hic
2139 1202 2201 1260 in
2229 1202 2409 1261 aciem
2439 1200 2632 1278 prodit
2661 1200 2909 1279 Gregor.

512 1281 584 1339 de
613 1280 902 1357 Valentia,
934 1282 1039 1340 To.
1068 1282 1150 1340 iii.
1180 1280 1328 1359 disp.
1357 1287 1407 1357 1,
1433 1304 1489 1360 q.
1524 1288 1575 1359 1,
1605 1292 1803 1361 punct.
1838 1287 1888 1358 1,
1922 1283 1958 1358 ξ
1993 1285 2084 1349 10,
2130 1282 2498 1357 distinguens
2551 1285 2626 1339 1⁰.
2663 1280 2916 1340 Causam

499 1360 875 1437 principalem
904 1370 1139 1439 propter
1164 1382 1337 1439 quam
1367 1363 1672 1440 credimus,
1703 1373 1760 1423 ct
1809 1363 2173 1423 conditionem.
2213 1362 2540 1438 requisitam
2571 1360 2646 1419 ad
2673 1361 2912 1419 creden·

510 1440 667 1499 dum.
700 1441 978 1500 Ecclesiae
1000 1442 1467 1502 infallibilitatem
1495 1442 1638 1502 dicit
1685 1444 1839 1504 credi
1867 1442 1944 1501 ob
1971 1442 2155 1501 Verbi
2183 1441 2605 1515 authoritatem,
2637 1450 2914 1517 tanquam

508 1520 584 1577 ob
607 1540 838 1579 causam
859 1521 1234 1599 principalem
1254 1530 1489 1601 propter
1504 1544 1676 1600 quam
1700 1523 2012 1598 credimus3
2039 1522 2302 1581 AtVerbi
2327 1520 2730 1579 authoritatem
2755 1521 2914 1579 credi

509 1600 585 1657 ob
618 1600 893 1659 Ecclesia}
936 1602 1327 1660 testimonium
1370 1622 1487 1661 non
1528 1612 1802 1681 tanquam
1845 1603 1920 1661 ob
1957 1622 2188 1660 causam
2218 1600 2490 1659 credendi
2521 1600 2912 1677 principalem,

510 1677 615 1736 sed
642 1687 917 1756 tanquam
944 1680 1019 1738 ob
1048 1681 1437 1740 conditionem
1463 1683 1798 1758 requisitam
1821 1682 1896 1740 ad
1916 1681 2099 1740 Verbi
2121 1681 2523 1740 authoritatem
2548 1680 2911 1757 credendam,

508 1756 757 1833 ideoque
785 1778 1153 1835 progressum
1181 1760 1277 1819 hic
1302 1761 1427 1819 fieri
1454 1761 1688 1839 quidem
1728 1760 1803 1819 ad
1832 1761 2001 1836 idem,
2034 1760 2138 1820 sed
2164 1780 2266 1837 per
2293 1759 2582 1818 diversam
2611 1759 2785 1818 viam.
2829 1765 2913 1819 2⁹.

510 1837 838 1915 Distinguit
863 1858 1091 1896 causam
1107 1841 1254 1919 fidei
1274 1844 1576 1899 secundum
1601 1862 1662 1899 se
1687 1840 1747 1899 in
1777 1861 1892 1919 qua
1917 1849 2192 1917 tanquam
2220 1839 2280 1898 in
2308 1839 2612 1917 principali
2639 1838 2916 1898 credendi

506 1916 729 1977 ratione
756 1918 1070 1995 acquiescit
1098 1918 1241 1978 fides
1274 1928 1486 1996 nostra,
1516 1940 1552 1979 a
1573 1940 1748 1980 causa
1763 1921 2156 1997 acceptationis
2183 1922 2330 2000 fidei
2371 1939 2502 1997 qnae
2529 1920 2778 1997 primum
2805 1939 2915 1979 nos

507 1996 756 2075 impellit
802 2006 863 2057 et
909 2008 1107 2058 movet
1152 2007 1219 2059 ut
1266 2001 1605 2078 incipiamus
1644 2002 1914 2078 credere3
1959 2002 2009 2059 si
2037 2000 2110 2060 de
2139 2020 2314 2059 causa
2337 2000 2474 2058 fidei
2505 1998 2820 2059 secundum
2849 2020 2916 2059 se

508 2087 816 2155 quaeratur,
841 2078 1160 2139 sistendum
1186 2100 1314 2140 esse
1344 2082 1586 2159 gradum
1613 2080 1676 2139 in
1703 2082 2055 2142 revelatione
2083 2081 2282 2140 divina
2309 2090 2582 2158 tanquam
2618 2079 2678 2137 in
2706 2079 2915 2138 ultimo

508 2159 879 2219 resolutionis
905 2169 1213 2237 momento,
1244 2162 1381 2239 quia
1400 2162 1679 2222 revelatio
1717 2162 1917 2221 divina
1961 2162 2036 2222 sit
2077 2161 2252 2221 unica
2277 2161 2422 2221 ratio
2449 2160 2586 2219 fidei
2611 2168 2825 2219 nostrae
2851 2160 2918 2217 in

509 2259 624 2316 qua
652 2240 891 2317 proinde
920 2242 1399 2319 acquiescendum
1424 2266 1439 2300 ε
1480 2250 1541 2300 at
1570 2242 1848 2301 Ecclesiae
1875 2242 2265 2301 testimonium
2297 2260 2424 2300 esse
2451 2258 2682 2299 causam
2711 2260 2914 2316 accep-

508 2318 745 2376 tationis
772 2318 925 2392 fidei,
957 2320 1109 2395 quia,
1134 2328 1200 2377 ut
1228 2320 1312 2376 illi
1339 2320 1670 2395 loquuntur,
1695 2329 1785 2379 est
1811 2322 1996 2397 prima
2015 2322 2199 2397 janua
2223 2340 2340 2397 qua
2366 2320 2442 2379 ad
2467 2320 2648 2379 libros
2665 2319 2914 2377 Canoni-

508 2416 608 2454 cos
637 2396 953 2454 credendos
981 2396 1112 2469 itur,
1145 2416 1247 2455 seu
1274 2398 1553 2455 motivum
1582 2418 1700 2473 quo
1728 2398 1948 2457 inducti
1979 2399 2246 2457 volumus
2273 2398 2535 2473 credere;
2578 2418 2710 2475 quoe
2737 2399 2918 2458 etiam

508 2475 805 2551 responsio
834 2482 923 2532 est
951 2474 1168 2533 Becani
1194 2476 1255 2532 in
1284 2476 1561 2551 opusculo
1590 2494 1696 2534 suo
1725 2476 1797 2534 de
1828 2478 2057 2534 Cir-culo
2087 2476 2480 2535 CalvinisticO.

592 2554 711 2612 IX.
758 2553 877 2612 Sed
903 2564 1143 2631 uterque
1169 2554 1268 2612 vel
1294 2554 1488 2613 fucum
1509 2553 1649 2614 facit
1669 2563 1730 2614 et
1749 2554 1899 2613 ludit
1927 2555 1988 2612 in
2015 2555 2293 2630 terminis,
2324 2555 2420 2613 vel
2450 2562 2647 2631 aperte
2673 2574 2916 2616 causam

508 2633 739 2693 deserit.
828 2636 879 2692 l.
928 2633 991 2692 Si
1020 2634 1299 2694 Ecclesiae
1342 2634 1736 2694 testimonium
1785 2655 1902 2694 non
1929 2642 2020 2694 est
2055 2654 2230 2694 causa
2255 2634 2586 2712 principalis
2614 2634 2913 2711 credendi,

394 2712 405 2722 ⁰
509 2714 580 2772 E.
611 2722 843 2793 propter
879 2714 1027 2773 illud
1052 2735 1170 2773 non
1208 2716 1460 2775 creditur
1486 2715 1668 2775 Verbi
1710 2716 2044 2791 authoritas,
2077 2716 2146 2774 E.
2175 2713 2321 2774 fides
2373 2715 2434 2773 in
2461 2712 2608 2772 illud
2650 2713 2917 2773 testimo-

506 2794 667 2854 nium
722 2793 938 2854 resolvi
990 2814 1111 2853 non
1155 2796 1404 2874 poterit;
1450 2795 1535 2856 At
1579 2796 1706 2855 haec
1766 2796 2054 2874 ipsissima
2099 2804 2294 2856 tamen
2339 2805 2428 2854 est
2476 2794 2915 2855 Pontificiorum

509 2875 797 2952 doctrina;
830 2876 1104 2935 Bellarm.
1128 2876 1168 2935 1.
1188 2876 1271 2935 iii.
1290 2876 1363 2936 de
1384 2876 1563 2936 verbo
1588 2878 1718 2953 Dei,
1749 2898 1798 2936 c.
1827 2878 1918 2952 10,
1943 2896 2092 2955 resp.
2116 2874 2188 2935 ad
2209 2896 2334 2953 arg.
2359 2878 2450 2951 13,
2484 2878 2520 2908 “
2539 2875 2672 2934 Non
2700 2874 2918 2934 scimus

509 2966 667 3016 certo
694 2956 835 3033 quid
867 2956 1027 3015 Deus
1055 2957 1399 3016 revelaverit
1424 2957 1536 3016 nisi
1564 2978 1641 3016 ex
1683 2957 2015 3017 testimonio
2045 2957 2322 3016 Ecclesiae
2346 2957 2401 3032 ;'’
2431 2956 2586 3015 unde
2613 2954 2916 3015 manifeste

509 3037 771 3114 sequitur
796 3037 1207 3095 revelationem
1236 3036 1491 3095 divinam
1522 3056 1638 3095 non
1668 3038 1824 3097 credi
1851 3046 2086 3115 propter
2113 3036 2377 3115 seipsam,
2409 3035 2511 3095 sed
2539 3043 2772 3113 propter
2803 3036 2913 3093 Ec·

509 3117 702 3175 clesiae
732 3116 1140 3174 testimonium.
1228 3116 1325 3175 Sic
1368 3118 1469 3176 lib.
1500 3117 1578 3176 vi.
1608 3117 1682 3176 de
1720 3118 1822 3176 lib.
1858 3118 1979 3177 arb.
2011 3138 2060 3176 c.
2091 3121 2146 3192 3,
2201 3120 2238 3151 “
2260 3116 2517 3175 Credunt
2544 3115 2825 3175 Catholici
2851 3114 2917 3175 id

510 3195 666 3273 quod
694 3194 935 3253 credunt
963 3195 1100 3270 quia
1130 3195 1289 3253 Deus
1336 3197 1637 3271 revelavit,
1671 3198 1859 3257 Deum
1898 3206 2090 3257 autem
2140 3196 2428 3256 revelasse
2483 3196 2740 3269 credunt,
2771 3214 2912 3272 quo·

507 3274 664 3330 niam
694 3273 1014 3331 Ecclesiam
1042 3274 1126 3331 ita
1154 3274 1439 3333 dicentem
1468 3276 1564 3334 vel
1608 3276 1996 3335 declarantem
2038 3277 2282 3336 audiunt
2299 3280 2349 3351 ;”
2398 3283 2460 3335 at
2493 3276 2604 3334 hoc
2635 3276 2683 3334 si
2711 3294 2915 3334 verum

508 3360 614 3426 est,
647 3351 911 3409 Ecclesia
938 3351 1047 3409 erit
1074 3354 1299 3429 proprie
1340 3352 1498 3413 dicta
1538 3374 1716 3414 causa
1759 3355 2048 3431 credendi,
2079 3375 2196 3415 non
2245 3356 2499 3415 conditio
2527 3363 2768 3415 tantum.
2851 3359 2912 3415 2.

514 3431 773 3491 Conditio
820 3430 897 3489 ad
944 3431 1292 3490 credendum
1340 3434 1618 3509 requisita
1665 3434 1927 3493 bifariam
1971 3436 2220 3513 intelligi
2263 3444 2471 3513 potest,
2504 3435 2620 3494 Vel
2659 3443 2725 3495 ut
2751 3442 2915 3493 notet

506 3512 926 3571 instrumentum
952 3520 1177 3571 tantum
1205 3520 1265 3570 et
1304 3512 1686 3573 ministerium
1729 3534 1832 3591 per
1873 3514 2030 3592 quod
2077 3515 2388 3592 Scriptura
2415 3515 2582 3574 nobis
2609 3515 2916 3575 traduntur

511 3601 571 3652 et
597 3593 974 3670 explicantur,
1006 3591 1120 3651 Vel
1150 3600 1215 3650 ut
1262 3592 1549 3669 significet
1571 3596 2010 3668 fundamentum
2037 3594 2274 3671 aliquod
2301 3595 2460 3671 quod
2487 3603 2826 3671 argumenta
2851 3603 2914 3654 et

510 3674 730 3732 motiva
758 3672 1101 3751 suppeditet.
1166 3672 1349 3731 Priori
1372 3692 1544 3732 sensu
1567 3674 1617 3732 si
1640 3674 2025 3734 Valentianus
2045 3676 2409 3734 conditionem
2428 3674 2719 3752 intelligit,
2743 3674 2913 3733 facile

510 3754 715 3813 damus
743 3753 931 3830 rumpi
959 3752 1253 3827 circulum,
1286 3752 1390 3811 sed
1417 3754 1589 3813 simul
1616 3754 1792 3813 etiam
1819 3754 2179 3833 abrumpitur
2205 3773 2520 3813 consensus
2549 3774 2682 3814 cum
2711 3754 2910 3812 Ponti-

510 3834 675 3909 ficiis‚
706 3834 806 3911 qui
836 3833 1156 3892 Ecclesiam
1200 3852 1317 3890 non
1362 3842 1584 3893 tantum
1635 3836 1986 3895 instrumenti
2029 3835 2218 3895 locum
2247 3834 2508 3893 obtinere
2535 3834 2909 3907 contendunt,

510 3914 669 3991 quod
696 3923 755 3972 et
780 3933 887 3972 nos
932 3911 1099 3971 facile
1142 3912 1436 3989 largimur,
1470 3912 1571 3972 sed
1618 3922 1679 3973 et
1709 3916 2092 3989 fundamenti.
2181 3915 2242 3973 Si
2271 3914 2591 3991 posteriori,
2624 3913 2914 3992 quomodo

510 3993 833 4053 necessario
862 3992 1184 4070 intelligere
1234 3991 1407 4051 debet
1454 3994 1505 4051 si
1554 3994 1854 4053 sententiae
1901 3995 2057 4072 apud
2095 4014 2230 4054 suos
2257 4004 2502 4071 receptae
2529 4002 2916 4053 consentanea

511 4075 783 4153 loquitur,
806 4074 929 4151 jam
964 4072 1271 4150 Scripturas
1300 4092 1415 4132 non
1460 4074 1714 4133 creditur
1760 4084 1994 4151 propter
2021 4075 2284 4151 seipsam,
2318 4075 2419 4133 sed
2449 4082 2680 4152 propter
2709 4074 2911 4131 Eccle-

511 4156 683 4229 siam;
714 4154 871 4233 quod
896 4153 1131 4211 nolebat
1158 4152 1339 4227 fateri,
1371 4161 1430 4212 et
1456 4162 1652 4213 manet
1679 4172 1904 4231 semper
1929 4154 2196 4213 circulus,
2241 4158 2296 4214 3.
2319 4155 2666 4213 Frustranea
2687 4162 2776 4213 est
2797 4152 2914 4211 dis-

512 4234 714 4293 tinctio
742 4254 931 4293 causae
942 4234 1091 4313 fidei
1112 4236 1411 4292 secundum
1436 4254 1495 4292 se
1522 4242 1581 4291 et
1608 4252 1797 4292 causae
1841 4235 2234 4311 acceptationis
2243 4235 2407 4313 fidei,
2437 4254 2569 4292 nam
2599 4234 2755 4311 quod
2784 4233 2912 4292 fun-

512 4312 611 4371 dat
638 4314 811 4373 fidem
841 4313 1155 4373 secundum
1184 4334 1263 4389 se,
1294 4313 1446 4372 idem
1478 4313 1650 4373 etiam
1679 4322 1874 4391 aptum
1905 4323 2103 4373 natum
2133 4322 2222 4373 est
2249 4334 2322 4374 ex
2353 4334 2416 4373 se
2443 4314 2682 4374 fundare
2710 4332 2911 4390 accep-

510 4392 785 4449 tationem
814 4394 967 4468 fidei,
1018 4394 1155 4471 quia
1202 4394 1363 4451 nulla
1411 4394 1533 4453 dari
1560 4402 1755 4471 potest
1803 4394 1946 4454 fides
1995 4396 2055 4453 in
2095 4394 2358 4473 subjecto
2387 4414 2518 4473 quae
2545 4414 2614 4454 eo
2641 4392 2769 4471 ipso
2797 4412 2912 4454 non

510 4478 839 4545 acceptetur
866 4472 939 4529 ab
969 4493 1037 4531 eo
1063 4495 1077 4549 3
1125 4474 1329 4550 Itaque
1358 4474 1407 4533 si
1451 4474 1731 4533 revelatio
1779 4474 1981 4534 divina
2023 4481 2112 4535 est
2139 4494 2314 4533 causa
2341 4475 2476 4533 fidei
2503 4472 2820 4533 secundum
2849 4492 2912 4531 se

508 4548 683 4607 debet
710 4550 883 4606 etiam
912 4570 1039 4609 esse
1067 4572 1241 4612 causa
1267 4554 1696 4631 acceptationis.
1759 4557 1818 4614 4.
1868 4556 2048 4615 Meroe
2091 4555 2186 4613 hic
2227 4562 2362 4613 sunt
2389 4554 2664 4631 ambages
2692 4561 2752 4613 et
2777 4570 2910 4630 cap·

508 4628 695 4689 tiones
724 4630 1059 4706 verborum3
1089 4632 1289 4692 dicunt
1314 4634 1624 4711 Scripturas
1645 4635 2052 4696 authoritatem
2073 4635 2232 4695 credi
2253 4634 2462 4695 debere
2489 4642 2724 4713 propter
2751 4652 2912 4692 reve-
