3234 5192
500 323 619 381 424
1040 338 1119 380 ns
1150 335 1644 378 SATISFAcnoms
1671 333 1916 375 cumen
1945 333 2364 376 xsosssrrus.
2507 320 2768 394 [msru‘r.
2797 335 2910 378 ιιι.

505 481 633 558 ipso
672 479 947 554 debitore,
976 480 1075 540 vel
1102 500 1137 538 a
1164 499 1439 557 sponsore
1468 477 1781 556 praestitam
1811 475 2036 538 dicatur
2061 475 2321 536 debiturn
2355 474 2664 538 remittere.
2694 478 2916 538 Verum

506 570 572 620 ut
598 562 694 620 hic
722 561 1010 620 eximatur
1046 560 1365 638 serupulus,
1398 559 1708 618 discrimen
1735 557 2160 617 observandum
2188 565 2278 616 est
2311 557 2460 618 inter
2487 559 2726 618 debitum
2744 578 2918 634 pecta·

509 641 735 700 uiarum
764 650 822 700 et
850 641 1140 700 criminale
1168 648 1225 700 et
1263 640 1550 716 utriusque
1570 638 1965 698 remissionem.
2029 637 2103 696 In
2145 637 2248 696 illo
2295 657 2414 696 non
2451 647 2646 716 potest
2673 637 2799 698 dari
2825 658 2917 698 re-

510 721 709 780 missio
736 722 838 781 ubi
882 721 1094 780 solutio
1122 719 1443 794 intercedit,
1474 719 1857 795 undecunque
1901 717 2192 794 adveniat,
2216 717 2354 795 quia
2380 725 2470 778 est
2505 718 2718 778 solutio
2758 718 2921 778 illius

512 801 773 878 ejusdem
800 801 887 859 rei
915 820 1044 877 quse
1072 800 1335 860 debetur.
1399 801 1485 858 At
1510 799 1571 857 in
1600 797 1996 858 criminalibus
2023 817 2192 858 secus
2219 817 2280 857 se
2301 818 2396 856 res
2411 797 2608 874 habet,
2629 818 2763 857 nam
2784 818 2922 858 reus

512 901 739 960 poenam
762 881 1052 959 propriam
1081 879 1281 938 debuit
1307 879 1443 956 legi,
1469 878 1594 937 Vas
1622 898 1763 938 vero
1803 877 1906 937 dat
1937 886 2162 936 tantum
2196 877 2491 954 vicariam,
2523 877 2678 938 unde
2719 885 2784 938 ut
2825 899 2923 938 ac-

512 970 774 1039 ceptetur
800 962 924 1020 haec
954 960 1163 1019 solutio
1192 959 1251 1018 in
1289 959 1535 1036 gratiam
1562 958 1646 1018 rei
1674 977 1819 1036 opus
1846 967 1936 1018 est
1955 957 2172 1036 judicis
2211 958 2548 1018 remissione
2571 981 2587 1035 ς
2630 958 2921 1035 nimirum,

514 1050 581 1100 ut
607 1051 762 1100 recte
790 1048 1063 1099 notarunt
1098 1039 1516 1117 jurisconsulti,
1546 1039 1746 1097 solutio
1773 1038 1994 1116 duplex
2039 1037 2166 1096 dari
2207 1045 2416 1116 potest,
2463 1039 2580 1097 alia
2627 1059 2753 1118 quo
2799 1039 2924 1116 ἱροῦ

498 1125 664 1196 sacto
686 1122 901 1192 liberat,
932 1120 1045 1178 alia
1072 1141 1184 1179 non
1212 1120 1331 1196 ipso
1342 1122 1536 1194 facto:
1565 1118 1692 1197 ipso
1709 1118 1860 1178 facto
1889 1118 2098 1177 liberat
2116 1117 2328 1178 solutio
2357 1117 2440 1178 rei
2459 1119 2632 1196 plane
2661 1119 2924 1197 ejusdem

516 1221 646 1279 quae
674 1201 784 1260 fuit
810 1201 872 1260 in
901 1200 1291 1278 obligatione;
1323 1199 1425 1258 ubi
1452 1219 1591 1276 ergo
1619 1198 1776 1257 idem
1805 1198 2037 1256 omnino
2059 1197 2322 1275 solvitur,
2345 1205 2449 1258 aut
2462 1218 2501 1258 a
2514 1198 2776 1259 debitore
2797 1200 2926 1276 ipso

517 1292 619 1340 aut
640 1282 714 1340 ab
743 1281 857 1340 alio
886 1281 1012 1359 ejus
1040 1280 1289 1354 nomine,
1320 1279 1481 1338 nulla
1508 1277 1794 1356 contingit
1819 1277 2098 1352 remissiO,
2130 1278 2277 1336 nihil
2303 1279 2456 1337 enim
2485 1278 2638 1338 circa
2663 1279 2926 1340 debitum

516 1363 641 1439 agit
668 1361 918 1421 creditor
944 1370 1045 1420 aut
1072 1368 1274 1436 rector,
1306 1358 1459 1420 unde
1488 1358 1537 1418 si
1566 1357 1698 1436 quis
1740 1377 1970 1436 poenam
2007 1357 2307 1435 pertulerit
2349 1377 2524 1435 quam
2551 1359 2742 1436 debet,
2780 1359 2931 1418 libe-

518 1443 666 1501 ratio
694 1443 819 1516 erit,
851 1441 1113 1500 remissio
1141 1460 1259 1499 non
1286 1440 1430 1499 erit:
1474 1437 1560 1498 At
1587 1438 1702 1498 alia
1729 1437 1952 1515 quaevis
1979 1436 2190 1498 solutio
2211 1438 2338 1516 ipso
2366 1439 2519 1498 facto
2557 1459 2676 1498 nou
2715 1439 2930 1498 liberat

519 1531 621 1580 aut
647 1522 1059 1599 obligationem
1100 1519 1345 1598 perimit,
1376 1528 1516 1598 puta
1544 1519 1594 1578 si
1623 1518 1782 1578 aliud
1849 1537 1982 1578 uam
2011 1517 2168 1595 quod
2205 1517 2266 1576 in
2291 1518 2646 1596 obligatione
2673 1527 2764 1580 est
2810 1519 2928 1580 sol·

521 1611 707 1675 vatur,
738 1600 778 1660 1.
809 1601 846 1659 i.
887 1620 1084 1678 parag.
1114 1604 1171 1676 2,
1205 1599 1279 1658 D.
1310 1599 1381 1658 de
1410 1599 1530 1658 reb.
1559 1598 1714 1657 cred.
1745 1618 1808 1657 se
1871 1617 2104 1658 neeesse
2127 1605 2216 1658 est
2251 1607 2442 1660 actum
2471 1598 2720 1676 aliquem
2747 1599 2927 1658 inter-

522 1680 725 1739 cedere
754 1681 1053 1740 creditoris
1082 1688 1182 1738 ant
1218 1679 1472 1753 rectoris,
1518 1679 1619 1756 qui
1663 1687 1826 1738 actus
1873 1687 2029 1738 recte
2057 1686 2116 1738 et
2151 1679 2362 1738 usitate
2405 1679 2652 1738 remisoeb
2689 1677 2924 1754 dicitur,

523 1760 657 1818 talis
700 1768 893 1819 autem
942 1759 1153 1818 solutio
1190 1778 1320 1835 quae
1368 1765 1468 1817 aut
1496 1757 1725 1817 admitti
1765 1767 1866 1818 aut
1892 1759 2144 1818 recusari
2189 1767 2399 1838 potest,
2431 1779 2564 1818 cum
2603 1757 2930 1818 admittitur

524 1839 773 1916 speciale
801 1859 1009 1897 nomen
1037 1839 1212 1897 habet
1238 1839 1632 1912 satisfactionis
1657 1857 1787 1914 quse
1814 1837 2102 1898 interdum
2121 1838 2396 1900 solutioni
2413 1839 2666 1900 strictius
2683 1845 2930 1916 sumpta

525 1919 848 1996 opponitur,
882 1918 951 1976 L.
998 1917 1273 1978 satisfact.
1306 1917 1379 1976 D.
1405 1917 1476 1976 de
1506 1917 1678 1978 solut.
1763 1916 1960 1994 Atque
1989 1919 2124 1977 hinc
2166 1938 2306 1979 vera
2347 1919 2598 1996 petenda
2645 1927 2734 1978 est
2779 1918 2931 1978 ratio

524 2005 757 2076 propter
784 2018 957 2076 quam
984 2018 1171 2076 poenae
1199 1997 1511 2075 corporalis
1539 1997 1807 2074 vicarius,
1850 2006 1917 2057 ut
1943 1997 2006 2056 in
2052 1998 2248 2058 debito
2277 1998 2608 2078 pecuniario
2650 1997 2932 2058 solvendo

524 2099 771 2156 poenam,
804 2079 930 2157 ipso
960 2077 1111 2138 facto
1139 2097 1301 2138 reum
1327 2078 1572 2137 liberare
1600 2086 1868 2156 nequeat,
1898 2077 2009 2137 hoc
2027 2079 2179 2138 enim
2209 2078 2419 2139 accidit
2445 2079 2632 2174 primo
2659 2088 2720 2140 et
2744 2099 2848 2156 per
2867 2098 2932 2138 se

526 2179 643 2218 non
672 2159 807 2236 quia
834 2161 980 2218 alius
1008 2159 1200 2234 solvit,
1232 2158 1335 2218 sed
1362 2157 1499 2236 quia
1526 2161 1691 2217 aliud
1728 2158 1906 2219 solvit
1931 2177 2105 2236 quam
2132 2157 2289 2236 quod
2337 2167 2426 2218 est
2453 2178 2513 2218 m
2555 2158 2928 2236 obligatione,

526 2259 661 2298 nam
707 2240 883 2318 Legis
913 2239 1192 2316 obligatio
1236 2238 1425 2316 ipsum
1475 2239 1906 2316 delinquentem
1943 2257 2130 2315 poenae
2177 2237 2538 2316 subjiciebat,
2582 2238 2737 2299 unde
2784 2237 2932 2298 illud

528 2340 687 2378 noxa
714 2329 885 2395 caput
910 2321 1175 2394 sequitur,
1206 2317 1336 2376 ideo
1358 2325 1423 2377 ut
1450 2338 1525 2378 ex
1546 2338 1720 2395 poena
1745 2317 1917 2377 unius
1944 2317 2112 2377 alteri
2137 2317 2402 2378 liberatio
2424 2320 2740 2396 contingat,
2771 2327 2936 2378 actus

526 2398 762 2474 quidam
794 2399 1059 2456 Rectoris
1095 2398 1269 2457 debet
1289 2397 1642 2456 intercedere
1671 2397 1770 2474 qui
1797 2416 1946 2474 resp.
1973 2397 2148 2475 Legis
2169 2400 2452 2458 relaxatio
2481 2399 2691 2458 dicitur
2711 2407 2770 2458 et
2789 2399 2932 2457 imd-

526 2501 653 2552 κιιιι,
685 2497 833 2555 resp.
865 2477 1142 2535 debitoris
1180 2474 1447 2550 remissie,
1478 2477 1615 2554 quia
1663 2477 1974 2536 remittitur
2019 2497 2192 2554 poena
2237 2477 2470 2556 propria
2516 2487 2576 2538 et
2603 2487 2934 2556 acceptatur

527 2557 762 2616 vicaria.
822 2557 1027 2634 Itaque
1048 2557 1185 2616 licet
1212 2555 1357 2616 forte
1384 2556 1447 2614 in
1474 2555 1670 2616 debito
1699 2556 2046 2634 pecuniariO,
2069 2557 2206 2634 quia
2231 2578 2268 2616 a
2289 2577 2562 2636 sponsore
2589 2558 2934 2618 solutionem

527 2637 755 2716 accipit,
785 2657 903 2696 non
930 2645 1127 2715 posset
1154 2637 1270 2698 diei
1295 2636 1583 2698 remisisse
1612 2636 1877 2712 debitori,
1908 2646 1968 2697 at
1989 2638 2050 2696 in
2076 2637 2469 2700 criminalibus
2497 2639 2598 2700 ubi
2633 2638 2820 2716 judex
2847 2647 2938 2732 est
3047 2686 3066 2696 -

528 2717 845 2794 absolutuS,
878 2737 983 2776 nec
1012 2725 1240 2777 tenetur
1283 2716 1521 2777 alterius
1548 2737 1726 2794 quam
1764 2717 1945 2796 ipsius
1987 2717 2072 2776 rei
2119 2717 2461 2778 solutionem
2510 2718 2830 2794 admittere,
2883 2738 2935 2777 si

530 2799 672 2858 velit
701 2819 737 2856 a
764 2818 1037 2878 sponsore
1064 2817 1265 2876 poenas
1294 2797 1528 2875 exigere
1554 2808 1623 2858 ut
1649 2798 1732 2858 ita
1749 2797 1994 2876 justitiae
2021 2797 2281 2872 satisfiat,
2313 2797 2538 2858 dicetur
2575 2799 2675 2858 ille
2703 2797 2937 2876 quidem

530 2879 789 2938 debitum
818 2879 1103 2956 exegisse,
1136 2878 1239 2938 sed
1266 2886 1461 2938 tamen
1485 2897 1748 2956 personae
1775 2877 2039 2938 debitrici
2078 2877 2419 2956 pepercisse,
2449 2887 2736 2960 quatenus
2761 2879 2934 2938 aliam

529 2960 591 3020 in
620 2961 749 3038 ejus
776 2961 967 3019 locum
998 2958 1300 3036 subrogari
1328 2978 1401 3017 ex
1429 2979 1590 3020 mera
1614 2957 2010 3018 misericordia
2033 2977 2241 3036 passus
2269 2967 2374 3020 est.

612 3041 935 3099 XXVIII.
980 3038 1179 3116 Atque
1208 3039 1343 3098 hinc
1370 3038 1539 3098 facile
1566 3039 1813 3098 solvitur
1854 3058 1919 3097 so
1959 3038 2148 3096 hisma
2185 3037 2333 3097 illud
2366 3037 2524 3116 quod
2571 3037 2816 3099 subinde
2844 3058 2932 3098 re—

532 3121 696 3198 ponit
723 3121 1044 3196 hoereticus,
1078 3119 1200 3180 Ubi
1226 3118 1447 3178 nullum
1480 3128 1568 3178 est
1596 3118 1856 3179 debitum
1903 3059 1986 3178 ἰὶἰ
2021 3137 2129 3176 nec
2156 3117 2417 3178 remissio
2447 3118 2574 3178 dari
2625 3127 2832 3198 potest,
2877 3125 2940 3177 at

532 3199 634 3258 ubi
662 3199 919 3258 debitum
942 3199 1016 3257 ab
1044 3219 1160 3258 uno
1188 3199 1249 3256 in
1278 3197 1454 3257 alium
1482 3198 1846 3277 [translatum
1874 3205 1964 3257 est
2005 3217 2122 3257 non
2150 3206 2240 3258 est
2267 3199 2514 3278 amplius
2541 3199 2602 3258 in
2639 3219 2708 3258 eo
2746 3218 2783 3258 a
2821 3217 2940 3276 quo

534 3278 873 3336 translatum
904 3286 1009 3350 est,
1046 3278 1111 3336 E.
1142 3296 1329 3356 neque
1366 3277 1455 3336 illi
1494 3286 1686 3355 potest
1711 3277 1837 3337 fieri
1881 3277 2180 3354 remissio;
2224 3277 2590 3356 postmodum
2633 3278 2936 3352 subsumig

537 3355 623 3414 At
649 3365 885 3432 peccata
912 3365 1109 3414 nostra
1150 3356 1466 3416 secundum
1492 3375 1616 3430 nos,
1671 3357 1730 3415 in
1760 3357 2052 3416 Christum
2097 3357 2304 3418 vadem
2351 3368 2612 3418 nostrum
2659 3358 2942 3420 translata

537 3443 687 3508 sunt,
722 3435 789 3492 E.
830 3455 943 3494 non
974 3435 1221 3512 amplius
1250 3443 1384 3494 sunt
1424 3437 1485 3493 in
1512 3435 1698 3510 nobis,
1730 3456 1836 3495 nec
1856 3455 1960 3513 per
1987 3456 2346 3516 consequens
2381 3447 2625 3518 possunt
2667 3438 2836 3498 nobis
2853 3459 2944 3497 re-

535 3514 705 3574 mitti.
758 3515 933 3592 Resp.
968 3515 1114 3574 Nam
1142 3515 1245 3574 ubi
1264 3514 1603 3574 transfertur
1631 3515 1888 3574 debitum
1927 3517 2240 3578 secundum
2272 3518 2419 3578 illud
2439 3539 2606 3578 omne
2636 3538 2750 3596 quo
2779 3517 2942 3578 debi-

536 3605 717 3654 torem
746 3595 935 3673 ipsum
964 3595 1202 3673 obligat,
1234 3595 1467 3654 omnino
1496 3615 1615 3654 non
1645 3604 1734 3655 est
1769 3596 2016 3674 amplius
2058 3597 2119 3656 in
2147 3599 2272 3676 ipso
2301 3598 2576 3674 debitore,
2607 3606 2846 3658 eatenus
2873 3607 2944 3658 ut

534 3685 838 3756 propterea
890 3696 1063 3752 poena
1114 3676 1236 3736 ulla
1288 3674 1629 3753 plectendus
1683 3675 1920 3752 veniat;
1982 3675 2068 3737 At
2120 3677 2216 3737 hic
2269 3679 2408 3739 licet
2459 3679 2835 3740 transferatur
2881 3679 2947 3738 in

538 3756 829 3815 Christum
858 3755 1114 3816 debitum
1156 3763 1417 3815 nostrum
1462 3755 1601 3814 dum
1643 3755 1703 3814 in
1731 3776 1860 3815 eum
1897 3757 2286 3835 conjiciuntur
2327 3759 2661 3836 iniquitates
2707 3767 2942 3836 nostrae,

540 3837 655 3896 Isa.
685 3837 787 3896 liii.
822 3839 875 3911 6,
906 3855 1023 3894 non
1044 3845 1235 3914 potest
1254 3845 1448 3896 tamen
1476 3835 1771 3896 transferri
1791 3837 2012 3896 ratione
2041 3837 2198 3897 illius
2215 3839 2372 3898 modi
2403 3839 2718 3900 secundum
2747 3858 2940 3916 quem,

538 3937 572 3975 a
600 3916 767 3976 nobis
790 3916 1107 3976 debebatur
1132 3916 1285 3976 enim
1313 3935 1485 3995 poena
1525 3917 1772 3994 propria,
1804 3937 1934 3994 quae
1972 3917 2108 3995 quia
2155 3919 2473 3996 personalis
2511 3929 2601 3980 est
2647 3918 2948 3979 transferri

538 4016 654 4056 non
682 4005 889 4074 potest.
975 3997 1183 4076 Itaque
1222 3997 1333 4056 hac
1382 3997 1441 4054 in
1510 4005 1632 4055 arte
1681 3998 1844 4056 locus
1887 3997 1997 4056 fuit
2044 3997 2384 4074 remissioni,
2432 3999 2645 4078 quippe
2691 3999 2948 4058 coelestis

545 4076 718 4136 Pater
765 4097 993 4154 poenam
1023 4098 1152 4155 quae
1180 4098 1215 4136 a
1242 4077 1411 4136 nobis
1484 4077 1597 4136 erri
1642 4074 1844 4136 debuit
1885 4077 2056 4137 nobis
2100 4078 2253 4138 ultro
2303 4078 2608 4155 condonat,
2651 4079 2788 4157 quia
2814 4097 2946 4138 eam

540 4157 738 4234 exegit
766 4178 800 4215 a
829 4159 1093 4218 Christo:
1136 4157 1348 4216 frustra
1397 4177 1535 4234 ergo
1576 4156 2012 4216 translationem
2057 4155 2238 4218 debiti
2266 4160 2506 4237 opponit
2552 4159 2810 4236 ejusdem
2852 4178 2944 4218 re-

538 4237 817 4314 missioni,
849 4259 978 4298 cum
1008 4239 1067 4298 in
1096 4258 1227 4298 eum
1264 4237 1439 4296 finem
1470 4237 1814 4296 translatum
1860 4237 1938 4297 sit
1977 4237 2038 4296 in
2067 4237 2360 4298 Christum
2408 4247 2474 4299 ut
2513 4240 2683 4299 nobis
2730 4239 2950 4300 remitti

538 4318 738 4396 possit,
791 4319 1274 4396 quemadmodum
1320 4317 1537 4376 Paulus
1580 4317 1712 4377 vult
1757 4315 2016 4376 debitum
2047 4316 2306 4377 Onesimi
2343 4319 2402 4378 in
2445 4339 2508 4380 se
2545 4318 2840 4380 transferri
2879 4327 2956 4379 ut

540 4395 652 4473 ipsi
680 4408 1023 4472 parceretur.
1109 4400 1309 4476 Neque
1340 4397 1433 4456 hic
1462 4406 1683 4456 naturae
1712 4397 2065 4456 remissionis
2091 4396 2214 4457 ulla
2241 4398 2332 4458 vis
2369 4398 2437 4458 fit
2471 4408 2792 4478 propterea,
2836 4398 2953 4458 hoc

540 4475 694 4534 enim
722 4483 944 4536 tantum
972 4480 1241 4556 postulat,
1273 4487 1340 4537 ut
1366 4477 1467 4536 fiat
1495 4498 1566 4536 ex
1590 4478 1780 4556 gratia
1806 4487 1864 4537 et
1887 4477 2230 4540 liberalitate
2257 4479 2603 4540 remittentis
2635 4479 2783 4538 nihil
2807 4499 2954 4557 pen-

540 4553 713 4614 dente
742 4573 811 4612 eo
838 4557 937 4632 qui
974 4559 1266 4617 liberatur.
1689 4563 1696 4570 '

622 4633 882 4694 XXIX.
929 4635 1209 4694 Caeterum
1240 4657 1368 4694 cum
1392 4636 1638 4694 dicimus
1681 4637 2129 4696 misericordiam
2163 4637 2274 4696 Dei
2313 4657 2429 4696 non
2477 4640 2766 4698 remittere
2813 4657 2954 4718 pee-
