3234 5192
505 283 622 342 386
1062 298 1143 338 mv.
1172 296 1650 340 sansmcrroms
1677 297 1916 338 osmeri
1943 295 2362 340 uncsssrrs'rs.
2543 275 2806 361 [msrur.
2836 299 2922 342 xl.

586 440 698 500 IV.
740 439 953 506 Seculo
980 438 1133 499 enim
1160 439 1263 499 xii.
1292 439 1698 518 ingruentibus
1749 438 2150 517 sophistarum
2197 438 2467 514 tenebris,
2497 441 2734 518 emersit
2760 439 2918 519 apud

505 520 709 581 Gallos
736 521 958 580 versuti
986 521 1282 596 acuminis,
1314 529 1373 580 et
1398 521 1741 598 multijugae,
1770 527 1944 598 prout
1989 518 2251 579 ferebant
2277 519 2390 578 ista
2415 527 2694 598 tempora,
2725 521 2916 580 erudi-

504 601 679 661 tionis
709 601 917 661 Petrus
940 600 1311 676 Abailardus,
1332 601 1427 660 cui
1452 601 1794 678 impingitur
1820 621 1856 658 a
1883 599 2258 676 scriptoribus
2305 599 2463 659 illius
2491 601 2605 660 aevi
2641 601 2798 679 quod
2827 621 2915 660 sa-

508 680 893 741 tisfactionem
924 680 1139 742 Christi
1164 701 1297 740 cum
1322 681 1529 759 priscis
1556 679 1844 740 haereticis
1871 680 2045 757 impie
2073 687 2134 739 et
2181 679 2461 758 sacrilege
2488 682 2732 758 negarit,
2763 681 2918 740 unde

510 761 900 822 Clara-Vallis
921 761 1127 820 Abbas
1145 761 1369 838 Epist0.
1392 781 1519 820 cxc.
1542 760 1618 820 ad
1638 760 2040 820 Innocentium
2061 779 2286 838 papam,
2306 761 2500 820 varios
2521 761 2678 820 illius
2699 780 2922 821 errores

514 852 573 902 et
599 841 874 920 pestifera
900 843 1175 920 dogmata
1202 848 1626 917 commemorat,
1657 841 1762 900 sed
1789 839 2068 918 imprimis
2096 839 2249 900 circa
2267 840 2680 919 redemptionis
2706 849 2922 918 myste-

514 923 683 999 rium,
714 922 873 1000 quod
898 922 950 980 is
978 921 1239 980 docuerit
1264 940 1383 980 non
1410 921 1523 980 alio
1550 921 1667 980 fine
1695 921 2028 999 apparuisse
2051 920 2346 980 Christum
2372 921 2433 979 in
2462 929 2754 981 carne·aut
2769 941 2922 980 mor-

518 1011 638 1062 tem
680 1002 926 1062 subiisse
948 1021 1123 1078 quam
1150 1001 1226 1060 ad
1252 1001 1690 1061 instructionem
1735 1001 1919 1060 nostri
1955 1019 2058 1078 per
2077 1001 2322 1060 verbum
2359 1009 2418 1060 et
2450 1002 2928 1061 contestationem

516 1082 814 1142 charitatis
868 1101 989 1142 suae
1042 1100 1147 1159 per
1198 1086 1441 1142 mortem
1466 1103 1480 1140 ε
1524 1080 1872 1158 Mysterium
1919 1100 2060 1140 vero
2109 1080 2531 1141 Incarnationis
2585 1082 2743 1160 quod
2795 1089 2929 1158 post

520 1163 839 1241 Apostolos
867 1183 902 1221 a
928 1161 1261 1222 doctoribus
1289 1169 1620 1221 constanter
1655 1161 1936 1220 creditum
1965 1180 2092 1220 esse
2135 1160 2438 1238 fatebatur,
2483 1163 2694 1240 partim
2723 1181 2791 1221 eo
2820 1161 2926 1219 im-

518 1244 817 1322 pugnabat
842 1242 1002 1321 quod
1025 1242 1189 1302 nulla
1215 1260 1360 1320 opus
1387 1241 1559 1300 fuerit
1586 1240 1994 1317 satisfactione,
2024 1241 2162 1318 quia
2183 1242 2306 1300 sola
2331 1242 2496 1301 verbi
2521 1241 2928 1320 praedicatione

512 1323 767 1402 potuerit
794 1324 955 1383 Deus
997 1323 1317 1382 iustaurare
1366 1341 1551 1400 genus
1592 1321 1928 1396 humanum,
1977 1322 2185 1398 partim
2234 1321 2393 1400 quod
2446 1322 2679 1382 crudele
2733 1331 2792 1380 et
2819 1320 2924 1379 ini-

513 1424 695 1482 quum
716 1404 792 1463 sit
819 1411 884 1463 ut
925 1423 1029 1482 per
1072 1411 1367 1462 cruentam
1405 1409 1464 1462 et
1490 1401 1935 1479 ignominiosam
1981 1408 2226 1460 mortem
2275 1403 2404 1481 ejus
2431 1401 2532 1480 qui
2568 1403 2847 1462 innocens
2869 1409 2928 1460 et

516 1484 701 1562 ipsius
731 1485 844 1543 Dei
866 1484 1054 1543 Filius
1080 1483 1173 1558 sit,
1202 1502 1307 1560 pro
1334 1481 1540 1542 alienis
1566 1481 1820 1559 peccatis
1848 1482 1975 1540 Deo
2004 1480 2264 1540 satisfiat.

602 1565 679 1624 V.
724 1565 858 1622 Non
885 1563 1190 1622 defuerunt
1215 1569 1409 1621 tamen
1429 1561 1531 1639 qui
1556 1561 1850 1620 meliorem
1879 1569 2130 1620 mentem
2153 1561 2474 1620 Absilardo
2509 1561 2606 1620 hic
2631 1561 2887 1620 tribuant
2909 1582 2927 1636 3

522 1663 657 1702 nam
687 1643 896 1701 Petrus
926 1641 1323 1701 Cluniacensis
1340 1661 1457 1700 non
1484 1641 1761 1718 ignobilis
1805 1640 2050 1718 scriptor
2095 1641 2327 1701 illorum
2369 1650 2686 1720 temporum
2715 1640 2788 1700 de
2813 1641 2929 1700 hoc

521 1723 584 1781 in
612 1722 857 1800 epistola
882 1721 1131 1799 quadam
1160 1727 1405 1780 testatur
1430 1721 1589 1798 quod
1614 1729 1812 1780 sancte
1839 1729 1899 1780 et
1927 1721 2136 1781 devote
2157 1721 2218 1780 in
2239 1722 2617 1782 Cheniacensi
2635 1722 2928 1780 Monaste-

522 1803 607 1862 rio
636 1802 903 1862 ultimum
932 1803 1069 1861 vitae
1125 1809 1317 1859 actum
1364 1801 1725 1878 transegerit,
1771 1801 1912 1878 quin
1960 1801 2032 1859 de
2088 1801 2356 1862 Articulo
2407 1800 2826 1861 satisfactionis
2869 1801 2934 1859 in

523 1883 793 1961 apologia
821 1881 1071 1959 quadam
1100 1881 1359 1958 ejusdem
1388 1899 1720 1958 expressam
1747 1881 1898 1939 hanc
1925 1881 2159 1958 reliquit
2183 1883 2412 1958 thesim,
2447 1885 2484 1916 “
2505 1882 2704 1942 Solum
2734 1881 2931 1939 Incar-

522 1972 725 2022 natum
754 1961 969 2020 Filium
999 1961 1111 2020 Dei
1148 1960 1436 2038 profiteor,
1460 1969 1527 2019 ut
1576 1961 1699 2019 Nos
1729 1980 1764 2019 a
1793 1961 2086 2021 Servitute
2129 1963 2352 2039 peccati
2400 1970 2459 2022 et
2493 1963 2642 2040 jugo
2699 1961 2934 2020 Diaboli

522 2043 795 2103 liberaret
822 2049 880 2102 et
902 2060 1184 2120 supremae
1205 2041 1428 2099 aditum
1448 2041 1587 2100 vitae
1615 2047 1799 2100 morte
1823 2059 1928 2100 sua
1953 2041 2124 2100 nobis
2150 2051 2432 2102 reseraret
2449 2042 2504 2118 ;'’
2527 2041 2679 2101 unde
2707 2062 2824 2101 non
2845 2047 2935 2100 est

521 2123 680 2202 quod
707 2123 750 2184 J
753 2121 847 2182 oh.
880 2122 1128 2182 Crellius
1155 2121 1217 2179 in
1243 2120 1615 2198 responsione
1647 2138 1751 2180 sua
1777 2121 1853 2180 ad
1883 2122 2196 2198 Hugonem
2227 2122 2498 2182 Grotium
2527 2121 2600 2180 de
2630 2121 2935 2180 Abailardi

520 2223 807 2263 consensu
834 2203 896 2260 in
924 2201 1314 2280 oppugnanda
1344 2201 1664 2260 Salvatoris
1692 2201 2083 2260 satisfactione
2111 2209 2408 2279 tantopere
2437 2202 2733 2280 glorietur.

601 2283 718 2341 VI.
764 2283 907 2342 Post
935 2281 1421 2340 Reformationem
1450 2301 1589 2339 vero
1633 2281 1694 2339 in
1723 2281 2036 2358 Evangelii
2061 2288 2121 2341 et
2149 2282 2515 2341 scientiarum
2553 2283 2932 2360 oeaeaawmn'qt,

522 2363 631 2422 etsi
660 2362 766 2421 lux
794 2361 895 2420 illa
924 2361 1191 2420 salutaris
1219 2381 1349 2438 quae
1378 2361 1605 2420 coelitus
1634 2359 1854 2420 affulsit
1880 2361 2188 2420 videbatur
2214 2361 2421 2421 ferales
2455 2359 2588 2421 illas
2617 2363 2756 2422 caeci
2783 2382 2936 2421 erro-

520 2443 603 2502 ris
630 2441 919 2520 depellere
946 2439 1216 2500 debuisse
1242 2440 1527 2517 tenebras,
1573 2441 1807 2500 fuerunt
1859 2449 2052 2500 tamen
2094 2440 2274 2501 nimis
2305 2442 2472 2501 multi
2516 2442 2616 2520 qui
2645 2442 2937 2502 sanctissi-

518 2543 678 2583 mum
705 2523 818 2582 hoc
845 2521 1059 2600 dogma
1086 2520 1397 2580 sollicitare
1441 2529 1501 2580 et
1548 2521 1873 2580 adulterare
1923 2521 2114 2582 conati
2158 2528 2311 2581 sunt.
2395 2523 2614 2582 Notum
2659 2528 2749 2582 est
2793 2519 2937 2600 quid

518 2602 775 2662 Michael
828 2602 1103 2663 Servetus
1123 2600 1297 2660 homo
1342 2599 1418 2659 ad
1464 2619 1693 2660 omnem
1731 2601 2159 2679 improbitatem
2203 2601 2278 2660 ab
2321 2599 2464 2680 ipsis
2507 2601 2671 2662 furiis
2715 2601 2939 2662 effictus

522 2684 857 2762 blaspheme
906 2681 979 2742 de
1016 2683 1127 2741 hoc
1174 2681 1658 2760 pronunciaverit,
1706 2681 1849 2759 quid
1887 2682 2178 2760 Georgius
2224 2682 2558 2759 Blandi-ata,
2590 2682 2941 2742 Valentinus

526 2765 797 2841 Gentilis,
831 2762 1028 2821 David
1056 2762 1348 2840 Georgius
1364 2760 1517 2820 circa
1536 2760 1695 2821 istud
1715 2761 1892 2840 impie
1919 2762 2280 2838 censuerint;
2311 2761 2705 2822 Accesserant
2723 2761 2941 2820 Laelius

530 2845 792 2921 Socinus,
824 2843 1219 2904 Bernardinus
1265 2841 1523 2903 Ochinus
1550 2861 1618 2901 ac
1663 2843 1896 2902 tandem
1930 2841 2216 2902 infaustus
2257 2842 2356 2902 ille
2387 2843 2641 2902 Faustus
2671 2841 2938 2918 Socinus,

528 2925 697 2984 Laelii
722 2943 920 3004 nepos,
951 2922 1053 3002 qui
1078 2932 1146 2983 ut
1172 2922 1389 2982 Christi
1424 2920 1789 2982 divinitatem
1837 2921 1920 2982 ita
1945 2929 2006 2982 et
2049 2922 2498 2982 satisfactionem
2543 2922 2856 2982 execrabili
2881 2929 2944 2981 et

528 3005 815 3064 diabolica
860 3003 1033 3082 plane
1078 3002 1320 3062 audacia
1360 3002 1703 3081 impugnare
1747 3010 1807 3063 et
1853 3002 2179 3062 convellere
2229 3010 2365 3062 sunt
2409 3003 2635 3080 moliti;
2680 3011 2739 3062 et
2765 3003 2942 3079 longe

528 3084 907 3163 periculosius
932 3083 1043 3142 hac
1068 3082 1131 3140 in
1157 3091 1321 3160 parte
1348 3082 1490 3160 ipsis
1521 3081 1843 3142 Pontificiis
1869 3092 2170 3143 errarunt:
2215 3080 2365 3142 Nam
2391 3082 2530 3142 licet
2555 3083 2745 3142 meriti
2772 3082 2944 3142 istius

530 3172 590 3223 et
621 3162 1041 3222 Satisfactionis
1062 3163 1310 3239 pretium
1340 3171 1398 3221 et
1424 3161 1737 3222 efficaciam
1765 3181 1882 3222 non
1901 3183 2018 3222 uno
2040 3163 2213 3223 modo
2240 3163 2586 3223 labefactare
2613 3163 2948 3222 annitantur

532 3242 837 3319 Papicolae,
879 3241 1288 3318 perfectionem
1316 3242 1443 3318 ejus
1470 3242 1531 3299 in
1558 3241 1801 3301 dubium
1837 3243 2102 3303 vocando
2129 3243 2269 3303 dum
2309 3243 2651 3320 panniculos
2677 3242 2941 3302 satisfac-

526 3322 750 3382 tionum
779 3329 839 3380 et
863 3319 1195 3379 meritorum
1220 3321 1603 3380 humanorum
1643 3321 1732 3379 illi
1778 3341 2008 3382 assuere
2053 3343 2173 3383 non
2219 3323 2604 3400 erubescunt;
2647 3341 2944 3400 nunquam

528 3409 725 3462 tamen
750 3399 1031 3459 hactenus
1058 3419 1127 3459 eo
1154 3399 1395 3459 insaniae
1426 3401 1720 3478 progressi
1748 3409 1884 3461 sunt
1909 3411 1975 3462 ut
2002 3403 2130 3481 ejus
2158 3411 2218 3462 et
2258 3403 2663 3463 necessitatem
2705 3411 2766 3462 et
2790 3402 2941 3462 veri-

530 3490 711 3542 tatem
765 3487 963 3540 exerte
1016 3487 1313 3557 negarent,
1371 3479 1529 3558 quod
1575 3480 1781 3540 infelix
1835 3482 2260 3543 socinianorum
2313 3483 2485 3543 turba
2531 3478 2744 3562 quibus
2796 3482 2945 3540 nihil

532 3561 845 3622 Christiani
870 3567 1050 3620 restat
1076 3566 1285 3638 praeter
1326 3579 1537 3620 nomen
1582 3579 1796 3639 magno
1843 3563 2138 3623 molimine
2183 3571 2273 3623 est
2309 3583 2588 3642 aggressa
2629 3569 2857 3622 veteres
2885 3569 2944 3621 et

528 3643 755 3722 pridem
783 3641 1054 3719 explosas
1101 3640 1349 3700 haereses
1394 3640 1467 3700 ab
1514 3640 1714 3700 inferis
1760 3642 2106 3702 reducendo.
2189 3643 2292 3702 Ad
2337 3645 2544 3703 horum
2590 3651 2783 3722 partes
2825 3661 2945 3700 non

531 3725 775 3784 obscure
802 3721 1086 3782 accedunt
1114 3721 1589 3780 Remonstrantes
1616 3722 1895 3800 quicquid
1911 3723 1972 3782 in
1999 3723 2308 3783 adversum
2335 3719 2470 3782 huic
2489 3723 2715 3783 crimini
2742 3722 2944 3781 emeli·-

528 3804 681 3864 endo
709 3801 911 3862 afferre
938 3801 1179 3880 possint,
1209 3809 1275 3861 ut
1292 3801 1608 3862 Leidenses
1637 3803 1696 3860 in
1715 3823 1958 3863 censura
1979 3823 2099 3880 sua,
2122 3803 2334 3863 Festus
2353 3797 2664 3863 Hommius
2680 3804 2742 3861 in
2757 3803 2941 3880 speci-

532 3885 703 3958 mine,
736 3892 795 3942 et
816 3882 1189 3942 Bodecherus
1210 3881 1270 3940 in
1295 3882 2192 3943 Sociniano·Remonstrantismo
2214 3883 2443 3943 abunde
2461 3883 2944 3943 demonstrarunt.

614 3963 763 4024 VII.
808 3963 1088 4038 Quamvis
1114 3982 1255 4022 vero
1282 3962 1343 4021 in
1368 3963 1675 4040 purganda
1698 3961 1858 4023 hisce
1898 3963 2172 4023 monstris
2199 3964 2446 4023 ecclesia
2472 3963 2629 4023 vires
2657 3981 2792 4023 suas
2817 3961 2944 4020 feli·

532 4044 679 4106 citer
722 4042 1108 4121 explicuerint
1150 4050 1210 4102 et
1252 4041 1429 4120 prisci
1472 4043 1654 4103 seculi
1681 4043 1888 4102 heroes
1935 4043 2090 4119 olim,
2122 4051 2181 4103 et
2228 4043 2543 4103 novissime
2587 4042 2946 4104 celeberrimi

532 4124 704 4185 multi
729 4123 843 4182 viri
869 4123 1081 4202 quibus
1109 4123 1344 4201 propius
1385 4141 1517 4181 cum
1556 4122 1702 4201 ipsis
1723 4123 2209 4202 congrediendum
2241 4123 2386 4184 fuit:
2431 4123 2704 4184 Nondum
2731 4129 2942 4198 tamen,

532 4205 679 4282 proh
706 4203 905 4263 dolor!
934 4205 1060 4263 haec
1088 4203 1169 4262 ita
1196 4210 1484 4281 prostrata
1510 4209 1569 4262 et
1590 4203 1820 4262 sublata
1838 4204 2122 4280 videmus,
2145 4204 2290 4282 quin
2317 4204 2564 4264 subinde
2593 4203 2668 4262 ad
2693 4201 2945 4262 redinte-

532 4283 817 4362 grandum
844 4283 1064 4344 bellum
1106 4301 1291 4341 novas
1334 4283 1686 4342 admoveant
1725 4285 2038 4360 machinas,
2069 4293 2128 4344 et
2177 4284 2521 4344 submittant
2549 4284 2762 4362 copias,
2791 4281 2949 4341 unde

528 4363 725 4440 quivis
752 4362 921 4422 facile
950 4363 1225 4441 conjiciat
1250 4381 1371 4421 rem
1400 4382 1517 4422 non
1545 4363 1629 4422 ita
1673 4364 1990 4424 confectam
2038 4380 2182 4440 esse,
2213 4371 2280 4424 ut
2321 4383 2439 4423 non
2465 4363 2526 4422 in
2556 4383 2626 4424 ea
2653 4381 2815 4423 suam
2845 4381 2948 4420 ex—

528 4461 720 4500 ercerc
749 4441 1090 4502 industriam
1118 4463 1223 4520 pro
1252 4461 1313 4501 se
1340 4443 1587 4520 quisque
1614 4445 1800 4521 possit
1827 4453 1928 4504 aut
1955 4445 2180 4504 debeat.
2212 4445 2346 4504 Non
2361 4446 2656 4521 ingratum
2683 4461 2824 4521 ergo
2851 4443 2953 4501 vel

528 4519 900 4602 ἆπςοσδιᾶυυπι
942 4523 1063 4581 fore
1112 4541 1428 4600 speramus,
1459 4523 1509 4582 si
1556 4543 1663 4600 pro
1707 4524 1941 4583 modulo
1985 4533 2183 4584 nostro
2227 4525 2288 4583 in
2338 4525 2584 4584 veritate
2611 4524 2800 4600 magis
2826 4541 2951 4580 ma-

532 4603 737 4680 gisque
766 4601 1107 4660 illustranda
1134 4609 1193 4662 et
1220 4602 1531 4662 asserenda
1571 4601 1902 4663 laborantes
1944 4605 2286 4664 sententiam
2317 4605 2719 4666 Orthodoxam
2747 4603 2953 4680 paucis
