3234 5192
533 359 610 414 42
1212 371 1289 409 m:
1319 369 1682 412 saenssama
1712 370 2059 412 sacassmm:
2584 353 2843 434 [msrtrr.
2875 377 2937 414 ιι.

534 515 608 571 ab
639 511 903 571 Ecclesia
932 511 1210 585 Romana,
1241 519 1300 569 et
1327 511 1556 588 publice
1584 511 1969 588 privatimque
1992 511 2105 570 coli
2125 519 2185 570 et
2210 511 2452 587 adorari,
2474 533 2645 589 quem
2674 515 2735 572 in
2762 514 2937 574 finem

532 593 750 670 templa
797 599 854 650 et
882 591 1086 651 altaria
1133 591 1187 650 ei
1214 591 1528 667 eriguntur,
1571 591 1761 648 missae
1816 592 1871 648 ei
1916 591 2201 664 dicuntur,
2251 592 2513 650 Christus
2557 592 2617 650 in
2660 595 2939 652 honorem

533 673 662 748 ejus
689 671 1060 746 sacrificatur,
1101 671 1226 729 dies
1273 671 1455 730 festus
1477 671 1784 747 peculiaris
1810 671 1863 728 ei
1886 681 2268 744 consecratur,
2294 672 2611 748 pinguntur
2636 676 2765 750 ejus
2795 675 2934 732 ima·

531 753 698 829 gines
725 753 786 810 in
813 752 1059 828 templi8‚
1091 760 1150 809 et
1178 751 1434 827 reliquiae
1457 751 1785 824 adorantur,
1816 769 1945 825 quae
1990 751 2421 809 canonizatione
2452 753 2732 810 contineri
2767 753 2937 813 docet

532 835 679 890 Bell.
714 834 801 889 lib.
835 834 904 890 de
931 832 1140 903 Beatg'fi
1171 832 1364 888 Sanct.
1395 851 1441 888 c.
1475 835 1506 886 7
1526 873 1540 887 .
1587 830 1665 887 Et
1692 839 1756 887 ut
1785 830 1933 890 scias
1961 849 2187 906 magnae
2205 831 2372 888 molis
2410 851 2555 907 opus
2584 849 2727 906 esse,
2760 833 2935 890 anxia

527 912 623 969 hic
653 910 1055 970 sollicitatione
1085 929 1230 985 opus
1257 917 1362 982 est,
1393 909 1546 966 circa
1579 929 1751 985 quam
1782 929 1932 984 saepe
1960 910 2155 986 plures
2182 909 2317 967 anni
2345 920 2733 970 conteruntur.
2806 912 2935 970 Imo

529 1011 648 1048 non
673 991 842 1066 pauci
871 989 1192 1047 sanctitatis
1221 988 1512 1045 candidati
1539 989 1816 1064 petitione
1840 1009 1945 1046 sua
1965 990 2257 1062 excidunt,
2282 989 2419 1064 quia
2446 1010 2561 1047 non
2589 990 2803 1049 habent
2824 992 2932 1049 Pa-

527 1090 660 1146 pam
691 1069 1018 1144 propitium.
1104 1066 1226 1125 Alii
1249 1067 1394 1126 bene
1414 1087 1643 1143 sperare
1653 1068 1947 1144 jubentur,
1968 1078 2025 1126 et
2048 1069 2279 1126 titulum
2298 1070 2473 1126 Beati
2488 1070 2812 1145 impetrant,
2834 1071 2934 1146 qui

531 1148 747 1224 gradus
765 1146 944 1206 estad
965 1146 1344 1222 sanctitatem,
1367 1147 1528 1222 quasi
1553 1147 1828 1206 sanctitas
1848 1167 1961 1205 non
1982 1157 2136 1204 esset
2157 1147 2371 1223 gradus
2400 1157 2458 1204 et
2480 1149 2576 1204 via
2596 1149 2669 1206 ab
2694 1149 2932 1206 beatita-

531 1237 665 1286 tem.
690 1227 772 1284 At
790 1247 895 1284 nos
917 1227 990 1284 ab
1010 1227 1274 1285 Ethnicis
1291 1227 1524 1303 quidem
1541 1229 1879 1302 Apotheoses
1896 1227 2016 1284 fieri
2036 1227 2175 1284 olim
2194 1227 2391 1284 solitas
2410 1226 2732 1296 didicimus
2754 1228 2859 1286 sed
2872 1239 2935 1287 ut

534 1307 783 1384 Spiritus
799 1307 1044 1366 Sanctus
1059 1306 1162 1364 ulli
1175 1307 1498 1365 mortalium
1511 1316 1854 1382 potestatem
1872 1305 2218 1364 concesserit
2234 1307 2476 1364 Sanctos
2489 1306 2732 1365 faciendi
2746 1317 2803 1366 et
2820 1327 2933 1365 coe-

529 1386 587 1444 lo
610 1387 908 1462 inferendi,
929 1395 994 1446 ut
1024 1387 1096 1445 de
1128 1386 1316 1446 aliena
1354 1386 1538 1445 salute
1573 1387 1930 1462 pronunciet,
1968 1385 2134 1462 quasi
2154 1386 2365 1444 librum
2407 1386 2541 1442 vitae
2580 1387 2801 1462 legerit,
2834 1387 2935 1463 qui

529 1487 648 1526 non
669 1476 755 1526 est
773 1477 962 1526 certus
985 1467 1056 1525 de
1088 1487 1219 1539 sua3
1265 1475 1328 1525 ut
1356 1467 1430 1524 ab
1458 1467 1585 1543 ejus
1614 1467 1867 1540 arbitrio,
1904 1467 2260 1538 Sanctorum,
2306 1485 2450 1540 quos
2482 1465 2669 1524 Divos
2706 1476 2933 1534 vocant,

528 1568 646 1606 non
673 1547 968 1605 veneratio
999 1547 1184 1605 solum
1215 1554 1271 1603 et
1300 1546 1505 1618 cultura
1539 1546 1644 1604 sed
1671 1555 1729 1603 et
1758 1546 2031 1602 sanctitas
2076 1544 2461 1621 divinitasque
2507 1545 2770 1621 pendeat,
2797 1547 2931 1604 hac-

528 1636 698 1687 tenus
727 1627 785 1684 in
817 1626 1012 1684 Verbo
1045 1625 1156 1684 Dei
1182 1625 1375 1700 legere
1420 1644 1536 1681 non
1573 1624 1881 1700 potuimuS‚
1930 1631 1989 1682 et
2025 1633 2298 1700 tanquam
2347 1643 2701 1700 paganorum
2730 1625 2930 1684 inven-

528 1715 670 1776 tum,
704 1705 831 1762 Deo
859 1705 971 1781 ipsi
998 1704 1264 1780 verisque
1299 1703 1526 1762 Sanctis
1570 1703 1860 1779 injurium,
1889 1703 2035 1760 bene
2056 1702 2412 1761 damnamus,
2498 1704 2751 1763 Videant
2778 1725 2933 1764 nunc

530 1785 632 1861 qui
660 1785 782 1842 haec
811 1793 1086 1856 statuunt,
1113 1783 1228 1840 utri
1249 1791 1508 1845 nostrum
1537 1783 1850 1858 iniquiores
1886 1783 2064 1840 simus
2104 1783 2335 1857 sanctiS,
2382 1803 2455 1839 an
2485 1803 2607 1858 nOS,
2638 1785 2740 1859 qui
2766 1785 2931 1842 nolu-

528 1883 657 1922 mus
686 1863 757 1920 iis
779 1863 953 1922 tribui
981 1863 1200 1920 cultum
1229 1861 1337 1919 soli
1371 1862 1494 1920 Deo
1533 1862 1809 1934 debitum,
1855 1882 1929 1918 an
1966 1862 2069 1936 illi,
2114 1863 2213 1937 qui
2252 1882 2351 1920 eos
2390 1871 2622 1922 vertunt
2649 1863 2709 1919 in
2754 1863 2928 1938 idola,

455 1947 474 1959 ”
531 1951 590 2002 et
621 1943 729 2000 Dei
758 1943 958 2000 amicis
1013 1942 1330 2000 abutuntur
1357 1941 1432 1998 ad
1459 1961 1589 1999 eum
1619 1942 1695 1999 ad
1724 1941 2070 2016 zelotypiam
2099 1941 2549 2018 provocandum.
2636 1941 2748 2015 Qui
2776 1943 2826 2000 si
2854 1963 2931 2002 ex

529 2022 778 2082 culmine
808 2023 907 2078 illo
936 2022 1134 2098 gloriae
1163 2029 1399 2098 possent
1419 2021 1721 2097 pervidere
1759 2041 1889 2097 quae
1912 2021 2003 2078 hic
2026 2030 2323 2097 geruntur,
2349 2040 2463 2078 non
2492 2021 2663 2078 modo
2693 2022 2931 2099 cultum,

529 2102 628 2179 qui
648 2101 731 2174 eis
759 2100 1028 2175 defertur,
1060 2111 1518 2177 aspernarentur,
1553 2100 1653 2157 sed
1685 2109 1743 2158 et
1770 2101 2111 2175 gravissime
2131 2101 2271 2158 talia
2287 2099 2631 2158 facientibus
2663 2101 2930 2177 indigna-

527 2190 742 2254 rentur,
775 2189 833 2238 et
856 2189 1276 2239 succenserent.
1369 2180 1484 2237 Sed
1506 2179 1576 2236 de
1606 2181 1699 2236 his
1728 2180 1883 2237 alibi.

611 2261 799 2318 XIX.
849 2260 963 2318 Sed
993 2279 1178 2336 neque
1209 2261 1266 2316 in
1300 2259 1525 2316 Sanctis
1548 2260 1818 2332 defunctis
1847 2258 2109 2317 subsistit
2136 2257 2441 2335 religiosus
2490 2257 2587 2317 ille
2624 2259 2829 2334 cultuS,
2855 2258 2931 2316 ad

525 2341 759 2400 viventes
787 2339 958 2396 etiam
999 2339 1352 2412 transfertur,
1398 2359 1526 2396 cum
1563 2339 2002 2396 Sanctissimum
2036 2339 2345 2396 Dominum
2376 2357 2562 2410 suum,
2598 2338 2831 2413 Papam,
2863 2348 2930 2397 ut

523 2439 736 2476 numen
765 2418 1073 2494 quoddam,
1105 2418 1363 2476 adorant.
1449 2418 1569 2474 Nec
1599 2419 1805 2475 mirum
1850 2418 1908 2474 id
1954 2419 2219 2494 cuiquam
2260 2417 2440 2474 videri
2482 2416 2669 2492 debet,
2717 2437 2849 2474 nam
2879 2418 2929 2475 si

525 2499 751 2556 colendi
797 2507 930 2556 sunt
979 2498 1191 2570 Sancti,
1244 2517 1390 2573 quos
1421 2497 1580 2572 Papa
1628 2496 1966 2554 auctoritate
2018 2518 2121 2555 sua
2166 2495 2369 2554 deifica
2418 2497 2735 2570 canonizat,
2796 2497 2929 2573 quis

525 2597 752 2654 aequum
782 2597 897 2632 non
927 2574 1154 2649 dixerit,
1187 2585 1252 2634 ut
1279 2576 1500 2634 colatur
1529 2577 1578 2632 is
1607 2576 1709 2652 qui
1758 2576 2000 2634 Sanctos
2048 2575 2203 2648 facit,
2263 2576 2449 2652 iisque
2479 2577 2745 2634 omuibus
2774 2576 2927 2651 ipso-

522 2677 651 2714 rum
700 2656 967 2732 opinione
1017 2656 1202 2731 major
1244 2658 1376 2713 est?
1461 2655 1590 2712 Hoc
1622 2665 1814 2712 autem
1844 2655 1997 2731 apud
2043 2675 2141 2712 eos
2186 2667 2478 2730 receptum
2508 2675 2634 2713 esse
2665 2655 2927 2713 dubitare

521 2757 640 2794 non
668 2744 874 2812 potest,
906 2735 1007 2810 qui
1036 2735 1182 2792 ER.
1215 2753 1376 2792 saera
1403 2734 1647 2792 noverit.
1716 2734 1862 2791 Nam
1907 2741 2285 2811 praetcrquam
2326 2734 2481 2810 quod
2518 2753 2927 2810 nonnunquam

523 2817 646 2893 ipse
699 2815 971 2874 Pontifex
1031 2815 1362 2872 adoratione
1411 2822 1651 2887 creatur,
1700 2814 1907 2872 saltem
1972 2822 2189 2871 certum
2248 2824 2356 2886 est,
2416 2833 2615 2871 recens
2680 2815 2927 2872 electum

523 2897 614 2955 bis
671 2916 842 2972 super
885 2895 1065 2953 altare
1103 2893 1389 2952 collocari
1445 2913 1575 2950 cum
1604 2893 1790 2968 mitra,
1824 2894 2067 2970 primum
2099 2892 2155 2949 in
2188 2893 2451 2966 sacrario,
2500 2893 2707 2952 deinde
2745 2894 2804 2950 in
2834 2912 2925 2950 ec-

523 2977 699 3034 clesia
732 2977 790 3033 S.
842 2975 1014 3047 Petri,
1071 2974 1263 3051 ibique
1318 2994 1354 3031 a
1395 2973 1783 3031 cardinalibus
1806 2973 2049 3030 adorari.
2122 2972 2258 3030 Vid.
2311 2972 2409 3030 lib.
2459 2972 2694 3030 Caerem.
2754 2973 2923 3030 Rom.

525 3057 646 3114 Nec
675 3055 929 3114 admittit
951 3055 1137 3112 solum
1159 3053 1521 3112 adorationes
1545 3054 1845 3130 religiosas
1868 3062 1925 3112 et
1954 3052 2152 3111 oscula
2178 3052 2407 3128 pedum,
2441 3051 2543 3109 sed
2570 3061 2841 3128 expectat
2868 3059 2927 3108 et

522 3135 777 3209 requirit,
798 3154 912 3190 non
934 3134 1006 3190 ab
1030 3134 1392 3190 inferioribus
1411 3134 1582 3191 modo
1611 3134 1958 3208 hominibus,
1992 3131 2094 3190 sed
2112 3153 2147 3189 a
2163 3131 2517 3207 principibus
2548 3131 2721 3188 ctiam
2740 3131 2925 3188 maxi-

521 3214 650 3284 miS,
683 3213 1077 3286 supremisque
1127 3212 1377 3284 regibUS,
1420 3213 1675 3286 ipsisque
1720 3213 1864 3269 adeo
1913 3211 2371 3286 imperatoribus,
2444 3209 2516 3265 In
2544 3210 2923 3282 processioni·

520 3291 631 3348 bus
676 3309 814 3345 vero
865 3309 1036 3363 super
1077 3289 1347 3346 humeros
1391 3289 1688 3344 hominum
1738 3290 2001 3345 sublimis
2046 3297 2322 3361 gestatur,
2374 3294 2439 3343 ut
2483 3286 2639 3342 idola
2666 3286 2927 3359 gentium

523 3369 678 3438 olim,
713 3365 1163 3446 succollantibus
1191 3365 1459 3422 maximis
1481 3365 1822 3439 quibusque,
1854 3367 1951 3441 qui
1994 3366 2220 3438 adsunt,
2252 3363 2622 3439 principibuS,
2655 3373 2713 3422 ct
2742 3366 2928 3426 turbis

523 3445 736 3524 populi,
788 3454 1060 3520 tanquam
1091 3463 1300 3500 numen
1336 3442 1627 3519 quoddam
1668 3442 2056 3515 adorantibu8‚
2108 3443 2181 3500 ab
2232 3461 2413 3516 coque
2442 3442 2687 3516 gratiam
2718 3464 2925 3521 expec-

520 3525 796 3585 tantibus.
880 3523 1106 3582 Titulos
1133 3531 1326 3580 autem
1355 3541 1485 3580 cum
1515 3522 1829 3581 honoribus
1857 3521 2070 3579 divinis
2100 3521 2307 3578 deferri
2341 3520 2558 3578 clarum
2588 3533 2691 3597 est,
2726 3525 2819 3582 vel
2850 3546 2925 3582 ex

517 3626 602 3680 ec,
635 3625 708 3663 ne
737 3604 850 3662 alia
877 3604 1044 3680 plura
1088 3621 1544 3674 commemorem,
1591 3601 1749 3676 quod
1794 3602 1991 3660 tritum
2038 3600 2113 3660 sit
2144 3609 2204 3660 et
2235 3600 2663 3660 Pontificiorum
2695 3604 2925 3680 scriptis

515 3685 939 3766 pervulgatum,
964 3685 998 3715 ‘⁴
1020 3681 1356 3740 Pontificem
1384 3681 1550 3739 Rom.
1584 3681 1774 3739 Deum
1802 3701 1927 3739 esse
1952 3681 2011 3738 in
2031 3681 2257 3740 terris.’'
2345 3681 2560 3741 Notum
2578 3690 2667 3740 est
2695 3684 2834 3760 quid
2862 3684 2923 3740 in

521 3768 795 3825 honorem
828 3763 979 3822 Sixti
1009 3760 1126 3820 IV.
1157 3762 1314 3818 arcui
1343 3761 1677 3838 triumphali
1713 3762 2051 3838 inscriptum
2080 3761 2267 3836 fuerit,

1089 3923 1298 3982 oraclo
1327 3921 1470 3978 vocis
1499 3921 1696 3979 mundi
1716 3921 2032 3979 moderaris
2058 3921 2318 3994 habenae,

1123 4003 1208 4058 Et
1233 4001 1428 4058 merito
1457 4001 1514 4058 in
1534 4002 1703 4058 terris
1730 4001 1974 4058 crederis
2002 4020 2115 4060 esse
2138 4003 2314 4058 Deus,

519 4167 738 4224 Notum
765 4161 908 4240 quid
950 4162 1011 4222 in
1054 4159 1259 4220 Glossa
1299 4159 1466 4217 Juris
1517 4159 1793 4218 Canonici
1833 4158 2127 4232 habeatur,
2178 4157 2421 4215 Extrav.
2468 4155 2513 4214 J
2515 4175 2642 4214 oan.
2676 4133 2921 4230 XX‘H„

519 4245 621 4303 ubi
648 4245 771 4302 haec
799 4245 1087 4318 leguntur,
1122 4242 1157 4272 ‘⁴
1177 4239 1422 4298 Credere
1455 4238 1767 4296 Dominum
1799 4237 1987 4294 Deum
2016 4245 2273 4294 nostrum
2299 4237 2535 4311 Papam,
2568 4234 2923 4292 conditorem

521 4322 690 4379 dictae
719 4321 1022 4379 decretalis
1050 4329 1107 4378 et
1154 4319 1340 4392 istius,
1371 4337 1488 4375 non
1517 4317 1600 4374 sic
1646 4315 1900 4392 potuisse
1947 4323 2215 4388 statuere,
2244 4323 2416 4391 prout
2446 4313 2664 4388 statuit,
2696 4314 2921 4372 haereti-

521 4419 652 4458 cum
681 4399 1038 4472 censeatur,’'
1091 4407 1148 4457 et
1175 4419 1248 4457 ne
1295 4397 1681 4473 adjectionem
1730 4394 1891 4452 vocis
1918 4396 2106 4452 Deum
2154 4394 2308 4452 dicat
2357 4393 2488 4470 quis
2518 4413 2642 4451 esse
2674 4401 2923 4450 erratum

521 4476 1020 4553 typographicam,
1055 4477 1116 4533 in
1155 4478 1428 4536 Censuris
1466 4477 1695 4535 Glossae
1734 4474 1775 4532 J
1781 4473 1899 4531 uris
1928 4473 2162 4548 Canon„
2206 4475 2375 4550 jussu
2408 4472 2497 4529 Pii
2529 4472 2605 4529 V.
2625 4471 2812 4544 editis,
2836 4473 2923 4528 ni-

517 4558 604 4616 hil
632 4562 912 4612 mutatum
961 4564 1066 4612 est.
1150 4555 1366 4614 Notum
1411 4555 1551 4632 quid
1597 4554 2033 4630 Christoplzorus
2076 4555 2401 4626 Marcellus,
2448 4552 2509 4608 in
2537 4551 2792 4610 oratione
2820 4552 2923 4608 ha-

518 4637 644 4698 bita
671 4651 863 4694 coram
918 4632 961 4691 J
963 4631 1081 4690 ulio
1127 4633 1211 4692 II.
1255 4635 1316 4692 in
1373 4634 1631 4692 Concilio
1681 4633 2073 4706 Lateranensi,
2103 4632 2315 4692 diserte
2362 4631 2640 4708 posuerit,
2672 4650 2813 4688 sess,
2844 4633 2921 4705 4.,
