3234 5192
548 289 628 345 32
1333 305 1412 343 m:
1443 303 1810 345 uecessAmA
1840 303 2189 346 secassross
2619 280 2875 362 [msrtrr.
2910 299 2978 342 11.

548 444 824 521 conjugii,
877 444 1038 504 Deus
1081 445 1293 523 quippe
1341 445 1402 503 in
1435 442 1731 523 Scriptura
1780 465 1841 504 se
1890 447 2177 524 Sponsum
2226 451 2485 502 nostrum
2532 463 2659 502 esse
2708 451 2972 503 testatur.

551 523 874 583 Ecclesiam
901 545 1042 584 vero
1081 525 1364 604 Sponsam
1393 545 1572 600 suam,
1605 545 1779 603 quam
1807 527 1869 583 in
1896 545 2137 584 uxorem
2166 525 2279 584 sibi
2306 523 2696 600 desponsavit,
2732 524 2877 581 Hos.
2910 525 2969 582 ii.

549 607 605 680 2,
655 606 746 680 16,
795 606 890 679 20,
937 605 1148 664 Ezech.
1194 606 1317 664 xvi.
1365 607 1420 665 8.
1505 606 1649 664 Ideo
1693 606 1865 664 toties
1908 605 2203 683 spirituale
2240 603 2588 662 adulterium
2642 604 2971 678 committit,

547 684 774 762 quoties
823 685 984 744 aliud
1019 686 1326 762 quicquam
1356 695 1563 763 praeter
1606 705 1809 744 verum
1858 686 2047 744 Deum
2095 685 2366 762 religioso
2396 683 2555 742 cultu
2582 684 2965 760 prosequitur,

547 785 663 843 quo
707 765 945 824 crimine
982 764 1206 824 nullum
1249 765 1409 825 aliud
1451 765 1689 842 gravius
1718 764 1843 822 dari
1867 775 2050 842 poteS,
2081 784 2188 823 nec
2216 762 2373 840 quod
2404 763 2592 821 acrius
2620 763 2967 840 zelotypiam

549 845 662 904 Dei
704 846 767 903 iu
812 845 1134 903 Ecclesiam
1183 845 1476 919 accendat,
1523 852 1590 902 ut
1636 845 1852 921 passim
1907 845 2063 921 apud
2118 844 2437 922 Prophetas
2480 843 2711 919 legitur.
2811 843 2970 902 Hinc

547 925 802 983 Thomas
831 928 886 1000 2,
919 928 974 982 2.
1005 943 1062 1000 q.
1093 926 1230 983 943.
1307 926 1342 957 ‘⁴
1366 924 1440 981 In
1465 924 1779 1001 peccatis,''
1837 924 2041 1001 inquit,
2076 927 2243 1001 “quae
2273 932 2472 982 contra
2495 923 2684 980 Deum
2706 923 2967 981 commit·

545 1011 763 1078 tuntur,
795 1023 925 1080 quae
965 1011 1160 1062 tamen
1188 1010 1323 1062 sunt
1349 1003 1619 1079 maxima,
1665 1004 2071 1080 gravissimnm
2112 1024 2240 1062 esse
2282 1003 2529 1076 videtur,
2562 1002 2717 1078 quod
2758 1003 2971 1078 aliquis

545 1084 823 1141 honorem
852 1082 1113 1141 divinum
1143 1091 1417 1142 creaturae
1445 1082 1785 1160 impendit.”
1894 1084 1956 1142 Si
1986 1104 2124 1161 ergo
2154 1083 2737 1142 demonstraverimus
2766 1081 2969 1140 Eccle-

548 1162 694 1220 siam
724 1162 1045 1220 Romanam
1090 1163 1364 1240 Papalem
1409 1182 1536 1222 esse
1586 1162 2021 1239 idololatricam,
2054 1183 2243 1222 causae
2290 1162 2437 1221 nihil
2463 1163 2579 1220 dici
2606 1162 2832 1239 poterit,
2864 1181 2971 1220 cur

548 1242 804 1318 Majores
830 1242 1012 1301 nostri
1053 1242 1127 1300 ab
1169 1263 1238 1302 ea
1278 1243 1545 1303 secedere
1587 1263 1705 1302 non
1746 1242 2066 1318 debuerint,
2098 1253 2157 1302 et
2198 1261 2315 1317 cur,
2347 1242 2519 1301 rebus
2548 1242 2631 1300 sic
2660 1241 2965 1316 stantibus,

546 1322 964 1399 impossibilem
992 1343 1109 1381 non
1150 1323 1409 1383 dicamus
1451 1343 1582 1382 cum
1627 1344 1696 1382 ea
1738 1324 2199 1401 syncretismum.
2286 1323 2561 1396 Quaenam
2590 1321 2743 1379 enim
2771 1331 2970 1399 posset

545 1421 672 1460 esse
701 1402 962 1479 legitima
988 1404 1338 1463 consociatio
1357 1407 1386 1462 Ρ
1467 1403 1743 1478 Quaenam
1772 1404 1909 1462 unio
1939 1423 2069 1462 cum
2098 1402 2373 1477 adultera,
2394 1401 2652 1478 quandiu
2679 1400 2883 1477 vigent
2911 1411 2970 1460 et

547 1481 758 1542 durant
784 1483 966 1560 ipsius
995 1484 1446 1542 fornicationes?
1491 1489 1526 1540 2
1559 1484 1709 1560 Reg.
1738 1483 1819 1540 ix.
1864 1487 1960 1556 22,
2007 1481 2159 1559 Apo.
2200 1483 2344 1540 xvii.
2394 1485 2451 1538 4.
2537 1481 2829 1540 Amoveat
2870 1501 2970 1539 eas

547 1570 606 1621 et
633 1562 832 1621 redeat
857 1563 918 1620 in
947 1563 1192 1640 gratiam
1220 1582 1351 1622 cum
1383 1559 1634 1620 Domino
1664 1582 1787 1637 suo,
1818 1570 1877 1620 et
1902 1562 2202 1620 nobiscum
2231 1563 2403 1620 etiam
2432 1581 2549 1638 pax
2589 1561 2715 1620 erit.

629 1641 750 1699 ΙΙΙ.
797 1641 925 1700 Etsi
953 1651 1145 1699 autem
1188 1642 1424 1718 majoris
1467 1642 1875 1717 propositionis
1920 1641 2134 1700 veritas
2178 1642 2260 1700 ita
2300 1641 2540 1700 evidens
2568 1649 2672 1716 est,
2703 1647 2769 1698 ut
2797 1659 2967 1698 nemo

546 1719 658 1778 nisi
688 1730 884 1797 aperte
911 1719 1218 1780 idololatra
1255 1721 1391 1778 huic
1432 1720 1709 1797 refragari
1741 1740 1911 1797 posse
1954 1721 2236 1796 videatur,
2282 1741 2408 1780 eam
2452 1729 2646 1779 tamen
2692 1720 2968 1778 intactam

545 1819 664 1856 non
708 1800 1041 1877 relinquunt
1108 1800 1440 1875 adversarii,
1503 1799 1606 1859 sed
1648 1800 2085 1878 quibuscunque
2130 1809 2372 1878 possunt
2418 1799 2607 1859 modis
2653 1799 2967 1876 infringere

547 1888 843 1938 conantur.
911 1880 1105 1938 Primo
1140 1880 1453 1956 Greyorius
1473 1883 1543 1939 de
1581 1881 1856 1956 Valentia,
1876 1881 1978 1939 lib.
2001 1880 2061 1938 ii.
2091 1880 2163 1939 de
2188 1881 2336 1939 Idol.
2356 1900 2480 1956 cap.
2513 1883 2568 1956 5,
2609 1879 2968 1956 distinguere

546 1978 663 2016 non
692 1959 978 2018 erubescit
1019 1961 1400 2018 idololatr-iam
1427 1960 1490 2017 in
1517 1961 1743 2036 licitam,
1774 1969 1832 2019 et
1872 1961 2138 2035 illicitam,
2170 1969 2228 2019 et
2256 1961 2329 2018 ad
2358 1969 2475 2018 tam
2504 1959 2783 2018 nefarium
2812 1979 2967 2017 com-

544 2047 802 2098 mentum
831 2039 1284 2098 confirmandum
1313 2040 1537 2099 trahere
1567 2049 1808 2100 conatur
1834 2041 2025 2098 locum
2059 2043 2087 2098 1
2112 2041 2266 2098 Petr.
2296 2040 2375 2097 iv.
2407 2043 2461 2113 3,
2493 2039 2595 2098 ubi
2623 2038 2969 2098 damnantur

549 2119 760 2194 ὶθίμιτα
790 2116 1203 2201 εἰδωλολατςιάιι,
1237 2119 1395 2197 quod
1423 2120 1498 2180 V.
1531 2120 1606 2179 V.
1650 2120 1842 2179 reddit
1884 2121 2099 2178 illicitos
2125 2121 2555 2178 simulacrorum
2583 2122 2775 2192 cultus,
2800 2120 2967 2196 quasi

545 2197 750 2258 illicita
798 2208 1023 2259 tantum
1062 2200 1391 2259 idololatria
1418 2200 1549 2278 lege
1582 2201 1696 2259 Dei
1723 2209 2034 2277 vetaretur,
2065 2219 2182 2259 non
2210 2219 2350 2259 vero
2379 2200 2553 2273 licita,
2584 2217 2715 2275 quse
2762 2219 2797 2256 a
2846 2199 2967 2257 suis

545 2288 899 2339 exerceatur.
952 2279 1023 2338 R.
1056 2281 1384 2339 Monstrum
1412 2279 1709 2356 doctrinae,
1755 2282 1923 2358 cujus
1969 2281 2158 2356 ipsum
2202 2279 2473 2338 Satanam
2500 2279 2715 2356 pudere
2744 2278 2961 2353 debuit,

543 2358 757 2418 nedum
777 2360 1070 2418 hominem
1093 2359 1515 2434 Christianum;
1561 2360 1611 2418 si
1638 2380 1778 2418 vero
1804 2361 1917 2418 hoc
1956 2359 2139 2418 credit
2167 2380 2298 2418 cum
2328 2359 2499 2417 sociis
2528 2358 2665 2433 suiS,
2710 2376 2812 2417 cur
2837 2367 2965 2416 tan-

544 2446 740 2515 topere
780 2438 1063 2514 laborant,
1093 2447 1158 2498 ut
1187 2459 1248 2498 se
1277 2439 1514 2498 crimine
1556 2439 1899 2498 idololatriae
1939 2439 2202 2515 liberent,
2234 2459 2337 2498 cur
2362 2438 2507 2498 adeo
2536 2438 2967 2496 excandescunt

543 2536 722 2595 quum
744 2517 1062 2577 idololatrae
1090 2527 1387 2594 vocantur,
1417 2539 1608 2577 nonne
1650 2519 1818 2577 facile
1860 2537 1921 2578 se
1950 2519 2060 2577 hac
2107 2519 2475 2579 distinctione
2518 2517 2790 2595 expedire
2831 2537 2963 2594 pos·

543 2600 728 2656 sunt?
813 2597 929 2657 Sed
956 2599 1087 2674 quis
1115 2598 1261 2658 ferat
1288 2599 1540 2658 hominis
1567 2598 1849 2657 insaniam
1866 2602 1895 2657 Ρ
1978 2598 2155 2673 Quasi
2184 2600 2453 2676 epitheta,
2487 2619 2615 2676 quae
2644 2599 2815 2656 rebus
2844 2598 2962 2674 sig-

541 2675 846 2736 nificandis
898 2676 1261 2753 adhibentur,
1321 2686 1514 2738 essent
1569 2698 1795 2756 semper
1845 2677 2148 2759 διικςιτιιιὶ,
2179 2699 2294 2736 non
2362 2699 2501 2737 vero
2570 2679 2743 2738 etiam
2812 2697 2964 2753 saepe

541 2758 820 2833 ὂξηγπιιὸ,
852 2757 928 2816 ad
968 2759 1366 2818 distinctionem
1419 2765 1662 2834 tantum,
1694 2779 1809 2818 non
1838 2758 1975 2817 item
2010 2759 2085 2817 ad
2112 2760 2612 2852 amplificationem,
2658 2756 2967 2817 concludat

541 2859 681 2916 ergo
709 2839 833 2916 pari
859 2839 1080 2899 ratione
1108 2848 1440 2917 peccatores
1467 2838 1747 2915 quosdam
1776 2839 1899 2896 dari
1928 2839 2072 2916 pios,
2105 2839 2241 2915 quia
2258 2839 2543 2916 judicium
2575 2839 2685 2898 Dei
2708 2837 2963 2896 futurum

541 2917 753 2979 dicitur
773 2919 1052 2980 adversus
1069 2929 1396 2997 peccatores
1416 2919 1631 2996 impios,
1657 2919 1701 2979 J
1704 2918 1799 2978 ud.
1829 2921 1901 2977 15
1918 2941 1931 2995 3
1966 2919 2134 2996 quasi
2154 2918 2427 2978 darentur
2448 2918 2678 2995 optimae
2695 2917 2961 2995 quaedam

541 2999 1013 3076 abominationes,
1045 3001 1182 3078 quia
1207 3000 1586 3078 pessimarum
1634 3000 1701 3060 fit
1727 2999 1945 3059 mentio
1990 3000 2200 3059 Ezech.
2229 2998 2351 3058 viii.
2399 2999 2471 3074 93
2502 2998 2669 3075 quasi
2697 2996 2961 3074 quaedam

541 3087 740 3156 stupra
767 3089 826 3138 et
855 3081 1071 3138 scelera
1097 3080 1258 3139 licita
1286 3102 1412 3141 esse
1445 3081 1643 3140 Cicero
1670 3081 1950 3156 innueret,
1974 3081 2113 3158 quia
2138 3099 2242 3156 pro
2272 3078 2493 3136 Milone
2520 3077 2745 3151 nefaria
2764 3086 2965 3152 stupra

541 3165 600 3214 et
627 3159 853 3230 nefaria
877 3161 1090 3216 scelera
1120 3159 1306 3217 Clodii
1335 3169 1524 3219 vocat.
1609 3160 1753 3234 Quis
1781 3180 1920 3219 vero
1941 3181 2057 3219 non
2085 3159 2247 3218 videt
2270 3158 2523 3231 Petrum,
2554 3157 2665 3214 hoc
2686 3155 2961 3232 epithetO,

542 3235 687 3291 nihil
731 3235 892 3292 aliud
945 3255 1118 3311 quam
1173 3237 1450 3295 nefariam
1504 3248 1563 3296 et
1609 3237 1884 3295 infamem
1930 3238 2250 3296 Gentilium
2298 3234 2682 3294 idololatriam
2730 3251 2968 3308 carpere

540 3311 813 3387 voluisse,
859 3320 918 3371 et
945 3313 1290 3388 gravitatem
1317 3316 1465 3373 tanti
1492 3315 1749 3372 criminis
1790 3316 2113 3374 describere
2132 3317 2161 3371 1³

625 3391 736 3449 IV.
789 3409 852 3450 11.
885 3392 1092 3468 Excip.
1123 3392 1520 3452 Idololatriam
1548 3413 1665 3450 non
1694 3411 1821 3451 esse
1850 3392 2225 3452 sufficientem
2253 3389 2595 3449 secessionis
2622 3409 2872 3451 causam.
2907 3397 2961 3454 1.

545 3469 696 3543 Quia
713 3478 933 3528 certum
945 3480 1034 3531 est
1056 3472 1376 3530 Ecclesiam
1400 3472 1781 3531 Israeliticam
1801 3491 1951 3549 saepe
1974 3472 2035 3530 in
2064 3469 2449 3530 idololatriam
2467 3490 2591 3530 esse
2612 3470 2957 3549 prolapsam,

544 3568 652 3609 nec
679 3557 875 3608 tamen
915 3550 1012 3610 vel
1056 3551 1184 3628 pios
1231 3552 1306 3610 ab
1348 3572 1418 3611 ea
1459 3551 1843 3612 secessionem
1882 3552 2077 3611 statim
2106 3551 2329 3626 fecisse,
2359 3551 2457 3609 vel
2487 3551 2677 3610 Deum
2702 3551 2814 3610 hoc
2843 3553 2961 3611 illis

543 3629 902 3708 praecepisse.
987 3635 1042 3689 2.
1074 3631 1265 3690 Eliam
1282 3651 1400 3692 non
1427 3633 1733 3692 recessisse
1761 3633 1835 3693 ab
1856 3631 2119 3692 Ecclesia
2150 3631 2485 3707 Israelitica,
2515 3633 2653 3691 licet
2682 3652 2743 3690 se
2772 3632 2957 3691 solum

542 3711 808 3770 relictum
837 3730 964 3770 esse
992 3719 1235 3789 putaret,
1258 3712 1360 3789 qui
1379 3732 1581 3772 verum
1604 3713 1791 3772 Deum
1811 3714 2041 3789 coleret,
2076 3716 2105 3771 1
2140 3713 2288 3790 Reg.
2316 3712 2441 3787 xix,
2472 3733 2579 3772 nec
2608 3721 2827 3789 septem
2854 3712 2957 3772 illa

543 3791 728 3850 millia
755 3810 886 3869 quae
919 3810 1110 3869 genua
1136 3812 1252 3851 non
1281 3791 1564 3852 flexerant
1593 3793 1778 3870 Baali,
1809 3794 1947 3853 licet
1984 3793 2250 3853 Ecclesia
2277 3792 2379 3852 illa
2410 3793 2771 3852 idololatrica
2812 3791 2958 3851 foret

544 3881 604 3932 et
631 3871 1078 3950 corruptissima.
1163 3877 1218 3933 3.
1250 3872 1456 3948 Azam,
1488 3873 1532 3934 J
1535 3874 1893 3951 osaphatum‚
1925 3873 1969 3934 J
1971 3894 2191 3949 oazum,
2224 3872 2545 3949 Amaziam,
2577 3871 2869 3946 Azariam,
2900 3881 2958 3930 et

545 3952 690 4012 alios
737 3973 908 4030 reges
953 3952 1249 4030 celebrari,
1300 3953 1459 4032 quod
1505 3954 1931 4013 ambulaverint
1975 3963 2131 4014 recto
2178 3953 2325 4030 pede
2367 3973 2557 4012 coram
2611 3953 2737 4010 Deo
2778 3951 2959 4010 instar

547 4031 810 4109 Davidis,
841 4033 944 4110 qui
970 4042 1163 4093 tamen
1191 4033 1439 4110 excelsa,
1470 4033 1531 4091 in
1559 4034 1773 4111 quibus
1800 4033 1989 4092 adhuc
2016 4033 2373 4092 sacrificabat
2401 4033 2665 4111 populus,
2696 4051 2813 4090 non
2832 4049 2954 4090 sus-

544 4113 813 4189 tulerant,
844 4116 872 4171 1
908 4113 1055 4192 Reg.
1085 4133 1187 4172 xv.
1215 4117 1306 4189 14,
1327 4123 1386 4174 et
1406 4113 1552 4172 xxii.
1572 4117 1668 4190 43,
1694 4118 1731 4172 2
1763 4114 1911 4190 Reg.
1940 4113 2043 4173 xii.
2075 4116 2129 4189 3,
2152 4122 2211 4173 et
2227 4133 2327 4172 xv.
2350 4115 2408 4188 4,
2434 4117 2468 4171 2
2490 4114 2701 4171 Chron.
2724 4131 2825 4169 xv.
2860 4114 2953 4186 17,

545 4199 603 4250 et
631 4213 733 4252 xx.
773 4196 870 4253 33.
955 4193 1170 4270 Quidni
1197 4215 1336 4272 ergo
1373 4194 1667 4272 potuerint
1692 4195 1923 4270 ὀπίμια-αι
1944 4200 2002 4252 et
2022 4193 2254 4268 abusus,
2287 4193 2336 4252 si
2364 4193 2463 4269 qui
2502 4201 2681 4267 erant,
2712 4191 2958 4268 relinqui

545 4269 607 4326 in
635 4269 898 4332 Ecclesia
925 4274 1204 4350 Romana,
1235 4273 1400 4333 salva
1425 4281 1620 4335 tamen
1648 4272 1999 4334 conscientia
2017 4275 2046 4330 Ρ
2113 4279 2170 4331 4.
2214 4274 2268 4331 N
2271 4293 2563 4332 aamanem
2600 4272 2812 4349 Syrum
2833 4271 2957 4348 jam

545 4366 888 4407 conversum
929 4373 1055 4414 sese
1095 4355 1432 4414 incurvasse
1459 4354 1522 4412 in
1559 4354 1682 4412 aede
1725 4351 2064 4428 Rimmonis,
2108 4372 2241 4412 cum
2289 4373 2393 4412 rex
2420 4371 2611 4411 coram
2640 4351 2797 4409 idolo
2825 4370 2956 4426 pro·

545 4426 856 4504 cumberet,
878 4448 1064 4508 neque
1080 4434 1240 4494 hoca
1264 4435 1545 4514 propheta
1561 4433 1916 4512 prohibitum
1944 4433 2139 4510 fuisse,
2162 4433 2265 4512 qui
2286 4453 2416 4492 eum
2444 4432 2504 4490 in
2532 4451 2673 4509 pace
2700 4429 2955 4505 dimittit,

543 4509 582 4565 2
609 4505 756 4598 Reg.
779 4525 838 4564 v.
862 4510 952 4582 18,
972 4512 1043 4568 19
1065 4533 1078 4586 ;
1109 4513 1262 4573 idem
1280 4535 1421 4594 ergo
1442 4523 1501 4575 et
1527 4513 1697 4574 nobis
1711 4514 1903 4574 licere.
1936 4517 1991 4574 5.
2022 4513 2343 4574 Ecclesiam
2372 4512 2418 4573 J
2418 4512 2685 4571 udai'cam
2704 4519 2960 4587 tempore

541 4585 759 4646 Christi
785 4588 1270 4665 corruptissimam
1298 4595 1474 4656 fuisse
1502 4604 1560 4655 et
1586 4595 1649 4654 in
1688 4594 1803 4656 fide
1832 4604 1889 4655 et
1919 4595 1978 4653 in
2022 4593 2295 4670 moribus,
2338 4591 2573 4652 domum
2604 4591 2717 4650 Dei
2742 4591 2805 4648 in
2832 4609 2960 4667 spe-
