3234 5192
448 360 565 417 120
1222 372 1299 412 nn
1328 370 1694 413 nscessnau
1725 371 2072 413 snex-:ssione
2509 349 2770 433 [msrur.
2803 372 2860 412 v.

447 516 620 576 liensi
661 515 987 575 communio
1029 514 1138 574 sub
1178 522 1424 591 utraque
1465 512 1672 592 specie,
1717 512 1872 571 unde
1914 512 2055 573 dieti
2096 512 2254 573 fuere
2301 512 2592 591 Calatini,
2623 512 2729 573 sed
2754 514 2864 573 hoc

448 599 623 657 etiam
665 596 806 673 ipsis
846 604 1049 673 postea
1087 602 1381 672 negatum.
1466 593 1638 668 Quod
1680 593 1730 651 si
1769 594 1956 653 velint
1995 595 2163 653 nobis
2203 594 2568 672 persuadere,
2613 614 2675 653 se
2715 595 2870 653 bona

448 678 581 753 fide,
628 686 687 735 et
732 696 851 735 non
898 676 1051 734 malo
1095 676 1287 734 animo
1332 675 1443 734 hoe
1486 674 1765 752 polliceri,
1809 694 2043 733 manum
2087 695 2228 752 ergo
2292 674 2453 751 operi
2499 675 2864 735 admoveant.

452 756 769 816 Praedietos
834 776 1055 815 errores
1112 755 1421 815 reformare
1469 754 1787 831 incipiant3
1871 754 2080 814 tollant
2125 776 2156 813 e
2201 755 2434 832 templis
2480 755 2762 833 imagines
2810 763 2870 814 et

450 858 647 897 earum
696 838 932 913 cultum,
984 836 1141 913 quod
1192 856 1329 895 sane
1375 835 1696 893 maximum
1749 834 1880 911 paci
1935 835 2296 894 obstaculum
2354 854 2580 913 semper
2633 835 2863 911 attulit3

449 918 697 978 reddant
725 916 1181 975 communionem
1219 916 1327 975 sub
1368 923 1611 992 utraque
1655 914 1845 992 specie
1886 935 1921 974 a
1965 915 2196 974 Christo
2224 915 2563 991 institutam,
2596 924 2656 975 et
2695 915 2867 975 toties

452 1020 489 1058 a
531 998 888 1076 principibus
929 1006 987 1056 et
1026 996 1255 1074 populis
1298 996 1611 1074 expetitam
1639 1017 1654 1072 ;
1719 995 2088 1055 vernaculam
2117 995 2379 1073 linguam
2405 996 2468 1054 in
2497 995 2678 1055 sacris
2707 996 2868 1053 adhi-

452 1080 645 1153 beant,
677 1096 749 1136 ne
778 1077 1026 1155 populus
1055 1076 1272 1135 serviat
1299 1077 1426 1135 Deo
1454 1076 1656 1153 ignoto
1685 1095 1817 1134 cum
1845 1074 2321 1153 Atheniensibus,
2353 1076 2456 1135 sed
2483 1076 2684 1135 adoret
2711 1075 2867 1153 qnod

451 1158 770 1237 cognoscit,
820 1158 864 1217 J
868 1158 962 1217 oh.
1016 1158 1097 1215 iv.
1154 1160 1250 1216 22.
1364 1155 1648 1214 Infamem
1715 1155 2206 1232 indulgentiarum
2260 1156 2751 1232 nundinationem,
2809 1164 2868 1214 et

452 1260 644 1299 rerum
673 1258 962 1298 sacrarum
992 1236 1380 1313 venalitatem,
1426 1255 1556 1313 quae
1602 1236 1896 1296 Simonem
1941 1236 2184 1313 Magum
2207 1244 2498 1295 auctorem
2528 1236 2719 1311 habet,
2749 1256 2869 1295 non

458 1321 753 1381 Simonem
798 1319 1049 1393 Petrum,
1092 1317 1337 1393 tollant3
1402 1325 1541 1376 vota
1581 1316 1902 1375 monastiea
1943 1315 2260 1393 abrogent3
2305 1326 2664 1379 sacramenta
2699 1317 2866 1375 redu-

453 1409 589 1461 eant
616 1399 693 1459 ad
719 1398 1018 1476 antiquum
1046 1417 1365 1474 numerum,
1394 1417 1565 1456 usum
1607 1406 1666 1456 et
1693 1396 1945 1471 modum,
1977 1406 2148 1473 prout
2175 1417 2210 1455 a
2239 1397 2465 1457 Christo
2494 1398 2678 1475 liquet
2703 1396 2868 1455 insti·

453 1490 581 1541 tuta
607 1480 803 1555 fuisse,
834 1489 893 1539 et
919 1480 992 1538 ab
1023 1478 1325 1556 Apostolis
1368 1478 1674 1537 celebrata.
1758 1476 2029 1555 Vigilias,
2065 1478 2308 1555 jejunia,
2352 1478 2868 1555 peregrinationes,

453 1571 514 1621 et
540 1562 685 1620 alios
714 1559 776 1618 id
802 1579 987 1637 genus
1014 1578 1235 1618 errores
1264 1558 1602 1635 complures,
1628 1564 1686 1617 et
1713 1558 1860 1617 ritus
1886 1558 2261 1634 voluntarios,
2285 1577 2402 1615 non
2427 1556 2682 1616 ludicros
2703 1557 2874 1615 modo

456 1650 515 1701 et
535 1641 801 1719 pueriles,
828 1639 930 1697 sed
951 1638 1159 1715 impios
1186 1648 1245 1697 et
1271 1638 1681 1713 idololatr-icos,
1713 1638 2022 1714 corrigant.
2065 1638 2228 1695 Tune
2257 1636 2476 1713 aequius
2497 1636 2784 1714 judicium
2801 1636 2874 1693 de

456 1730 580 1781 toto
609 1721 719 1779 hoc
748 1719 989 1777 consilio
1018 1719 1155 1777 ferri
1182 1718 1409 1795 poterit.
1496 1717 1615 1777 Sed
1657 1719 1794 1777 dum
1835 1719 1983 1776 nihil
2019 1718 2210 1775 minus
2235 1736 2408 1794 quam
2438 1717 2561 1775 haec
2589 1716 2650 1773 in
2677 1716 2870 1775 animo

454 1802 669 1861 habere
719 1800 965 1857 Romam
1012 1798 1203 1876 palam
1258 1807 1364 1875 est,
1410 1798 1549 1857 dum
1592 1807 1793 1857 contra
1834 1798 2164 1876 superstitio
2205 1796 2464 1875 quotidie
2505 1805 2767 1873 augetur,
2808 1804 2868 1855 et

460 1899 682 1940 errores
746 1887 974 1937 veteres
1036 1878 1223 1955 magis
1284 1878 1587 1956 magisque
1658 1878 2084 1953 confirmantur,
2131 1878 2281 1955 quis,
2338 1877 2449 1936 nisi
2504 1878 2604 1953 qui
2660 1883 2866 1954 sponte

457 1959 710 2020 voluerit
754 1958 1005 2037 seipsum
1048 1958 1328 2036 decipere,
1373 1979 1491 2017 non
1532 1959 1838 2018 adducitur
1879 1960 1954 2018 ad
1995 1957 2360 2033 credendum,
2405 1958 2604 2016 inanes
2645 1976 2772 2015 esse
2814 1967 2874 2015 et

458 2042 635 2100 falsas
682 2040 829 2098 tales
877 2058 1076 2098 omnes
1123 2039 1549 2116 promissiones,
1602 2060 1732 2117 quae
1781 2040 2040 2117 speciose
2077 2038 2309 2115 quidem
2359 2037 2745 2098 obtruduntur
2797 2036 2874 2095 ad

457 2120 858 2199 illaqueandos
886 2119 1161 2194 infirmos„
1192 2120 1295 2179 sed
1322 2140 1452 2197 quae
1494 2120 1670 2179 irritae
1713 2140 1938 2196 semper
1975 2119 2180 2178 futurae
2211 2126 2361 2196 sunt,
2390 2127 2456 2178 ut
2484 2118 2714 2178 fuerunt
2737 2118 2874 2177 hac-

458 2210 629 2263 tenus
657 2200 785 2260 aliae
815 2220 1031 2275 omnes,
1062 2220 1192 2277 quae
1219 2200 1279 2257 in
1308 2200 1484 2259 simili
1510 2200 1745 2278 negotio
1775 2200 1899 2258 dari
1926 2207 2236 2277 potuerunt
2255 2204 2284 2259 ‘r‘

542 2281 897 2340 XXXVII.
942 2281 1163 2339 Verum
1206 2280 1408 2339 demus
1450 2282 1624 2340 etiam
1651 2280 1911 2359 praestari
1939 2278 2098 2357 quod
2123 2280 2495 2356 promittitur.
2580 2278 2680 2338 An
2706 2299 2876 2357 prop·

460 2370 617 2422 terea
646 2361 907 2420 confecta
932 2380 1025 2419 res
1052 2360 1177 2436 erit,
1209 2370 1269 2419 et
1297 2360 1618 2420 Reformati
1644 2368 1916 2439 poterunt
1943 2361 2039 2419 vel
2080 2358 2374 2419 debebunt
2401 2380 2597 2419 aurem
2624 2360 2880 2437 praebere

462 2442 720 2501 consiliis
746 2441 875 2500 istis
906 2441 1211 2500 Henoticis
1231 2443 1261 2498 Ρ
1341 2441 1502 2499 Nihil
1540 2442 1732 2501 minus
1755 2464 1770 2518 ς
1815 2441 2028 2518 quippe
2057 2440 2108 2499 si
2134 2449 2398 2499 accurate
2439 2460 2560 2499 rem
2588 2448 2876 2517 putamuS,

464 2522 793 2581 videbimus
820 2520 1053 2598 quidem
1082 2520 1363 2580 nonnulla
1389 2521 1652 2595 emolliri,
1684 2530 1744 2581 et
1782 2522 1844 2579 in
1887 2520 2137 2598 speciem
2167 2520 2394 2597 corrigi,
2439 2520 2543 2578 sed
2570 2519 2881 2578 minutiora

462 2610 522 2661 et
547 2602 785 2660 levioris
814 2600 1105 2677 momenti,
1137 2622 1267 2679 quae
1295 2601 1371 2660 ad
1396 2601 1543 2661 ritus
1570 2609 1843 2661 externos
1891 2610 1950 2661 et
1996 2600 2256 2677 regimen
2301 2598 2664 2677 potissimum
2705 2599 2878 2676 perti-

460 2691 638 2759 nent3
684 2682 787 2741 sed
821 2681 969 2740 nihil
997 2682 1211 2740 remitti
1238 2689 1433 2741 tamen
1454 2682 1526 2739 de
1567 2680 1873 2760 praecipuis
1915 2690 1972 2741 et
1999 2681 2342 2758 capitalibus
2382 2679 2690 2753 erroribuS,
2733 2680 2880 2737 nihil

463 2763 537 2823 de
564 2762 925 2822 auctoritatis
968 2762 1289 2821 Pontificius
1331 2761 1738 2838 fundamentiS,
1764 2782 1912 2840 quae,
1943 2770 2010 2821 ut
2042 2762 2262 2840 justam
2305 2758 2617 2818 secessioni
2645 2778 2880 2817 eausam

462 2844 537 2903 ab
578 2844 743 2903 initio
786 2844 1173 2921 praebuerunt,
1204 2842 1287 2901 ita
1314 2842 1487 2902 rebus
1516 2862 1742 2921 semper
1770 2843 1852 2902 sic
1883 2842 2170 2902 stantibus
2211 2837 2576 2918 syncretismi
2601 2834 2882 2914 ιδωιμιαν

462 2925 756 2984 evincunt.
842 2924 996 2999 Quid
1024 2924 1177 2982 enim
1198 2923 1435 3001 juvabit
1471 2923 1932 2983 communionem
1961 2922 2070 2982 sub
2111 2930 2353 2999 utraque
2383 2919 2572 2996 specie
2601 2918 2876 2995 obtinere,

462 3024 627 3064 sacra
687 3005 1000 3064 vernacula
1039 3005 1242 3082 lingua
1282 3024 1574 3081 peragere,
1620 3004 1905 3082 imagines
1947 3023 1980 3061 e
2021 3002 2252 3079 templis
2293 3000 2512 3073 tollere,
2565 3006 2624 3057 et
2665 3000 2778 3057 alia
2817 2998 2880 3057 id

463 3103 649 3162 genus
676 3086 889 3144 mutari
915 3085 1013 3143 vel
1054 3085 1377 3159 incrustari,
1422 3086 1473 3143 si
1514 3084 1794 3144 retinetur
1834 3103 2060 3161 semper
2099 3079 2728 3141 transsubstantiationis
2771 3079 2879 3157 fig-

462 3174 737 3237 mentum,
769 3163 986 3222 idolum
1016 3164 1393 3240 missaticum,
1416 3165 1686 3223 meritum
1729 3183 1983 3240 operum,
2023 3161 2478 3221 satisfactionum
2501 3160 2882 3220 humanarum

463 3243 796 3317 necessitati,
826 3244 1147 3318 purgatorii
1190 3244 1468 3320 doctrina,
1499 3242 1736 3302 traditio
1763 3256 2014 3322 «γραφη,
2045 3242 2236 3301 cultus
2265 3250 2324 3301 et
2365 3240 2660 3301 veneratio
2707 3242 2882 3300 Sanc-

463 3330 670 3393 torum,
714 3320 1051 3395 tyrannicus
1094 3322 1393 3380 Pontificis
1413 3322 1710 3399 primatus,
1725 3330 1785 3381 et
1805 3333 2013 3380 caetera
2033 3321 2376 3397 istiusmodi,
2400 3341 2545 3399 quse,
2567 3321 2732 3379 salva
2747 3341 2881 3380 con-

464 3399 723 3474 scientia,
746 3418 1040 3476 nunquam
1068 3400 1165 3457 vel
1194 3401 1371 3477 recipi
1392 3401 1489 3459 vel
1506 3401 1802 3460 observari
1821 3421 1854 3459 a
1869 3400 2040 3459 nobis
2056 3404 2364 3477 poterunt?
2419 3402 2565 3459 Haec
2587 3420 2724 3459 sane
2742 3402 2884 3460 talia

466 3486 618 3554 sunt,
662 3487 728 3537 ut
770 3478 943 3537 etiam
986 3478 1217 3555 singula
1258 3479 1566 3538 secedendi
1606 3480 2009 3540 necessitatem
2050 3480 2218 3540 nobis
2261 3481 2634 3559 imponerent,
2665 3489 2883 3558 quanto

463 3559 653 3637 magis
696 3558 833 3617 dum
876 3558 1070 3617 omnia
1107 3558 1223 3617 hue
1264 3559 1494 3636 agmine
1536 3559 1689 3619 facto
1731 3570 2081 3620 concurrunt
2100 3564 2128 3619 ?
2211 3562 2302 3621 De
2340 3562 2583 3621 veritate
2626 3561 2739 3620 Dei
2767 3582 2884 3620 non

464 3648 553 3700 est
581 3638 1052 3715 transigendum3
1097 3658 1225 3697 eam
1266 3658 1383 3697 non
1421 3640 1613 3717 habet,
1645 3640 1748 3717 qui
1773 3648 1953 3701 totam
1982 3660 2100 3700 non
2125 3642 2320 3701 habet.
2367 3642 2451 3703 Ut
2479 3642 2742 3701 Christus
2769 3662 2886 3701 non

460 3746 768 3801 μιμιςιποιι,
840 3722 869 3778 1
917 3719 1047 3778 Cor.
1088 3720 1127 3777 i.
1177 3721 1268 3795 13,
1325 3720 1409 3778 ita
1472 3740 1581 3780 nec
1620 3721 1846 3780 .veritas
1873 3723 2034 3800 ejus;
2079 3742 2223 3799 pura
2250 3721 2424 3783 debet
2451 3742 2594 3797 esse,
2639 3732 2699 3781 et
2738 3723 2885 3782 inte-

466 3822 588 3880 gra,
620 3822 727 3859 nee
756 3799 1027 3859 contrarii
1054 3800 1368 3858 mixturam
1410 3800 1557 3860 ferre
1599 3809 1808 3879 potest,
1851 3802 2006 3861 unde
2048 3802 2262 3863 frustra
2303 3810 2440 3861 sunt
2467 3803 2568 3879 qui
2595 3822 2723 3862 eam
2753 3823 2883 3863 cum

464 3881 767 3941 mendacio
798 3900 1139 3957 componere
1168 3888 1458 3957 satagunt.

548 3961 938 4020 XXXVIII.
986 3960 1072 4020 Ut
1112 3980 1251 4037 ergo
1294 3979 1412 4019 rem
1457 3960 1519 4018 in
1570 3981 1758 4038 pauca
1805 3964 2233 4037 contrahamuS,
2282 3960 2531 4021 dicimus
2579 3982 2778 4021 veram
2826 3970 2886 4021 ct

466 4042 777 4103 salutarem
804 4042 1077 4100 unionem
1108 4039 1561 4099 Christianorum
1603 4061 1726 4100 rem
1769 4062 1898 4102 esse
1939 4044 2172 4121 quidem
2219 4041 2512 4119 optimam,
2545 4062 2676 4119 quae
2706 4063 2741 4100 a
2767 4041 2881 4101 sin-

466 4122 622 4200 gulis
650 4122 837 4200 optari
866 4122 1091 4197 debeat,
1138 4119 1242 4179 sed
1268 4140 1397 4197 quae
1438 4128 1651 4197 tamen,
1683 4123 1857 4181 rebus
1899 4122 1983 4183 sie
2026 4122 2329 4198 stantibuS,
2373 4120 2449 4180 sit
2490 4122 2882 4199 impossibilia,

466 4212 525 4262 et
552 4222 587 4260 a
614 4203 841 4262 nemine
871 4220 1005 4261 vere
1034 4202 1130 4279 pio
1159 4208 1217 4259 et
1239 4200 1474 4260 cordato
1496 4202 1714 4279 sperari
1731 4204 1931 4279 possit.
2014 4204 2163 4263 Nam
2192 4222 2300 4261 nec
2329 4202 2592 4261 Romana
2621 4202 2883 4260 Ecclesia

466 4302 661 4359 parem
690 4282 959 4357 admittit,
990 4302 1099 4341 nee
1142 4281 1492 4341 Reformatae
1533 4292 1778 4361 possunt
1819 4304 2130 4360 agnoscere
2159 4283 2530 4361 superiorem.
2581 4282 2694 4339 Illa
2720 4281 2884 4358 leges

467 4359 605 4418 dare
652 4370 719 4420 ut
764 4362 998 4420 domina
1066 4370 1124 4421 et
1166 4382 1283 4421 non
1325 4362 1583 4440 accipere
1626 4372 1690 4423 ut
1731 4382 1893 4422 soror
1931 4372 1990 4422 et
2027 4364 2184 4423 socia
2223 4364 2418 4438 vellet,
2450 4372 2509 4422 et
2549 4381 2610 4420 se
2652 4360 2886 4437 gravari

467 4448 635 4517 putat
661 4440 773 4497 nisi
792 4442 1132 4517 dominetur,
1156 4469 1245 4503 και
1264 4466 1299 4501 u
1318 4470 1390 4519 μη
1409 4468 1620 4524 regumn
1649 4469 1874 4521 πιμπαι
1903 4450 2128 4526 ὕβρι-θαι
2156 4440 2293 4503 δοκιῖ
2311 4468 2325 4523 ;
2355 4444 2481 4504 istae
2509 4461 2649 4502 Vero
2671 4442 2882 4519 jugum

468 4518 629 4577 illius
657 4518 803 4577 ferre
832 4539 939 4579 nec
966 4524 1172 4581 volunt
1212 4544 1319 4583 nec
1357 4525 1588 4585 debent.
1675 4526 1888 4584 Fateor
1936 4544 2074 4584 sane
2121 4544 2416 4603 nunquam
2464 4542 2666 4601 pacem
2715 4543 2885 4601 repu-

470 4597 743 4656 diandam
772 4618 915 4673 esse,
948 4602 998 4657 si
1026 4603 1207 4678 aequis
1236 4604 1664 4665 conditionibus
1706 4604 1994 4680 offeratur,
2039 4615 2098 4665 et
2125 4604 2250 4665 sine
2278 4604 2510 4681 pietatis
2538 4612 2597 4663 et
2624 4604 2887 4663 veritatis

470 4678 809 4758 dispendi03
855 4680 944 4737 sin
974 4700 1112 4738 vero
1140 4682 1287 4739 nihil
1317 4684 1475 4742 aliud
1504 4684 1799 4761 quaeritur,
1831 4704 2002 4760 quam
2028 4694 2092 4744 ut
2113 4683 2189 4742 ad
2209 4684 2410 4743 eadem
2428 4684 2680 4758 vincula,
2705 4684 2884 4743 servi-
