3234 5192
519 345 594 401 82
1306 359 1384 398 m:
1414 358 1776 401 xscsssanm
1807 360 2156 401 sucessimus·
2552 341 2812 423 [msrur.
2848 360 2928 403 tv.

518 501 933 560 discussionem
978 507 1037 559 et
1080 499 1471 577 cognitionem
1507 500 1779 577 postulat,
1824 509 1998 579 atque
2042 501 2125 560 ita
2150 521 2268 560 non
2311 501 2796 580 compendiosam,
2829 502 2932 562 sed

515 581 912 657 longissimam
941 580 1197 638 omnium
1224 580 1380 637 viam
1408 580 1746 657 praescribit.

520 686 579 731 In
610 687 840 743 religione
898 700 996 731 non
1120 660 1203 717 X.
1252 658 1368 719 Sed
1423 660 1472 717 si
1514 661 1573 717 in
1606 661 1718 718 1108
1766 660 1952 736 capite
2001 660 2394 719 fraudulenter
2440 662 2565 738 agit
2605 670 2824 737 auctor,
2869 670 2934 721 ιιι

573 750 801 817 8881191119
816 746 899 815 ,εει
918 758 1003 798 per
1044 739 1491 817 simplicioribus
1530 740 1803 816 imponat,
1835 760 1952 798 non
1980 740 2286 819 sequiorem
2317 760 2378 799 se
2406 742 2624 818 praebet
2651 742 2712 799 in
2734 742 2932 816 altem,

581 808 873 859 P‘aeJu‘hma·
1045 818 1203 896 quod
1230 827 1391 878 tanto
1437 828 1716 896 apparatu
1753 828 1937 896 urget,
1969 820 2106 878 dum
2125 822 2466 897 praejudicia
2494 821 2656 879 varia
2698 822 2934 897 conqui-

514 898 606 972 rit,
638 898 849 973 quibus
874 898 1176 976 religionis
1201 907 1412 957 nostrae
1433 898 1838 973 innocentiam,
1871 900 1920 957 si
1940 908 2148 976 potest,
2180 901 2402 975 obruat,
2434 900 2590 976 quod
2617 920 2734 959 non
2761 900 2934 958 modo

520 998 555 1035 a
576 977 822 1054 justitia,
866 977 970 1035 scd
1003 986 1061 1036 et
1102 998 1137 1036 a
1178 978 1503 1037 sinceritate
1546 978 1959 1037 alienissimum
1989 989 2097 1037 est.
2173 980 2322 1037 Nam
2373 981 2421 1037 si
2465 980 2578 1057 ipsi
2606 979 2933 1057 philosophi

518 1056 870 1135 praejudiciis
898 1066 1031 1116 ante
1060 1057 1252 1115 omnia
1274 1058 1634 1116 liberandam
1663 1076 1790 1116 esse
1817 1067 2068 1117 mentem
2097 1060 2379 1133 sanciunt,
2409 1069 2476 1118 ut
2503 1060 2660 1117 clara
2686 1059 2770 1117 rei
2797 1080 2932 1136 cog-

518 1136 664 1196 nitio
692 1135 988 1211 habeatur‚
1020 1145 1078 1195 et
1106 1138 1178 1195 de
1207 1157 1275 1195 ea
1295 1137 1581 1213 judicium
1608 1146 1829 1197 rectum
1858 1147 1917 1197 8ι
1945 1158 2147 1197 sanum
2181 1139 2318 1197 ferri
2344 1148 2535 1215 queat,
2568 1138 2698 1214 quis
2737 1139 2934 1197 credat

521 1216 582 1274 in
622 1216 920 1293 religionis
962 1216 1207 1292 delectu,
1240 1237 1369 1294 quae
1411 1237 1503 1275 res
1545 1216 1802 1275 omnium
1844 1226 1935 1276 est
1979 1218 2234 1276 maxima
2277 1225 2337 1277 et
2384 1219 2743 1295 gravissima,
2788 1237 2931 1294 prae-

514 1296 754 1373 judiciis
783 1296 1071 1373 agendum
1100 1317 1243 1371 esse,
1274 1297 1469 1373 potius
1489 1316 1662 1374 quam
1692 1296 2010 1355 rationibus
2038 1298 2112 1355 ab
2139 1298 2321 1375 ipsius
2347 1298 2434 1355 rei
2459 1307 2664 1356 natura
2690 1298 2884 1374 petitis
2904 1300 2934 1355 Ρ

522 1376 667 1435 Cum
697 1376 821 1434 istae
849 1385 1190 1454 argumenta
1232 1377 1556 1435 necessaria
1584 1384 1741 1435 certa
1767 1376 1936 1435 nobis
1965 1377 2348 1454 suppeditent,
2378 1377 2588 1454 quibus
2617 1396 2780 1435 mens
2807 1385 2932 1435 tuto

520 1456 705 1533 possit
731 1458 1095 1532 acquiescere
1117 1476 1133 1531 ;
1179 1455 1280 1513 illa
1305 1476 1445 1515 vero
1472 1465 1699 1515 tantum
1725 1456 1918 1532 topica
1951 1464 2010 1515 ct
2036 1456 2373 1533 probabilia,
2405 1476 2648 1533 quorum
2677 1476 2793 1514 non
2821 1456 2935 1513 alia

518 1536 613 1593 vis
640 1544 744 1610 est,
777 1556 950 1612 quam
978 1555 1185 1610 causae,
1214 1544 1449 1612 propter
1476 1555 1651 1612 quam
1679 1533 2011 1609 afferuntur,
2044 1536 2289 1612 gratiam
2316 1536 2568 1612 aliquam
2609 1535 2930 1609 conciliare,

520 1615 825 1673 adversam
868 1634 1008 1673 vero
1051 1622 1376 1691 suspectam
1418 1623 1477 1673 et
1518 1631 1755 1673 exosam
1803 1614 2060 1673 reddere.
2146 1616 2290 1690 Quis
2329 1634 2466 1673 vero
2506 1612 2692 1672 nescit
2728 1632 2932 1672 causas

517 1694 707 1770 magis
737 1694 1027 1771 speciosas
1054 1713 1173 1750 11011
1202 1713 1427 1771 semper
1453 1714 1580 1752 esse
1625 1693 1937 1752 meliores?
1984 1703 2044 1752 et
2080 1694 2230 1753 118118
2275 1714 2401 1753 8888
2429 1692 2692 1752 veritatis
2721 1701 2928 1767 ortem,

521 1781 588 1832 ut
614 1792 731 1830 non
759 1792 888 1831 raro
916 1773 1331 1850 praeconceptis
1358 1772 1726 1850 opinionibus
1754 1773 2092 1832 obscuretur
2132 1782 2191 1834 et
2217 1774 2613 1851 opprimatur?
2674 1773 2934 1831 Maxime

524 1854 590 1927 si,
632 1852 789 1929 quod
816 1852 1064 1927 intendit
1106 1862 1321 1927 auctor,
1363 1872 1438 1910 ex
1478 1852 1832 1929 praejudiciis
1860 1853 1932 1912 de
1961 1873 2148 1913 causae
2175 1856 2418 1913 veritate
2443 1853 2610 1911 fieret
2629 1852 2932 1932 judicium,

522 1941 581 1991 et
622 1931 881 2007 inauditi,
914 1932 1014 2009 qui
1054 1951 1182 1990 88111
1234 1932 1535 2007 8118ι111811ι,
1577 1932 2127 1992 condemnarentur:
2170 1953 2284 2011 quo
2333 1932 2476 2010 quid
2515 1933 2770 2010 iniquius
2809 1932 2936 1991 dari

518 2011 722 2090 possit,
754 2010 859 2069 vix
886 2011 999 2069 dici
1028 2019 1235 2088 potest.
1320 2011 1469 2069 Nam
1498 2012 1547 2070 si
1587 2012 1651 2069 in
1697 2011 1821 2070 foro
1850 2013 2010 2070 civili
2055 2013 2348 2073 inauditus
2395 2032 2564 2071 nemo
2613 2012 2933 2083 damnatur,

523 2101 966 2170 quantacunque
994 2092 1111 2149 sint
1136 2090 1414 2150 adversus
1440 2092 1630 2169 ipsum
1660 2092 2008 2169 praejudicia,
2039 2112 2168 2168 quse
2197 2092 2412 2151 malum
2440 2091 2713 2168 iniquitas
2735 2100 2839 2167 est,
2869 2101 2936 2151 ιιι

523 2190 756 2231 causam
784 2170 975 2229 dicere
1001 2170 1422 2248 prohibeamur,
1454 2179 1513 2230 et
1539 2172 1636 2230 vel
1663 2192 1740 2230 ex
1767 2172 1892 2229 solo
1917 2173 2149 2230 nomine
2177 2172 2421 2230 inauditi
2447 2172 2892 2230 condemnemur
2908 2174 2937 2229 ?

525 2250 887 2311 Gravissima
914 2249 1081 2309 nobis
1108 2250 1424 2310 intentatur
1458 2251 1748 2310 accusatio
1797 2251 2138 2325 schismatis,
2170 2250 2328 2328 quod
2353 2251 2427 2308 ab
2458 2252 2722 2309 Ecclesia
2749 2270 2933 2309 seces-

524 2332 741 2390 sionem
765 2330 1101 2403 feccrimus;
1144 2349 1251 2388 nec
1290 2330 1482 2389 minus
1510 2332 1728 2389 crimen
1752 2356 2069 2395 aroc-ranae
2097 2352 2131 2388 a
2158 2331 2326 2388 nobis
2353 2331 2700 2389 adversariis
2727 2330 2933 2406 impin-

524 2411 698 2487 gitur,
729 2410 887 2487 quod
920 2430 955 2467 a
982 2409 1225 2467 veritate
1256 2409 1468 2467 Christi
1497 2410 1828 2470 defecerint.
1907 2410 2050 2487 Quis
2077 2410 2310 2469 tandem
2331 2418 2522 2486 potest
2569 2430 2696 2468 csse
2742 2410 2934 2486 legiti-

523 2508 655 2547 mus
680 2489 888 2547 modus
916 2487 1323 2566 componendae
1350 2489 1518 2547 istius
1544 2490 1666 2548 litis
1693 2490 2226 2549 momentosissimae
2243 2493 2272 2547 ?
2310 2489 2424 2546 nisi
2445 2499 2510 2547 ut
2535 2498 2775 2565 utraque
2803 2508 2938 2565 pars

404 2606 443 2643 0
526 2568 811 2645 audiatur,
842 2568 938 2627 vel
964 2568 1040 2625 ad
1062 2568 1456 2627 sustinendam
1484 2569 1924 2645 accusationem,
1957 2569 2054 2627 vel
2083 2569 2158 2627 ad
2199 2569 2287 2627 sui
2315 2567 2723 2627 defensionem.
2800 2568 2934 2627 Hoc

524 2658 719 2708 tamen
748 2667 863 2706 non
892 2657 1083 2724 potest
1101 2647 1246 2705 ferre
1268 2655 1484 2723 auctor,
1510 2648 1611 2724 qui
1638 2649 1857 2706 nullam
1879 2668 1994 2707 non
2013 2657 2208 2707 movet
2235 2648 2503 2725 lapidem,
2525 2656 2594 2706 ut
2619 2667 2726 2706 nos
2759 2648 2933 2706 etiam

524 2728 818 2787 inauditos
845 2727 1194 2804 praejudiciis
1223 2727 1444 2801 obruat,
1488 2738 1549 2786 et
1591 2728 1864 2805 indignos
1912 2728 2178 2787 ostendat
2224 2747 2468 2805 quorum
2494 2727 2618 2785 ulla
2655 2726 2936 2785 habeatur

526 2808 690 2883 ratio,
722 2809 819 2866 vel
848 2807 923 2865 ad
950 2806 1312 2883 purgandum
1335 2806 1551 2866 crimen
1572 2808 1741 2866 nobis
1768 2808 2097 2885 impactum,
2119 2808 2214 2865 vel
2241 2807 2316 2865 ad
2343 2806 2726 2865 accusationis
2747 2807 2936 2884 capita

520 2887 838 2966 probanda.
925 2886 1135 2946 Utrum
1164 2886 1509 2962 innocentia,
1540 2906 1615 2944 an
1650 2887 1804 2945 mala
1843 2887 2195 2946 conscientia
2231 2887 2488 2964 postulat
2529 2905 2602 2944 118
2645 2886 2934 2945 accusatio

522 2968 806 3041 audiatur,
836 2987 985 3025 neve
1014 2966 1335 3025 defensioni
1363 2966 1525 3025 deter
1550 2968 1716 3025 locus
1735 2970 1764 3024 Ρ
1815 2966 1914 3025 Α11
1944 2967 2158 3026 veritas
2183 2966 2372 3024 lucem
2401 2965 2552 3042 fugit
2577 2974 2637 3024 et
2659 2966 2930 3025 tenebras

524 3048 731 3125 quaerit
748 3051 777 3105 ⁶?
862 3047 989 3105 Imo
1017 3047 1285 3105 omnibus
1313 3066 1375 3104 se
1404 3045 1868 3124 conspiciendam
1894 3046 2128 3123 praebet,
2159 3053 2219 3104 et
2245 3045 2390 3103 nihil
2417 3046 2732 3122 impensius
2774 3053 2935 3122 optat

523 3146 697 3204 quam
724 3125 929 3199 videri,
960 3126 1096 3202 quia
1122 3126 1287 3185 novit
1314 3146 1375 3183 se
1404 3146 1520 3183 11011
1548 3144 1720 3203 posse
1746 3126 1934 3184 videri
1961 3124 2102 3202 quin
2130 3124 2422 3202 diligatur.
2507 3125 2734 3183 Erroris
2761 3134 2850 3183 est
2875 3132 2936 3183 et

522 3205 692 3263 malae
718 3204 873 3277 fidei,
905 3223 965 3263 se
994 3205 1053 3261 in
1081 3205 1347 3263 tenebras
1365 3204 1593 3278 abdere,
1627 3224 1735 3263 nec
1767 3204 2082 3263 adversarii
2108 3204 2204 3263 vel
2227 3205 2648 3263 accusationem
2676 3205 2773 3262 vel
2801 3224 2933 3281 pur-

526 3284 818 3359 gationem
846 3282 1045 3340 audire
1084 3283 1255 3358 velle,
1298 3302 1373 3341 ne
1408 3284 1544 3342 hinc
1585 3284 1967 3343 accusationis
1995 3284 2226 3359 veritas,
2256 3282 2390 3341 inde
2417 3302 2557 3341 vero
2585 3281 2937 3342 defensionis

524 3370 725 3440 pareat
752 3362 1098 3420 innocentia.
1362 3374 1369 3380 ·

606 3441 727 3499 XI.
775 3441 872 3501 Sic
908 3440 1175 3523 equidem
1222 3442 1501 3503 Ethnicos
1549 3444 1690 3503 olim
1737 3464 1869 3505 811111
1917 3444 2259 3505 Christianis
2307 3442 2498 3521 egisse
2545 3442 2810 3519 legimus,
2865 3450 2934 3502 ut

526 3540 603 3580 ex
631 3522 755 3580 solo
782 3521 1031 3579 nominis
1072 3522 1408 3601 praejudicio
1436 3523 1727 3583 inauditos
1755 3524 2110 3599 damnarent,
2141 3524 2298 3602 quod
2329 3523 2722 3595 Tertullianus,
2755 3521 2931 3598 Apol.

526 3620 575 3660 c.
611 3603 640 3659 1
673 3608 732 3661 et
760 3604 815 3676 2,
846 3601 1187 3678 gravissime
1214 3602 1277 3660 in
1303 3602 1445 3680 ipsis
1469 3604 1825 3681 perstringit.
1899 3606 1934 3638 “
1958 3603 2384 3682 Respondendi,
2415 3602 2729 3661 altercandi
2756 3600 2934 3659 facul-

524 3688 616 3741 tas
663 3680 795 3739 aliis
840 3688 1018 3758 patet,
1068 3682 1299 3759 quando
1342 3701 1450 3741 nec
1497 3684 1636 3743 licet
1679 3684 2007 3743 indefensos
2055 3692 2116 3741 et
2157 3683 2448 3741 inauditos
2491 3680 2786 3755 damnari;
2831 3678 2936 3738 sed

528 3760 870 3820 Christianis
898 3761 1037 3820 solis
1077 3762 1223 3820 nihil
1248 3762 1599 3839 permittitur
1625 3764 1804 3841 loqui,
1835 3763 1992 3839 quod
2033 3781 2264 3821 causam
2303 3768 2529 3838 purget,
2587 3759 2745 3837 quod
2783 3758 2934 3817 veri-

525 3848 703 3901 tatem
732 3840 1020 3916 defendat,
1050 3842 1208 3918 quod
1229 3840 1515 3919 judicium
1536 3862 1654 3901 non
1683 3842 1856 3900 faciat
1879 3842 2176 3919 injustum,
2209 3840 2311 3899 sed
2339 3839 2484 3898 illud
2511 3840 2698 3897 solum
2727 3858 2934 3915 expec-

524 3928 680 3980 tatur
707 3921 863 3998 quod
890 3919 1025 3979 odio
1052 3921 1285 3999 publico
1312 3923 1700 3981 necessarium
1729 3930 1834 3997 est,
1865 3920 2150 3979 consessio
2177 3919 2442 3992 nominis,
2473 3925 2532 3977 et
2573 3938 2688 3975 non
2718 3916 2932 3976 exami-

525 4000 685 4058 natio
714 3999 1028 4058 criminis.''
1114 4000 1193 4059 Et
1238 4000 1473 4076 ibidem,
1519 4003 1555 4034 “
1577 4002 1801 4059 malunt
1843 4000 2082 4073 nescire,
2129 4000 2267 4078 quia
2307 4000 2430 4076 jam
2480 3997 2742 4070 oderunt,
2787 3996 2934 4054 adeo

524 4079 684 4157 quod
704 4080 969 4138 nesciunt
994 4079 1375 4157 praejudicant
1402 4080 1463 4137 id
1490 4100 1634 4155 8888,
1666 4081 1823 4158 quod
1867 4080 1918 4137 si
1961 4080 2161 4155 sciant,
2207 4078 2400 4137 odisse
2447 4096 2564 4135 non
2609 4076 2934 4154 poterant.''

524 4158 681 4232 Quid
723 4177 863 4217 vero
899 4159 996 4217 hic
1036 4159 1251 4217 veritas
1270 4162 1300 4217 Ρ
1364 4160 1399 4191 “
1422 4158 1584 4217 Ν11111
1612 4160 1685 4218 de
1714 4179 1819 4217 sua
1846 4179 2022 4219 881188
2061 4158 2458 4236 deprecatur,’'
2505 4156 2693 4234 inquit
2737 4176 2786 4214 8.
2835 4158 2929 4229 11,

528 4240 566 4269 “
594 4238 733 4313 quia
756 4256 864 4297 nec
892 4237 965 4296 de
994 4237 1321 4298 conditione
1360 4237 1618 4314 miratur,
1653 4239 1762 4297 scit
1789 4258 1850 4297 se
1877 4238 2238 4315 peregrinam
2268 4238 2328 4295 in
2355 4236 2524 4296 terris
2565 4254 2754 4313 agere,
2785 4235 2937 4293 intra

526 4324 833 4375 extraneos
861 4317 1027 4376 facile
1056 4317 1319 4376 inimicos
1346 4317 1625 4376 invenire.
1711 4317 1992 4377 Caeterum
2015 4336 2216 4393 genus,
2237 4336 2415 4395 spem,
2447 4315 2660 4389 sedem,
2692 4315 2937 4392 gratiam

524 4392 587 4450 in
616 4393 778 4451 coelis
817 4395 1046 4471 habere,
1077 4416 1257 4456 unum
1284 4396 1462 4473 gestit
1516 4396 1808 4455 interdum
1855 4416 1928 4455 ne
1971 4398 2237 4474 ignorata
2263 4396 2584 4455 damnetur.
2661 4393 2814 4468 Quid
2840 4393 2936 4451 hic

526 4470 751 4547 deperit
788 4472 1017 4549 legibus
1062 4477 1121 4533 in
1168 4494 1349 4553 regno
1392 4494 1497 4535 suo
1524 4476 1970 4553 dominantibus,
2003 4476 2053 4535 si
2101 4477 2369 4535 audiatur
2386 4478 2416 4533 Ρ
2457 4476 2557 4533 Α11
2597 4476 2708 4532 1108
2747 4473 2936 4549 magis

526 4550 870 4629 gloriabitur
916 4561 1171 4629 potestas
1208 4574 1421 4630 earum,
1466 4576 1581 4633 quo
1631 4556 1805 4615 etiam
1848 4557 2168 4616 inauditam
2205 4554 2564 4613 damnabunt
2589 4552 2892 4612 veritatem
2908 4552 2939 4609 Ρ

526 4630 810 4691 Caeterum
850 4630 1163 4690 inauditam
1210 4634 1261 4691 si
1302 4634 1593 4712 damnent,
1638 4645 1847 4714 praeter
1893 4635 2170 4694 invidiam
2218 4634 2558 4712 iniquitatis,
2595 4632 2770 4692 etiam
2812 4650 2938 4690 sus-
