3234 5192
310 399 543 442 msru'r.
575 373 782 464 xvim]
946 399 1024 440 ns
1054 395 1537 440 suisne-rioms
1565 395 1805 442 cnnts‘rr
1834 402 2153 443 vsm‘ra‘rs.
2603 385 2721 444 583

309 544 528 602 dictum
557 552 663 612 est,
692 541 1056 620 potissimum
1107 561 1262 602 mors
1291 541 1501 602 Christi
1554 541 1813 620 adeoque
1857 543 1981 621 ipse
2010 543 2292 620 Christus,
2323 563 2437 620 qua
2460 543 2589 602 Deo
2616 563 2725 621 pro

311 624 480 681 nobis
520 622 882 698 sacrificavit,
907 622 1283 681 adumbratus
1302 620 1426 680 fuit.
1459 587 1531 680 Iii
1553 623 1777 682 caeteris
1795 643 1936 683 vero
1968 625 2277 684 Sacrificiis
2305 643 2433 701 quse
2456 643 2559 701 pro
2586 643 2719 700 pee-

313 704 458 762 catis
485 703 718 776 fiebant,
749 722 864 760 non
895 702 1252 780 figurabatur
1279 701 1494 760 Christi
1522 723 1694 778 mors,
1727 703 1829 762 sed
1870 711 2094 762 tantum
2124 705 2184 763 in
2215 703 2422 764 summi
2454 701 2719 761 sacerdo·

311 784 388 842 tis
416 803 662 861 persona
691 782 954 841 Christus
999 783 1121 860 ipse
1167 781 1635 857 adumbrabatur,
1685 783 1964 842 sacrificia
2008 792 2199 843 autem
2245 785 2371 862 ipsa
2401 782 2723 860 spiritualia

311 875 508 922 nostra
537 863 816 922 sacrificia
843 862 1315 921 adumbrabant.”
1358 861 1572 920 Nostra
1599 882 1739 921 vero
1769 865 2052 923 sententia
2074 873 2180 940 est,
2202 884 2319 922 non
2349 863 2536 922 solum
2557 862 2721 920 anni-

311 944 630 1002 versarium
658 941 804 1001 illud
829 962 1052 1002 sacrum
1073 942 1287 1001 Christi
1309 941 1653 1000 sacrificium
1671 943 2061 1020 adumbrasse,
2085 962 2415 1021 quanquam
2436 962 2551 1000 non
2575 941 2719 1000 diffi-

311 1033 502 1082 temur
527 1023 808 1082 illustrem
837 1042 956 1099 pras
986 1023 1208 1081 caeteris
1237 1021 1414 1080 fuisse
1443 1021 1568 1099 ejus
1595 1023 1859 1099 figuram,
1892 1023 1995 1083 sed
2016 1032 2075 1083 et
2090 1033 2297 1083 caetera
2325 1023 2520 1081 omnia
2546 1020 2721 1080 sacri-

312 1104 444 1162 ficia
464 1105 712 1161 ἰλιιπιιὸ
730 1123 860 1180 quae
872 1103 967 1161 vel
989 1103 1218 1180 publice
1239 1121 1343 1179 pro
1356 1103 1639 1178 omnibus,
1654 1104 1750 1161 vel
1772 1103 2042 1181 privatim
2063 1124 2169 1183 pro
2181 1103 2428 1181 singulis
2450 1101 2720 1161 offerren-

313 1193 424 1259 tur,
456 1184 613 1262 quod
641 1183 902 1260 pluribus
930 1183 1250 1241 rationibus
1279 1181 1650 1258 comprobare
1678 1203 2002 1260 possumus.

397 1263 679 1321 XXXV.
727 1262 939 1338 Prim0,
981 1262 1132 1336 Quia
1170 1269 1294 1321 tota
1333 1261 1432 1319 lex
1474 1262 1875 1322 caerimonialis
1916 1263 2114 1341 typica
2154 1263 2263 1324 fuit
2306 1270 2364 1322 et
2412 1261 2723 1340 figurativa

314 1343 530 1402 Christi
557 1351 615 1402 et
641 1342 1050 1401 beneficiorum
1079 1342 1224 1418 ejus.
1291 1341 1436 1399 Nam
1468 1341 1576 1400 etsi
1605 1343 1752 1401 varii
1799 1343 1945 1402 fines
1971 1344 2184 1403 fuerint
2227 1343 2395 1402 istius
2424 1343 2719 1420 dispensa-

313 1424 504 1498 tionis,
537 1431 659 1482 tum
689 1422 764 1480 ad
802 1422 1230 1481 distinctionem
1273 1419 1316 1478 J
1320 1421 1612 1480 udaeorum
1658 1443 1693 1480 a
1724 1423 2031 1496 Gentibus,
2080 1431 2200 1482 tum
2232 1422 2306 1482 ad
2346 1421 2721 1500 professionis

312 1513 526 1579 notam,
558 1504 905 1581 praecipuam
950 1511 1144 1562 tamen
1190 1501 1471 1560 rationem
1514 1503 1767 1580 typicam
1798 1503 1974 1563 fuisse
2003 1504 2266 1563 dubitare
2294 1523 2401 1563 nos
2427 1522 2545 1561 non
2584 1503 2722 1561 sinit

315 1584 544 1660 Apost.,
576 1603 754 1661 quum
777 1603 904 1641 eam
931 1590 1103 1642 vocat
1125 1581 1508 1658 paedagogum
1531 1583 1606 1640 ad
1630 1583 1938 1656 Christum,
1962 1584 2093 1643 Gal.
2124 1583 2204 1642 iii.
2229 1587 2325 1658 25,
2347 1592 2405 1643 et
2428 1582 2720 1642 Christum

315 1665 444 1740 ejus
471 1664 661 1738 finem,
697 1664 865 1722 Rom.
896 1683 954 1722 x.
989 1667 1042 1736 4,
1088 1663 1248 1720 illam
1279 1662 1549 1721 habuisse
1577 1664 1858 1740 umbram,
1894 1664 2047 1723 Heb.
2073 1683 2131 1721 x.
2160 1667 2213 1739 1,
2242 1663 2398 1722 hunc
2426 1682 2566 1720 vero
2594 1681 2721 1721 esse

315 1764 540 1822 corpuS,
575 1744 697 1803 Col.
727 1744 786 1801 ii.
815 1744 908 1802 1⁷.
955 1741 1036 1802 Et
1085 1763 1220 1800 sane
1242 1750 1308 1801 ut
1337 1741 1600 1801 Christus
1645 1753 1733 1803 est
1762 1743 2195 1803 fundamentum
2240 1743 2472 1802 foederis
2500 1741 2721 1820 gratias,

313 1823 396 1882 ita
422 1825 580 1884 basis
609 1833 698 1883 est
724 1825 902 1883 totius
936 1823 1264 1900 scripturae,
1296 1830 1354 1880 et
1382 1831 1641 1881 centrum
1672 1824 1746 1882 ad
1795 1823 1953 1902 quod
1982 1843 2180 1882 omnes
2212 1823 2627 1882 revelationum
2652 1822 2721 1880 li-

311 1923 438 1963 neae
481 1904 794 1980 confluunt,
840 1912 903 1962 ut
945 1905 1002 1961 in
1049 1905 1149 1961 illo
1189 1902 1599 1980 promissiones
1642 1924 1857 1979 omnes,
1888 1906 1971 1962 ita
1998 1913 2056 1964 et
2099 1903 2224 1981 typi
2269 1912 2403 1963 sunt
2446 1903 2637 1962 Etiam
2666 1910 2726 1961 et

315 1985 524 2058 Amen,
557 1989 594 2042 2
625 1985 755 2044 Cor.
785 1985 821 2040 i.
854 1987 950 2041 20.
999 1984 1095 2041 Sic
1123 1982 1246 2040 scil.
1281 1982 1439 2040 Deus
1468 1983 1713 2041 Veteres
1744 1983 1947 2043 Patres
1984 1983 2059 2042 ad
2105 1983 2276 2042 fidem
2308 1983 2534 2042 venturi
2566 1981 2724 2040 Mes-

313 2065 414 2122 sias
442 2064 662 2141 erigere
702 2063 890 2122 voluit
919 2072 978 2121 et
1015 2061 1354 2119 sermonibus
1383 2068 1441 2118 et
1481 2063 1785 2120 actionibus
1824 2065 2115 2138 loquendO,
2146 2073 2212 2121 ut
2254 2063 2335 2121 ait
2365 2061 2617 2138 August.
2648 2060 2724 2118 ad

317 2144 535 2214 Faust„
565 2163 682 2200 non
711 2151 934 2201 tantum
979 2141 1387 2217 promissiones
1436 2142 1561 2217 ejus
1609 2149 1669 2200 et
1690 2142 1922 2200 oracula
1950 2143 2112 2199 varia
2147 2141 2427 2200 tradendo
2482 2161 2611 2216 quae
2640 2139 2725 2198 rei

313 2223 717 2280 certitudinem
739 2222 1062 2299 probarent,
1091 2219 1193 2278 sed
1222 2227 1279 2277 et
1299 2227 1472 2296 typos
1489 2229 1548 2278 et
1567 2219 1785 2297 figuras
1804 2220 2127 2298 complures
2156 2221 2341 2279 oculis
2373 2219 2720 2294 exhibend0,

315 2322 443 2379 quae
473 2301 707 2360 modum
736 2309 794 2360 et
823 2299 1280 2360 circumstantias
1328 2300 1520 2358 varias
1561 2310 1677 2360 tam
1726 2299 2080 2359 admirabilis
2128 2300 2389 2377 mysterii
2436 2299 2725 2358 efficacius

313 2390 807 2459 repraesentarent,
850 2389 916 2440 ut
943 2380 1025 2439 ita
1051 2379 1272 2438 umbris
1300 2379 1428 2439 istis
1456 2389 1514 2440 et
1559 2381 1801 2458 picturis
1844 2381 2095 2460 populus
2125 2379 2286 2440 rudis
2314 2379 2503 2439 adhue
2532 2387 2591 2439 et
2616 2379 2723 2437 mi-

313 2463 584 2521 norenuis
613 2463 794 2522 veluti
840 2461 1139 2522 elementis
1177 2460 1521 2539 quibusdam
1567 2460 1949 2522 deduceretur
1974 2461 2049 2521 ad
2076 2462 2357 2521 bonorum
2404 2459 2723 2520 coelestium

311 2563 416 2621 per
465 2544 756 2603 Christum
801 2542 1278 2620 acquirendorum
1335 2542 1866 2620 apprehensionem.
1934 2542 2090 2602 Hinc
2120 2542 2333 2601 factum
2376 2549 2443 2600 ut
2489 2541 2635 2599 nihil
2664 2539 2725 2598 in

315 2625 545 2684 Christo
575 2624 871 2702 impletum
903 2624 1090 2697 fuerit,
1123 2624 1290 2700 cujus
1319 2622 1449 2681 idea
1477 2622 1673 2700 aliqua
1714 2632 1773 2683 et
1801 2623 2099 2700 exemplar
2142 2624 2279 2682 olim
2308 2642 2425 2681 non
2453 2620 2724 2699 praeexti-

311 2705 462 2780 terit,
484 2705 743 2782 nihilque
763 2705 985 2764 illustre
1015 2711 1073 2762 et
1113 2703 1484 2761 memorabile
1495 2705 1590 2761 vel
1612 2705 1675 2760 in
1722 2703 1982 2779 personis
2010 2702 2108 2761 vel
2134 2703 2195 2760 in
2222 2703 2395 2760 rebus
2422 2702 2518 2760 vel
2547 2703 2721 2759 actio·

309 2785 482 2844 nibus
495 2785 666 2844 fuerit
686 2785 841 2862 quod
864 2785 936 2842 ad
960 2783 1251 2841 Christ-um
1269 2801 1384 2840 non
1404 2782 1743 2859 respexerit.
1768 2783 1853 2841 Ut
1872 2783 1941 2840 E.
1966 2782 2025 2840 in
2048 2781 2442 2840 sacerdotibus
2460 2779 2723 2839 sacerdo-

313 2866 456 2922 tium
489 2865 632 2942 ejus,
663 2866 746 2923 ita
773 2865 831 2921 in
853 2861 1146 2921 sacrificiis
1169 2861 1500 2920 adumbrari
1521 2859 1842 2919 sacrificum
1861 2861 1986 2938 ejus
2009 2860 2225 2934 debuit,
2248 2861 2487 2919 totidem
2512 2860 2724 2937 quippe

313 2943 545 3002 fuerunt
598 2943 836 3020 picturae
883 2941 1210 3018 passionum
1271 2940 1502 3014 Christi,
1561 2948 1620 2998 et
1674 2939 1859 2998 veluti
1907 2939 2213 2998 conciones
2256 2939 2540 3016 quaedam,
2591 2959 2723 3016 quae

313 3023 588 3098 populum
619 3032 677 3082 et
705 3023 776 3081 de
805 3021 1035 3079 miseria
1062 3018 1300 3097 peccati,
1333 3027 1391 3077 et
1419 3018 1492 3078 de
1529 3018 1784 3077 remedio
1834 3019 2034 3096 gratiae
2076 3018 2137 3076 in
2194 3018 2431 3076 victima
2471 3018 2579 3077 hae
2608 3037 2721 3076 οω-

311 3102 444 3160 lesti
486 3100 890 3178 consequendo
936 3097 1505 3167 commonefacerent,
1550 3117 1735 3175 neque
1766 3097 1925 3158 aliud
1965 3097 2094 3157 vult
2121 3096 2331 3176 Apost.
2373 3118 2549 3176 quum
2592 3118 2723 3176 pas-

315 3183 421 3240 sim
446 3201 516 3240 ea
543 3183 734 3240 omnia
761 3189 933 3239 vocat
957 3181 1018 3237 in
1051 3179 1236 3255 Epist.
1268 3177 1342 3236 ad
1375 3178 1576 3253 Hebr.,
1626 3181 1791 3252 σκιὰς,
1822 3179 2145 3273 πιςαβῦλας,
2189 3176 2559 3254 ὑποδήματι,
2592 3180 2722 3238 ἄντί-

313 3288 473 3337 τυπα,
519 3283 569 3321 c.
601 3262 720 3320 viii.
753 3264 806 3336 5,
839 3261 919 3320 ix.
952 3263 1007 3334 9,
1039 3262 1134 3332 23,
1167 3279 1225 3316 x.
1260 3257 1312 3331 1,
1345 3257 1558 3317 talibus
1587 3259 1739 3317 enim
1770 3258 1954 3318 titulis
1997 3268 2153 3319 totus
2201 3260 2299 3318 ille
2330 3260 2519 3320 cultus
2550 3259 2714 3320 Levi·

313 3345 464 3402 ticus
492 3342 756 3420 insigniri
785 3361 900 3399 non
929 3339 1227 3417 potuisset,
1257 3338 1372 3397 nisi
1399 3339 1680 3398 rationem
1708 3340 1835 3416 typi
1864 3339 1938 3398 ad
1968 3341 2259 3400 Christum
2288 3341 2603 3400 habuisset.

396 3423 715 3482 XXXVI.
765 3419 1048 3496 Secund0,
1075 3419 1289 3479 Omnes
1311 3418 1426 3478 illae
1447 3419 1699 3478 victimae
1722 3431 1780 3479 et
1802 3420 2081 3480 sacrificia
2098 3420 2329 3481 fuerunt
2345 3421 2472 3499 typi
2491 3421 2723 3498 Christi,

314 3525 445 3582 quae
473 3524 576 3580 per
619 3502 906 3562 Christum
952 3508 1085 3559 sunt
1127 3499 1425 3577 abrogata,
1465 3500 1578 3558 nisi
1623 3501 1775 3559 enim
1830 3501 2043 3578 legalia
2083 3501 2185 3559 illa
2226 3500 2301 3559 ad
2342 3500 2725 3560 sacerdotium

318 3584 530 3643 Christi
562 3602 622 3641 se
652 3583 988 3640 habuissent
1014 3589 1081 3639 ut
1107 3580 1312 3638 umbra
1341 3580 1415 3639 ad
1445 3600 1669 3658 corpus,
1704 3581 1912 3658 Apost.
1942 3602 2058 3640 non
2106 3581 2346 3640 firmiter
2366 3581 2594 3640 illorum
2624 3581 2724 3640 ab-

315 3664 674 3740 rogationem
703 3682 806 3739 per
850 3661 1026 3738 hujus
1081 3660 1394 3719 adrentum
1442 3660 1837 3720 demonstrare
1886 3661 2188 3739 potuisset,
2218 3669 2394 3738 typus
2443 3662 2593 3719 enim
2624 3681 2728 3738 per

313 3744 634 3816 veritatem,
665 3741 870 3801 umbra
908 3761 1011 3819 per
1063 3760 1270 3817 corpus
1325 3741 1565 3800 tollitur.
1626 3741 1826 3800 Facile
1872 3741 2026 3800 enim
2080 3741 2346 3817 excipere
2401 3741 2728 3818 potuissent

315 3823 358 3882 J
365 3824 531 3898 udaei,
563 3824 733 3880 unius
762 3822 1104 3899 positionem
1133 3839 1248 3878 non
1272 3820 1480 3879 inferre
1510 3821 1748 3880 alterius
1778 3820 2260 3880 destructionem:
2304 3821 2587 3898 siquidem
2612 3820 2725 3880 ista

315 3903 598 3961 sacrificia
620 3903 910 3962 Christum
933 3922 1050 3960 non
1068 3900 1470 3977 respiciebant.
1527 3902 1614 3960 At
1638 3902 1819 3960 solide
1840 3901 2049 3978 Apost.
2068 3901 2143 3958 ad
2180 3899 2335 3959 Heb.
2360 3908 2724 3977 argumenta·

314 3991 410 4042 tur
438 3983 511 4040 ab
539 4002 656 4042 uno
686 3982 758 4040 ad
789 3982 1048 4055 alterum,
1092 3988 1150 4039 et
1197 3981 1357 4056 prius
1400 4001 1504 4058 per
1549 3981 1837 4058 posterius
1886 3980 2168 4058 abrogari,
2190 3979 2370 4038 firmis
2392 3980 2607 4039 evincit
2636 4000 2726 4038 ar·

316 4063 626 4140 gumentiS.
658 4063 728 4121 E.
758 4061 992 4120 nece‘sse
1022 4069 1110 4120 est
1137 4061 1314 4118 fuisse
1343 4061 1494 4119 inter
1537 4081 1607 4120 ea
1650 4061 1986 4120 relationem
2035 4070 2101 4138 ty
2142 4061 2307 4135 icam,
2340 4061 2507 4136 cujus
2542 4079 2611 4118 ea
2639 4068 2728 4120 est

313 4143 478 4218 ratio,
510 4153 575 4201 ut
605 4151 778 4220 typus
826 4168 893 4219 τῃ
934 4141 1208 4214 curubim,
1243 4149 1300 4199 et
1340 4141 1528 4218 figura
1565 4142 1797 4200 veritati
1840 4141 2041 4200 cedere
2130 4140 2315 4198 ebeat.
2391 4140 2605 4214 TertiO,
2662 4141 2725 4200 Si

316 4223 654 4282 holocausta
681 4234 740 4281 et
769 4222 1048 4280 sacrificia
1076 4221 1190 4278 alia
1217 4240 1346 4297 quae
1375 4222 1436 4278 in
1464 4221 1557 4278 die
1575 4221 2043 4298 propitiationum
2070 4219 2457 4280 offerebantur
2482 4229 2727 4282 mortem

317 4303 533 4362 Christi
559 4303 904 4380 figurabant,
931 4309 994 4360 ut
1022 4300 1274 4360 fatentur
1301 4300 1636 4376 adversarii,
1668 4300 1813 4360 nihil
1831 4321 2018 4362 causae
2041 4301 2153 4359 dici
2178 4307 2369 4378 potest
2397 4321 2499 4362 cur
2527 4300 2727 4359 eadem

315 4385 416 4442 illa
445 4383 741 4459 sacrificia,
774 4401 950 4459 quum
981 4401 1084 4458 pro
1133 4381 1376 4457 privatis
1423 4388 1522 4438 aut
1572 4380 1828 4458 quotidie
1878 4380 2279 4454 offerebantur,
2304 4381 2505 4441 eodem
2556 4382 2726 4440 etiam

315 4484 432 4522 non
475 4465 850 4541 respexerint,
881 4461 1034 4520 idem
1079 4461 1230 4519 enim
1275 4460 1580 4537 utrobique
1620 4461 1732 4520 fuit
1759 4469 1819 4519 et
1845 4461 1977 4519 finis
2018 4469 2077 4523 et
2119 4460 2373 4537 effectus,
2413 4461 2729 4522 destructio

315 4546 454 4604 nim.
484 4545 738 4604 victimae
765 4563 868 4621 per
886 4540 1185 4618 sanguinis
1206 4539 1508 4614 fusionem,
1534 4549 1592 4600 et
1615 4561 1719 4618 per
1740 4541 1979 4600 eandem
2002 4551 2365 4618 peccatorum
2387 4542 2640 4619 expiatio
2671 4550 2729 4603 et

313 4626 677 4702 peccantium
704 4623 1009 4694 liberati03
1060 4641 1246 4698 neque
1277 4621 1582 4680 discrimen
1633 4622 1814 4680 ullum
1846 4621 2093 4681 occurrit
2122 4620 2277 4701 quod
2314 4622 2609 4684 formalem
2642 4643 2731 4684 ra·

313 4707 530 4764 tionem
562 4705 827 4763 sacrificii
859 4704 916 4760 in
945 4702 1046 4761 illo
1077 4702 1267 4780 potius
1295 4721 1466 4780 quam
1497 4703 1556 4760 in
1585 4702 1712 4760 istis
1742 4701 2001 4762 collocet.

2150 4791 2187 4808 Q
