3234 5192
610 250 729 311 674
1152 266 1230 305 nr.
1260 261 1734 307 ssrrsrsc'noms
1763 258 1998 303 camsi-1
2029 258 2452 301 rsnrsc'rmsn.
2565 238 2856 319 [maru-r.
2895 260 3060 303 xxn.

612 405 692 464 ris
718 408 994 465 absoluta
1020 406 1149 482 ejus
1177 404 1500 467 satisfactio
1526 426 1539 463 ε
1572 402 1744 463 Alias
1771 420 1880 461 nec
1904 404 2085 459 finem
2114 400 2410 459 intentum
2437 400 2672 475 assequi
2703 402 3058 476 potuisset.

610 503 723 543 nec
748 486 933 543 solius
962 484 1378 561 Redemptoris
1404 484 1646 543 laudem
1675 487 2015 538 mereretur.
2101 480 2255 547 Quis
2273 479 2432 535 enim
2463 480 2604 553 jure
2633 478 2882 539 dixerit
2911 484 3056 539 uni·

614 580 741 621 cam
771 582 895 621 esse
926 564 1143 622 Christi
1192 564 1611 632 obedientiam,
1643 560 1881 618 unicam
1919 558 2283 617 oblationem
2311 576 2444 631 quae
2471 558 2714 632 plenam
2749 560 3052 637 redemp-

612 642 837 699 tionem
890 648 951 701 et
981 642 1281 717 justitiam
1321 642 1398 699 sit
1438 641 1609 698 nobis
1650 640 1884 713 adepta,
1914 636 1962 694 si
2003 638 2202 694 adhuc
2240 643 2561 709 supersunt
2599 637 2796 695 variae
2843 658 3048 713 poenae

614 738 653 777 a
676 720 954 778 fidelibus
990 722 1053 777 in
1082 724 1195 779 hoc
1222 721 1316 777 vel
1359 720 1423 776 in
1450 720 1642 776 altero
1669 716 1869 775 seculo
1896 716 2174 785 ferendae‚
2213 714 2266 771 si
2293 715 2458 771 aliud
2481 713 2854 774 sacrificium
2885 722 3044 777 {aar
3115 706 3132 730 ⁶

612 804 743 857 ταὶ,
789 800 989 856 adbuc
1028 798 1401 873 requiritur-3
1480 797 1613 855 Nec
1633 795 1842 869 reponi
1887 800 2086 869 potest
2112 793 2301 850 unicae
2333 792 2552 851 Christi
2580 792 2902 853 oblationi
2931 800 3048 857 hoc
3157 850 3159 855 .

614 886 809 937 totum
856 878 971 933 rite
1014 883 1321 951 acceptum
1366 875 1512 945 fieri,
1544 874 1786 949 quando
1824 874 1904 931 ab
1943 890 2018 929 ea
2059 872 2202 947 ipsae
2243 872 2554 927 hominum
2581 872 3047 935 satisfactiones

614 974 849 1017 omnem
879 973 1051 1012 suam
1077 954 1197 1011 vim
1228 959 1601 1011 mutuantur.
1685 950 1746 1008 N
1752 970 1850 1009 am
1875 957 2272 1027 praeterquam
2303 950 2466 1023 quod
2494 952 2876 1023 supponitur
2906 974 3046 1029 gra-

611 1037 689 1093 tis
716 1035 865 1093 tales
893 1034 1021 1091 dari
1050 1051 1250 1108 poenas
1279 1038 1339 1090 et
1366 1030 1794 1089 satisfactiones
1821 1030 1984 1105 quod
2013 1046 2322 1103 nunquam
2349 1026 2719 1103 probabitur,
2767 1028 3044 1091 Falsum

612 1116 793 1172 etiam
821 1120 909 1169 est
936 1112 1117 1169 talem
1147 1112 1269 1167 vim
1296 1130 1335 1168 a
1359 1109 1759 1167 satisfactione
1789 1107 2008 1166 Christi
2036 1106 2318 1181 operibus
2343 1106 2560 1164 nostris
2586 1114 2694 1163 aut
2725 1112 3044 1181 passioni-

610 1194 724 1251 bus
753 1209 921 1265 posse
950 1189 1390 1261 communicari,
1419 1188 1664 1263 quando
1692 1205 1765 1245 ca
1813 1194 1942 1243 tota
1965 1186 2042 1243 ab
2089 1184 2280 1242 officio
2308 1184 2439 1259 ejus
2467 1184 2659 1241 oritur
2683 1194 2752 1243 et
2779 1193 3044 1261 pendet,
3159 1230 3161 1235 .

614 1272 777 1346 quod
829 1267 1063 1327 Christo
1112 1268 1423 1343 proprium
1476 1284 1601 1325 esse
1648 1272 1708 1323 et
1749 1262 2302 1321 incommunicabile
2351 1280 2567 1337 negare
2615 1280 2743 1321 non
2773 1269 3040 1327 audent.

614 1348 761 1408 Non
788 1347 1132 1423 negaverim
1160 1348 1437 1422 equidem
1464 1346 1587 1402 vim
1614 1344 1920 1419 quandam
1959 1348 2020 1399 et
2045 1340 2364 1399 efficaciam
2391 1360 2430 1399 a
2454 1341 2666 1398 merito
2698 1342 2952 1403 Christi
2979 1349 3040 1405 in

556 1434 563 1439 '
613 1445 723 1486 nos
750 1434 811 1485 et
837 1445 1019 1500 opera
1043 1432 1244 1484 nostra
1264 1424 1541 1495 defluere,
1572 1430 1642 1481 ut
1667 1422 1888 1479 scilicet
1913 1419 2186 1494 deinceps
2212 1427 2274 1477 et
2292 1438 2558 1494 personae
2587 1426 2648 1477 et
2674 1438 2882 1497 opera
2905 1426 3040 1483 Deo

612 1514 789 1581 grata
834 1505 954 1561 sint
999 1511 1061 1562 et
1086 1510 1342 1578 accepta,
1370 1510 1553 1577 atque
1578 1502 1728 1557 adeo
1757 1506 1826 1557 ut
1867 1516 2106 1555 sensum
2153 1498 2360 1572 gratiae
2389 1497 2502 1556 Dei
2529 1498 2592 1555 in
2619 1500 2804 1557 nobis
2833 1506 3042 1579 magis

615 1602 685 1641 ac
728 1584 917 1656 magis
966 1584 1335 1639 confirment.
1420 1580 1541 1639 Sed
1568 1578 1698 1635 dari
1727 1578 1848 1635 illis
1874 1578 1998 1633 vim
2033 1577 2300 1633 merendi
2327 1577 2425 1634 vel
2454 1576 2898 1650 satisfaciendi,
2929 1601 3038 1639 nec

618 1660 926 1735 Scriptura
967 1660 1121 1717 dixit
1169 1676 1455 1733 unquam,
1485 1676 1593 1714 nec
1640 1656 1726 1712 rei
1771 1662 1992 1712 natura
2017 1654 2141 1730 pati
2168 1661 2378 1729 potest,
2409 1654 2526 1713 nisi
2555 1656 2722 1729 quod
2775 1656 3038 1718 Christo

612 1737 920 1815 proprium
950 1745 1039 1795 est
1066 1736 1129 1793 in
1154 1737 1359 1793 fideles
1386 1735 1830 1793 transferamus.

694 1815 879 1875 XIV.
924 1816 1061 1873 Hoc
1086 1833 1228 1873 vero
1273 1816 1471 1872 adhuc
1496 1812 1862 1870 luculentius
1907 1812 2294 1869 confirmatur
2319 1830 2394 1869 ex
2436 1811 2565 1887 ipsa
2603 1810 3042 1891 Redemptor-{2

627 1894 863 1954 Unitate
885 1917 909 1961 ,·
949 1892 1113 1953 Nam
1142 1892 1193 1951 si
1222 1899 1441 1969 praeter
1488 1890 1965 1951 satisfactionem
2004 1908 2040 1947 a
2069 1889 2306 1949 Christo
2331 1891 2660 1966 praestitam
2684 1890 2810 1949 alia
2860 1914 3038 1969 quae-

615 1975 756 2032 dam
783 1981 1101 2050 supersunt
1146 1971 1375 2030 homini
1403 1970 1766 2029 exsolvenda
1804 1970 1880 2025 ad
1908 1967 2380 2043 redemptionem
2407 1970 2654 2027 totalem
2682 1976 2747 2026 et
2772 1988 2816 2027 a
2843 1974 3041 2048 culpa

616 2060 678 2111 et
696 2072 735 2111 a
750 2051 939 2129 poenis
960 2052 1235 2111 omnibus
1258 2050 1644 2108 obtinendam
1665 2069 1681 2119 ;
1708 2047 1858 2115 Quis
1877 2065 2002 2103 nou
2023 2046 2188 2103 videt
2207 2046 2463 2121 gloriam
2481 2046 2912 2123 Redemptor-is
2939 2052 3040 2109 in-

614 2139 703 2191 ter
734 2130 1037 2191 Christum
1083 2139 1145 2189 et
1183 2130 1389 2187 fideles
1431 2128 1639 2199 dividi,
1684 2134 1864 2201 atque
1911 2126 2062 2183 adeo
2089 2142 2395 2199 perperam
2423 2126 2540 2183 hoc
2584 2124 2674 2182 illi
2701 2144 2936 2185 nomen
2967 2130 3040 2187 in

616 2211 877 2268 solidum
923 2209 1258 2268 vindicari?
1342 2206 1421 2265 Et
1448 2224 1590 2265 sane
1638 2205 1942 2273 Bellarm.,
1991 2202 2130 2262 licet
2175 2204 2278 2260 lib.
2310 2222 2365 2261 v.
2407 2204 2482 2261 de
2514 2202 2768 2275 Christe,
2797 2223 2938 2281 cap.
2981 2210 3040 2279 l,

616 2294 899 2362 agnoscat
926 2295 1209 2361 quartum
1236 2284 1624 2342 Mediationis
1639 2283 1888 2339 modum
1915 2282 2018 2357 qui
2041 2282 2109 2339 fit
2135 2301 2241 2358 per
2269 2281 2632 2340 solutionem
2659 2288 2720 2339 et
2745 2284 3040 2343 satisfac-

618 2364 843 2421 tionem
891 2363 1126 2421 Christo
1170 2363 1283 2420 soli
1324 2368 1689 2436 competere;
1732 2368 1932 2417 tamen
1981 2359 2126 2417 alibi
2165 2361 2277 2417 sibi
2321 2360 2576 2435 turpiter
2599 2363 3044 2424 contradicens

616 2442 840 2499 fatetur
887 2441 1297 2516 Redemptoris
1342 2458 1563 2497 nomen
1610 2437 1981 2515 aliquomodo
2036 2437 2267 2497 Sanctis
2293 2458 2465 2513 posse
2507 2438 2708 2510 tribui,
2736 2439 2845 2498 lib.
2879 2442 2920 2499 i.
2951 2445 3040 2503 de

619 2520 867 2595 Indulg.
916 2538 1042 2593 cap.
1086 2520 1143 2591 4,
1189 2526 1222 2551 ‘⁴
1245 2519 1333 2576 At
1378 2518 1428 2577 si
1470 2519 1644 2592 largo
1692 2517 1872 2573 modo
1901 2514 2266 2592 Redemptor
2312 2518 2646 2593 appelletur
2671 2518 3042 2596 quicunque

562 2638 580 2647 -
616 2598 831 2657 liberat
870 2598 1055 2657 alium
1109 2598 1185 2656 ab
1213 2598 1417 2673 aliquo
1444 2597 1664 2667 debito,
1713 2613 1837 2653 non
1879 2592 1992 2651 erit
2027 2595 2356 2653 absurdum
2381 2596 2432 2653 si
2461 2596 2650 2655 sancti
2675 2596 2790 2653 viri
2819 2598 3044 2675 aliquo

618 2676 807 2750 modo,
835 2679 898 2736 id
926 2685 1015 2735 est
1042 2677 1369 2737 secundum
1397 2675 1629 2750 aliquid
1661 2692 1784 2732 non
1813 2672 2176 2747 simpliciter,
2204 2682 2264 2731 et
2288 2675 2461 2749 largo
2489 2675 2670 2732 modo
2696 2693 2822 2733 non
2851 2677 2918 2733 in
2947 2679 3038 2735 ri-

615 2776 761 2833 gore
808 2758 1146 2827 verborum,
1174 2774 1299 2813 esse
1346 2754 1775 2829 Redemptor-es
1821 2750 2010 2810 nostri
2056 2752 2388 2811 dicantur.’'
2433 2752 2614 2812 Unde
2640 2760 2806 2829 patet
2835 2773 3034 2830 quam

615 2835 837 2913 injuste
883 2837 1207 2913 Adolphus
1253 2836 1501 2910 quidam
1533 2832 1898 2893 Godefridus
1931 2828 2221 2889 Volusius
2249 2850 2324 2888 ex
2372 2830 2616 2889 Pastore
2642 2830 3036 2895 Hanoviensi

618 2914 916 2991 Apostata
955 2914 1169 2985 factus,
1198 2921 1259 2972 et
1304 2932 1466 2971 nunc
1495 2908 1896 2971 Concionator
1941 2908 2364 2984 Moguntinus,
2388 2910 2451 2966 in
2479 2911 2656 2981 libro,
2683 2928 2870 2985 quem
2899 2930 3034 2972 non

617 2995 705 3053 ita
730 2994 960 3069 pridem
984 2992 1209 3069 publici
1240 2992 1398 3065 juris
1422 2991 1565 3048 fecit
1610 2990 1726 3047 sub
1754 2988 1936 3047 titulo
1963 2986 2218 3047 Aurorae
2248 2986 2418 3045 Pacis
2446 2988 2766 3063 Religiosae
2791 2989 3036 3050 divinae

616 3071 853 3129 veritati
882 3072 1083 3129 amicae
1114 3070 1245 3149 (ubi
1293 3066 1859 3127 Pseudo-Henotica
1883 3066 2115 3141 pridem
2155 3067 2401 3141 explosa
2425 3085 2721 3125 renovans
2747 3068 3034 3141 consilia,

620 3146 997 3221 Augustanae
1025 3147 1409 3205 confessionis
1436 3147 1625 3204 socios
1653 3146 1757 3222 qui
1787 3144 2037 3203 Lutheri
2065 3151 2261 3219 partes
2301 3153 2634 3222 sequuntur
2662 3147 2738 3203 ad
2767 3145 3038 3220 synere-

618 3224 866 3281 tismum
894 3242 1031 3282 cum
1059 3224 1328 3282 Ecclesia
1356 3224 1633 3283 Romana
1656 3223 1984 3281 ineundum
2011 3222 2304 3295 hortatur,
2331 3232 2393 3283 et
2431 3224 2887 3299 quibuscunque
2913 3246 3040 3301 po-

618 3309 734 3360 test
780 3302 974 3359 modis
1020 3320 1246 3359 errores
1287 3302 1573 3373 exitiales,
1620 3302 2004 3359 foedissimam
2050 3299 2472 3374 idololatriam,
2511 3310 2571 3359 et
2608 3302 3038 3377 Tyrannidem

617 3380 1054 3437 intolerandam
1082 3378 1467 3453 Babylonicae
1494 3379 1826 3438 Meretricis
1854 3381 1948 3437 vel
1977 3380 2302 3437 incrustare
2331 3382 2428 3439 vel
2453 3398 2833 3457 propugnare
2861 3390 3040 3441 sata-

614 3458 722 3534 git,
753 3464 823 3516 ut
847 3456 971 3516 fere
998 3458 1073 3517 ab
1100 3458 1171 3517 iis
1198 3458 1326 3515 fieri
1342 3460 1493 3517 solet
1519 3459 1626 3534 qui
1646 3458 2035 3516 desectionem
2050 3457 2268 3516 factam
2292 3459 2467 3529 tueri,
2496 3466 2557 3517 et
2583 3460 2734 3518 alios
2759 3458 2824 3515 in
2855 3460 3038 3521 idem

616 3536 1011 3615 praecipitium
1038 3556 1237 3595 secum
1264 3538 1601 3613 pertrahere
1631 3534 1967 3628 conantur,)
2001 3534 2398 3596 Celeberrimo
2416 3538 2700 3611 Maresio,
2725 3538 3038 3615 nobisque

616 3618 907 3693 grandem
932 3615 1227 3675 mendacii
1256 3616 1451 3674 dicam
1478 3618 1659 3674 homo
1686 3614 2170 3673 mendacissimus
2196 3616 2430 3687 scribat,
2459 3634 2593 3691 pag.
2622 3616 2700 3687 4;
2745 3614 2854 3673 Illi
2882 3620 3040 3693 qui-

614 3697 753 3754 dem
807 3696 970 3771 quod
1024 3694 1373 3770 imposuerit
1420 3694 1790 3753 Bellarmino
1834 3694 1998 3769 quod
2051 3693 2364 3767 scripserit,
2408 3695 2512 3752 lib.
2555 3695 2599 3752 i.
2645 3697 2721 3753 de
2766 3694 3038 3774 Indulg.

616 3792 743 3849 cap.
772 3775 829 3847 4,
874 3780 911 3808 ‘⁶
935 3772 1183 3832 Sanctos
1209 3792 1333 3831 esse
1356 3773 1805 3849 quodammodo
1834 3779 2072 3829 nostros
2101 3772 2528 3849 Redemptores
2550 3775 2607 3846 ;'’
2649 3771 2846 3831 Nobis
2873 3791 3038 3834 vero

614 3853 779 3929 quod
808 3852 1228 3909 asseruerimus
1256 3850 1424 3928 Disp.
1458 3852 1509 3909 1.
1548 3852 1624 3908 de
1661 3850 1882 3911 Secess.
1923 3852 2006 3907 th.
2039 3850 2134 3922 33,
2177 3858 2213 3885 ‘⁶
2233 3848 2574 3910 Pontificios
2601 3852 2752 3910 alios
2777 3850 3036 3912 Media-

613 3939 771 3989 tores
820 3930 999 3988 etiam
1048 3928 1501 4006 Redemptionis
1547 3929 1912 4004 excogitasse
1960 3947 2142 4004 quam
2172 3927 2492 4001 Christum,
2520 3931 2690 3989 aliud
2730 3930 3032 3991 meritum

612 4027 813 4067 coram
840 4008 971 4067 Deo
998 4026 1181 4085 quam
1208 4008 1395 4083 ipsius
1422 4006 1877 4077 obedientiam,”
1907 4006 2013 4065 &a
2061 4006 2254 4075 Quasi
2267 4026 2408 4067 vero
2429 4010 2561 4067 haec
2579 4008 2869 4085 ipsissima
2888 4028 3030 4069 non

612 4088 731 4145 sint
778 4084 1130 4146 Bellarmini
1176 4087 1357 4144 verba
1399 4105 1587 4162 quum
1637 4086 1790 4142 dixit
1835 4088 1969 4145 loco
1997 4086 2197 4157 citat0,
2224 4104 2348 4143 non
2375 4106 2498 4145 esse
2527 4086 2874 4159 absurdum,
2904 4094 2946 4120 “
2973 4090 3030 4146 si

612 4166 801 4224 sancti
842 4166 957 4225 viri
1002 4166 1390 4241 aliquomodo
1418 4165 1696 4223 dicantur
1735 4162 2166 4241 Redemptor-es
2206 4166 2449 4223 nostriss’
2519 4166 2707 4235 Quasi
2732 4170 3032 4225 constans

610 4246 775 4318 apud
802 4243 963 4319 ipsos
991 4262 1113 4303 non
1142 4244 1218 4302 sit
1262 4244 1559 4303 sententia
1608 4242 1857 4301 Sanctos
1883 4262 2004 4302 non
2033 4250 2270 4302 tantum
2298 4244 2662 4305 Mediatores
2689 4262 2830 4314 esse,
2861 4264 3030 4320 quo-

610 4338 749 4377 rum
788 4320 1205 4384 intercessione
1231 4322 1351 4383 sint
1396 4322 1760 4382 exaudiendi
1818 4323 2107 4394 homines,
2136 4321 2239 4380 sed
2279 4323 2499 4380 meritis
2525 4323 2816 4395 servandi,
2847 4326 3028 4382 unde

612 4396 899 4456 Sacerdos
924 4400 989 4457 in
1014 4399 1205 4458 Missa
1230 4403 1380 4477 petit
1406 4402 1811 4459 remissionem
1847 4408 2224 4477 peccatorum
2251 4408 2312 4459 et
2337 4402 2594 4460 salutem
2620 4420 2742 4459 non
2770 4408 3024 4461 tantum

608 4492 717 4549 per
740 4491 943 4549 preces
975 4476 1348 4550 Sanctorum,
1378 4481 1479 4538 sed
1510 4486 1571 4537 et
1589 4500 1705 4556 per
1733 4499 1932 4537 corum
1960 4480 2186 4538 merita.
2272 4479 2464 4548 Quasi
2493 4480 2638 4539 Pius
2685 4499 2742 4537 v.
2770 4485 2831 4537 et
2862 4478 3030 4539 Gre-

607 4552 811 4628 gorius
830 4552 954 4610 xiii.
982 4554 1285 4629 passiones
1305 4556 1664 4617 Sanctorum
1691 4575 1815 4617 non
1841 4565 2110 4617 asserant
2135 4576 2259 4617 esse
2277 4559 2476 4632 justas
2501 4578 2610 4635 pro
2637 4558 2824 4634 poenis
2851 4578 3032 4618 com-
