3234 5192
564 331 681 391 654
1137 344 1215 384 m:
1246 342 1725 385 suisne-rioms
1752 340 1988 383 cuman
2015 340 2327 381 vamurs.
2539 320 2804 404 [nrsru‘r.
2835 344 2986 386 xxx.

561 488 877 549 satisfactio
925 486 1173 545 moverit
1219 483 1684 557 misericordiam,
1733 492 1802 541 ut
1845 483 2036 559 potius
2081 480 2470 541 misericordia
2511 481 2981 557 satisfactionem

562 567 867 629 destinarit
908 575 1183 643 tanquam
1220 564 1473 623 medium
1502 563 1579 623 ad
1606 563 1779 621 finem
1809 581 1994 637 suum,
2024 562 2162 620 nim.
2187 560 2521 621 Electorum
2549 562 2790 622 salutem
2823 584 2983 623 con-

562 647 921 725 sequendum
958 644 1481 722 appositissimum3
1528 642 1609 701 sic
1639 642 1809 715 enim,
1840 641 1885 702 J
1887 642 1981 699 oh.
2020 642 2101 699 iii.
2135 644 2228 715 16,
2257 641 2457 699 missio
2483 641 2696 701 dicitur
2721 642 2980 703 effectus

562 727 889 787 dilectionis
914 726 1043 799 Dei,
1070 728 1107 759 ‘⁴
1130 725 1223 784 Ita
1246 724 1407 783 Deus
1423 723 1632 781 dilexit
1653 721 1931 781 mundum
1947 728 2013 781 ut
2032 720 2256 780 dederit
2276 721 2516 795 filium,”
2541 719 2648 781 &c.
2681 722 2802 781 Nec
2819 742 2978 783 sane

562 807 793 866 aliunde
815 812 1040 883 poterat
1060 824 1233 881 quam
1254 824 1289 861 a
1310 823 1534 863 summo
1554 810 1613 861 et
1635 801 2022 859 intensissimo
2047 800 2158 859 Dei
2177 820 2319 877 erga
2337 820 2444 859 nos
2465 820 2660 860 amore
2674 801 2980 879 proficisci

564 886 971 964 Redemptoris
1018 883 1326 943 destinatio
1376 891 1435 941 et
1476 881 1695 941 missio.
1756 881 1976 941 Verum
2013 880 2246 957 quidem
2293 889 2384 939 est
2431 880 2874 941 miscricordiam
2903 892 2977 941 et

563 986 814 1027 amorem
839 965 959 1023 Dei
980 964 1219 1037 effective
1245 961 1668 1021 consideratum
1697 960 2144 1019 satisfactionem
2185 979 2522 1036 supponere,
2553 961 2688 1038 quia
2713 980 2830 1019 non
2855 980 2973 1039 po-

562 1054 712 1106 terat
732 1044 1035 1103 actualiter
1056 1062 1117 1101 se
1136 1062 1371 1101 exerere
1392 1061 1531 1118 erga
1556 1060 1664 1099 nos
1685 1060 1790 1117 per
1803 1038 2010 1100 effecta
2035 1038 2446 1113 beneficentiae,
2475 1040 2587 1099 nisi
2604 1041 2762 1117 prius
2789 1041 2977 1101 satis-

513 1143 524 1154 ¹
562 1125 777 1185 factum
798 1133 953 1183 esset
967 1122 1229 1200 justitise.
1274 1122 1359 1183 At
1374 1121 1762 1179 misericordia
1781 1120 2030 1194 affective
2051 1139 2152 1177 seu
2173 1139 2339 1177 amor
2354 1122 2733 1179 benevolentia·
2750 1121 2811 1178 in
2830 1121 2974 1180 Deo

562 1205 723 1264 illam
752 1204 985 1263 omnino
1012 1202 1349 1261 antecedere
1376 1200 1591 1274 debuit,
1623 1200 1761 1277 quia
1788 1202 1910 1258 sine
1939 1220 2006 1259 eo
2029 1198 2304 1258 destinari
2330 1220 2448 1258 non
2473 1200 2678 1277 potuit.
2721 1200 2980 1260 Frustra

564 1304 705 1343 vero
731 1284 827 1343 hic
854 1282 1069 1361 regerit
1106 1281 1495 1340 Adversarius
1524 1280 1739 1338 Filium
1783 1289 1884 1339 aut
1910 1280 2118 1338 iratum
2145 1277 2340 1354 fuisse,
2365 1288 2424 1339 e't
2451 1281 2536 1339 sic
2572 1278 2975 1341 satisfactione

561 1364 900 1442 indiguisse,
930 1371 1033 1422 aut
1058 1381 1175 1421 non
1217 1362 1443 1435 iratum,
1475 1370 1533 1420 et
1562 1360 1645 1418 sic
1685 1379 1721 1417 a
1766 1360 1938 1419 Patre
1963 1358 2323 1418 dissensisse.
2407 1360 2556 1418 Nam
2585 1379 2714 1419 cum
2741 1378 2858 1417 una
2883 1360 2976 1419 sit

566 1446 755 1503 Patris
799 1452 859 1503 et
908 1443 1046 1501 Filii
1077 1442 1308 1521 justitia
1350 1440 1443 1499 cui
1490 1439 1958 1499 satisfaciendum
2000 1438 2126 1513 fuit,
2169 1438 2264 1497 hic
2293 1458 2408 1497 non
2441 1440 2632 1499 minus
2659 1458 2832 1516 quam
2859 1439 2972 1499 ille

562 1525 745 1583 iratus
793 1523 909 1582 dici
956 1521 1145 1595 debet,
1196 1521 1409 1597 quique
1458 1519 1601 1579 adeo
1652 1518 2040 1578 satisfactione
2067 1518 2320 1596 indiguit
2345 1519 2420 1577 ad
2447 1538 2574 1578 eam
2600 1518 2970 1597 placandam.

566 1604 807 1663 Interim
835 1602 972 1679 quia
1000 1602 1085 1659 ira
1131 1600 1231 1658 issa
1256 1600 1366 1658 fuit
1392 1598 1748 1676 benignitate
1789 1606 2106 1674 temperata
2134 1599 2408 1676 Deusque
2449 1601 2677 1676 generis
2723 1600 2968 1657 humani

562 1682 774 1759 perditi
822 1680 1213 1754 miserebatur,
1260 1687 1321 1738 et
1363 1677 1435 1737 de
1483 1677 1818 1737 redimendo
1865 1678 1967 1735 illo
2014 1678 2325 1754 cogitabat,
2371 1678 2559 1738 Filius
2589 1679 2746 1738 Patri
2771 1678 2968 1739 libens

564 1761 800 1834 obediit,
831 1760 1089 1836 adeoque
1123 1757 1367 1837 justitiae
1395 1776 1515 1817 suae
1541 1757 1696 1816 laesae
1725 1756 2039 1834 satisfecit3
2083 1758 2238 1835 quod
2280 1758 2418 1817 licet
2443 1758 2696 1817 humana
2721 1767 2780 1818 et
2805 1778 2968 1819 caeca

561 1842 707 1899 ratio
735 1858 852 1899 non
880 1839 1084 1915 capiat,
1115 1837 1375 1897 Verbum
1402 1846 1597 1896 tamen
1625 1856 1896 1914 expresse
1925 1836 2110 1896 docet.
2195 1838 2273 1896 Et
2298 1838 2410 1896 hoc
2429 1847 2520 1897 est
2545 1838 2820 1898 indicium
2840 1858 2966 1897 non

564 1918 792 1979 hostilis
819 1918 1137 1993 discordiae,
1170 1916 1275 1976 sed
1298 1918 1492 1994 potius
1538 1936 1854 1977 consensus
1903 1925 1962 1975 et
1989 1916 2365 1994 obedientiae;
2411 1918 2599 1977 Filius
2625 1918 2778 1977 enim
2805 1937 2964 1977 mor·

566 2008 683 2059 tem
712 1998 979 2076 suscepit,
1010 2018 1127 2056 non
1155 1997 1311 2075 quod
1340 1996 1646 2056 dissideret
1669 2017 1708 2056 a
1735 1998 1908 2055 Patre
1925 2005 1985 2056 et
2011 1997 2338 2056 hominibus
2365 1997 2498 2075 plus
2529 1999 2691 2076 justo
2717 1999 2960 2075 faveret,

564 2079 667 2139 sed
696 2087 761 2139 ut
792 2080 1037 2157 justitiae
1068 2078 1180 2137 Dei
1202 2077 1558 2137 satisfaceret
1583 2085 1645 2136 et
1670 2076 1978 2154 perfectam
2003 2076 2220 2153 ὁμόνοιαν
2247 2096 2378 2137 cum
2409 2077 2582 2137 Patre
2609 2086 2916 2138 testaretur
2942 2100 2962 2138 ε

562 2180 677 2237 quo
708 2168 929 2237 spectat
955 2157 1101 2217 illud
1131 2158 1362 2234 Psaltis,
1396 2158 1552 2217 Psal.
1581 2158 1664 2216 xl.
1696 2161 1750 2233 ⁷,
1781 2156 1836 2233 8,
1883 2160 1919 2191 “
1945 2158 2098 2217 Ecce
2145 2159 2335 2233 venio,
2387 2156 2448 2215 in
2493 2157 2786 2218 volumine
2821 2156 2963 2217 libri

566 2240 842 2317 scriptum
872 2248 961 2299 est
988 2238 1061 2297 de
1089 2258 1197 2313 me,
1223 2246 1291 2297 ut
1316 2236 1523 2297 faciam
1552 2238 1912 2297 voluntatem
1939 2237 2159 2296 tuam.''

646 2318 861 2378 XXV.
905 2323 962 2377 2.
990 2320 1233 2376 Absurd.
1268 2318 1331 2376 Si
1360 2318 1624 2376 Christus
1644 2337 1747 2393 pro
1774 2316 1944 2376 nobis
1971 2316 2249 2376 satisfecit
2278 2316 2426 2394 Legi
2446 2315 2658 2376 divinae
2687 2336 2824 2395 ergo
2847 2316 2963 2377 Le·

565 2417 697 2475 gem
751 2418 868 2456 non
916 2405 1177 2455 tenemur
1230 2396 1477 2473 amplius
1532 2396 1858 2472 observare,
1915 2414 2048 2455 nam
2101 2416 2206 2474 pro
2251 2416 2366 2473 quo
2413 2397 2658 2474 pretium
2688 2406 2777 2456 est
2803 2397 2964 2457 solu·

560 2486 684 2536 tum
734 2476 928 2551 semel,
979 2476 1029 2533 is
1074 2494 1189 2533 non
1234 2482 1461 2533 tenetur
1507 2475 1699 2534 denuo
1727 2476 1952 2534 solvere
1977 2498 1991 2549 ;
2036 2474 2122 2535 At
2175 2475 2461 2552 posterius
2508 2484 2600 2535 est
2624 2476 2961 2553 absurdum,

562 2558 630 2613 E.
662 2564 720 2615 et
745 2554 924 2631 priua.
1010 2555 1167 2613 Hinc
1214 2554 1498 2631 colligunt
1540 2555 1860 2615 doctrinam
1889 2556 1960 2613 de
1989 2556 2379 2615 satisfactione
2407 2557 2781 2633 perniciosam
2809 2575 2962 2633 esse,

558 2635 887 2695 hominibus
916 2633 1221 2693 fenestram
1250 2632 1325 2692 ad
1352 2635 1704 2711 peccandum
1734 2633 2059 2712 aperiend0,
2083 2644 2184 2695 aut
2211 2637 2286 2695 ad
2313 2636 2633 2695 socordiam
2661 2637 2719 2695 in
2742 2636 2965 2713 pietate

560 2714 804 2775 colenda
850 2734 951 2774 eos
998 2713 1299 2773 invitando
1346 2724 1407 2774 et
1452 2715 1683 2775 desides
1731 2714 2042 2787 reddend0,
2087 2716 2322 2775 Catech.
2354 2716 2575 2775 Racov.
2605 2736 2654 2776 c.
2683 2718 2736 2790 8,
2765 2735 2821 2792 q.
2855 2718 2932 2773 17
2943 2760 2960 2775 .

564 2796 662 2856 Sic
692 2794 999 2855 Volkelius
1026 2794 1088 2853 li.
1117 2815 1176 2853 V.
1206 2816 1255 2853 c.
1286 2796 1382 2869 20,
1414 2798 1509 2871 21,
1542 2796 1754 2873 saepius
1781 2795 2047 2869 inculcat,
2081 2798 2120 2829 “
2143 2794 2312 2854 Hanc
2341 2795 2660 2855 doctrinam
2689 2814 2962 2873 magnam

559 2877 680 2935 vim
708 2896 811 2954 per
838 2895 899 2935 se
928 2876 1139 2935 habere
1166 2875 1243 2933 ad
1288 2875 1550 2936 homines
1577 2895 1694 2935 non
1723 2876 1909 2935 solum
1943 2894 2176 2935 securos
2201 2875 2502 2952 lentosque
2531 2876 2592 2935 in
2619 2874 2804 2935 officio
2827 2875 2966 2935 red-

560 2956 799 3032 dendos,
845 2956 1066 3015 Verum
1114 2956 1289 3015 etiam
1333 2956 1394 3013 in
1438 2956 1632 3015 omnia
1660 2956 1938 3015 scelerum
1968 2974 2182 3033 genera
2227 2955 2625 3033 impellendos.
2710 2956 2860 3014 Nam
2907 2955 2962 3015 si

555 3036 785 3114 justitia
802 3036 1017 3095 Christi
1044 3036 1212 3095 nobis
1234 3036 1564 3113 imputatur,
1588 3034 2072 3113 quemadmodum
2100 3035 2334 3112 quidem
2361 3055 2597 3095 necesse
2615 3044 2721 3112 est,
2752 3036 2803 3095 si
2821 3054 2960 3095 nos·

562 3124 651 3175 tro
678 3116 807 3175 loco
836 3114 946 3174 fuit
971 3116 1245 3192 praestita,
1276 3124 1472 3174 nostra
1517 3117 1773 3194 ipsorum
1801 3117 2105 3175 sanctitate
2131 3134 2495 3194 nequaquam
2523 3116 2632 3175 erit
2659 3136 2818 3193 opus,
2849 3136 2963 3176 nec

563 3195 871 3271 quicquam
898 3195 1227 3270 prohibebit
1254 3196 1561 3271 quominus
1588 3196 1816 3255 etiamsi
1842 3196 1904 3254 in
1929 3195 2182 3272 peccatis
2222 3214 2656 3273 perseveremus
2676 3196 2842 3275 regni
2867 3203 2958 3255 ta-

564 3292 695 3331 men
725 3272 977 3330 coelestis
1008 3273 1403 3333 haereditatem
1430 3274 1764 3350 adeamus,’'
1795 3283 1853 3333 et
1869 3294 1919 3333 c.
1944 3278 2039 3349 22,
2087 3274 2290 3350 “Quid
2318 3295 2506 3334 causae
2534 3284 2624 3335 est
2651 3295 2753 3334 cur
2778 3274 2830 3335 is
2857 3276 2964 3353 qui

563 3350 1011 3411 satisfactionem
1040 3352 1203 3409 illam
1229 3372 1561 3429 persuasam
1588 3354 1826 3429 habens,
1857 3362 1916 3413 et
1945 3354 2238 3414 Christum
2280 3374 2386 3433 pro
2413 3354 2681 3414 omnibus
2707 3355 2964 3432 peccatis

560 3440 621 3491 et
652 3432 775 3508 jam
815 3430 1153 3506 commissis,
1206 3440 1265 3490 et
1310 3451 1481 3509 porro
1528 3432 1974 3510 committendis,
2023 3434 2368 3493 solutionem
2409 3434 2800 3512 plenissimam
2831 3434 2964 3493 Deo

560 3510 897 3589 praestitisse
926 3509 1182 3585 credens,
1212 3511 1433 3589 aliquid
1452 3512 1513 3571 in
1540 3512 1873 3589 repellenda
1899 3532 1936 3571 a
1961 3532 2023 3572 se
2050 3514 2344 3590 impietate
2373 3522 2432 3574 et
2464 3515 2693 3592 justitia
2719 3514 2966 3573 colenda

558 3590 775 3651 laboris
803 3590 913 3650 sibi
941 3589 1271 3668 ponendum
1298 3591 1591 3653 existimet
1607 3592 1675 3650 ?''
1759 3592 1954 3670 Resp.,
1989 3591 2105 3652 Sed
2150 3593 2202 3652 l.
2245 3601 2334 3653 est
2360 3595 2517 3671 quod
2555 3594 2723 3653 nobis
2763 3600 2964 3671 gratu-

560 3672 747 3731 lemur
794 3670 1001 3729 iisdem
1042 3671 1216 3729 armis
1265 3691 1523 3749 pugnare
1568 3671 1986 3731 Adversarium
2037 3672 2249 3750 quibus
2299 3673 2438 3731 olim
2487 3674 2690 3751 gratiae
2745 3672 2964 3734 divinae

559 3754 757 3812 hostes
799 3750 1119 3809 doctrinam
1160 3752 1427 3828 gratuitae
1467 3751 1512 3812 J
1514 3752 1915 3811 ustificationis
1942 3772 2116 3829 quam
2145 3752 2364 3811 Paulus
2403 3752 2754 3829 praedicabat
2791 3772 2960 3813 aver·

559 3841 681 3892 tere
724 3830 1095 3906 conabantur,
1140 3831 1223 3890 sic
1264 3832 1486 3891 scilicet
1527 3832 1730 3891 consui
1768 3832 2045 3910 pulvillos
2071 3831 2454 3907 conscientiis,
2499 3841 2560 3891 et
2599 3832 2826 3892 edoceri
2853 3832 2958 3891 ho-

560 3912 745 3971 mines
784 3930 1017 3971 manere
1056 3910 1119 3969 in
1156 3920 1393 3989 peccato
1433 3918 1501 3971 ut
1539 3910 1796 3971 abundet
1844 3911 2048 3989 gratia,
2094 3911 2263 3970 Rom.
2311 3911 2386 3969 vi.
2433 3914 2487 3970 l.
2570 3916 2628 3971 2.
2672 3912 2803 3971 Etsi
2851 3910 2961 3971 ho·

558 3991 743 4050 mines
782 3990 945 4068 impii
987 3998 1045 4049 et
1085 3992 1345 4068 perversi
1382 3992 1493 4050 hac
1534 3991 1772 4050 salutari
1811 3990 2074 4050 doctrina
2100 3991 2472 4050 abuterentur
2497 4010 2739 4069 eamque
2779 3991 2840 4049 in
2867 4010 2961 4052 se-

558 4072 819 4149 quiorem
860 4089 1091 4129 sensum
1134 4071 1441 4146 traherent,
1484 4078 1657 4148 prout
1695 4078 1896 4129 notum
1937 4080 2028 4129 est
2085 4070 2294 4148 saepius
2334 4070 2491 4147 ipsas
2537 4072 2859 4150 Scripturas
2897 4070 2962 4131 in

557 4151 847 4229 propriam
874 4149 1183 4227 perniciem
1210 4149 1568 4228 detorquere,
1598 4157 1746 4209 teste
1789 4150 1981 4225 Petro,
2026 4154 2062 4208 2
2107 4150 2234 4210 Pet.
2277 4150 2360 4209 iii.
2407 4152 2500 4225 16,
2545 4150 2678 4210 Non
2704 4150 2840 4211 inde
2867 4170 2960 4210 se·

560 4239 831 4307 queretur
870 4249 1007 4289 vere
1027 4231 1140 4289 hoc
1166 4250 1243 4289 ex
1270 4230 1375 4289 tali
1402 4229 1663 4289 doctrina
1691 4229 1872 4306 sequi.
1916 4230 2046 4288 Imo
2073 4230 2220 4288 nihil
2247 4230 2438 4289 minus
2465 4230 2600 4290 inde
2629 4230 2760 4290 elici
2785 4248 2958 4309 posse

560 4319 717 4369 certo
745 4310 957 4369 certius
985 4318 1090 4385 est,
1114 4330 1247 4369 cum
1274 4318 1475 4371 contra
1500 4309 1936 4387 potentissimus
1963 4311 2040 4369 ad
2075 4310 2438 4371 sanctitatem
2487 4310 2564 4369 sit
2606 4310 2858 4387 aculeus,
2889 4321 2960 4370 ut

552 4388 797 4464 jamjam
827 4388 1133 4448 videbitur.

640 4464 889 4524 XXVI.
934 4470 991 4526 3.
1032 4470 1261 4529 Finium
1305 4468 1597 4529 diversitas
1647 4468 1858 4529 Christi
1903 4468 2290 4529 obedientiam
2333 4478 2394 4529 et
2439 4478 2696 4531 nostram
2741 4469 2957 4548 optime

560 4543 864 4618 conciliat3
908 4546 1066 4621 quod
1092 4548 1245 4605 enim
1275 4548 1538 4609 Christus
1579 4568 1685 4627 pro
1732 4549 1902 4609 nobis
1949 4549 2231 4628 praestitit,
2263 4549 2322 4609 id
2345 4568 2484 4609 sane
2527 4558 2798 4627 praestare
2840 4567 2962 4607 non

556 4632 820 4681 tenemur
847 4623 1049 4681 eodem
1094 4624 1219 4700 fine,
1251 4634 1311 4685 et
1336 4626 1536 4689 eadem
1564 4628 1640 4689 de
1667 4647 1857 4706 causa,
1887 4630 2026 4689 nim.
2049 4638 2114 4691 ut
2141 4628 2577 4706 satisfaciamus,
2599 4640 2658 4691 et
2683 4639 2750 4689 ut
2775 4629 2958 4688 vitam
