3234 5192
518 302 635 367 472
1095 320 1177 359 m:
1204 318 1680 363 εΑτιει-Αοτιοιιιε
1707 320 1944 363 cums'n
1975 320 2295 363 venri-Ars.
2504 302 2766 383 [maror.
2795 322 2934 365 xlv.

523 461 775 539 inquam,
808 460 857 519 si
884 460 1194 520 discrimen
1220 470 1450 522 tanturn
1478 470 1569 523 est
1612 462 1830 521 ordinis
1873 471 1975 522 aut
2004 461 2235 539 gradus,
2265 482 2382 521 non
2409 472 2720 541 negaretur
2747 464 2944 523 statim

524 562 616 600 res
647 542 803 619 ipsa3
834 562 951 599 non
978 552 1215 619 possent
1246 564 1383 601 sane
1426 542 1542 603 dici
1574 543 1768 619 primo
1796 562 1900 620 pro
1929 543 2098 601 nobis
2127 542 2389 603 crucifixi
2415 551 2475 601 et
2503 545 2717 603 mortni
2741 544 2948 603 fideles

526 630 627 679 aut
656 622 941 699 Apostoli,
990 622 1093 679 sed
1119 632 1359 700 possent
1404 633 1598 683 tamen
1643 642 1747 699 pro
1797 622 1965 681 nobis
2014 622 2130 681 dici
2173 623 2450 698 crucifixi,
2483 624 2767 701 siquidem
2811 624 2948 683 finis

526 702 727 759 mortis
757 701 971 761 Christi
1012 722 1130 761 non
1174 702 1366 762 differt
1403 702 1597 781 quoad
1641 703 1910 781 speeiem,
1941 702 2046 761 sed
2085 711 2311 762 tantum
2338 704 2530 780 quoad
2559 705 2841 780 gradum:
2885 714 2950 763 at

532 782 749 839 Paulus
776 800 892 839 non
940 791 1119 858 negat
1162 791 1386 843 tantum
1429 783 1787 860 prioritatem
1829 783 2048 842 ordinis
2091 784 2188 842 vel
2217 783 2448 861 graduS,
2481 785 2584 843 sed
2611 804 2729 843 rem
2761 784 2946 861 ipsam

528 861 682 921 tollit
710 870 981 938 tanquam
1011 862 1277 937 alienam,
1308 872 1367 922 et
1394 864 1503 922 soli
1530 863 1880 940 redemptori
1923 883 1990 921 ac
2023 862 2257 922 domino
2287 864 2348 921 in
2375 864 2540 941 cujus
2567 884 2776 923 nomen
2803 865 2946 941 bap—

531 942 774 1000 tizamur
798 941 1124 1018 propriam:
1171 946 1207 975 ‘⁶
1230 942 1330 1000 An
1377 944 1594 1003 Paulus
1641 963 1746 1020 pro
1789 943 1958 1003 vobis
2003 943 2313 1003 crucifixus
2333 946 2362 1002 Ρ
2403 944 2497 1003 vel
2525 964 2600 1003 an
2629 945 2688 1002 in
2735 964 2948 1003 nomen

536 1020 705 1079 Pauli
731 1020 871 1079 estis
896 1021 1176 1099 baptizati
1196 1024 1259 1082 ?''
1300 1024 1579 1100 colligens
1610 1022 1833 1082 scilicet
1875 1044 1992 1081 non
2041 1024 2214 1083 alium
2262 1044 2366 1101 pro
2407 1024 2576 1083 nobis
2603 1024 2945 1084 crucifixum

534 1120 704 1178 posse
732 1099 849 1159 dici
874 1102 989 1160 nisi
1018 1102 1331 1162 Dominum
1362 1104 1405 1164 J
1408 1124 1569 1163 esum
1598 1104 1658 1162 in
1687 1124 1859 1181 quem
1888 1103 2020 1162 ideo
2047 1114 2281 1181 propter
2299 1106 2399 1182 jus
2441 1105 2599 1181 quod
2626 1105 2687 1162 in
2713 1124 2820 1163 nos
2849 1125 2944 1164 ac-

537 1180 776 1257 quisivit
802 1190 957 1241 recte
984 1183 1267 1260 baptizari
1294 1183 1557 1243 dicimur.
1602 1184 1772 1259 Quod
1797 1204 1939 1243 vero
1977 1185 2213 1261 subjicit
2256 1184 2526 1259 secundo,
2557 1184 2688 1243 ideo
2717 1186 2946 1262 proprie

536 1262 649 1318 hoc
676 1260 749 1318 ‹le
772 1262 1001 1321 Christo
1028 1262 1331 1339 praedicari
1356 1263 1494 1341 quia
1525 1266 1560 1297 “
1581 1265 1810 1342 proprie
1839 1274 1898 1323 et
1926 1284 2062 1323 vere
2090 1266 2141 1323 is
2188 1284 2292 1343 pro
2320 1263 2514 1341 aliquo
2543 1264 2688 1322 mori
2717 1265 2950 1324 videtur

539 1341 639 1417 qui
668 1351 850 1400 morte
879 1362 984 1401 sua
1030 1344 1193 1401 illum
1244 1344 1304 1401 in
1331 1344 1456 1403 vita
1502 1353 1809 1403 conservat
1851 1353 1912 1403 et
1938 1366 1974 1403 a
1999 1352 2184 1403 morte
2211 1343 2396 1421 eripit,
2427 1344 2585 1421 quod
2629 1354 2814 1403 morte
2843 1364 2950 1403 sua

540 1420 675 1479 fecit
705 1421 983 1497 Christus,
1015 1442 1183 1482 nemo
1213 1432 1405 1483 autem
1448 1433 1656 1501 praeter
1687 1424 1876 1501 ipsum
1909 1434 2011 1483 aut
2038 1424 2174 1483 fecit
2218 1432 2318 1482 aut
2343 1422 2530 1482 facere
2556 1426 2801 1501 potest,‘’
2833 1424 2950 1483 Vel

540 1500 687 1557 nihil
715 1500 791 1557 ad
815 1522 937 1560 rem
964 1502 1118 1578 facit,
1144 1504 1259 1562 Vel
1288 1506 1632 1563 sententiam
1653 1513 1909 1563 nostram
1930 1504 2254 1565 luculenter
2281 1502 2578 1563 confirmat
2603 1526 2617 1563 ε
2647 1504 2796 1561 Nam
2819 1524 2952 1563 cum

472 1592 478 1598 '
544 1580 807 1639 Christus
834 1601 869 1638 a
896 1590 1078 1640 morte
1107 1602 1213 1641 nos
1240 1584 1459 1659 eripere
1486 1584 1581 1643 vel
1631 1584 1707 1643 ad
1735 1594 2005 1644 aeternam
2052 1584 2351 1645 traducere
2399 1603 2514 1642 non
2542 1592 2739 1661 posset
2766 1584 2948 1643 vitam

542 1660 653 1717 nisi
682 1678 881 1735 poenas
910 1662 1077 1720 nobis
1106 1662 1330 1721 debitas
1378 1664 1678 1723 subeundo
1729 1673 1788 1723 et
1835 1662 2008 1745 λὺτςοι
2036 1664 2228 1723 dando
2271 1684 2374 1741 pro
2422 1664 2628 1741 nobis;
2672 1663 2872 1740 utique
2900 1664 2956 1723 si

541 1758 646 1815 per
672 1748 914 1797 mortem
944 1760 1049 1799 nos
1076 1761 1113 1799 a
1140 1749 1322 1800 morte
1350 1742 1560 1820 eripuit
1586 1754 1648 1803 et
1673 1744 1749 1801 ad
1777 1744 1954 1802 vitam
1979 1744 2254 1819 traduxit,
2274 1764 2378 1821 pro
2407 1744 2574 1802 nobis
2603 1742 2952 1803 satisfecisse

544 1817 823 1877 dicendus
852 1828 977 1893 est;
1007 1840 1195 1897 neque
1222 1822 1443 1881 utilitas
1470 1823 1605 1897 ulla,
1637 1823 2053 1901 qualiscunque
2081 1824 2313 1883 demum
2343 1822 2444 1881 illa
2471 1824 2563 1900 sit,
2595 1824 2718 1883 sine
2747 1824 2952 1885 subro-

545 1897 777 1975 gatione
805 1899 1017 1975 poterit
1037 1900 1290 1977 phrasim
1318 1902 1467 1961 hanc
1497 1903 1726 1962 Christo
1753 1904 2101 1981 peculiarem
2129 1903 2387 1963 reddere.

627 1978 773 2037 VlI.
822 1979 1085 2057 Denique
1112 1980 1263 2039 hane
1288 1982 1490 2041 mortis
1518 1983 1735 2042 Christi
1777 2004 1880 2061 pro
1913 1985 2082 2043 nobis
2102 1984 2221 2041 vim
2251 1982 2690 2043 satisfactoriam
2717 1986 2954 2044 circum—

544 2058 764 2117 stantiae
781 2059 917 2135 ipsae
944 2063 1193 2120 locorum
1219 2062 1525 2122 adstruunt
1545 2063 1995 2123 evidentissime.
2069 2064 2283 2141 rNeque
2311 2064 2462 2122 enim
2494 2064 2703 2125 dicitur
2729 2073 2954 2124 tantum

546 2149 807 2199 mortuus
835 2161 939 2218 pro
966 2142 1135 2201 nobis
1164 2142 1443 2217 Christus,
1476 2142 1579 2202 sed
1605 2143 1778 2203 datus
1803 2152 1870 2203 ut
1905 2164 2013 2203 nos
2035 2144 2362 2218 redimeret,
2393 2144 2508 2203 Tit.
2537 2144 2596 2205 ii.
2632 2148 2724 2220 14,
2753 2153 2820 2203 ιιι
2845 2164 2955 2203 nos

540 2219 888 2295 justificaret
916 2230 974 2281 et
1004 2222 1131 2281 Deo
1158 2223 1569 2298 reconciliaret,
1592 2224 1762 2284 Rom.
1793 2243 1852 2283 v.
1887 2228 1978 2298 10,
2011 2232 2076 2283 ut
2102 2244 2138 2283 a
2163 2224 2416 2301 peccatis
2436 2224 2742 2283 mundaret
2768 2224 2954 2283 omni-

547 2299 658 2358 bus
686 2308 746 2359 et
778 2300 902 2359 Deo
930 2301 992 2358 in
1020 2311 1297 2361 aeternum
1343 2312 1719 2380 consecraret,
1767 2304 1922 2363 Heb.
1953 2304 2012 2363 ii.
2057 2307 2148 2379 14,
2179 2312 2237 2363 et
2265 2324 2324 2362 x.
2376 2306 2468 2379 10,
2497 2308 2590 2380 14,
2621 2313 2687 2364 ut
2714 2304 2955 2363 victima

548 2398 679 2453 quse
696 2380 1014 2454 peccatoris
1035 2380 1217 2458 ipsius
1235 2382 1422 2440 vicem
1445 2382 1600 2441 subit
1620 2392 1682 2441 et
1699 2391 1942 2443 mortem
1970 2384 2058 2442 illi
2079 2383 2328 2443 debitam
2351 2385 2612 2457 sustinet,
2639 2384 2789 2462 Eph.
2811 2404 2870 2443 v.
2893 2388 2952 2460 2,

548 2454 677 2530 &c.‚
708 2477 838 2533 quae
887 2478 1025 2538 sane
1068 2479 1365 2537 perperam
1413 2461 1739 2521 dicerentur
1784 2463 1899 2522 nisi
1947 2464 2280 2523 substitutio
2319 2471 2378 2523 et
2423 2483 2499 2523 ex
2543 2464 2954 2523 substitutione

546 2556 734 2615 poenae
760 2536 1065 2597 inferretur
1092 2540 1499 2617 compensatiO.
1546 2542 1717 2601 Unde
1726 2544 1850 2619 jam
1873 2543 2146 2621 colligere
2173 2563 2480 2621 possumus
2509 2552 2912 2621 argumentum
2941 2568 2958 2605 :

548 2616 613 2675 Is
634 2616 786 2675 enim
815 2618 916 2695 qui
942 2639 1060 2677 non
1112 2618 1267 2679 bono
1296 2628 1521 2679 tantum
1566 2630 1764 2681 nostro
1793 2631 1852 2681 et
1879 2624 2180 2682 commodo
2203 2622 2306 2682 sed
2353 2624 2482 2683 vice
2530 2626 2700 2683 etiam
2741 2633 2799 2684 et
2826 2624 2958 2683 loco

546 2704 761 2773 nostro,
793 2706 1035 2759 mortem
1062 2700 1250 2760 crucis
1277 2720 1583 2779 perpessus
1610 2710 1715 2778 est,
1745 2702 2018 2763 Servator
2043 2711 2133 2762 est
2153 2722 2270 2762 non
2291 2704 2557 2782 exemplo
2585 2712 2825 2780 tantum,
2851 2704 2958 2763 sed

547 2785 607 2836 et
632 2778 855 2855 meritc,
884 2800 1021 2839 nam
1060 2790 1429 2859 peccatorum
1457 2782 1644 2841 vicem
1674 2783 1866 2843 subire
1895 2791 1959 2842 ut
1986 2783 2096 2862 ipsi
2125 2783 2437 2860 salventur,
2469 2804 2586 2843 non
2615 2793 2706 2844 est
2729 2792 2958 2844 tantum

547 2860 877 2937 exemplum
925 2862 1081 2940 dare,
1113 2862 1216 2923 sed
1263 2870 1322 2923 et
1364 2862 1632 2923 meritum
1680 2862 1954 2923 exhibere
1977 2886 1992 2941 ς
2039 2863 2124 2923 At
2172 2862 2434 2923 Christus
2477 2864 2590 2924 hoc
2633 2864 2822 2943 ipsum
2849 2884 2956 2943 pro

542 2940 711 2999 nobis
740 2943 1045 3018 praestitit:
1088 2943 1160 3003 E.

629 3021 809 3080 VIII.
855 3024 1063 3102 Excip.
1094 3024 1205 3101 hic,
1242 3028 1319 3085 1⁰.
1350 3026 1481 3087 Non
1525 3046 1697 3105 posse
1742 3025 2192 3086 satisfactionem
2237 3046 2310 3084 ex
2339 3024 2667 3086 istiusmodi
2693 3026 2838 3085 loeis
2863 3025 2954 3084 in-

546 3100 697 3173 ferri,
716 3102 851 3177 quia
861 3103 1035 3163 etiam
1057 3105 1305 3165 “fideles
1322 3127 1425 3184 pro
1445 3107 1718 3167 fratribus
1737 3108 1958 3165 animas
1975 3126 2186 3184 ponere
2196 3105 2535 3183 jubentur,'’
2563 3111 2592 3165 1
2606 3107 2649 3167 J
2653 3108 2747 3166 oh.
2761 3106 2842 3165 iii.
2858 3108 2952 3181 16,

548 3188 607 3238 et
638 3181 855 3239 Paulus
883 3182 956 3241 de
984 3203 1047 3243 se
1076 3185 1289 3259 scribit,
1324 3187 1445 3245 Col.
1476 3187 1515 3245 i.
1547 3190 1643 3263 24,
1679 3190 1715 3221 “
1737 3207 1799 3246 se
1823 3187 2058 3264 implere
2081 3185 2353 3263 reliquias
2375 3186 2708 3263 passionum
2739 3186 2956 3245 Christi

550 3259 667 3338 ὑπὲρ
696 3266 782 3318 τοῦ
798 3260 1025 3336 νάματος
1046 3283 1150 3340 pro
1173 3285 1409 3342 corpore
1431 3266 1630 3343 ipsius,
1657 3267 1812 3343 quod
1835 3276 1924 3325 est
1947 3266 2210 3326 Ecclesia
2233 3269 2282 3343 ;’'
2301 3266 2388 3325 At
2410 3275 2626 3326 certum
2651 3276 2741 3325 est
2762 3274 2956 3325 tamen

550 3358 657 3397 nec
686 3338 887 3398 fideles
912 3361 1017 3418 pro
1045 3342 1317 3402 fratribus
1345 3364 1453 3404 nee
1483 3346 1729 3405 Paulum
1757 3366 1862 3423 pro
1891 3346 2154 3406 Ecclesia
2182 3346 2452 3423 cuiquam
2481 3346 2827 3406 satisfecisse
2855 3355 2960 3404 aut

550 3417 879 3478 satisfacere
906 3440 1095 3497 posse.
1125 3425 1205 3481 2⁰.
1240 3422 1302 3480 Si
1332 3423 1594 3483 Christus
1613 3426 1741 3484 loco
1758 3434 1956 3485 nostro
1978 3438 2240 3487 mortuus
2267 3426 2471 3486 fuisset
2499 3434 2558 3485 et
2585 3446 2807 3504 passuS,
2838 3444 2957 3483 non

548 3518 850 3576 possemus
878 3500 1067 3559 eidem
1094 3502 1297 3561 mortis
1336 3511 1395 3562 et
1410 3504 1744 3580 passionum
1763 3506 1963 3583 generi
1981 3507 2206 3585 subjici,
2233 3515 2291 3566 et
2317 3506 2394 3565 ad
2419 3506 2670 3565 animam
2699 3513 2958 3565 nostram

549 3578 954 3639 effundendam
982 3601 1100 3639 non
1143 3582 1335 3642 minus
1382 3582 1483 3643 illo
1526 3584 1772 3661 incitari,
1806 3585 2089 3664 siquidem
2135 3586 2264 3645 loeo
2292 3594 2490 3645 nostro
2517 3586 2790 3664 patiendo
2819 3604 2956 3662 sup-

546 3660 779 3738 ponitur
806 3660 879 3719 ab
908 3681 977 3720 ea
997 3662 1339 3721 necessitate
1362 3683 1469 3722 nos
1490 3665 1776 3725 exemisse
1799 3688 1814 3741 3
1859 3675 1920 3726 at
1938 3666 2201 3726 Christus
2221 3665 2346 3743 ipse
2365 3686 2472 3725 nos
2500 3665 2576 3724 ad
2603 3665 2664 3723 id
2692 3665 2958 3725 hortatur

546 3762 663 3800 non
694 3740 889 3817 semel,
924 3741 1133 3801 Matth.
1164 3763 1241 3818 x.,
1274 3751 1333 3801 et
1360 3744 1501 3804 Luc.
1532 3744 1613 3803 ix.
1646 3748 1742 3821 23,
1769 3748 1806 3779 “
1829 3746 1878 3805 si
1901 3748 2031 3824 quis
2051 3747 2182 3807 vult
2202 3746 2398 3804 venire
2421 3754 2554 3823 post
2580 3765 2672 3803 me
2700 3745 2955 3821 abneget

551 3822 924 3900 semetipsum
952 3833 1011 3881 ct
1030 3823 1199 3882 tollat
1220 3842 1445 3883 crucem
1470 3826 1693 3901 snam,’'
1724 3824 1850 3901 δια,
1877 3836 1934 3887 et
1959 3826 2230 3904 Apostoli
2247 3825 2576 3901 exemplum
2597 3825 2710 3885 hoc
2731 3825 2806 3883 ad
2827 3825 2955 3883 mii·

548 3902 827 3962 tationem
856 3903 1067 3980 saepius
1095 3912 1438 3981 proponunt,
1466 3906 1620 3965 Heb.
1642 3906 1701 3965 ii.
1727 3908 1782 3981 9,
1808 3910 1898 3982 10,
1925 3915 1984 3965 et
2005 3910 2034 3964 1
2068 3906 2195 3965 Pet.
2223 3906 2284 3963 ii.
2316 3907 2412 3979 21,
2448 3907 2484 3937 ‘⁸
2509 3905 2582 3962 In
2610 3904 2722 3964 hoc
2750 3922 2957 3982 passus

547 3991 637 4041 est
666 3983 931 4043 Christus
948 3983 1279 4061 relinquens
1297 3984 1464 4044 nobis
1486 3986 1815 4063 exemplum
1835 3995 1902 4046 ut
1919 4005 2226 4063 sequamur
2246 3985 2374 4061 ejus
2396 3984 2704 4062 vestigia.’'
2736 3990 2817 4045 3⁰.
2847 3983 2958 4043 Vis

548 4064 717 4122 istius
744 4063 1051 4124 locutionis
1080 4084 1154 4123 ex
1185 4065 1300 4123 alia
1328 4065 1503 4123 simili
1532 4066 1734 4143 colligi
1779 4066 1952 4125 debet
1979 4085 2108 4125 cum
2158 4064 2370 4124 dicitur
2399 4064 2664 4125 Christus
2693 4074 2956 4124 mortuus

549 4152 609 4203 ct
637 4144 883 4204 traditus
902 4165 1018 4221 pro
1038 4145 1284 4221 peccatis
1312 4147 1558 4217 nosm’s;
1603 4153 1666 4204 ut
1693 4165 1833 4223 ergo
1867 4145 2094 4223 phrasis
2143 4144 2255 4205 ista
2298 4164 2416 4205 non
2462 4145 2635 4205 infert
2663 4146 2958 4204 Christum

546 4224 676 4283 loco
704 4234 1069 4302 peecatorum
1099 4236 1423 4285 nostrorum
1454 4234 1744 4285 mortuum
1783 4246 1926 4301 esse,
1953 4225 2057 4285 sed
2083 4234 2308 4285 tantum
2337 4233 2702 4303 peccatorum
2734 4234 2960 4284 nostro-

548 4324 674 4363 rum
704 4324 879 4363 causa
906 4306 1030 4364 sive
1059 4314 1292 4383 propter
1318 4314 1556 4383 peccata
1582 4314 1780 4364 nostra
1807 4314 1874 4366 ut
1920 4306 2058 4365 alibi
2108 4305 2356 4381 dicitur;
2401 4306 2484 4365 ita
2509 4326 2618 4365 nec
2647 4304 2956 4365 dicendum

548 4385 658 4443 erit
679 4384 1053 4444 substitutum
1077 4406 1209 4444 eum
1231 4386 1408 4445 fuisse
1430 4386 1491 4443 in
1510 4386 1700 4445 locum
1725 4394 2005 4457 nostrum,
2028 4386 2138 4445 etsi
2158 4406 2262 4463 pro
2285 4387 2453 4446 nobis
2480 4386 2654 4445 fuerit
2675 4395 2954 4462 mortuus,

548 4462 653 4520 sed
680 4470 903 4523 tantum
932 4465 1113 4524 nostri
1142 4466 1329 4543 gratia
1356 4474 1415 4525 et
1432 4476 1678 4543 propter
1701 4487 1820 4542 nos,
1849 4476 1915 4527 ut
1943 4467 2085 4527 dicit
2113 4466 2340 4543 Apost.‚
2378 4470 2407 4524 1
2441 4467 2571 4527 Cor.
2603 4466 2726 4527 viii.
2759 4469 2850 4525 11.

630 4540 750 4601 IX.
796 4543 913 4601 Sed
931 4556 1173 4620 peccant
1198 4546 1293 4605 hic
1312 4566 1467 4607 more
1490 4566 1594 4607 suo
1616 4546 1873 4607 haeretici
1900 4548 2055 4607 falla.
2086 4550 2231 4629 παρὰ
2256 4573 2313 4604 τι
2329 4546 2546 4623 ἐκόμων
2568 4548 2734 4624 quasi
2756 4546 2958 4605 eadem

547 4620 773 4699 phrasis
802 4642 971 4681 sensu
1002 4624 1203 4683 eodem
1234 4645 1459 4701 semper
1486 4628 1749 4703 usurpari
1779 4627 2032 4703 deberet,
2053 4647 2182 4686 cum
2215 4636 2404 4686 tamen
2428 4627 2576 4687 nihil
2597 4628 2673 4686 sit
2689 4626 2956 4705 frequen·
