3234 5192
518 350 634 407 626
1090 362 1169 404 DE
1198 361 1679 405 sArlsrAc'rloms
1710 360 1946 402 CHRISTI
1974 360 2296 401 vEmTA'rE.
2527 338 2796 423 [DISPUT.
2833 362 2956 404 XX.

522 528 655 567 cum
698 505 995 583 scripturis
1038 505 1362 565 necessario
1410 504 1803 580 adstruuntur,
1835 504 1918 563 ita
1959 503 2060 563 ubi
2109 502 2406 580 scripturis
2449 512 2794 580 repugnant,
2843 524 2956 564 eas

524 588 745 646 nullam
773 586 891 644 vim
920 586 1132 647 habere
1162 594 1379 645 certum
1410 595 1514 645 est.

610 668 721 727 IV.
766 665 1111 743 Respondeo
1160 671 1213 725 1.
1252 665 1327 724 ad
1366 666 1614 743 Major-‚3
1655 663 1890 723 Peccari
1934 662 2302 722 insufficienti
2345 662 2795 737 enumeratione,
2847 684 2950 723 res

529 748 683 808 enim
712 747 907 824 aliqua
932 755 1123 824 potest
1151 766 1279 805 esse
1307 746 1367 803 in
1393 746 1704 823 Scriptura,
1729 764 1846 803 non
1875 752 2096 803 tantum
2127 762 2398 821 expresse
2428 751 2487 801 et
2515 741 2816 819 αὖτολεξεὶ,
2845 745 2950 803 vel

532 827 823 906 explicite,
873 833 932 885 et
970 831 1096 882 κατ’
1142 827 1492 898 ἰσοδυναμίαν,
1542 826 1648 883 sed
1685 824 1858 883 etiam
1901 823 2176 901 implicite
2219 831 2277 881 et
2319 824 2472 879 κατὰ
2518 827 2950 881 συνακολουθίαν.

537 910 687 967 Sane
716 906 873 983 quod
898 907 1061 964 nullo
1088 906 1261 965 modo
1283 906 1343 963 in
1376 906 1671 982 Scriptura
1697 903 1959 978 traditur,
1995 903 2200 962 merito
2227 912 2558 980 suspectum
2587 922 2714 962 esse
2745 904 2948 979 debet,

535 990 651 1047 imo
692 995 967 1063 tanquam
1008 984 1216 1045 falsum
1258 994 1317 1045 et
1358 984 1744 1045 adulterinum
1787 982 2040 1061 explodi,
2083 991 2145 1043 at
2181 983 2338 1060 quod
2369 1002 2486 1040 non
2513 992 2676 1043 extat
2703 984 2950 1059 quidem

538 1064 820 1142 αὐτολεξε)
843 1074 902 1125 et
931 1067 1081 1121 κατὰ
1113 1068 1170 1121 τὸ
1198 1067 1359 1145 ῥητὸν,
1403 1065 1505 1123 sed
1536 1067 1689 1121 κατὰ
1719 1066 1810 1130 τὴν
1835 1066 2057 1120 διάνοιαν
2084 1063 2178 1122 vel
2207 1062 2638 1140 aequipollenter,
2685 1064 2783 1122 vel
2811 1084 2946 1123 con-

534 1148 784 1223 secutive‚
816 1146 1156 1220 necessaria,
1186 1146 1467 1222 proxima,
1498 1153 1558 1204 et
1586 1144 1842 1203 evidenti
1873 1144 2299 1221 consequentia,
2338 1163 2456 1201 non
2484 1144 2758 1202 continuo
2787 1164 2946 1203 erro-

538 1228 618 1287 ris
647 1236 835 1305 potest
864 1226 1047 1303 argui,
1071 1245 1187 1284 non
1214 1226 1407 1285 minus
1434 1225 1585 1285 enim
1616 1226 1690 1283 de
1723 1224 2018 1302 Scriptura
2045 1244 2171 1283 esse
2199 1230 2481 1297 censetur,
2506 1244 2679 1299 quam
2703 1224 2764 1282 id
2787 1225 2952 1302 quod

540 1308 781 1367 totidem
810 1305 1005 1365 verbis
1046 1305 1105 1364 in
1148 1326 1217 1364 ea
1256 1306 1519 1365 traditur.
1567 1308 1602 1338 “
1627 1304 1750 1364 Nec
1778 1305 1990 1379 enim‚”
2021 1312 2086 1364 ut
2113 1305 2260 1363 bene
2289 1304 2424 1362 olim
2457 1304 2859 1381 Hieronymus
2889 1306 2952 1362 in

542 1408 667 1466 cap.
696 1388 735 1446 i.
767 1387 918 1461 Gal.‚
963 1388 999 1419 ‘⁴
1029 1386 1085 1443 in
1116 1386 1309 1445 verbis
1342 1386 1764 1464 Scripturarum
1801 1394 1888 1443 cst
1919 1385 2322 1462 Evangelium,
2373 1384 2474 1442 sed
2511 1385 2572 1442 in
2613 1404 2804 1459 sensu,
2839 1406 2950 1443 nec

542 1469 603 1527 in
632 1466 947 1546 superficie,
982 1466 1084 1525 sed
1114 1466 1173 1524 in
1200 1465 1471 1540 medulla,
1517 1486 1634 1523 non
1661 1466 1722 1523 in
1749 1484 2074 1524 sermonum
2115 1465 2284 1537 foliis,
2329 1464 2434 1522 sed
2460 1464 2519 1521 in
2548 1464 2740 1522 radice
2769 1466 2949 1524 ratio-

542 1548 684 1605 niS.”
769 1547 896 1604 Imo
925 1564 1053 1605 cum
1084 1547 1238 1605 norit
1268 1546 1428 1605 Deiis
1456 1545 1597 1623 quid
1639 1566 1714 1603 ex
1752 1544 1922 1603 dictis
1961 1545 2081 1603 suis
2121 1544 2378 1621 legitime
2406 1544 2602 1621 colligi
2631 1545 2831 1622 possit,
2880 1566 2956 1603 eo

543 1629 669 1704 ipso
712 1626 931 1683 dixisse
974 1626 1296 1685 censendus
1334 1636 1423 1685 est
1450 1625 1728 1701 quicquid
1755 1645 1830 1683 ex
1852 1624 2049 1683 Verbo
2078 1644 2181 1683 suo
2211 1624 2533 1683 necessario
2563 1633 2619 1682 et
2647 1624 2954 1683 evidenter

546 1704 855 1781 colligitur.
942 1705 1139 1781 Atque
1182 1706 1295 1764 huc
1336 1706 1584 1783 pertinet
1627 1704 1968 1763 utilissimus
2011 1704 2372 1782 aphorismus
2402 1704 2668 1781 Gregorii
2695 1704 2946 1762 Nazian-

548 1785 691 1859 zeni,
716 1785 817 1861 qui
846 1784 1147 1861 disputans
1176 1784 1457 1844 adversus
1480 1785 2054 1860 Pneumatomachos,
2083 1784 2332 1862 Spiritus
2358 1785 2556 1844 Sancti
2585 1784 2940 1842 divinitatem

545 1865 706 1925 nullo
740 1864 1049 1941 Scripturae
1076 1865 1205 1922 loco
1233 1864 1519 1941 proditam
1548 1863 1948 1938 vociferantes,
1980 1864 2052 1923 de
2079 1864 2387 1942 Scripturae
2415 1884 2574 1924 more
2601 1873 2654 1923 et
2677 1884 2784 1922 usu
2812 1864 2948 1941 agit

548 1946 639 2005 his
676 1944 888 2019 verbis,
931 1943 1203 2004 Oratione
1245 1944 1495 2004 xxxvii:
1552 1945 1587 1976 “
1620 1943 1708 2000 Τοί
1737 1945 1886 2016 μὲν,”
1931 1945 2136 2021 inquit,
2184 1950 2220 1980 “
2249 1948 2342 2001 οὐκ
2371 1946 2476 2001 ἐστι
2506 1946 2725 2022 λέγεταί
2749 1944 2820 2013 δε,
2868 1943 2948 2001 τοί

550 2027 603 2083 δε
633 2025 755 2083 ὄντα
785 2027 840 2081 οὐ
870 2026 1111 2102 λέγεται,
1143 2026 1215 2081 roe‘
1248 2025 1299 2081 δε
1328 2024 1437 2081 οὔτε
1460 2026 1589 2081 ἐστιν
1618 2022 1728 2081 οὔτε
1757 2024 1998 2101 λέγεται,
2038 2046 2109 2080 τα
2139 2026 2191 2081 δε
2219 2024 2388 2100 ἄμφω
2415 2028 2515 2081 καί
2536 2027 2646 2081 ἐστὶ
2669 2030 2764 2080 καὶ
2789 2024 2948 2103 λὲγε-

549 2128 659 2179 ται,
692 2106 909 2165 Rerum
952 2105 1079 2164 aliae
1120 2126 1239 2163 non
1280 2114 1432 2177 sunt,
1478 2104 1581 2163 sed
1614 2104 1942 2180 dicuntur,’'
1985 2113 2051 2163 ut
2079 2125 2206 2163 cum
2240 2106 2402 2163 Deus
2429 2104 2642 2164 dicitur
2666 2106 2726 2162 in
2759 2104 2956 2182 Scrip-

548 2196 678 2247 tura
719 2185 983 2260 dormire,
1032 2187 1067 2219 “
1097 2193 1156 2245 et
1184 2186 1311 2245 aliae
1341 2206 1471 2244 eum
1502 2185 1617 2243 sint
1645 2184 1878 2243 minime
1908 2184 2232 2261 dicuntur,”
2279 2193 2343 2244 ut
2370 2185 2663 2262 ingenitus
2693 2183 2954 2263 ἄναρχος,

550 2270 587 2300 “
606 2275 663 2326 et
692 2266 819 2324 aliae
847 2286 954 2324 nec
982 2274 1117 2324 sunt
1142 2286 1251 2325 nec
1280 2264 1601 2341 dicuntur‚”
1626 2273 1693 2323 ut
1721 2264 2016 2343 improbus
2039 2264 2218 2339 Deus,
2247 2266 2419 2324 homo
2441 2285 2557 2323 non
2579 2266 2958 2343 compositus,

550 2350 587 2380 “
608 2346 737 2404 aliae
766 2354 825 2404 et
852 2353 987 2403 sunt
1014 2354 1073 2403 et
1100 2344 1427 2420 dicuntur,”
1458 2354 1523 2403 ut
1551 2344 1730 2419 Deus,
1761 2345 1951 2419 hom0,
1979 2344 2264 2422 Angelus.
2324 2345 2420 2405 Sic
2447 2346 2585 2404 licet
2610 2364 2787 2404 voces
2813 2345 2961 2423 ipsae

550 2425 761 2501 quibus
798 2425 1012 2482 utimur
1049 2423 1125 2481 ad
1162 2424 1569 2502 explicandum
1607 2424 1844 2501 aliquod
1871 2426 2207 2502 mysterium
2237 2446 2352 2484 non
2381 2434 2617 2500 extent;
2661 2424 2836 2483 modo
2869 2446 2964 2484 res

550 2505 690 2581 ipsae
734 2502 832 2561 vel
872 2502 1002 2560 aliis
1059 2504 1255 2561 verbis
1294 2504 1391 2561 vel
1436 2504 1804 2562 consecutive
1849 2525 1925 2563 ex
1975 2506 2270 2583 Scriptura
2314 2505 2677 2583 colligantur,
2725 2505 2959 2565 sufficit.

550 2584 674 2642 Nec
702 2581 815 2641 alia
842 2580 952 2640 fuit
978 2582 1176 2659 praxis
1205 2582 1419 2643 Christi
1448 2591 1506 2642 et
1534 2582 1968 2661 Apostolorum,
2000 2585 2100 2662 qui
2129 2586 2442 2663 saepissime
2471 2605 2573 2663 per
2602 2605 2961 2663 consequen-

548 2664 660 2727 tias
704 2662 979 2739 dogmata
1018 2663 1180 2721 varia
1224 2663 1638 2740 demonstrant,
1684 2672 1750 2722 ut
1795 2666 2271 2725 resurrectionem
2314 2674 2686 2740 mortuorum,
2737 2666 2960 2726 Matth.

552 2742 697 2803 xxii.
748 2746 843 2808 29,
902 2763 978 2802 ex
1026 2743 1217 2803 Exod.
1267 2744 1349 2803 iii.
1402 2748 1455 2819 6,
1521 2752 1580 2803 et
1631 2743 1984 2823 praecipuum
2035 2747 2214 2805 totius
2268 2746 2578 2823 Evangelii
2628 2746 2956 2822 articulum,

552 2825 595 2887 J
600 2844 761 2883 esum
786 2824 988 2883 Mariae
1015 2824 1197 2883 filium
1228 2844 1354 2883 esse
1384 2824 1661 2884 Messiam
1688 2824 1854 2882 illum
1883 2826 1942 2883 in
1960 2825 2096 2884 Vet.
2117 2826 2273 2886 Test.
2301 2826 2563 2905 partibus
2590 2827 2960 2904 promissum,

552 2906 769 2985 passim
796 2904 856 2963 in
883 2905 1015 2965 libr.
1046 2904 1181 2964 Act.
1213 2914 1271 2965 et
1300 2906 1485 2983 Epist.
1517 2905 1747 2982 Apost.,
1777 2905 1887 2964 hoc
1917 2906 2066 2964 enim
2097 2906 2337 2966 totidem
2365 2906 2558 2965 verbis
2577 2926 2694 2966 non
2715 2906 2966 2966 habetur

553 2988 613 3044 in
635 2986 773 3045 Vet.
802 2984 979 3058 Test.,
1024 2985 1128 3045 sed
1168 3006 1271 3064 per
1307 2985 1748 3063 consequentias
1789 2994 2012 3044 tantum
2056 2986 2299 3045 elicitur.
2383 2986 2516 3045 Non
2557 2987 2672 3045 alia
2721 2986 2964 3047 Patrum

555 3074 834 3137 veterum,
885 3066 987 3142 qui
1034 3065 1109 3123 ad
1156 3066 1533 3125 imitationem
1581 3065 1797 3125 Christi
1841 3073 1900 3124 et
1945 3066 2360 3143 Apostolorum
2409 3068 2836 3143 consequentiis
2885 3088 2964 3126 ex

532 3144 857 3221 ,Scriptura
878 3144 938 3201 in
968 3144 1333 3204 confutandis
1360 3146 1648 3205 haereticis
1676 3145 1890 3222 passim
1921 3146 2012 3204 usi
2040 3147 2328 3224 leguntur,
2359 3166 2510 3221 nam,
2536 3156 2602 3205 ut
2618 3148 2730 3206 isto
2755 3156 2964 3206 strata·

557 3230 785 3300 gemate
835 3222 1171 3299 plerumque
1220 3224 1530 3285 utebantur
1572 3225 1828 3284 haeretici
1871 3224 1931 3282 in
1969 3226 2287 3285 haeresibus
2326 3228 2446 3286 suis
2483 3226 2865 3287 defendendis
2899 3236 2968 3287 ut

556 3303 859 3378 exigerent
900 3320 935 3358 a
974 3302 1234 3378 patribus
1276 3303 1646 3382 probationes
1687 3326 1762 3363 ex
1807 3305 2102 3383 Scriptura
2141 3305 2424 3382 αὑτολεξε)
2456 3306 2749 3380 deductas,
2795 3316 2862 3366 ut
2890 3306 2966 3367 de

560 3380 814 3453 Arianis,
859 3380 1312 3457 MacedonianiS,
1358 3392 1417 3442 et
1460 3383 1590 3442 aliis
1631 3384 1862 3461 probari
1905 3384 2072 3444 facile
2113 3406 2321 3464 posse;
2375 3388 2468 3447 Ita
2510 3386 2817 3447 methodus
2863 3388 2972 3447 illa

486 3464 495 3473 “
557 3462 721 3521 velut
761 3459 1012 3519 absurda
1052 3470 1111 3520 et
1150 3461 1333 3521 futilis
1373 3482 1408 3520 a
1488 3464 1710 3523 atribus
1752 3484 1977 3543 semper
2015 3466 2126 3525 fuit
2153 3467 2408 3544 explosa,
2439 3467 2574 3525 vide
2603 3467 2968 3543 Tertullian-,

557 3542 659 3600 lib.
689 3542 762 3600 de
792 3550 1008 3618 specta.
1036 3562 1086 3600 e.
1112 3544 1165 3617 3,
1193 3541 1411 3601 Athan.
1434 3482 1507 3602 εἴθ
1533 3544 1674 3622 Syn.
1697 3544 1905 3603 Arimi.
1929 3548 1988 3604 e't
2013 3546 2236 3606 Seleuc.
2267 3555 2326 3606 et
2353 3547 2425 3606 de
2454 3547 2640 3607 decre.
2669 3548 2811 3625 Syn.
2836 3548 2968 3608 Nic.

560 3632 619 3682 et
648 3621 801 3680 Dial.
826 3628 1007 3680 contr..
1038 3622 1343 3682 Macedon.
1374 3624 1441 3681 T.
1472 3628 1529 3683 2.
1568 3624 1768 3701 Atha„
1814 3625 1914 3701 qui
1947 3633 2138 3684 tamen
2169 3626 2435 3685 Maximo
2463 3628 2536 3687 ab
2577 3628 2840 3687 Eruditis
2867 3628 2972 3687 tri·

558 3702 789 3779 buitur;
836 3701 1009 3761 Adde
1040 3704 1285 3781 Gregor.
1316 3704 1589 3764 Nazianz.
1623 3704 1782 3765 Orat.
1813 3706 2060 3781 xxxvii„
2093 3707 2194 3765 ubi
2222 3707 2454 3785 egregie
2482 3708 2822 3785 perstringit
2847 3709 2970 3767 hae-

560 3792 753 3842 rentes
796 3782 1038 3860 syllabis
1066 3792 1125 3842 et
1150 3784 1351 3858 literis,
1396 3794 1455 3844 et
1492 3784 1924 3862 elegantissimo
1951 3785 2144 3863 elogio
2172 3786 2314 3845 istos
2341 3796 2515 3846 vocat
2542 3788 2974 3865 alphabetarios

562 3864 870 3942 sophistaS,
918 3864 1252 3938 συκοφάντας
1291 3866 1391 3921 τῶν
1428 3866 1709 3938 ὀνομάτων,
1754 3873 1813 3923 et
1850 3865 2038 3941 inquit
2074 3886 2174 3925 eos
2213 3868 2520 3932 συλλαῦαΐς
2551 3871 2846 3925 ἀκολουθεῒν
2872 3875 2976 3927 καὶ

564 3947 773 4021 ἀφεῖναι
808 3944 880 3999 τὰ
916 3944 1247 4021 πράγματα,
1290 3944 1591 4021 innuitque
1636 3964 1697 4005 se
1742 3944 1934 4023 potius
1981 3947 2264 4023 respicere
2305 3950 2378 4003 τὰ
2419 3946 2648 4020 νούμενα,
2691 3968 2866 4025 quam
2899 3950 2978 4006 τὰ

565 4028 848 4103 λεγόμενα.
936 4022 1013 4081 Et
1044 4022 1375 4083 Maximum
1414 4025 1768 4084 Monachum
1815 4026 1916 4101 qui
1958 4025 2142 4085 solide
2181 4026 2294 4085 hoc
2334 4028 2524 4106 ipsum
2566 4037 2976 4105 argumentum

563 4104 786 4182 aliquot
828 4101 1185 4175 orationibus
1226 4104 1548 4182 exequitur,
1592 4105 1909 4182 praesertim
1955 4106 2210 4165 oratione
2251 4111 2375 4185 πρὸς
2408 4130 2525 4172 τους
2555 4116 2865 4174 κελευοντας
2890 4112 2978 4178 μὴ

563 4182 831 4255 πιστεύειν,
905 4182 1160 4259 August.
1211 4183 1377 4261 epist.
1425 4184 1646 4243 clxxiv.
1697 4193 1756 4244 et
1802 4185 1904 4243 lib.
1951 4189 2006 4259 3,
2066 4195 2266 4245 eontra
2329 4186 2738 4263 Maximinum,
2797 4210 2847 4247 c.
2913 4190 2976 4265 3,

562 4264 888 4323 Maximino
926 4262 1243 4339 improbius
1284 4263 1571 4341 flagitanti
1612 4274 1679 4323 ut
1719 4264 1951 4324 disertis
1979 4286 2046 4325 ac
2074 4266 2248 4325 nudis
2285 4268 2581 4346 scripturae
2610 4268 2804 4328 verbis
2837 4289 2982 4346 pro-

559 4343 725 4403 baret
774 4342 1051 4421 Spiritum
1102 4352 1362 4403 sanctum
1404 4364 1532 4403 esse
1576 4343 1973 4405 adorandum:
2027 4348 2063 4379 ‘⁸
2091 4347 2256 4423 quasi
2301 4366 2418 4406 non
2463 4368 2536 4406 ex
2583 4346 2712 4424 iis,'’
2763 4348 2976 4425 inquit,

562 4426 599 4455 ‘⁴
628 4444 757 4499 quae
800 4423 1068 4499 legimus,
1116 4423 1311 4501 aliqua
1347 4424 1521 4483 etiam
1564 4445 1694 4502 quae
1733 4444 1849 4483 non
1883 4425 2132 4503 legimus
2161 4426 2614 4505 intelligamus,'’
2660 4427 2874 4506 quibus
2913 4438 2980 4487 et

559 4502 673 4561 ista
721 4502 1120 4579 chrysostomi
1176 4512 1561 4564 consentanea
1588 4514 1741 4581 sunt,
1793 4514 1932 4564 tom.
1979 4506 2080 4565 vii.
2137 4506 2196 4565 in
2248 4511 2276 4564 1
2313 4507 2462 4584 Cor„
2519 4511 2554 4541 ‘⁴
2586 4509 2820 4587 Λέγεται
2861 4511 2980 4588 γὰρ

560 4581 885 4657 γεγράφθαι,
938 4585 1037 4637 καὶ
1085 4584 1210 4637 ὅταν
1252 4585 1332 4652 μὴ
1381 4585 1471 4641 διὰ
1517 4587 1616 4642 τῶν
1661 4587 1925 4665 ῥημάτων,
1973 4589 2138 4643 ἀλλὰ
2185 4588 2236 4644 δι’
2279 4589 2451 4645 αὐτῶν
2495 4590 2593 4646 τῶν
2637 4590 2982 4667 «πραγμάτων

563 4663 775 4725 κείμενοι
818 4656 856 4734 ᾗ
900 4661 984 4713 ἐπὶ
1028 4661 1125 4715 τῶν
1164 4664 1401 4738 ἱστοριῶν,
1446 4660 1480 4728 ἥ
1518 4666 1643 4720 ὅταν
1677 4666 1809 4721 αὐτὸ
1843 4666 1938 4733 μὲν
1969 4670 2132 4735 νόημα
2163 4670 2384 4736 κείμενον
2411 4665 2467 4746 ᾖ,
2495 4669 2574 4737 μὴ
2607 4668 2684 4725 ἐπ’
2717 4670 2892 4726 αὐτῶν
2922 4669 2976 4724 δὲ
