3234 5192
325 380 558 423 msru‘r.
585 358 709 442 111.]
979 380 1060 421 na
1087 380 1430 423 somn-unae
1459 381 1663 423 sacam
1690 382 2131 426 sument-run.
2629 368 2749 429 261

327 521 677 591 Veritatem,
703 519 786 578 sic
812 538 946 579 eam
973 538 1330 598 quaeramus,
1353 522 1524 595 quasi
1552 522 1629 580 ab
1656 523 1923 599 utrisque
1950 524 2268 596 nesciatur,
2306 525 2393 583 ita
2418 523 2741 599 diligenter

319 608 382 657 et
405 598 780 657 concorditer
805 599 994 673 quaeri
1019 602 1256 676 poterit,
1287 600 1340 657 si
1365 602 1540 659 nulla
1576 603 1895 659 temeraria
1912 604 2377 679 praesumptione
2404 604 2650 661 inventa
2676 610 2737 660 et

315 677 558 752 cognita
583 694 711 735 esse
738 678 1034 737 credatur.
1116 680 1252 737 Aut
1295 678 1346 735 si
1372 686 1434 737 et
1479 680 1593 737 hoc
1619 696 1658 737 a
1703 680 1871 737 vobis
1906 680 2223 756 impetrare
2250 699 2372 739 non
2398 696 2733 756 possumus,

315 757 530 814 saltem
553 756 710 813 illud
738 757 1060 827 concedite,
1089 764 1160 815 ut
1185 775 1293 815 vos
1313 762 1602 832 tanquam
1628 757 1965 832 incognitos
1992 778 2153 817 nunc
2178 760 2441 835 primum
2467 759 2730 829 audiam,

317 852 479 891 nunc
503 834 768 909 primum
793 834 1169 905 discutiam,'’
1199 838 1302 893 aze.
1385 834 1518 893 Nec
1562 836 1763 893 obstat
1809 838 1971 910 quod
2022 837 2276 911 Staplet.
2326 836 2567 911 reponit
2593 854 2733 893 eum

315 930 526 970 vocare
555 911 881 970 Ecclesiam
913 912 1303 983 catholicam,
1323 915 1488 988 quod
1503 913 1744 971 videtur
1769 913 1963 972 facere
1989 933 2113 971 non
2134 915 2419 989 potuisse,
2448 914 2497 971 si
2522 913 2732 971 fuisset

313 992 512 1049 adhuc
537 991 770 1049 alienus
787 993 864 1049 ab
889 1009 978 1049 ea.
1063 992 1296 1060 Quidni
1335 992 1496 1049 enim
1527 990 1899 1051 catholicam
1925 992 2125 1067 potuit
2162 992 2357 1051 dicere
2396 991 2481 1051 δια
2546 995 2727 1067 πηός,

315 1070 414 1128 vel
459 1069 604 1145 quia
629 1069 714 1126 sic
757 1070 944 1145 vulgo
999 1070 1300 1142 audiebat,
1357 1071 1521 1145 quod
1567 1076 1701 1127 tum
1754 1071 2033 1145 temporis
2076 1072 2127 1129 is
2172 1088 2317 1129 usus
2370 1020 2727 1143 invaffuerat,

313 1156 383 1203 ut
431 1149 548 1205 hoc
612 1146 934 1205 Catholicae
998 1147 1240 1205 nomine
1289 1148 1757 1222 distingueretur
1800 1166 1941 1207 vera
2006 1148 2275 1207 Ecclesia
2320 1150 2399 1207 ab
2445 1150 2725 1209 omnibus

310 1226 501 1296 sectis,
529 1244 664 1300 quse
685 1225 800 1281 sibi
827 1233 888 1283 et
913 1224 1190 1284 Ecclesiae
1219 1234 1280 1285 et
1307 1226 1661 1285 Christianae
1688 1244 1909 1283 nomen
1936 1228 2241 1285 audebant
2266 1246 2583 1302 arrogare3
2625 1228 2727 1284 vel

309 1304 457 1377 quia
481 1320 690 1360 revera
715 1303 852 1359 talis
879 1312 1006 1362 erat
1031 1304 1212 1362 etiam
1238 1312 1390 1377 tum,
1418 1322 1556 1363 cum
1575 1322 1689 1379 pro
1714 1304 1825 1363 tali
1866 1305 1944 1362 ab
1969 1306 2099 1379 ipso
2146 1323 2267 1363 non
2294 1306 2634 1376 haberetur,
2664 1311 2727 1363 et

307 1398 446 1454 quae
472 1398 582 1455 pro
609 1380 718 1437 tali
745 1398 906 1439 nunc
931 1382 1008 1439 ab
1033 1382 1162 1456 ipso
1197 1384 1681 1457 cognoscebatur.
1763 1381 1861 1441 Sic
1910 1382 2173 1441 Confess.
2222 1383 2323 1440 lib.
2354 1384 2433 1441 iii.
2464 1401 2591 1457 cap.
2626 1382 2719 1453 10,

304 1459 632 1516 Irridebam
659 1460 782 1517 illos
807 1461 1043 1519 Sanctos
1067 1464 1271 1521 Servos
1297 1471 1354 1520 et
1378 1463 1695 1537 Prophetas
1722 1469 1859 1519 tuos.
1903 1460 1967 1518 N
1971 1479 2049 1518 on
2078 1462 2241 1535 quod
2268 1468 2615 1535 agnosceret
2650 1467 2721 1518 ut

307 1534 657 1613 Prophetas,
685 1544 830 1596 tunc
877 1557 1016 1597 cum
1055 1539 1357 1611 irridebat,
1389 1540 1694 1616 quomodo
1720 1538 1883 1597 enim
1908 1538 2223 1599 irrisisset?
2265 1540 2369 1597 sed
2396 1538 2541 1614 quia
2566 1539 2717 1597 tales

303 1633 512 1674 revera
537 1623 724 1689 erant,
753 1623 816 1674 et
839 1617 917 1673 ab
943 1617 1074 1693 ipso
1103 1637 1292 1693 quum
1319 1618 1613 1677 scribebat
1637 1618 2031 1675 habebantur.

387 1694 532 1754 XV.
578 1694 791 1770 Tertio,
825 1696 1196 1773 Augustinus
1223 1699 1348 1777 agit
1377 1697 1450 1757 de
1477 1698 1680 1756 motivo
1708 1705 1941 1755 externo
1980 1695 2055 1754 ad
2080 1694 2273 1771 fidem,
2303 1714 2487 1773 eoque
2513 1694 2711 1755 minis-

306 1774 496 1833 teriali
525 1782 585 1833 et
611 1775 880 1850 humano,
912 1796 1032 1835 non
1058 1775 1130 1836 de
1159 1778 1445 1853 infallibili
1468 1777 1737 1837 credendi
1765 1775 2072 1853 principio.
2158 1776 2325 1835 Licet
2350 1776 2503 1834 enim
2533 1774 2710 1835 fatea-

305 1862 400 1913 tur
429 1854 709 1913 Ecclesiae
737 1855 1144 1915 authoritatem
1170 1877 1346 1934 posse
1372 1876 1500 1915 esse
1529 1857 1680 1915 inter
1718 1856 1943 1915 motiva
1968 1855 2043 1914 ad
2070 1852 2243 1913 fidem
2274 1864 2541 1932 respectu
2568 1855 2709 1913 inci·

303 1933 602 2026 pientium,
633 1942 700 1993 ut
726 1934 982 1994 nondum
1039 1936 1338 1996 credentes
1391 1936 1468 1994 ad
1521 1936 1695 1993 fidem
1747 1934 2059 2011 Evangelii
2104 1944 2513 2013 praeparentur,
2554 1934 2713 2013 quod

300 2033 321 2070 ι
361 2032 427 2073 se
457 2014 714 2092 appellat
741 2024 1120 2091 opportunum
1167 2016 1458 2092 quaerendi
1485 2018 1800 2090 exordium,
1828 2014 1933 2073 lib.
1962 2014 2037 2073 de
2080 2013 2254 2073 utilit.
2286 2015 2439 2073 cred.
2470 2034 2594 2092 cap.
2628 2018 2659 2072 7
2688 2037 2704 2092 ;

305 2034 601 2170 Kgnoscit
627 2102 820 2153 tamen
876 2114 994 2153 non
1049 2115 1176 2155 esse
1203 2096 1394 2153 solum
1447 2096 1544 2153 vel
1569 2096 1922 2173 praecipuum
1946 2115 1961 2170 ;
2006 2092 2111 2153 sed
2158 2092 2481 2154 Veritatem
2522 2094 2709 2171 ipsam

308 2172 620 2250 Scripturis
649 2182 978 2233 contentam
1005 2174 1179 2253 longe
1207 2175 1294 2233 illi
1320 2174 1769 2253 praeferendam3
1812 2182 1973 2251 patet
1989 2193 2067 2232 ex
2093 2192 2217 2250 cap.
2248 2176 2306 2233 4.
2390 2173 2709 2251 Postquam

301 2253 466 2310 varia
491 2251 752 2329 adduxit,
784 2254 996 2331 quibus
1023 2254 1084 2313 in
1114 2254 1380 2314 Ecclesia
1408 2254 1707 2314 Catholica
1749 2254 2069 2330 tenebatur,
2118 2252 2301 2329 addit,
2334 2254 2371 2285 “
2389 2252 2569 2331 Apud
2598 2272 2707 2311 vos

299 2332 552 2407 autem,'’
605 2332 824 2394 scilicet
873 2334 1246 2411 Manichaeos‚
1303 2338 1338 2369 ‘⁶
1355 2336 1442 2394 uti
1479 2334 1627 2393 nihil
1673 2353 1871 2393 eorum
1915 2340 2005 2393 est
2032 2332 2191 2411 quod
2243 2352 2335 2391 me
2384 2333 2593 2391 invitet
2648 2341 2706 2391 et

299 2418 508 2488 teneat,
541 2413 666 2471 sola
689 2423 962 2491 personat
1009 2416 1270 2474 veritatis
1307 2414 1666 2492 pollicitatiO,
1724 2434 1853 2491 quoe
1908 2413 2159 2491 quidem,
2191 2412 2243 2472 si
2284 2420 2405 2471 tam
2453 2412 2707 2491 perfecte

298 2500 665 2567 monstratur,
696 2500 762 2552 ut
789 2493 850 2551 in
879 2493 1118 2553 dubium
1141 2495 1399 2555 revocari
1427 2514 1544 2552 non
1570 2493 1771 2572 possit,
1802 2491 2159 2571 praeferenda
2185 2500 2275 2551 est
2300 2492 2375 2551 iis
2418 2492 2702 2568 omnibus,

299 2572 510 2649 quibus
539 2572 600 2630 in
629 2572 929 2632 Catholica
955 2582 1170 2651 teneor,
1203 2575 1254 2635 si
1275 2583 1466 2634 autem
1495 2572 1897 2633 tantummodo
1917 2572 2287 2649 promittitur,
2316 2591 2433 2630 non
2462 2572 2703 2631 exhibe-

297 2658 408 2725 tur,
439 2671 608 2711 nemo
635 2672 729 2712 me
756 2652 1016 2713 movebit
1042 2654 1116 2713 ab
1145 2674 1214 2712 ea
1239 2654 1372 2729 fide,
1403 2674 1532 2732 quse
1551 2654 1808 2713 animum
1826 2672 2021 2711 meum
2049 2660 2135 2711 tot
2163 2660 2224 2712 et
2248 2652 2427 2711 tantis
2453 2652 2705 2710 nexibus

299 2729 640 2791 Christianae
671 2732 968 2809 Religioni
1015 2733 1384 2793 adstrinxit.''
1431 2734 1524 2793 Ita
1571 2752 1697 2810 cap.
1731 2734 1825 2807 14,
1874 2734 1909 2766 “
1934 2733 2054 2789 Eos
2110 2749 2419 2808 sequamur
2466 2732 2568 2807 qui
2594 2750 2702 2789 nos

297 2808 548 2871 invitant
575 2812 736 2889 prius
765 2810 997 2872 credere
1026 2833 1204 2891 quum
1233 2813 1488 2873 nondum
1516 2812 1781 2871 valemus
1810 2810 2059 2870 intueri”
2086 2809 2207 2890 (hic
2234 2810 2455 2887 primus
2483 2810 2701 2885 gradus

295 2897 384 2949 est
405 2900 464 2949 et
483 2890 832 2951 introductio
854 2892 930 2951 ad
945 2892 1146 2973 fidem)
1175 2896 1210 2925 “
1227 2902 1292 2953 ut
1311 2894 1434 2970 ipsa
1445 2892 1558 2951 fide
1581 2892 1930 2951 valentiores
1950 2888 2105 2967 facti,
2125 2888 2283 2965 quod
2302 2888 2590 2947 credimus
2612 2889 2697 2946 in-

297 2968 560 3045 telligere
588 2972 965 3048 mereamur,''
999 2972 1086 3052 (id
1114 2980 1203 3033 est
1234 2972 1614 3047 obtineamus,
1646 2990 1722 3029 ex
1770 2989 1881 3030 usu
1906 2968 2066 3027 illius
2115 2964 2321 3046 seculi)
2376 2969 2549 3027 “non
2572 2968 2699 3045 jam

293 3048 642 3123 hominibus,
675 3050 778 3109 sed
797 3052 922 3129 ipso
953 3052 1080 3112 Deo
1109 3052 1456 3112 intrinsecus
1501 3057 1756 3109 mentem
1798 3056 2059 3108 nostram
2105 3046 2369 3105 firmante
2398 3055 2457 3106 et
2483 3048 2695 3107 illumi-

295 3128 529 3187 nante.’'
615 3128 711 3187 Ex
739 3131 948 3208 quibus
976 3132 1162 3191 cuivis
1191 3132 1464 3209 colligere
1492 3137 1823 3208 promptum
1862 3136 1970 3204 est,
2000 3148 2116 3187 non
2145 3128 2295 3185 hanc
2324 3134 2522 3186 sancto
2550 3126 2699 3187 Viro

293 3204 470 3267 fuisse
497 3218 765 3285 mentem,
797 3220 861 3269 ut
887 3210 1061 3271 fidem
1082 3233 1256 3289 quam
1308 3209 1619 3289 Scripturis
1666 3209 1965 3284 habemus,
2010 3208 2085 3267 ab
2133 3206 2369 3266 arbitrio
2418 3206 2699 3268 Ecclesiae

293 3289 684 3365 suspenderet,
717 3290 820 3351 sed
847 3298 1071 3351 tantum
1099 3301 1166 3352 ut
1211 3290 1510 3367 indicaret,
1557 3289 1716 3368 quod
1759 3308 1867 3348 nos
1894 3307 2124 3367 quoque
2174 3307 2377 3346 verum
2431 3287 2695 3365 fatemur,

290 3386 392 3426 eos
417 3367 518 3445 qui
545 3368 804 3429 nondum
831 3378 966 3429 sunt
993 3370 1320 3447 illuminati,
1342 3370 1622 3431 Ecclesiae
1650 3368 1973 3429 reverentia
1993 3368 2069 3427 ad
2096 3366 2450 3427 docilitatem
2478 3368 2695 3445 induci,

291 3454 358 3504 ut
387 3446 602 3508 Christi
629 3448 804 3507 fidem
833 3470 907 3508 ex
939 3450 1263 3529 Evangelio
1292 3450 1512 3510 discere
1559 3450 1902 3527 sustineant,
1952 3456 2125 3525 atque
2152 3448 2265 3507 hoc
2290 3447 2465 3506 modo
2496 3448 2697 3507 Eccle-

291 3524 392 3584 siae
413 3528 821 3587 authoritatem
849 3548 976 3588 esse
998 3530 1162 3589 velut
1182 3530 1500 3609 isagogem,
1520 3549 1637 3606 qua
1664 3528 1739 3588 ad
1760 3528 1934 3587 fidem
1956 3526 2269 3605 Evangelii
2287 3546 2693 3605 praeparamur.

295 3600 466 3663 Unde
494 3616 648 3666 recte
670 3607 975 3667 Vessellus
1003 3608 1428 3688 Groningensis
1453 3609 1603 3669 libro
1634 3606 1707 3668 de
1733 3613 2019 3685 potestate
2065 3605 2365 3681 Ecclesiae,
2396 3606 2537 3663 dicit
2565 3624 2693 3664 esse

301 3684 539 3745 Verbum
561 3688 794 3765 originis
821 3690 892 3747 de
928 3692 1260 3767 cor-edendo,
1305 3710 1418 3749 non
1467 3686 1906 3767 comparationis
1939 3694 1994 3745 et
2007 3687 2409 3763 proeferentt’oe.
2494 3684 2695 3761 Atque

289 3763 402 3823 huc
423 3774 616 3843 potest
643 3787 760 3826 non
788 3767 1149 3828 incommode
1192 3769 1408 3845 referri,
1453 3769 1611 3846 quod
1659 3766 2030 3843 Augustinus
2056 3766 2240 3824 utitur
2281 3781 2426 3822 voce
2455 3782 2691 3821 commo-

288 3846 468 3920 vendi,
491 3864 610 3903 non
627 3848 1032 3923 persuadendi,
1064 3849 1163 3907 vel
1187 3848 1304 3909 alio
1348 3848 1618 3927 quopiam
1660 3845 1966 3920 vocabu10,
2009 3850 2077 3903 ut
2117 3843 2323 3903 innuat
2370 3840 2691 3900 Ecclesiam

288 3941 626 3983 concurrere
655 3926 731 3983 ad
757 3926 928 3985 fidem
951 3946 1072 3987 non
1096 3927 1490 4005 principaliter
1519 3936 1578 3987 et
1605 3921 1897 4005 primarie,
1928 3921 2032 3982 sed
2074 3921 2370 3982 initialiter
2398 3928 2456 3979 et
2483 3938 2693 3997 organ-

285 4000 394 4094 ice,
423 4010 482 4061 et
503 4003 746 4094 fluidam
770 4014 1048 4084 tanquam
1075 4027 1309 4067 causam
1337 4006 1727 4086 adjuvantem,
1757 4023 1876 4063 non
1902 4008 1969 4062 ut
1989 4021 2221 4063 causam
2249 3998 2613 4061 essentialem
2636 4008 2695 4059 et

323 4100 634 4143 rimariam.

281 4100 322 4157 p
367 4158 550 4219 XVI.
595 4162 814 4237 Quarto
840 4162 1190 4242 Authoritas,
1222 4165 1294 4225 de
1323 4184 1438 4243 qua
1468 4162 1727 4241 loquitur
1754 4160 2143 4239 Augustinus,
2179 4178 2297 4218 non
2325 4165 2413 4217 est
2452 4157 2607 4231 juris
2636 4166 2695 4216 et

284 4236 524 4317 imperii,
548 4241 778 4319 qualem
807 4241 902 4303 hic
929 4246 1160 4325 fingunt
1186 4244 1546 4319 Adversarii,
1577 4240 1746 4321 quasi
1766 4238 2117 4299 credendum
2145 4238 2317 4296 fuerit
2340 4236 2691 4313 simpliciter,

284 4318 424 4395 quia
465 4318 732 4381 Ecclesia
757 4322 820 4380 id
846 4323 1092 4401 dicebat,
1123 4324 1228 4385 sed
1267 4323 1600 4383 Authoritas
1648 4318 1949 4397 diqnitata,
1981 4337 2111 4395 quae
2146 4315 2367 4376 scilicet
2391 4316 2697 4393 petebatur

284 4416 361 4455 ex
387 4402 616 4477 magnis
664 4411 724 4462 et
751 4402 1075 4465 illustribus
1119 4405 1182 4463 in
1210 4402 1476 4463 Ecclesia
1525 4398 1916 4459 Providentiae
1965 4396 2178 4454 divinas
2224 4394 2601 4473 documentis,
2633 4395 2695 4455 in

282 4476 494 4553 quibus
526 4480 638 4539 Dei
667 4482 917 4559 digitum
967 4486 1338 4561 agnoscebat,
1385 4480 1582 4559 qualia
1628 4483 1793 4538 erant
1839 4475 2134 4552 miracula,
2185 4474 2527 4553 populorum
2557 4496 2693 4536 con-

283 4558 492 4633 sensio,
525 4570 808 4639 vetustas,
839 4565 1148 4639 successio,
1182 4572 1240 4623 et
1267 4562 1328 4621 id
1372 4578 1558 4640 genus
1607 4557 1741 4616 alia.
1786 4554 1885 4614 Sic
1912 4574 2037 4632 cap.
2068 4558 2125 4630 4,
2173 4558 2208 4589 “
2234 4554 2317 4615 Ut
2345 4555 2493 4615 hanc
2522 4556 2691 4615 omit·

281 4642 400 4694 tam
432 4636 808 4720 Sapientiam,
839 4662 1012 4719 quam
1043 4642 1104 4701 in
1126 4641 1392 4703 Ecclesia
1419 4637 1721 4701 catholica
1748 4654 1876 4695 esse
1920 4654 2033 4693 non
2066 4634 2317 4711 creditis,
2346 4634 2531 4695 multa
2558 4643 2695 4694 sunt
