3234 5192
294 362 525 405 msrtrr.
563 341 695 425 xx]
930 364 1007 405 nr:
1038 364 1517 431 sarrsracrroms
1546 366 1784 408 cnmsrt
1814 364 2131 409 vem'rA'rs.
2595 351 2716 409 627

296 505 394 560 τῶν
435 506 701 583 ῥημάτων,
745 504 957 565 dicitur
997 507 1148 565 enirn
1193 506 1469 585 scriptum
1513 528 1640 566 csse
1683 508 1855 567 etiam
1905 508 2136 585 quando
2179 528 2298 566 non
2342 508 2553 583 verbis,
2603 510 2706 569 sed

294 584 467 642 rebus
498 586 636 661 ipsis
668 585 777 643 sita
806 586 1017 645 fuerint
1058 588 1118 645 in
1158 588 1431 657 historiis,
1477 596 1577 647 aut
1626 588 1858 665 quando
1888 588 2010 665 ipse
2039 588 2272 665 quidem
2301 608 2504 647 sensus
2533 590 2707 649 fucrit

292 665 533 740 pesum,
567 666 667 723 sed
698 686 813 723 non
841 667 981 743 ipsis
1010 667 1215 725 iisdem
1244 668 1497 725 verbisl'

378 744 449 801 V.
496 746 591 803 Ex
621 746 848 822 quibuS,
886 757 952 806 ut
979 748 1087 805 hoc
1118 748 1303 807 obiter
1344 746 1624 819 dicamus,
1667 747 1990 807 luculenter
2031 748 2341 825 colligitur,
2387 767 2560 824 quam
2599 748 2699 807 ab·

294 824 469 882 surda
496 826 572 883 sit
614 834 672 884 et
713 826 935 884 ludicra
976 827 1076 885 illa
1116 847 1271 885 nova
1311 836 1369 886 et
1411 827 1693 903 syllabica
1725 826 2124 905 Sophistarum
2163 827 2496 904 disputandi
2538 830 2700 905 rati0,

294 923 467 980 quam
496 926 532 963 a
557 906 852 965 veteribus
880 907 1167 965 baereticis
1195 908 1573 985 desumptam,
1616 906 1922 967 infeliciter
1947 909 2058 967 hoc
2085 916 2282 967 nostro
2311 908 2506 967 seculo
2533 928 2699 966 reno-

293 993 505 1044 varunt
531 993 663 1062 post
693 986 923 1044 Cardin.
956 987 1310 1062 Petronium,
1344 988 1720 1064 GuntheriuS,
1753 988 2060 1064 Veronius,
2093 988 2409 1065 Regurtius
2437 988 2480 1048 J
2483 990 2700 1063 esuitae,

296 1064 734 1124 Vallenburchii
765 1066 985 1141 fratres,
1010 1068 1223 1144 aliique
1251 1068 1578 1127 istiusmodi
1606 1075 1829 1145 agyrtae
1857 1076 1916 1126 et
1944 1067 2330 1143 circulatores,
2355 1088 2470 1145 qua
2497 1077 2702 1145 putant

296 1163 357 1201 se
388 1144 459 1203 de
489 1146 702 1205 nostris
728 1166 899 1223 posse
920 1146 1087 1206 facile
1110 1148 1462 1226 triumphare
1491 1147 1540 1206 si
1561 1157 1761 1225 petant
1787 1168 2060 1226 expressa
2087 1148 2217 1211 loca
2242 1148 2550 1225 Scripturas
2573 1168 2703 1224 quse

297 1223 511 1299 dicant,
543 1245 599 1283 v.
631 1246 709 1302 g.‚
744 1226 1083 1286 Pontificem
1108 1228 1276 1286 Rom.
1296 1248 1423 1287 esse
1444 1228 1887 1303 Antichristum,
1913 1228 2158 1287 Missam
2185 1246 2302 1285 non
2330 1248 2456 1287 esse
2486 1229 2700 1287 sacrifi-

296 1304 447 1362 cium
490 1306 760 1380 ἱλαστικὶν,
806 1326 921 1365 non
962 1306 1089 1367 dari
1129 1308 1542 1385 purgatorium,
1583 1306 1691 1367 Sec.
1780 1308 1896 1367 Sed
1937 1316 2002 1367 ut
2033 1310 2158 1385 jam
2201 1308 2339 1366 olim
2369 1329 2404 1365 a
2433 1308 2704 1367 Patribus

294 1384 665 1463 profligatum
708 1396 796 1445 est
836 1388 949 1445 hoc
981 1388 1383 1447 haereticorum
1410 1388 1788 1447 vanissimum
1818 1398 2221 1463 commentum,
2264 1388 2348 1446 ita
2388 1397 2447 1447 et
2485 1408 2640 1446 nunc
2669 1409 2708 1448 a

298 1466 511 1525 nostris
540 1486 657 1525 non
686 1467 864 1525 semel
882 1467 1003 1544 jam
1036 1468 1393 1527 confutatum
1422 1476 1513 1527 est
1540 1468 1886 1528 solidissime
1910 1490 1924 1544 ;
1969 1476 2168 1546 utpote
2197 1468 2355 1544 quod
2381 1486 2496 1525 non
2529 1467 2702 1525 modo

303 1545 727 1622 Scripturarum
770 1567 1059 1605 sacrarum
1088 1556 1146 1607 ct
1175 1556 1433 1607 veterum
1461 1556 1690 1624 patrum
1728 1548 1896 1625 praxi
1932 1555 2231 1625 repugnet,
2277 1568 2505 1606 omnem
2535 1567 2706 1609 usum

300 1625 425 1684 sive
464 1626 841 1685 theoreticum
872 1627 995 1685 sive
1023 1628 1339 1704 practicum
1372 1628 1682 1706 Scripturas
1710 1628 1894 1704 tollat,
1925 1628 2216 1686 bominem
2245 1627 2478 1685 homine
2506 1638 2701 1703 exuat,

300 1706 403 1763 sed
444 1714 504 1763 et
544 1726 705 1764 arma
744 1706 931 1766 atheis
974 1707 1341 1783 derisoribuS,
1386 1716 1445 1767 et
1485 1707 1843 1785 quibuslibet
1881 1708 2166 1767 haereticis
2205 1707 2601 1767 subministret
2629 1708 2704 1765 ad

295 1784 433 1845 fidei
461 1786 737 1861 mysteria
764 1786 1161 1847 convellenda.
1246 1788 1449 1865 Neque
1492 1788 1575 1846 sic
1616 1796 1810 1847 tamen
1853 1788 2170 1866 putandum
2211 1806 2320 1846 nos
2349 1786 2703 1847 sufficientiae
2789 1839 2800 1849 .

298 1873 357 1924 et
384 1866 722 1943 perfectioni
750 1867 1159 1944 scripturarum
1186 1868 1502 1945 quidquam
1530 1868 1852 1927 detractum
1880 1868 1980 1943 ire,
2024 1888 2158 1925 nam
2201 1875 2260 1926 et
2299 1866 2371 1925 de
2411 1867 2706 1946 Scriptura

298 1966 426 2003 esse
456 1946 719 2021 dicimus,
759 1946 1043 2023 quidquid
1072 1947 1167 2005 vel
1194 1948 1467 2025 explicite
1496 1949 1589 2007 vel
1618 1948 1897 2026 implicite
1925 1948 1986 2006 in
2015 1968 2084 2006 ea
2111 1948 2451 2022 continetur,
2490 1956 2550 2006 et
2575 1968 2701 2025 per·

298 2024 471 2083 sectio
499 2026 624 2084 haec
654 2026 729 2084 ad
756 2025 1031 2103 dogmata
1058 2027 1185 2103 ipsa
1211 2028 1439 2104 proprie
1467 2028 1732 2104 pertinet,
1777 2048 1894 2087 non
1921 2048 2062 2085 vero
2099 2027 2174 2085 ad
2206 2046 2382 2085 voces
2418 2028 2574 2104 ipsas
2617 2036 2706 2086 est

298 2104 682 2180 extendenda,
714 2126 859 2181 quas
895 2106 1139 2163 liberum
1168 2116 1227 2165 et
1254 2109 1543 2183 integrum
1574 2107 1854 2165 Ecclesiae
1882 2107 1991 2166 fuit
2017 2126 2242 2182 semper
2269 2108 2600 2183 excogitare
2629 2106 2706 2165 ad

298 2184 673 2261 explicandas
702 2205 794 2243 res
822 2184 978 2261 ipsas
1010 2186 1320 2262 Scripturis
1350 2194 1650 2245 contentas
1683 2186 1964 2245 adversus
2001 2194 2342 2244 novatorum
2382 2196 2440 2244 et
2477 2186 2702 2245 baereti-

300 2284 496 2321 corum
525 2262 755 2323 fraudes
793 2273 852 2322 et
888 2265 1259 2341 corruptelas
1347 2267 1622 2324 Fatemur
1652 2266 1971 2325 Ecclesiam
2002 2265 2257 2343 potuisse
2286 2265 2529 2324 vocibus
2559 2265 2703 2342 istis,

299 2364 428 2419 quae
471 2344 529 2400 in
574 2344 855 2421 scriptura
897 2366 1011 2403 non
1054 2355 1401 2422 comparent,
1445 2347 1690 2405 absolute
1734 2366 1943 2412 carere.
1989 2354 2316 2405 contentam
2350 2348 2434 2404 rei
2463 2346 2708 2405 veritate

299 2432 471 2501 prout
498 2424 557 2483 in
589 2423 886 2501 scripturis
913 2426 1267 2502 proponitur,
1292 2447 1398 2485 nec
1436 2426 1507 2485 de
1550 2428 1623 2485 iis
1661 2426 2124 2487 contendendum
2153 2425 2325 2484 anxie
2355 2434 2703 2503 putaremuS,

298 2504 471 2562 modo
502 2524 592 2563 res
620 2504 747 2580 ipsa
775 2506 1015 2565 vocibus
1044 2526 1319 2584 expressa
1346 2516 1500 2566 arcte
1530 2508 1888 2583 retineretur,
1937 2517 2001 2566 ut
2039 2507 2184 2565 bene
2214 2505 2487 2565 observat
2515 2506 2708 2565 Calvi-

300 2606 411 2643 nus
440 2594 653 2659 noster,
686 2585 785 2643 lib.
815 2586 854 2644 i.
887 2586 1078 2645 Instit.
1110 2608 1157 2645 c.
1197 2591 1288 2647 13.
1320 2588 1540 2647 Verum
1569 2591 1746 2647 relate
1773 2588 1850 2645 ad
1875 2588 2178 2647 haereticos
2206 2606 2446 2663 quorum
2478 2586 2708 2645 fraudes

300 2673 359 2724 et
404 2665 713 2743 praestigiae
759 2666 1167 2743 patefaciendae
1213 2676 1377 2727 erant
1422 2677 1479 2727 et
1522 2668 1762 2727 latebrae
1809 2666 2184 2740 excutiendae,
2230 2667 2542 2743 prudenter
2570 2667 2709 2725 olim

300 2756 539 2823 repertae
569 2758 627 2804 et
656 2747 872 2805 utiliter
900 2746 1177 2806 hactenus
1207 2758 1342 2806 sunt
1370 2757 1659 2823 usurpatae
1689 2748 1764 2805 ad
1791 2748 2075 2805 saniorem
2104 2746 2420 2803 doctrinam
2451 2746 2524 2803 ab
2553 2746 2705 2822 ipso·

301 2846 426 2884 rum
457 2826 682 2884 cavillis
712 2835 831 2884 tum
864 2827 1269 2884 secernendam
1298 2836 1419 2885 tum
1450 2826 1892 2884 vindicandam:
1929 2846 2059 2883 nam
2090 2826 2222 2882 siin
2251 2824 2708 2885 confessionibus

300 2904 437 2961 fidei
466 2916 523 2962 et
551 2904 813 2963 formulis
835 2924 1149 2964 consensus
1178 2906 1339 2965 nulla
1365 2905 1776 2963 adhiberentur
1795 2906 1990 2979 verba,
2022 2904 2130 2962 nisi
2161 2924 2290 2979 quae
2319 2903 2378 2959 in
2413 2903 2710 2980 Scriptura

304 2992 521 3057 extant,
568 2983 817 3041 discerni
859 3004 975 3041 non
1019 2994 1253 3061 possent
1293 2984 1494 3043 fideles
1523 2985 1595 3042 ab
1627 2984 1956 3042 infidelibus
1983 2984 2084 3060 qui
2117 2983 2467 3059 Scripturam
2498 2982 2704 3042 admit·

302 3070 451 3121 tunt.
541 3062 657 3120 Sed
702 3063 762 3120 id
806 3084 1033 3140 semper
1076 3065 1395 3122 cavendum
1441 3072 1545 3139 est,
1594 3074 1674 3134 ut,
1723 3064 1772 3123 si
1811 3064 1990 3122 verba
2027 3070 2336 3137 mutentur,
2383 3082 2475 3121 res
2512 3072 2706 3123 tamen

302 3142 501 3201 cadem
533 3162 759 3219 semper
785 3156 1051 3203 maneat:
1108 3144 1197 3201 Ita
1234 3145 1293 3202 in
1336 3153 1677 3221 argumento
1720 3144 1792 3203 de
1830 3164 1945 3221 quo
1987 3143 2231 3219 agimus,
2280 3143 2390 3201 etsi
2424 3164 2543 3202 vox
2579 3143 2708 3221 ipsa

303 3224 709 3297 Satiffactioms
731 3224 827 3281 vel
848 3224 1037 3282 meriti
1061 3224 1273 3282 Christi
1300 3233 1366 3283 ut
1394 3233 1451 3284 et
1472 3244 1590 3282 vox
1612 3225 1918 3298 Trinitatis,
1951 3232 2009 3284 ct
2027 3224 2276 3301 ὄμοουσ-ιόυ
2296 3243 2412 3282 non
2435 3244 2708 3301 expresse

302 3304 529 3379 legatur
556 3303 615 3360 in
650 3304 961 3381 Scriptura,
993 3304 1154 3381 rejici
1186 3313 1377 3363 tamen
1406 3325 1522 3364 non
1552 3305 1726 3365 debet
1753 3305 1916 3382 quasi
1947 3306 2116 3382 plane
2144 3300 2392 3387 ἔγςαιφος,
2433 3324 2609 3381 quum
2649 3313 2708 3364 et

302 3404 393 3441 res
423 3383 547 3461 ipsa
575 3384 889 3443 clarissime
910 3384 968 3441 in
993 3404 1061 3442 ea
1090 3384 1464 3459 contineatur,
1496 3393 1554 3445 et
1581 3386 1820 3463 phrases
1841 3385 1970 3444 aliae
1999 3386 2115 3443 sint
2142 3395 2202 3444 et
2229 3405 2402 3443 voces
2431 3385 2706 3462 aequipol-

301 3464 487 3523 lentes
514 3465 775 3541 plurimae
804 3485 879 3523 ex
908 3465 1117 3541 quibus
1144 3485 1259 3523 non
1288 3466 1479 3524 minus
1507 3476 1662 3525 certe
1691 3475 1748 3525 et
1776 3466 2075 3543 perspicue
2110 3466 2310 3524 eadem
2335 3466 2551 3523 veritas
2581 3484 2706 3523 eru-

305 3542 435 3601 itur.
524 3545 674 3619 Quid
720 3546 872 3603 cnim
918 3545 1027 3603 sibi
1064 3546 1191 3604 vult
1232 3546 1525 3623 Scriptura
1568 3567 1696 3605 cum
1745 3546 1918 3605 toties
1961 3554 2206 3605 testatur
2247 3546 2536 3604 Christum
2581 3564 2708 3603 esse

304 3644 637 3700 sponsorem
682 3634 959 3700 nostrum,
1006 3626 1238 3702 ἱλασμὶν,
1286 3636 1344 3685 et
1387 3628 1686 3709 ἀντίλυτςω,
1733 3627 1834 3704 qui
1877 3636 2113 3704 peccata
2145 3636 2342 3685 nostra
2368 3625 2622 3701 portavit
2649 3634 2710 3684 et

300 3713 534 3780 propter
574 3704 907 3781 iniquitates
950 3715 1175 3765 nostras
1215 3706 1460 3765 traditus
1494 3714 1598 3783 est,
1646 3707 1744 3784 qui
1773 3706 1959 3765 factus
1987 3715 2076 3765 est
2103 3714 2400 3781 peccatum
2437 3712 2494 3763 et
2533 3704 2710 3763 male-

302 3782 477 3841 dictio
500 3804 603 3860 pro
633 3786 815 3859 nobis,
848 3786 947 3862 qui
976 3807 1081 3845 suo
1110 3788 1391 3862 sanguine
1419 3807 1525 3845 nos
1553 3787 1813 3861 redemit,
1845 3794 1904 3845 et
1931 3806 2033 3863 pro
2063 3785 2230 3845 nobis
2258 3806 2325 3843 ac
2353 3784 2482 3843 loco
2509 3792 2708 3842 nostro

304 3872 580 3939 mortuus,
622 3874 687 3923 ut
723 3886 799 3923 cx
837 3868 961 3943 ejus
990 3866 1327 3925 vulneribus
1356 3868 1579 3926 sanatio
1606 3866 1776 3925 nobis
1803 3874 2043 3940 extaret,
2076 3864 2232 3942 quid,
2266 3865 2516 3941 inquam,
2548 3864 2706 3923 hisce

304 3952 361 4001 et
385 3943 699 4003 innumeris
727 3946 856 4004 aliis
883 3947 1189 4023 phrasibus
1211 3947 1541 4023 hujusmodi
1565 3947 1676 4005 sibi
1699 3946 1826 4005 vult
1851 3946 2162 4023 Scriptura,
2187 3945 2236 4003 si
2259 3944 2704 4003 satisfactionem

303 4042 501 4081 veram
530 4035 587 4083 et
614 4027 841 4103 proprie
871 4026 1081 4085 dictam
1113 4026 1327 4085 Christi
1356 4048 1472 4085 non
1501 4027 1671 4087 docet
1691 4030 1719 4085 ¹?
1770 4026 1887 4085 Sed
1913 4026 2052 4102 quia
2077 4026 2200 4083 haec
2227 4024 2288 4081 in
2317 4022 2706 4083 antecedenti-

302 4103 413 4161 bus
434 4104 556 4181 jam
587 4126 834 4165 excussa
854 4116 1005 4177 sunt,
1030 4128 1148 4166 non
1177 4127 1321 4185 opus
1344 4116 1433 4166 est
1454 4116 1519 4166 ut
1540 4116 1730 4167 actum
1754 4126 2022 4183 agamus;
2043 4107 2152 4164 hoc
2173 4113 2396 4163 tantum
2419 4113 2703 4173 notamus,

306 4192 533 4243 nostros
563 4184 986 4245 Satisfactionis
1013 4208 1159 4246 voce
1192 4208 1327 4261 usos
1354 4208 1481 4247 esse
1510 4188 1716 4265 magiS,
1745 4186 1882 4262 quia
1918 4206 2048 4244 cum
2088 4184 2398 4263 pontificiis
2425 4184 2707 4242 humanas

305 4264 726 4323 satisfactiones
748 4267 1137 4326 asserentibus
1165 4288 1257 4326 res
1286 4266 1437 4345 ipsis·
1454 4276 1593 4341 erat,
1619 4268 1721 4343 qui
1747 4266 1878 4327 ideo
1901 4274 2161 4325 mutuata
2181 4284 2216 4323 a
2237 4264 2545 4342 pontificiis
2565 4284 2707 4327 voce

304 4344 697 4408 satisfaciendi
726 4346 843 4404 vim
876 4347 984 4405 soli
1015 4348 1243 4406 Christo
1272 4348 1716 4425 adscripserunt.

384 4424 495 4482 VI.
542 4431 597 4485 2.
646 4426 1037 4503 Agnoscimus
1066 4448 1194 4487 cum
1234 4428 1603 4486 Adversariis
1647 4423 2088 4502 distinguendas
2115 4444 2240 4483 esse
2269 4424 2708 4501 consequentias

302 4525 431 4581 quae
462 4506 785 4565 educuntur
812 4528 887 4566 ex
921 4508 1231 4585 Scripturis
1272 4508 1616 4566 necessarias
1657 4515 1716 4566 et
1742 4508 2016 4565 evadentes
2043 4506 2116 4563 ab
2145 4506 2388 4564 obscuris
2416 4514 2474 4564 et
2491 4507 2706 4581 proba-

304 4586 511 4662 bilibus,
534 4588 839 4663 proximas
866 4610 906 4646 a
933 4589 1173 4665 remotis,
1206 4587 1447 4661 ἐμφύτους
1475 4598 1533 4647 et
1562 4588 1786 4646 innatas
1813 4606 1848 4644 a
1873 4586 2122 4645 violentis
2149 4587 2320 4645 illatis
2347 4596 2406 4644 et
2433 4586 2707 4665 παραινέει·

305 4686 425 4741 τοις,
458 4676 517 4726 et
545 4667 677 4726 illas
706 4678 927 4728 tantum
950 4688 1067 4740 non
1088 4668 1193 4727 has
1214 4690 1341 4729 esse
1366 4667 1736 4746 recipiendas.
1775 4666 1888 4727 Sed
1919 4686 2196 4745 negamus
2226 4666 2463 4726 secundi
2492 4666 2710 4729 ordinis
