3234 5192
335 348 574 389 Disru’r.
603 330 716 411 vn]
1045 350 1124 389 ns
1153 348 1401 405 snm-ru,
1433 350 1611 409 Aous,
1644 350 1719 389 nr
1750 348 2077 391 sanemus.
2635 332 2756 391 315

338 510 390 550 c.
419 493 516 566 26,
548 491 822 551 observat
848 488 932 548 sic
961 488 1286 567 significata
1311 490 1490 551 fuisse
1517 490 1635 551 duo
1666 490 1821 550 Novi
1868 492 2225 551 Testamenti
2252 500 2627 567 sacramenta,
2656 512 2765 569 per

337 590 548 649 aquam
573 570 943 649 baptismum,
973 570 1073 647 qui
1101 578 1194 629 est
1213 571 1510 630 lavacrum
1537 572 2009 649 regenerationis,
2042 580 2103 631 et
2148 590 2253 650 per
2299 571 2639 649 sanguinem
2668 590 2759 631 sa-

341 670 494 709 cram
523 670 764 725 coenam,
789 650 928 727 quia
953 650 1215 709 remissio
1241 660 1606 729 peccatorum
1636 670 1741 729 per
1776 653 2117 729 sanguinem
2162 652 2379 711 Christi
2406 652 2467 709 in
2494 670 2565 709 ea
2588 652 2761 711 nobis

340 732 686 791 exhibetur:
727 730 864 789 licet
891 748 1032 789 vero
1059 730 1184 789 haec
1211 750 1329 789 non
1357 732 1482 791 sine
1509 731 1701 792 fructu
1726 730 1919 790 afferri
1964 732 2206 810 possint,
2250 731 2537 809 praecipue
2564 739 2761 790 tamen

339 810 611 871 videntur
631 810 740 869 sub
768 810 926 868 hisce
956 810 1184 871 duobus
1210 810 1326 870 duo
1353 812 1625 889 primaria
1652 812 1950 871 connotari
1978 811 2193 872 Christi
2228 812 2523 885 beneficia,
2546 810 2759 889 justifi-

341 891 490 949 catio
519 899 578 950 et
606 889 1002 966 sanctificatio,
1031 910 1163 969 quae
1191 892 1300 951 sub
1328 910 1480 969 aqua
1506 900 1565 951 et
1593 892 1875 971 sanguine
1922 892 2101 971 legali
2124 892 2467 952 adumbrata
2484 892 2609 969 jam
2636 890 2759 949 fue-

339 980 486 1030 rant.
571 971 698 1045 Quo
725 971 1042 1048 respiciunt
1067 970 1171 1029 illa
1198 970 1512 1048 Ambrosii,
1535 972 1638 1032 lib.
1668 992 1727 1031 v.
1757 972 1831 1031 de
1860 973 2248 1047 sacramentis,
2269 992 2393 1051 cap.
2421 974 2473 1047 1,
2520 970 2761 1047 “Quare

341 1050 1238 1209 issitoeffiffgssssnffissfssmffl
1239 1060 1395 1190 ”1313ss
1413 1050 2763 1211 fflffzffi'mssszffsszssssnzffifflwffl

339 1208 660 1285 formatam,
690 1210 878 1289 gratia
903 1230 1046 1270 vero
1071 1230 1175 1289 per
1197 1212 1512 1271 Dominum
1529 1212 1572 1271 J
1576 1232 1739 1272 esum
1757 1212 2109 1288 Christum‚''
2140 1220 2199 1271 et
2225 1214 2287 1270 in
2314 1231 2364 1270 c.
2394 1211 2562 1270 xxiii.
2596 1210 2763 1285 Luc„

344 1292 382 1323 “
406 1290 502 1347 Ex
531 1290 744 1349 Christi
771 1310 1007 1369 corpore
1036 1291 1308 1351 defuncto
1338 1292 1594 1351 omnium
1622 1292 1747 1351 vita
1772 1292 2047 1367 manavit,
2077 1312 2229 1369 aqua
2254 1291 2409 1351 enim
2437 1300 2497 1350 et
2524 1290 2767 1369 sanguis

344 1369 546 1445 exivit,
603 1370 706 1428 illa
747 1390 878 1448 quae
933 1370 1134 1447 diluat,
1191 1372 1302 1431 iste
1357 1372 1460 1448 qui
1511 1371 1773 1448 redimat,
1831 1371 2099 1431 bibamus
2154 1392 2295 1449 ergo
2341 1371 2591 1449 pretium
2626 1388 2761 1429 nos·

345 1456 516 1526 trum,
565 1457 632 1509 ut
673 1450 924 1509 bibendo
969 1451 1375 1511 redimamur.''
1468 1450 1629 1529 Aug.
1678 1462 1751 1511 tr.
1799 1451 1931 1528 120,
1982 1451 2045 1509 in
2090 1450 2399 1528 Joannem,
2446 1454 2481 1485 “
2501 1450 2553 1511 Ο
2606 1468 2765 1511 mors

344 1529 512 1668 mldb
527 1529 738 1588 mortui
777 1529 1168 1591 reviviscuntl
1213 1530 1366 1607 Quid
1395 1529 1506 1591 isto
1535 1532 1818 1610 sanguine
1846 1530 2119 1590 mundius
2136 1534 2167 1591 ?
2208 1531 2363 1609 Quid
2388 1531 2503 1591 isto
2522 1530 2765 1589 vulnere

345 1628 412 1667 sa
434 1630 472 1668 u
513 1609 633 1669 rius
649 1614 678 1669 ἓ

427 1690 687 1751 XXIII.
731 1691 821 1749 Ne
847 1710 987 1749 vero
1015 1691 1224 1751 mirum
1245 1691 1514 1752 videatur
1539 1699 1600 1751 et
1624 1689 1940 1767 insolitum,
1979 1692 2137 1770 quod
2185 1691 2302 1752 duo
2346 1692 2459 1751 ista
2484 1690 2766 1751 beneficia

347 1769 578 1847 Christi,
603 1790 768 1849 aquae
796 1779 855 1830 et
882 1771 1182 1848 sanguinis
1208 1791 1354 1831 voce
1397 1770 1713 1851 significari
1760 1770 2032 1847 diximus,
2082 1770 2253 1832 facile
2300 1772 2527 1831 ostendi
2574 1779 2767 1850 potest

345 1868 462 1909 non
489 1850 532 1909 J
535 1871 780 1910 oannem
809 1850 1012 1927 solum,
1045 1850 1150 1911 sed
1179 1852 1498 1929 Prophetas
1525 1852 1685 1930 ipsos
1711 1858 1770 1911 et
1819 1850 2152 1929 Apostolos,
2184 1852 2443 1930 adeoque
2472 1851 2767 1911 Christum

345 1929 536 2007 ipsum
561 1950 680 1989 non
707 1950 838 1989 raro
874 1930 1082 1991 iisdem
1128 1931 1437 2010 phrasibus
1479 1950 1623 1991 usus
1670 1930 1847 1991 fuisse
1874 1954 1888 1991 :
1974 1932 2053 1992 Et
2080 1932 2157 1992 ad
2185 1932 2505 2010 Prophetas
2531 1931 2766 2010 quidem

344 2009 500 2087 quod
529 2011 750 2086 attinet,
781 2009 927 2069 nihil
955 2010 1310 2089 frequentius
1331 2012 1596 2087 occurrit,
1626 2030 1797 2089 quam
1818 2012 2019 2090 gratiae
2044 2012 2157 2071 Dei
2173 2012 2440 2071 salutaris
2456 2010 2771 2088 descriptio

347 2090 456 2149 sub
485 2091 751 2167 symbolo
779 2109 1076 2167 aquarum,
1128 2091 1266 2169 quia
1311 2092 1496 2151 instar
1538 2110 1705 2169 aquae
1748 2112 1856 2151 nos
1904 2091 2147 2151 mundat
2172 2112 2209 2150 a
2236 2092 2505 2151 sordibus
2530 2091 2764 2165 nostris,

345 2188 454 2227 nos
481 2178 704 2228 recreat
730 2177 789 2227 et
815 2169 1118 2247 refrigerat
1145 2170 1206 2228 in
1236 2178 1378 2230 aestu
1408 2171 1795 2248 conscientiae,
1826 2172 2023 2251 ignem
2052 2172 2152 2231 irae
2182 2171 2415 2230 Divinae
2452 2170 2765 2249 extinguit,

349 2249 506 2307 sitim
533 2247 739 2307 animae
765 2257 978 2309 nostrae
1009 2249 1189 2327 sedat,
1221 2258 1280 2311 et
1299 2249 1600 2311 foecundos
1644 2270 1752 2311 nos
1799 2252 1993 2312 reddit
2017 2252 2080 2311 in
2101 2251 2271 2311 bonis
2298 2250 2587 2329 operibus.
2673 2250 2768 2309 Ita

342 2329 468 2407 jam
494 2328 769 2406 loquutus
795 2329 984 2389 fuerat
1005 2330 1218 2407 David,
1253 2330 1406 2391 Psal.
1437 2332 1562 2391 xlii.
1596 2335 1649 2408 1,
1680 2340 1740 2391 et
1758 2332 1905 2391 lxiii.
1935 2336 1989 2409 1,
2020 2336 2076 2409 2,
2108 2340 2167 2393 et
2192 2332 2409 2411 passim
2440 2331 2763 2408 Prophetae,

352 2408 466 2467 Isa.
495 2410 598 2469 xii.
631 2412 684 2485 3,
717 2417 776 2470 et
801 2410 948 2469 xliv.
979 2414 1034 2488 3,
1061 2412 1235 2473 Ezec.
1265 2412 1476 2472 xxxvi.
1507 2421 1567 2473 et
1593 2412 1780 2488 xlvii„
1814 2414 1991 2473 Zach.
2022 2413 2145 2475 xiii.
2183 2416 2237 2487 1,
2288 2412 2387 2472 ubi
2438 2412 2625 2490 gratia
2656 2412 2767 2471 Dei

347 2490 514 2567 aquis
542 2488 850 2550 confertur.
894 2490 1018 2551 Nec
1045 2493 1216 2553 aliter
1239 2492 1466 2571 loquuti
1495 2502 1633 2553 sunt
1659 2492 1732 2552 de
1760 2493 1940 2554 altero
1972 2494 2185 2553 Christi
2214 2492 2509 2568 beneficio,
2534 2492 2770 2571 quando

347 2578 589 2629 mortem
619 2570 850 2649 Christi,
881 2580 942 2633 et
969 2573 1319 2633 oblationem
1347 2574 1476 2651 ejus
1503 2574 1566 2633 in
1593 2572 1937 2633 sacrificium
1963 2594 2070 2652 pro
2089 2584 2329 2651 peccato
2344 2572 2767 2651 praedixemnt3

348 2651 688 2728 sanguinem
717 2652 872 2711 enim
891 2652 1305 2712 effundendum
1333 2672 1460 2712 esse
1507 2653 1836 2711 necessario
1885 2674 1953 2713 su
1993 2654 2303 2731 ponebant,
2334 2662 2401 2713 ut
2428 2653 2544 2711 Isa.
2573 2652 2679 2712 liii.
2710 2655 2767 2729 6,

345 2734 403 2805 7,
435 2734 490 2805 8,
526 2734 618 2807 10,
651 2732 806 2791 Psal.
835 2733 959 2791 xvi.
993 2736 1085 2808 10,
1115 2740 1176 2791 et
1201 2733 1348 2791 xxii.
1381 2735 1474 2808 16,
1504 2733 1623 2790 imo
1650 2750 1927 2808 expressa
1994 2739 2021 2790 t
2046 2732 2261 2791 mentio
2281 2733 2571 2806 sanguinis
2582 2734 2767 2806 soede-

345 2810 1703 2949 ffzsstussoidffotig‘fffflffififissrifft2322?ssss
1724 2830 1843 2947 ”02¹¹
1858 2810 2539 2963 ggtiggsssggufoffssffi.
2560 2812 2773 2948 {³33¹{z

347 2967 630 3026 liberandi
659 2968 893 3027 fuerunt
917 2968 1120 3027 fideles
1147 2988 1224 3027 ex
1250 2968 1494 3027 inferno.
1539 2968 1635 3026 Ita
1662 2908 1935 3045 Aposzoli
1964 2966 2211 3026 subinde
2232 2910 2532 3042 saguinis
2555 2968 2771 3029 Christi

347 3047 734 3106 meminerunt
760 3046 836 3105 ad
865 3046 1361 3124 Redemptionem,
1395 3055 1454 3107 et
1479 3047 1699 3105 lavacri
1719 3066 1884 3125 aqum
1905 3046 1981 3106 ad
1998 3046 2527 3122 sanctificationem,
2551 3047 2770 3107 Paulus

351 3126 502 3204 Eph.
533 3146 591 3185 v.
623 3126 718 3199 26,
774 3126 926 3185 Heb.
955 3126 1038 3185 ix.
1074 3129 1169 3202 11,
1206 3129 1297 3204 12,
1334 3130 1364 3185 1
1398 3127 1527 3185 Cor.
1557 3126 1638 3186 vi.
1673 3128 1766 3203 11,
1798 3134 1856 3185 et
1883 3146 1943 3185 x.
1979 3128 2071 3201 16,
2105 3134 2165 3185 et
2200 3126 2283 3185 xi.
2313 3128 2409 3203 24,
2442 3128 2539 3204 25,
2576 3130 2605 3187 1
2640 3128 2767 3188 Pet.

351 3206 390 3266 i.
437 3211 494 3265 2.
601 3206 720 3267 Sed
749 3206 1013 3265 Christus
1045 3207 1168 3284 ipse
1197 3226 1314 3266 non
1341 3226 1471 3266 raro
1507 3206 1619 3266 hoc
1647 3205 1864 3286 duplici
1894 3206 2159 3285 symbolo
2196 3226 2337 3267 usus
2372 3206 2603 3287 legitur,
2643 3216 2769 3269 tum

353 3308 521 3365 aqna,
551 3288 692 3348 Joh.
723 3287 805 3345 iii.
835 3288 891 3361 5,
922 3294 982 3347 et
1008 3286 1088 3346 iv.
1122 3290 1214 3363 14,
1259 3296 1320 3348 et
1361 3287 1464 3347 vii.
1495 3290 1592 3364 38,
1643 3296 1766 3347 tum
1812 3286 2111 3365 sanguine,
2164 3287 2305 3347 Luc.
2328 3288 2475 3347 xxii.
2503 3292 2602 3365 20,
2632 3288 2769 3349 hinc

352 3370 563 3427 mirum
591 3367 778 3427 videri
803 3386 922 3425 non
951 3366 1140 3442 debet,
1195 3367 1246 3426 si
1292 3368 1336 3428 J
1339 3388 1570 3445 oannes,
1624 3367 1841 3446 stylum
1886 3366 2101 3428 Christi
2144 3376 2203 3428 et
2254 3368 2671 3447 Prophetarum
2701 3390 2769 3429 ac

353 3449 770 3527 Apostolorum
797 3446 1072 3522 imitatus,
1103 3448 1259 3507 dicat
1288 3448 1579 3508 Christum
1626 3448 1857 3507 venisse
1906 3468 2038 3507 cum
2082 3468 2233 3527 aqua
2274 3457 2336 3509 et
2376 3450 2675 3529 sanguine,
2704 3458 2772 3511 ut

354 3528 573 3607 duplex
600 3526 942 3586 beneficium
971 3547 1046 3586 ex
1075 3528 1289 3588 Christi
1317 3528 1572 3588 adventu
1591 3528 1667 3587 ad
1694 3548 1803 3589 nos
1830 3528 2133 3589 dimanans
2160 3529 2282 3589 desi
2369 3537 2446 3589 et.

437 3608 688 3665 XXIV.
737 3607 854 3667 Sed
879 3608 1121 3667 ulterius
1148 3608 1464 3667 videndum
1493 3616 1770 3687 superest,
1802 3629 1905 3669 cur
1930 3609 2193 3669 Joannes
2209 3609 2284 3668 ad
2328 3617 2403 3684 at,
2423 3630 2535 3669 non
2560 3608 2773 3669 venisse

356 3696 626 3764 tanquam
653 3688 712 3745 in
737 3708 908 3765 aqua,
938 3692 1042 3747 sed
1063 3688 1122 3748 in
1141 3710 1296 3767 aqua
1323 3700 1378 3749 et
1400 3690 1672 3766 sanquine
1690 3713 1716 3763 ;
1756 3689 1867 3748 hoc
1894 3708 2035 3748 vero
2062 3690 2355 3749 addidisse
2380 3688 2613 3749 videtur
2628 3688 2769 3748 dua-

355 3767 467 3826 bus
487 3767 849 3845 potissimum
871 3766 944 3826 de
963 3770 1189 3829 causis:
1223 3772 1274 3844 1,
1303 3777 1372 3828 ut
1399 3769 1731 3829 ostenderet
1758 3768 2050 3828 Beneficia
2074 3770 2189 3829 ista
2217 3788 2345 3827 esse
2365 3768 2773 3845 inseparabilia

356 3855 416 3905 et
432 3847 725 3907 indivulso
743 3868 898 3907 nexu
915 3848 1065 3907 inter
1085 3868 1146 3909 se
1169 3850 1494 3927 conjuncta,
1516 3854 1571 3925 2,
1593 3857 1663 3908 ιιι
1680 3848 1927 3924 doceret,
1940 3850 2079 3910 licet
2100 3848 2351 3928 separari
2366 3868 2485 3906 non
2502 3847 2771 3925 debeant,

357 3946 474 3987 non
502 3927 710 3987 debere
738 3938 932 3988 tamen
959 3928 1251 4005 confundi,
1285 3928 1388 3989 sed
1431 3936 1708 4008 tanquam
1754 3929 2027 3989 distincta
2071 3948 2297 4006 semper
2344 3927 2606 4006 spectari.
2692 3928 2778 3988 Et

355 4008 688 4086 conjunctio
735 4008 968 4086 quidem
1017 4008 1296 4069 insinuari
1324 4008 1541 4085 debuit,
1572 4029 1647 4067 ne
1675 4009 1807 4085 quis
1851 4008 2190 4068 alterutrum
2218 4028 2293 4067 ex
2322 4006 2449 4067 istis
2474 4006 2775 4067 beneficiis

357 4089 616 4148 sufficere
644 4108 814 4167 posse
843 4088 918 4147 ad
947 4088 1190 4149 salutem
1219 4088 1609 4149 arbitraretur.
1695 4088 1846 4147 Nam
1874 4096 1940 4148 ut
1964 4088 2179 4147 frustra
2200 4086 2515 4147 satisfactio
2525 4086 2771 4163 justitiae

359 4168 470 4227 Dei
501 4178 654 4228 esset
697 4168 960 4227 exhibita
1002 4168 1078 4227 ad
1123 4168 1520 4227 remissionem
1563 4168 1789 4245 peccati
1816 4176 1875 4227 et
1912 4166 2385 4244 justificationem
2435 4166 2771 4245 peccatoris,

355 4248 470 4307 nisi
499 4248 774 4307 continuo
816 4260 944 4305 eam
984 4247 1278 4325 exciperet
1325 4246 1705 4307 sanctificatio
1727 4247 1803 4306 ad
1829 4246 2161 4324 purgandas
2202 4244 2427 4323 peccati
2468 4246 2683 4321 sordes,
2715 4254 2775 4307 et

355 4328 754 4387 renovandum
778 4335 1138 4406 peccatorem
1161 4347 1179 4402 ς
1223 4327 1318 4386 Ita
1343 4327 1643 4385 renovatio
1668 4326 1793 4385 fieri
1814 4346 1933 4384 non
1950 4334 2149 4404 posset
2165 4324 2276 4384 nisi
2298 4326 2597 4404 supposita
2614 4326 2777 4404 prius

357 4408 784 4467 satisfactione:
867 4405 1154 4463 Nimirum
1181 4413 1248 4465 ut
1273 4404 1390 4465 duo
1419 4405 1719 4465 obstacula
1745 4414 1925 4480 erant,
1965 4424 2096 4484 quae
2142 4424 2251 4465 nos
2294 4425 2331 4464 a
2376 4408 2777 4467 communione
2845 4407 2862 4423 ‘

359 4506 488 4545 cum
521 4488 666 4562 Deo,
697 4487 759 4545 in
785 4506 902 4565 qua
929 4484 1174 4545 felicitas
1201 4494 1399 4545 nostra
1443 4484 1555 4545 sita
1601 4494 1709 4561 est,
1758 4486 2068 4561 arcebant3
2112 4488 2185 4545 In
2213 4488 2342 4547 Deo
2371 4488 2614 4563 Justitia,
2645 4508 2775 4567 quse

359 4586 475 4625 non
505 4566 831 4645 patiebatur
858 4566 1104 4643 gratiam
1131 4564 1308 4625 ullam
1337 4564 1626 4644 peccatori
1653 4566 2081 4642 communicari,
2104 4566 2215 4625 nisi
2232 4568 2391 4645 prius
2420 4568 2775 4628 satisfactum

362 4656 516 4705 esset
543 4668 646 4724 pro
669 4656 905 4724 peccato
929 4668 944 4723 ς
987 4648 1062 4705 In
1083 4646 1236 4705 nobis
1263 4665 1403 4705 vero
1429 4646 1701 4721 injustitia
1729 4654 1788 4705 et
1816 4646 1993 4723 labes,
2045 4666 2149 4725 per
2195 4668 2365 4725 quam
2396 4648 2585 4721 fiebat,
2610 4657 2674 4707 ut
2702 4648 2775 4705 ab
