3234 5192
291 253 561 300 ·msrur.
591 236 665 321 1.]
1174 236 1179 241 ’
1296 254 1374 297 ns
1403 254 1577 297 uano
1606 254 1783 297 vlrs..
2603 237 2744 297 ’.211

294 418 517 459 coram
544 398 699 475 me,'’
758 395 841 456 ait
872 394 1174 470 Dominus,
1204 404 1271 455 ut
1313 396 1601 473 significet
1643 416 1706 457 se
1748 395 1895 455 illud
1935 396 2114 473 probe
2157 414 2344 469 nosse,
2391 394 2632 472 ejusque
2677 414 2740 455 se

314 487 593 557 perpetuo
614 474 923 537 recordari.
969 474 1101 534 Non
1118 476 1287 535 aliter
1312 476 1385 535 de
1414 477 1580 537 bonis
1602 476 1872 555 operibus
1900 483 1989 536 est
2011 473 2396 551 statuendum,
2420 494 2490 533 ca
2517 474 2740 535 seilicet

314 560 512 618 omnia
537 558 621 618 ita
668 556 886 635 scripta
930 574 1057 615 esse
1105 574 1299 615 coram
1328 557 1457 616 Deo
1500 566 1566 617 ut
1607 576 1807 617 eorum
1861 574 2156 633 nunquam
2185 554 2579 628 obliviscatur,
2631 554 2736 613 sed

314 658 538 697 memor
578 637 654 697 sit
694 636 925 696 futurus
972 635 1031 695 in
1066 635 1291 713 judicio
1333 655 1456 712 suc,
1486 644 1553 696 ut
1600 636 1881 714 rependat
1927 636 2064 711 illis,
2114 634 2166 695 si
2221 654 2340 692 non
2373 642 2616 711 propter
2643 653 2730 711 ea,

312 717 455 795 quia
480 716 705 777 nullum
750 725 841 776 est
883 714 1169 790 meritum,
1219 723 1280 776 at
1320 718 1622 775 secundum
1665 736 1751 775 ea.
1837 716 1964 791 Quo
2021 714 2251 774 videtur
2295 713 2580 791 respicere
2639 732 2732 774 -ιιο

311 819 433 875 rna-r
455 798 625 857 Liber
644 793 946 870 memorioe,
977 794 1049 854 de
1077 814 1211 873 quc,
1238 796 1449 856 Malae.
1477 795 1559 856 iii.
1588 798 1678 863 16,
1711 795 1813 873 qui
1839 795 2049 855 dicitur
2078 797 2116 829 ‘⁶
2137 793 2496 873 conscriptus
2541 812 2732 851 coram

318 876 447 937 Deo
474 897 576 954 pro
604 876 945 936 timentibus
984 874 1235 952 ipsum,''
1286 884 1351 935 ut
1390 876 1665 936 innuatur
1695 875 1884 935 Deum
1924 874 2355 934 recordaturum
2384 872 2615 951 pietatis
2643 872 2728 951 ip-

314 976 510 1016 sorum
536 976 643 1015 suo
684 965 962 1033 tempore,
994 964 1053 1014 et
1092 954 1503 1015 retributurum
1530 956 1828 1033 praemium
1855 954 1992 1014 fidei
2021 963 2078 1015 et
2105 954 2547 1033 perseverantiae
2575 954 2728 1029 ipso-

314 1055 460 1095 rum.
544 1036 647 1095 Ad
692 1036 850 1094 hunc
896 1034 1109 1093 librum
1158 1033 1421 1112 pertinet,
1468 1035 1628 1112 quod
1678 1035 1904 1093 Daniel.
1929 1035 2029 1094 vii.
2063 1038 2154 1109 10,
2186 1044 2245 1093 et
2273 1033 2460 1111 Apoc.
2491 1052 2594 1091 xx.
2632 1035 2725 1109 12,

314 1114 419 1174 ubi
440 1115 511 1175 de
541 1116 585 1175 J
588 1114 781 1175 udicio
810 1113 1018 1174 ultimo
1046 1114 1258 1191 agitur,
1290 1113 1502 1173 dicitur
1518 1115 1698 1173 libros
1740 1123 1971 1192 apertos
1999 1113 2176 1173 fuisso
2201 1136 2216 1173 ι
2262 1115 2299 1148 “
2323 1114 2402 1171 Et
2429 1112 2607 1187 vidi,”
2638 1113 2727 1169 in-

314 1194 447 1272 quit
473 1194 754 1270 Joanncs,
822 1196 859 1227 “
881 1202 1156 1269 mortuos,
1186 1213 1399 1272 parvos
1426 1202 1486 1253 et
1532 1212 1794 1271 magnos,
1843 1200 2061 1253 stantes
2081 1212 2274 1252 coram
2304 1191 2448 1268 Deo,
2480 1200 2540 1250 et
2591 1190 2730 1250 libri

319 1274 509 1351 aperti
576 1282 728 1349 sunt,
784 1280 844 1332 et
896 1282 1131 1351 apertus
1184 1282 1275 1333 est
1326 1273 1476 1332 liber
1529 1272 1692 1348 alter,
1751 1272 1853 1351 qui
1900 1281 1991 1332 est
2051 1272 2201 1331 liber
2253 1271 2407 1346 vitae,
2465 1276 2524 1329 et
2565 1270 2722 1347 judi-

318 1353 441 1411 cati
488 1360 623 1411 sunt
662 1352 869 1411 mortui
910 1372 986 1411 ex
1038 1352 1173 1428 illis,
1218 1372 1349 1430 quae
1397 1352 1611 1429 scripta
1667 1360 1802 1412 sunt
1847 1353 1910 1409 in
1961 1350 2127 1409 libris
2181 1349 2497 1409 secundum
2553 1368 2729 1427 opera

322 1432 641 1509 ipsorum.''
704 1432 803 1492 Sic
828 1438 1064 1491 notatur
1107 1451 1331 1492 summa
1365 1432 1575 1509 judicii
1603 1432 1772 1491 istius
1799 1431 2042 1509 aequitas
2070 1450 2146 1489 ex
2171 1430 2424 1490 humano
2453 1428 2594 1505 for-0,
2625 1427 2728 1487 ubi

304 1512 482 1589 juxta
508 1512 669 1589 leges
698 1512 959 1589 scriptas,
989 1520 1049 1572 et
1076 1532 1208 1571 cum
1254 1511 1347 1571 his
1374 1512 1754 1591 congruentia
1779 1511 1933 1571 facta
1975 1518 2034 1569 et
2061 1509 2237 1583 dicta,
2283 1509 2470 1586 judex
2502 1510 2724 1585 justam

308 1592 645 1669 pronuntiat
673 1590 1035 1651 sententiam.
1106 1592 1223 1651 Cur
1263 1600 1455 1651 autem
1496 1592 1792 1667 librorum,
1823 1611 1937 1650 non
1981 1590 2152 1649 unius
2191 1590 2343 1664 libri,
2374 1588 2725 1648 mentionem

312 1670 501 1747 faciat,
532 1671 681 1731 ratio
710 1670 879 1730 facile
908 1669 1073 1731 reddi
1100 1680 1308 1749 potest,
1339 1672 1477 1749 quia
1503 1679 1713 1749 praeter
1738 1672 1950 1730 librum
1977 1671 2154 1730 istum
2183 1669 2470 1729 internum
2501 1669 2630 1743 Dei,
2660 1669 2723 1727 in

312 1769 431 1827 quo
460 1752 676 1828 scripta
716 1759 853 1809 sunt
880 1751 1072 1809 omnia
1117 1751 1415 1811 hominum
1446 1770 1638 1829 opera,
1683 1750 1820 1809 libri
1863 1750 1965 1809 alii
2012 1748 2128 1809 duo
2171 1748 2260 1807 illi
2306 1748 2723 1827 respondentes

312 1830 661 1907 aperientur.
706 1830 903 1889 Primo
932 1832 1069 1889 liber
1114 1832 1444 1909 Scripturoe,
1474 1830 1535 1889 in
1563 1850 1679 1907 quo
1718 1830 1870 1908 juris
1901 1830 2012 1888 Dei
2041 1837 2100 1889 et
2140 1829 2312 1888 officii
2339 1829 2523 1888 nostri
2549 1847 2720 1905 regu-

314 1910 429 1967 lam
460 1909 781 1988 praescribit
805 1910 983 1985 Deus,
1034 1908 1111 1969 ad
1157 1930 1331 1988 quam
1375 1929 1438 1969 se
1478 1930 1822 1987 componere
1850 1909 2095 1987 quisque
2121 1916 2365 1983 tenetur,
2397 1918 2456 1968 et
2503 1926 2576 1967 ex
2606 1927 2724 1985 qua

305 1988 613 2065 judicandi
655 1998 791 2049 sunt
830 1998 1116 2067 quotquot
1164 1990 1517 2067 Scripturam
1564 1987 1772 2048 ducem
1819 1990 2164 2048 habuerunt.
2269 1988 2536 2047 Secundo
2581 1988 2723 2045 liber

310 2070 671 2145 conscientioe,
702 2088 833 2147 quse
861 2068 934 2128 dc
962 2069 1129 2129 factis
1156 2069 1553 2129 testimonium
1578 2069 1814 2146 praebet,
1841 2076 1900 2127 et
1927 2088 2056 2146 quae
2083 2068 2267 2127 instar
2292 2068 2452 2125 mille
2479 2066 2718 2125 testium

312 2148 578 2207 homines
618 2149 718 2207 vel
744 2148 1039 2209 accusabit
1066 2149 1163 2207 vel
1191 2148 1531 2224 excusabit3
1590 2168 1726 2206 nam
1774 2151 1810 2183 “
1835 2150 1996 2207 Deus
2022 2156 2162 2207 tunc
2209 2146 2602 2205 illustraturus
2631 2154 2721 2205 est

306 2246 403 2287 res
432 2228 687 2287 occultas
712 2228 984 2305 tenebris,
1015 2237 1074 2289 et
1099 2228 1405 2287 manifesta
1432 2226 1603 2288 faciet
1632 2228 1873 2287 consilia
1899 2227 2218 2303 cordium,”
2243 2230 2273 2285 1
2306 2227 2436 2286 Cor.
2465 2226 2544 2284 iv.
2577 2228 2630 2299 5,
2653 2234 2720 2286 ut

307 2307 405 2365 hic
432 2307 579 2367 nihil
605 2308 1007 2367 absconditum
1034 2316 1093 2368 et
1132 2306 1521 2368 indiscussum
1550 2328 1780 2369 manere
1808 2314 1998 2387 queat,
2043 2307 2202 2385 quod
2248 2306 2458 2367 summi
2485 2306 2529 2367 J
2533 2305 2719 2365 udicis

306 2387 495 2447 oculis
522 2407 641 2447 non
668 2394 1008 2466 exponatur.

394 2466 551 2526 XII.
596 2468 931 2528 Postremus
959 2477 1048 2530 est
1076 2471 1213 2530 liber
1236 2471 1381 2547 vitoe,
1412 2474 1690 2532 aeternum
1731 2470 1874 2547 scil.,
1919 2478 1980 2535 et
2018 2470 2376 2532 immutabile
2419 2468 2532 2531 Dei
2579 2488 2715 2530 con-

310 2546 521 2623 silium,
552 2566 657 2625 per
698 2548 874 2625 quod,
924 2557 990 2609 ut
1016 2550 1299 2627 quosdam
1326 2552 1400 2611 ab
1429 2560 1645 2611 aeterno
1693 2572 1770 2611 ex
1813 2571 2007 2611 massa
2054 2559 2324 2630 corrupta
2363 2550 2614 2610 secrevit
2639 2570 2715 2609 ex

308 2646 469 2687 mera
496 2646 601 2686 sua
626 2628 1035 2705 misericordia,
1066 2638 1125 2689 et
1144 2630 1220 2689 ad
1248 2631 1427 2690 vitam
1448 2640 1722 2691 aeternam
1751 2632 2106 2708 conscripsit,
2131 2650 2278 2708 quos
2301 2649 2403 2706 per
2425 2629 2714 2689 Christum

310 2708 580 2783 salvaret,
611 2707 834 2767 cacteris
856 2708 1121 2769 omnibus
1142 2709 1204 2767 in
1233 2711 1441 2788 oequali
1468 2710 1700 2771 miseria
1727 2711 2072 2785 constitutis,
2103 2730 2178 2768 ex
2207 2728 2432 2769 summa
2457 2717 2517 2766 et
2543 2708 2714 2765 liber-

308 2786 455 2845 rima
494 2806 600 2846 sua
646 2794 929 2864 potestate
970 2790 1293 2866 praeteritis,
1324 2790 1407 2849 ita
1448 2790 1684 2850 eosdem
1730 2790 1793 2848 in
1835 2790 1985 2848 libro
2013 2789 2126 2847 isto
2167 2807 2390 2845 arcanae
2416 2786 2714 2863 praedesti-

306 2867 558 2925 nationis
611 2866 967 2945 conscriptos
1021 2870 1187 2928 novit
1240 2878 1300 2929 et
1343 2878 1538 2929 servat
1584 2868 2065 2927 constantissime.
2151 2868 2348 2943 Hujus
2401 2864 2715 2942 saepissime

314 2945 611 3023 Scriptura
635 2946 913 3023 meminit,
954 2948 1126 3007 modo
1148 2948 1485 3027 simpliciter
1532 2956 1589 3007 et
1615 2947 1736 3006 κατ’
1781 2951 1950 3023 ιξοχην
1979 2946 2087 3005 sub
2115 2946 2248 3005 libre·
2281 2944 2529 3017 nomine,
2563 2943 2713 3002 Dan.

306 3025 409 3083 xii.
458 3028 509 3101 1,
556 3028 592 3060 “
619 3026 951 3085 Salvabitur
979 3028 1165 3087 omnis
1192 3027 1457 3106 populus..
1488 3028 1584 3105 qui
1629 3028 1903 3085 inventus
1931 3026 2105 3085 fuerit
2145 3026 2391 3102 scriptus
2419 3023 2480 3081 in
2507 3022 2713 3098 libr0,'’

307 3104 479 3164 modo
506 3125 611 3183 per
630 3104 999 3184 scriptionem
1026 3108 1335 3182 coelestem,
1361 3108 1503 3166 Luc.
1526 3127 1586 3166 x.
1616 3110 1712 3182 20,
1748 3108 1784 3139 “
1803 3106 2068 3167 Gaudete
2086 3105 2243 3185 quod
2269 3104 2504 3163 nomina
2521 3109 2716 3162 vestra

306 3185 521 3263 scripta
546 3193 683 3245 sunt
710 3185 771 3242 in
799 3185 1017 3262 coelis,”
1056 3196 1179 3245 tum
1202 3187 1338 3264 quia
1364 3186 1425 3244 in
1447 3186 1593 3245 coelo
1623 3186 1811 3263 electi,
1833 3194 1958 3245 tum
1986 3186 2124 3265 quia
2150 3185 2224 3245 ad
2253 3187 2462 3245 coelum
2479 3186 2672 3245 vocati
2694 3206 2711 3263 ς

304 3264 618 3343 aliquando
658 3284 761 3342 per
789 3266 989 3325 librum
1030 3267 1156 3325 vitoe
1176 3268 1341 3345 Aqui,
1372 3273 1438 3326 ut
1466 3266 1654 3345 Apoc.
1685 3266 1808 3325 xiii.
1833 3267 1888 3341 8,
1921 3274 1980 3326 et
2005 3267 2148 3325 xvii.
2179 3270 2234 3342 8,
2288 3270 2324 3301 “
2345 3267 2714 3328 Mirabuntur

307 3364 527 3419 omnes,
557 3364 803 3421 quorum
850 3346 1085 3404 nomina
1112 3365 1228 3405 non
1277 3356 1413 3406 sunt
1460 3346 1675 3424 scripta
1699 3346 1762 3403 in
1802 3344 1952 3405 libro
1981 3347 2117 3406 vitae
2147 3346 2367 3424 Agni,'’
2410 3348 2493 3407 sic
2521 3348 2708 3425 Apoc.

306 3424 429 3483 xxi.
452 3428 549 3498 27,
580 3443 697 3482 non
724 3431 948 3484 tantum
1016 3424 1113 3485 uia
1132 3446 1234 3503 per
1259 3426 1449 3503 ipsum
1476 3446 1594 3485 non
1620 3426 1813 3485 minus
1841 3445 1910 3484 ac
1933 3426 2163 3487 Patrem
2191 3426 2343 3485 facta
2369 3438 2459 3487 est
2486 3428 2709 3503 electi0,

303 3504 409 3563 sed
436 3511 497 3562 et
542 3503 679 3579 quia
718 3503 779 3561 in
825 3504 951 3582 ipso
976 3444 1269 3580 2undatur,
1316 3506 1466 3583 Eph.
1496 3505 1535 3564 i.
1582 3508 1639 3581 4,
1679 3524 1797 3564 non
1825 3505 2058 3583 quidem
2085 3506 2506 3582 antecedenter,
2537 3517 2603 3567 ut
2650 3508 2711 3565 in

304 3603 480 3642 causa
507 3584 814 3659 meritoria,
845 3584 949 3643 sed
976 3592 1414 3662 consequentur,
1444 3594 1512 3645 ut
1551 3586 1612 3643 in
1653 3584 1845 3644 medio
1873 3585 2142 3663 primario
2170 3586 2562 3661 executionis3
2607 3587 2713 3643 ali-

305 3661 541 3741 quando
590 3660 838 3741 denique
866 3684 969 3741 per
1010 3665 1211 3723 librum
1250 3666 1376 3723 vitae
1416 3665 1648 3742 simpli„
1678 3672 1744 3725 ut
1775 3664 1925 3723 Phil.
1948 3664 2028 3723 iv.
2059 3668 2114 3739 3,
2147 3664 2333 3741 Apoc.
2376 3684 2479 3723 xx.
2515 3668 2607 3741 15,
2653 3675 2712 3725 et

304 3743 447 3801 xxii.
484 3743 578 3817 193
608 3742 829 3801 ratione
856 3743 990 3802 finis
1016 3742 1095 3802 id.
1119 3744 1256 3803 vitae
1298 3752 1543 3820 aeternae,
1574 3764 1705 3821 quae
1747 3744 1872 3803 sola
1910 3763 2028 3823 prae
2071 3744 2295 3803 caeteris
2336 3764 2546 3803 nomen
2574 3746 2711 3805 vitae

302 3830 569 3896 meretur,
602 3830 724 3881 tum
752 3842 787 3881 a
806 3823 1003 3899 priori
1024 3824 1245 3884 ratione
1284 3823 1823 3902 praedestinationis,
1855 3824 1992 3901 quia
2017 3823 2091 3882 ab
2120 3830 2332 3882 aeterno
2355 3824 2712 3902 conscriptus

302 3910 394 3961 est
420 3909 553 3960 ante
574 3901 735 3977 jacta
760 3902 963 3962 mundi
989 3901 1378 3981 fundamenta,
1409 3913 1531 3964 tum
1576 3924 1613 3963 a
1645 3905 1957 3981 posteriori
1992 3903 2211 3963 ratione
2301 3902 2709 3981 lorificationis,

304 3981 444 4059 quia
470 3982 532 4038 in
560 3990 837 4041 aeternum
885 4002 1117 4041 manere
1162 3982 1336 4043 debet
1375 3992 1508 4061 post
1548 3984 2100 4043 consummationem
2141 3923 2339 4043 secifli.
2425 3982 2520 4043 Ita
2565 3984 2712 4043 liber

302 4061 413 4120 iste
442 4058 558 4119 duo
584 4061 872 4139 praeeipue
899 4062 1185 4139 designat,
1215 4061 1509 4123 decretum
1553 4064 1668 4123 Dei
1693 4064 2174 4142 praedestinantis,
2205 4061 2362 4140 quod
2403 4070 2493 4121 est
2531 4064 2716 4124 instar

303 4140 649 4217 scriptioniS,
708 4146 831 4199 tum
880 4142 1298 4218 praescientiam
1352 4142 1631 4221 ejusdem,
1689 4163 1820 4220 quae
1875 4150 1964 4201 est
2015 4144 2199 4203 instar
2251 4142 2534 4219 lectionis,
2578 4164 2708 4223 quae

304 4220 520 4296 scripta
546 4221 909 4297 recognoscit
937 4228 997 4280 et
1020 4221 1183 4297 legit.

384 4298 575 4357 XIII.
621 4298 819 4376 Atque
839 4300 975 4359 hinc
1004 4300 1170 4359 facile
1200 4300 1396 4377 colligi
1422 4309 1632 4379 potest,
1663 4321 1778 4377 quo
1828 4320 2000 4360 sensu
2041 4299 2188 4358 liber
2215 4298 2324 4360 iste
2348 4302 2474 4362 Deo
2495 4303 2708 4367 tribua-

304 4386 415 4453 tur,
462 4399 579 4437 non
624 4380 852 4457 proprie
901 4388 960 4439 et
1005 4380 1322 4454 literaliter,
1371 4388 1438 4439 ut
1470 4381 1591 4457 jam
1634 4380 2070 4454 insinuavimus,
2113 4380 2276 4455 quasi
2305 4382 2400 4441 vel
2429 4384 2576 4444 liber
2611 4390 2710 4448 vel

302 4458 538 4536 scriptio
565 4458 983 4537 qualiscunque
1026 4457 1340 4518 materialis
1388 4459 1449 4517 in
1502 4460 1690 4517 Deum
1739 4458 1944 4517 cadere
1992 4458 2210 4536 possit3
2256 4462 2358 4520 scd
2379 4466 2622 4541 mystice
2651 4482 2710 4529 et

300 4536 561 4615 figurato,
592 4547 715 4597 tum
745 4539 821 4597 ad
848 4538 1269 4599 connotandam
1298 4536 1511 4598 ‹livinae
1542 4538 2060 4617 praedestinationis
2089 4540 2488 4604 certitudinem
2517 4555 2576 4606 et
2602 4548 2708 4607 im-
