3234 5192
564 304 681 362 464
1114 320 1191 361 ns
1220 318 1702 359 sarisb-serlonis
1730 318 1966 357 cinus’ri
1995 319 2313 363 vsarra'rs.
2549 304 2808 386 [ms-rur.
2841 322 2974 367 xm.

560 480 678 521 non
706 462 993 539 ignobiles
1014 462 1353 539 interpretes
1374 460 1449 519 ad
1472 461 1994 519 reconciliationem
2015 462 2312 521 hominum
2335 485 2464 523 cum
2489 466 2616 525 Deo
2636 468 2760 526 haec
2788 468 2970 528 verba

562 541 793 617 referre,
840 542 933 602 Ita
958 552 1024 602 ut
1062 562 1177 618 per
1204 562 1273 599 ea
1300 560 1425 617 quae
1450 550 1581 599 sunt
1605 542 1665 599 in
1693 540 1840 599 coelis
1859 540 2258 619 intelligantur
2285 544 2485 604 fideles
2525 549 2648 625 jam
2680 549 2968 611 demortui

562 629 621 680 et
648 622 709 679 in
738 622 898 681 coelis
928 622 1171 697 collecti,
1206 620 1360 679 Heb.
1390 622 1496 679 xii.
1525 624 1623 697 23,
1653 641 1756 698 per
1787 624 1822 654 “
1844 641 1914 679 ea
1940 640 2078 679 vero
2107 642 2238 699 quae
2268 635 2402 685 sunt
2429 628 2490 685 in
2533 632 2740 691 terris’'
2763 633 2967 693 fideles

560 702 753 760 caeteri
782 702 881 779 qui
910 703 1006 761 vel
1047 702 1359 760 credebant
1393 702 1517 779 jam
1572 710 1632 760 et
1673 711 1835 760 erant
1876 702 1936 759 in
1979 701 2132 760 vivis
2174 703 2268 761 vel
2297 705 2356 763 in
2397 716 2688 784 posterum
2718 714 2968 774 creditu·

561 782 611 839 ri
639 786 849 841 erant?
876 783 1103 860 utrique
1133 781 1417 859 siquidem
1445 781 1798 840 reconciliati
1837 788 1972 839 sunt
2011 781 2136 840 Deo
2165 803 2268 860 per
2312 785 2620 865 Christum,
2661 794 2706 851 J
2709 793 2801 852 oh.
2841 796 2964 854 xiv.

562 864 618 919 6.
704 862 907 939 Neque
961 864 1086 921 haec
1131 862 1415 921 sententia
1463 862 1585 920 suis
1633 870 1790 919 caret
1837 862 2154 920 rationibus
2201 865 2579 941 gravissimiS,
2631 891 2747 931 non
2793 875 2964 933 modo

562 941 719 1019 quod
759 942 1218 1020 frequentissime
1260 942 1319 998 in
1352 943 1648 1019 Scriptura
1675 941 1799 1000 haec
1845 950 2378 1019 syncategoremata
2402 973 2472 1007 τι
2501 950 2671 1010 nina
2699 954 2795 1011 vel
2835 956 2964 1013 πάι·

557 1046 635 1087 τις
662 1022 1080 1099 restringantur
1107 1022 1183 1080 ad
1218 1020 1547 1081 universam
1588 1021 1910 1079 Ecclesiam
1947 1041 1983 1080 a
2011 1023 2240 1081 Christo
2261 1025 2614 1105 redemptam
2643 1052 2772 1110 quae
2811 1056 2963 1093 com-

561 1102 832 1179 plectitur
874 1123 1073 1162 omnes
1122 1110 1180 1161 et
1224 1101 1486 1180 singulos
1529 1102 1730 1159 fideles
1785 1108 1904 1159 tam
1949 1101 2024 1159 V.
2081 1122 2253 1179 quam
2311 1105 2383 1163 N.
2428 1108 2515 1183 Τ.,
2560 1118 2678 1169 tam
2721 1114 2966 1175 Judaeos

562 1202 734 1261 quam
766 1183 1003 1259 Gentes,
1034 1192 1099 1242 ut
1128 1187 1163 1241 2
1196 1181 1325 1242 Cor.
1354 1202 1410 1241 v.
1450 1184 1538 1257 18,
1565 1182 1698 1241 Gal.
1727 1181 1810 1239 iii.
1841 1184 1935 1257 22,
1971 1182 2138 1240 Rom.
2169 1184 2249 1241 xi.
2281 1187 2376 1260 32,
2407 1184 2514 1249 &c.
2546 1194 2808 1269 opposite
2839 1196 2962 1256 scil.

562 1262 638 1321 ad
664 1265 1041 1323 oeconomiam
1084 1262 1159 1322 V.
1204 1262 1291 1337 ⁷1¹„
1336 1264 1395 1322 in
1425 1282 1539 1339 qua
1581 1262 1738 1320 salus
1761 1270 1884 1320 erat
1923 1270 2148 1321 tantum
2177 1264 2535 1343 Judaeorum‚
2566 1272 2706 1332 Joh.
2736 1275 2815 1332 iv.
2845 1280 2960 1353 22;

562 1343 781 1401 Verum
812 1345 985 1404 etiam
1014 1364 1088 1403 ex
1116 1364 1185 1401 eo
1214 1343 1371 1419 quod
1413 1341 1575 1401 addit
1616 1341 1814 1401 statim
1856 1350 1920 1399 ut
1943 1343 2332 1403 reconciliaret
2369 1349 2556 1409 omnia
2603 1358 2665 1418 εἰς
2705 1354 2857 1416 ἀὖε-δι
2883 1357 2962 1416 id.

554 1426 717 1501 ίιυτξῖ
743 1432 808 1484 ut
839 1424 1019 1501 Syrus
1046 1424 1221 1481 habet
1248 1429 1335 1499 ab,
1372 1442 1557 1499 neque
1594 1442 1809 1479 novum
1841 1430 1929 1480 est
1966 1424 2427 1500 praepositionem
2473 1431 2546 1489 In
2573 1454 2705 1492 cum
2733 1455 2966 1497 accusa-

558 1505 682 1563 tivo
710 1505 847 1582 poni
874 1505 1002 1563 vice
1030 1502 1213 1562 dativi
1242 1524 1372 1567 eum
1400 1502 1556 1579 apud
1586 1502 1870 1561 Hebraeos
1917 1502 2378 1579 frequentissima
2423 1508 2498 1567 sit
2524 1520 2613 1572 τοῦ
2635 1536 2665 1571 a
2695 1524 2753 1575 et
2778 1518 2808 1573 Β
2837 1538 2963 1596 per-

560 1587 840 1644 mutatio:
886 1586 1032 1643 Nam
1080 1584 1129 1641 si
1170 1584 1279 1645 hoc
1324 1584 1502 1641 vellet
1530 1582 1642 1641 ista
1677 1581 1902 1658 phrasis
1939 1583 2098 1660 quod
2126 1584 2254 1643 vult
2276 1585 2665 1653 Adversarius
2691 1598 2764 1657 In
2789 1618 2961 1657 unum

560 1664 927 1724 scribendum
968 1664 1153 1722 fuerat
1192 1673 1253 1732 εἰς
1299 1669 1355 1723 τὶ
1403 1662 1525 1721 αὐτό
1570 1663 1667 1720 vel
1720 1668 1781 1726 ιὶς
1828 1662 1950 1720 αὐτό
1991 1681 2108 1720 non
2149 1683 2288 1723 vero
2330 1672 2392 1732 εἰς
2435 1670 2581 1730 ainzu
2627 1676 2718 1733 vel
2756 1684 2818 1744 ιες
2865 1679 2962 1735 αὖ..

558 1749 654 1821 τὶν,
685 1743 843 1821 quod
870 1743 945 1801 ad
986 1751 1198 1801 certam
1226 1764 1530 1823 personam
1573 1743 1898 1801 necessario
1935 1741 2194 1801 refertur.
2279 1746 2500 1808 Verum
2539 1754 2794 1817 obtineat
2821 1778 2960 1817 sane

557 1824 683 1883 haec
711 1824 838 1901 ipsa
864 1844 1037 1901 quam
1057 1834 1227 1899 urget
1253 1824 1558 1882 haereticus
1578 1822 1862 1881 sententia
1881 1821 1954 1881 de
1985 1822 2474 1889 Reconciliatione
2501 1832 2800 1897 hominum
2827 1859 2959 1899 cum

558 1904 807 1983 Angelis
835 1924 1007 1982 quam
1034 1922 1153 1962 non
1206 1905 1495 1964 nescimus
1542 1902 1686 1971 viris
1739 1902 2089 1962 doctissimis
2116 1912 2248 1981 post
2287 1907 2603 1987 chrysost„
2633 1916 2962 1979 Theodore-

558 1994 683 2047 tum
738 1992 797 2045 et
842 1984 1115 2045 Photium
1158 1986 1460 2066 placuisse,
1492 1990 1551 2043 et
1578 2002 1752 2060 quam
1796 2002 1913 2041 non
1957 1982 2268 2044 diffitemur
2309 1989 2629 2053 rationibus
2679 1999 2799 2059 suis
2831 2000 2956 2075 niti,

560 2087 693 2127 cum
742 2086 863 2125 non
918 2066 1047 2124 aliae
1098 2086 1192 2127 res
1247 2065 1509 2126 coelestes
1564 2063 1959 2139 intelligendae
2012 2062 2321 2126 videantur
2373 2089 2548 2146 quam
2602 2095 2747 2152 quas
2801 2100 2952 2140 com·

557 2154 976 2207 memoraverat
1022 2166 1143 2207 ver.
1197 2148 1289 2223 16,
1339 2154 1399 2205 et
1441 2164 1585 2224 quas
1629 2143 1928 2220 sigillatim
1976 2143 2250 2205 describit
2303 2168 2407 2225 per
2457 2154 2714 2234 thronos,
2745 2160 2954 2237 princi-

557 2236 743 2304 patuS‚
803 2226 931 2303 &c.,
989 2228 1200 2304 quibus
1252 2236 1320 2287 ut
1374 2234 1463 2285 est
1516 2226 1577 2283 in
1615 2222 1879 2284 confesso
1923 2224 2164 2301 angelos
2218 2226 2423 2305 innuit,
2493 2232 2592 2292 An
2647 2240 2954 2319 quiequam

552 2308 806 2386 praesidii
860 2305 1163 2367 habiturus
1218 2315 1308 2367 est
1360 2306 1435 2364 ad
1489 2323 1723 2364 causam
1779 2324 1942 2364 suam
1991 2306 2262 2365 tuendam
2282 2311 2311 2366 Ρ
2353 2310 2733 2392 Nequaquam
2763 2344 2778 2397 3
2823 2341 2952 2379 nam

551 2387 943 2446 reconciliatio
986 2386 1285 2447 hominum
1328 2406 1461 2445 cum
1490 2384 1714 2461 angelis
1751 2384 2074 2443 necessario
2117 2389 2388 2465 supponit
2431 2401 2490 2452 et
2535 2394 2710 2459 infert
2755 2422 2952 2460 recon-

550 2467 901 2526 ciliationem
943 2487 1076 2526 cum
1126 2468 1270 2542 Deo,
1318 2464 1804 2544 quemadmodum
1859 2464 2074 2525 subditi
2127 2468 2374 2528 rebelles
2401 2474 2502 2551 qui
2545 2479 2956 2553 perduellionis

549 2547 786 2607 crimine
814 2548 1097 2607 bonorum
1126 2548 1339 2607 civium
1366 2546 1429 2603 in
1456 2564 1517 2604 se
1545 2544 1682 2604 odia
1708 2546 2129 2605 accersiverant
2169 2567 2288 2607 non
2315 2565 2558 2628 possunt
2583 2558 2728 2637 ipsis
2754 2580 2951 2621 recon-

548 2626 733 2686 ciliari
760 2627 874 2685 nisi
900 2628 1060 2705 prius
1088 2648 1220 2688 cum
1246 2626 1503 2705 principe
1531 2626 1593 2684 in
1620 2626 1866 2703 gratiam
1894 2625 2203 2688 redierint:
2247 2629 2342 2689 Ita
2366 2653 2660 2713 nunquam
2690 2641 2952 2701 homines

548 2728 677 2766 cum
708 2708 930 2785 angelis
958 2708 1202 2769 fuissent
1228 2706 1598 2781 reconciliati,
1629 2705 1743 2765 nisi
1770 2707 1960 2784 posita
1985 2708 2284 2767 hominum
2309 2733 2440 2772 cum
2473 2716 2599 2777 Deo
2626 2740 2728 2797 per
2755 2720 2950 2779 Chris-

546 2796 666 2847 tum
696 2789 1159 2849 reconciliatione
1184 2812 1199 2865 ;
1245 2789 1450 2865 Itaque
1477 2788 1633 2865 prior
1659 2786 1786 2845 haec
1817 2795 2092 2863 tanquam
2119 2789 2278 2848 basis
2318 2800 2378 2852 et
2405 2814 2576 2856 causa
2619 2800 2950 2877 posterioris

546 2888 771 2946 semper
792 2869 1081 2928 substerni
1103 2870 1275 2929 debet
1302 2877 1357 2928 et
1388 2866 1682 2946 conjungi,
1713 2876 1779 2926 ut
1807 2886 1944 2925 sane
1977 2867 2184 2945 Apost.
2203 2889 2318 2930 non
2347 2880 2570 2935 tantum
2599 2900 2718 2939 ver.
2747 2884 2843 2955 22,
2875 2880 2948 2940 de

544 2969 613 3007 ea
639 2950 1005 3026 peculiariter
1029 2951 1285 3028 loquitur
1314 2949 1609 3025 speciatim
1639 2947 1934 3026 applicans
1965 2948 2404 3012 Colossensibus
2451 2958 2608 3033 quod
2634 2960 2950 3019 universim

542 3028 771 3088 dixerat
786 3051 907 3089 ver.
928 3035 1023 3104 20,
1049 3031 1151 3091 sed
1169 3040 1227 3090 et
1248 3030 1307 3087 in
1334 3030 1445 3087 hoc
1466 3030 1594 3106 ipso
1611 3047 1784 3087 versu
1803 3046 1920 3085 non
1937 3028 2178 3088 obscure
2198 3050 2322 3089 eam
2351 3033 2540 3095 innuit
2555 3038 2648 3098 his
2676 3041 2870 3100 verbis
2887 3046 2950 3101 az-

542 3110 851 3187 ςηνοποιιὶσαις
864 3108 948 3168 διὰ
968 3138 1055 3169 του
1082 3110 1293 3187 αἵματος
1314 3136 1399 3169 του
1410 3134 1623 3202 “augon
1644 3112 1813 3182 αὐτοῦ,
1845 3114 1910 3165 ut
1933 3106 2218 3185 significet
2235 3112 2502 3173 nimirum
2519 3118 2810 3178 Christum
2834 3141 2948 3179 non

542 3187 657 3245 alia
684 3189 904 3247 ratione
933 3190 1137 3249 infelix
1166 3190 1311 3249 illud
1356 3191 1687 3249 sustulissse
1727 3186 2029 3247 dissidium
2073 3188 2222 3245 iuter
2263 3210 2370 3249 nos
2415 3202 2473 3252 et
2499 3198 2742 3273 angelos
2770 3220 2948 3275 quam

542 3267 859 3341 composito
888 3288 957 3327 eo
986 3269 1143 3345 quod
1168 3269 1336 3329 nobis
1364 3288 1493 3328 cum
1524 3270 1653 3328 Deo
1681 3268 2071 3327 intercedebat
2097 3266 2484 3330 funestissimo
2533 3274 2690 3335 bello
2717 3285 2776 3335 et
2801 3298 2947 3353 pace

542 3364 645 3421 per
672 3346 1011 3421 sanguinem
1040 3356 1220 3425 parta,
1252 3368 1385 3405 nam
1414 3369 1491 3406 ex
1517 3368 1633 3426 quo
1657 3348 1834 3408 semel
1859 3349 2020 3407 Deus
2041 3345 2297 3408 infensus
2325 3370 2450 3410 esse
2473 3351 2643 3413 desiit
2661 3363 2720 3414 et
2747 3364 2946 3416 noster

540 3423 729 3482 factus
756 3434 860 3501 est,
894 3446 961 3485 eo
990 3428 1164 3486 etiam
1194 3426 1452 3504 sequitur
1477 3428 1802 3487 necessario
1823 3428 1970 3488 nihil
1997 3426 2275 3488 adversus
2297 3450 2402 3491 nos
2419 3433 2729 3511 quicquam
2751 3456 2944 3515 posse,

539 3504 655 3563 imo
678 3506 871 3565 omnia
886 3516 1081 3566 nostra
1102 3528 1246 3583 esse,
1276 3510 1305 3565 l
1328 3507 1457 3567 Cor.
1480 3507 1561 3565 iii.
1582 3512 1678 3584 22,
1695 3515 1753 3567 et
1773 3510 2014 3586 angelos
2031 3510 2392 3587 peculiariter
2407 3513 2508 3590 qui
2518 3514 2639 3592 jam
2652 3526 2787 3575 sunt
2805 3516 2949 3577 ηὖ-

537 3612 686 3662 para
727 3591 1042 3669 λυτουςγικιὶ
1083 3588 1157 3647 ad
1185 3594 1440 3647 nostram
1489 3588 1752 3665 salutem,
1798 3590 1953 3648 Heb.
1983 3590 2022 3649 i.
2056 3592 2148 3667 14,
2178 3610 2286 3652 nos
2313 3613 2502 3652 amare
2531 3604 2590 3655 et
2631 3597 2951 3657 commodis

539 3667 753 3726 nostris
781 3667 1076 3744 inservire,
1110 3668 1250 3727 Luc.
1283 3668 1339 3727 ii.
1371 3670 1425 3745 9,
1464 3672 1554 3744 10,
1592 3677 1652 3727 et
1679 3690 1778 3728 xv.
1816 3672 1907 3729 10.

623 3747 786 3807 LVI.
832 3748 932 3808 Ad
960 3754 1039 3809 6¹¹²
1064 3750 1237 3827 Resp.
1284 3748 1688 3827 Impudentem
1707 3768 1834 3809 esse
1861 3750 1976 3809 loci
2003 3750 2171 3810 istius
2193 3753 2574 3831 corruptelam
2592 3755 2756 3832 quasi
2801 3758 2950 3814 ἕλισ-

542 3832 631 3893 ιιὶς
662 3828 876 3889 Christi
925 3830 1068 3888 nihil
1126 3828 1285 3888 aliud
1339 3837 1491 3889 esset
1518 3849 1692 3906 quam
1740 3830 2001 3906 ejusdem
2055 3834 2352 3891 advocatio
2379 3837 2470 3893 vel
2515 3835 2828 3896 intercessio
2877 3836 2950 3895 de

540 3928 655 3985 qua
698 3908 925 3971 dixerat
968 3930 1088 3969 ver.
1124 3914 1175 3984 1,
1227 3929 1357 3968 cum
1406 3918 1599 3968 tamen
1643 3910 1945 3969 manifeste
1994 3911 2067 3969 ab
2117 3932 2185 3969 ea
2233 3911 2640 3989 distinguatur.
2693 3916 2772 3975 Et
2813 3936 2951 3975 sane

537 3988 712 4066 longe
752 3993 983 4069 lateque
1024 3989 1325 4050 differunt:
1367 3992 1580 4067 ἱλασμὶς
1635 3990 1822 4049 factus
1869 3999 1957 4049 est
2005 3990 2063 4047 in
2111 3993 2300 4069 terris,
2351 3994 2652 4070 ὅμφαηο-μος
2683 3996 2741 4053 in
2769 3996 2949 4071 coelis,

535 4070 752 4145 ἱλαρὰν
782 4074 1027 4131 moriens
1056 4071 1327 4146 absolvit,
1364 4070 1531 4129 Rom.
1578 4070 1661 4129 iii.
1692 4074 1788 4147 24,
1840 4078 1899 4129 at
1927 4072 2229 4148 ὄμφακα-μὶν
2271 4074 2480 4133 vivens
2509 4075 2782 4134 continuo
2811 4094 2946 4134 exe-

541 4150 752 4227 quitur,
788 4153 939 4213 Heb.
971 4152 1069 4210 vii.
1101 4154 1197 4228 25,
1228 4151 1331 4210 illo
1374 4151 1615 4210 meritus
1661 4159 1750 4210 est
1794 4151 1973 4209 semel
2021 4151 2225 4211 salutis
2261 4153 2624 4228 beneficium,
2671 4154 2782 4212 hoc
2809 4174 2950 4213 vero

540 4230 693 4288 idem
724 4242 1027 4293 conservat
1056 4252 1280 4310 semper
1307 4239 1365 4291 et
1404 4232 1670 4309 applicat.
1704 4232 1783 4289 Et
1822 4250 1960 4289 vero
1988 4251 2107 4289 non
2134 4232 2250 4291 alia
2305 4233 2378 4292 de
2427 4254 2600 4292 causa
2630 4231 2951 4311 Apostolus

540 4308 937 4372 intercessioni
964 4314 1127 4373 addit
1154 4312 1533 4393 placationem
1562 4312 1676 4369 nisi
1704 4310 1840 4387 quia
1893 4330 1962 4369 ea
2007 4312 2213 4372 nititur
2252 4322 2528 4389 tanquam
2577 4313 2950 4391 fundamento

540 4408 663 4460 su0,
694 4409 801 4448 nec
830 4395 979 4451 enim
1011 4394 1364 4453 intercedere
1394 4401 1589 4470 posset
1615 4392 1728 4449 nisi
1757 4392 1970 4450 virtute
2017 4394 2318 4469 sanguinis
2365 4394 2543 4451 semel
2570 4394 2629 4450 in
2668 4413 2836 4452 cruce
2865 4392 2949 4452 ef-

538 4466 650 4525 fusi
679 4476 743 4525 ut
774 4470 1045 4531 Pontifex
1073 4476 1181 4533 sub
1223 4475 1299 4533 V.
1330 4474 1399 4532 T.
1448 4472 1786 4549 sanguinem
1830 4472 2081 4531 victimae
2139 4492 2333 4534 secum
2376 4472 2596 4531 deferre
2641 4472 2843 4533 debuit
2887 4472 2950 4531 in

539 4547 849 4605 sacrarium
879 4550 1287 4614 intercesserus
1315 4573 1419 4629 pro
1468 4552 1719 4630 populo;
1763 4570 1952 4629 neque
2001 4554 2350 4613 contrarium
2396 4552 2683 4612 evincitur
2727 4552 2825 4611 vel
2873 4572 2950 4611 ex

540 4626 695 4685 Heb.
726 4626 825 4687 vii.
856 4634 952 4706 24,
982 4650 1117 4690 nam
1148 4634 1339 4710 agitur
1366 4632 1447 4689 ibi
1476 4630 1710 4708 quidem
1739 4631 1812 4691 de
1841 4632 2304 4711 interpellatione
2335 4624 2550 4691 Chris'ti
2573 4631 2728 4710 apud
2759 4633 2950 4692 Deum
