3234 5192
341 362 581 406 msrur.
612 347 747 422 iun]
892 363 970 405 ns
1002 362 1495 406 snm-*Aenoms
1525 363 1774 404 cnatsrr
1801 363 2226 407 nossemus.
2627 351 2746 410 423

342 507 587 587 crimen)
634 515 808 584 atque
836 507 919 567 ita
946 506 1202 566 ostendit
1250 507 1469 566 Paulus
1517 526 1634 565 non
1681 506 1852 566 aliam
1892 507 2019 567 dari
2044 508 2388 568 reditionem
2415 507 2477 566 in
2506 508 2750 586 gratiam

341 609 475 647 cum
506 589 633 647 Deo
661 589 775 646 nisi
804 609 932 665 quse
961 586 1021 645 in
1044 588 1167 646 solo
1192 587 1405 646 Christi
1428 587 1712 646 sacrificio
1739 588 1981 647 fundata
2009 598 2130 666 est;
2162 597 2387 648 tantum
2417 590 2584 648 abest
2612 609 2751 666 ergo

336 677 409 727 ut
435 670 545 727 hac
573 669 927 728 remissionis
947 667 1325 745 promissione
1356 667 1553 726 inferri
1581 667 1792 727 debeat
1835 676 1937 726 aut
1978 670 2162 746 possit
2207 669 2614 729 satisfactionis
2651 689 2752 728 ne-

341 749 518 825 gati0,
550 758 616 808 ut
644 758 845 808 contra
886 749 1093 825 Apost.
1138 767 1255 806 non
1303 748 1442 806 alibi
1489 748 1694 806 fortius
1739 757 1955 806 asserat
1981 750 2387 809 necessitatem
2416 759 2476 808 et
2502 751 2749 809 fructum

340 830 609 888 sacrificii
636 839 695 888 et
722 829 1021 906 sanguinis
1052 829 1267 888 Christi
1294 849 1467 905 quam
1497 849 1628 888 cum
1658 828 1730 887 de
1751 829 1862 888 hoc
1879 828 2094 888 foedere
2117 850 2269 888 novo
2289 831 2562 907 loquitur,
2595 830 2749 906 quod

340 909 623 986 imprimis
650 919 809 986 patet
837 911 897 966 in
926 910 1092 986 epist.
1112 908 1187 966 ad
1211 909 1363 967 Heb.
1395 929 1519 986 cap.
1550 909 1670 983 vii„
1701 909 1843 984 viii„
1874 909 1975 986 ix.,
2022 909 2124 968 sed
2165 912 2484 987 praesertim
2511 931 2636 988 cap.
2667 931 2746 986 x.,

338 989 403 1048 in
430 1011 547 1066 quo
574 991 805 1068 rejectis
834 989 1101 1047 omnibus
1130 989 1428 1047 sacrificiis
1471 988 1752 1048 Leviticis
1779 999 2054 1066 tanquam
2083 989 2401 1064 inutilibus,
2445 991 2521 1048 ad
2549 991 2748 1068 expia-

338 1071 557 1129 tionem
585 1079 951 1148 peccatorum
977 1068 1395 1148 procurandam
1423 1068 1654 1127 unicam
1683 1069 1898 1128 Christi
1919 1069 2268 1130 oblationem
2293 1069 2592 1130 substituit
2618 1091 2746 1148 quse

336 1157 515 1210 tantae
542 1152 627 1208 rei
653 1149 1015 1227 perficiendae
1043 1169 1149 1226 par
1188 1148 1361 1208 fuerit
1388 1156 1447 1207 et
1474 1149 1780 1208 sufficiens
2348 1181 2354 1186 ·

422 1231 675 1288 XXVI.
724 1229 843 1290 Sed
868 1229 1125 1288 nondum
1152 1227 1384 1286 videtur
1426 1237 1622 1287 tamen
1667 1227 2024 1289 satisfactum
2068 1229 2418 1307 adversari0‚
2451 1231 2747 1291 contendit

338 1311 495 1368 enim
524 1329 600 1368 ex
626 1311 753 1388 ipsa
792 1309 1147 1368 remissionis
1194 1309 1480 1386 positione
1530 1309 1978 1368 satisfactionem
2026 1312 2224 1386 everti,
2276 1312 2527 1370 remissio
2571 1311 2742 1386 enim,

341 1390 546 1467 inquit,
588 1399 647 1448 et
672 1391 983 1466 satisfactio
1032 1389 1144 1447 sibi
1190 1389 1440 1447 invicem
1485 1398 1868 1466 opponuntur,
1919 1409 2026 1448 nec
2075 1391 2328 1468 gratuita
2369 1391 2486 1450 dici
2533 1392 2746 1468 poterit

338 1470 605 1528 remissio
652 1471 703 1529 si
752 1470 1010 1528 debitum
1060 1489 1228 1528 omne
1283 1477 1842 1546 quantumquantum
1891 1479 1982 1530 est
2029 1471 2302 1548 exigitur.
2393 1470 2511 1531 Sed
2556 1472 2618 1529 in
2673 1491 2743 1530 eo

340 1550 714 1610 vehementer
758 1550 994 1625 fallitur,
1046 1549 1184 1609 dum
1213 1549 1451 1626 opponit
1478 1549 1891 1626 componenda,
1923 1559 1982 1608 et
2009 1559 2281 1628 tanquam
2308 1550 2577 1610 ωσῦπατα
2605 1571 2741 1610 exa-

330 1632 490 1708 ·gitat
517 1650 647 1707 quae
674 1631 856 1689 amice
884 1630 1035 1689 inter
1062 1649 1124 1688 se
1153 1630 1520 1707 conspirant3
1565 1630 1816 1690 Tantum
1845 1629 2010 1689 abest
2047 1632 2199 1690 enim
2229 1642 2294 1691 ut
2320 1633 2582 1690 remissio
2610 1651 2740 1708 pec-

336 1719 597 1770 catorum
627 1719 685 1770 et
712 1709 1029 1770 satisfactio
1054 1710 1207 1769 inter
1235 1730 1297 1769 se
1325 1718 1586 1787 pugnent
1614 1718 1674 1769 et
1701 1729 1763 1768 se
1791 1719 1992 1770 mutuo
2019 1711 2229 1771 tollant
2244 1721 2310 1771 ut
2331 1713 2454 1771 sine
2481 1711 2740 1770 satisfac-

336 1793 494 1851 tione
544 1811 659 1850 non
708 1791 877 1850 detur
921 1789 1183 1849 remissio
1210 1799 1593 1868 peccatorum,
1649 1790 1803 1850 Heb.
1834 1791 1913 1850 ix.
1947 1795 2042 1850 22.
2129 1793 2415 1870 Equidem
2449 1793 2744 1870 Scriptura

335 1871 481 1930 dicit
504 1891 612 1930 nos
632 1873 939 1948 justificari
969 1872 1166 1948 gratis,
1199 1881 1257 1930 et
1284 1880 1519 1947 peccata
1546 1871 1716 1929 nobis
1743 1871 1975 1947 remitti,
2008 1871 2111 1931 sed
2131 1873 2330 1931 eadem
2355 1872 2525 1933 docet
2547 1873 2739 1932 Chris-

336 1959 463 2010 tum
484 1972 587 2029 pro
608 1952 776 2011 nobis
794 1951 1023 2010 dedisse
1046 1951 1299 2028 seipsum
1320 1953 1618 2031 ἀντίλυτρον,
1658 1955 1684 2008 1
1711 1951 1860 2008 Tim.
1891 1951 1950 2009 ii.
1981 1955 2036 2026 6,
2061 1953 2270 2012 Matth.
2290 1973 2392 2012 xx.
2423 1957 2518 2028 28,
2564 1960 2740 2012 testa-

337 2039 433 2090 tur
458 2049 663 2090 revera
693 2032 883 2090 Deum
909 2049 1017 2089 nos
1046 2050 1307 2088 servasse
1335 2050 1439 2107 per
1464 2033 1690 2088 viscera
1717 2031 2122 2089 misericordiae
2152 2041 2210 2090 et
2239 2053 2462 2091 summa
2491 2033 2738 2110 quadam

334 2113 685 2192 φιλανθρωπίᾳ
726 2119 784 2170 et
826 2111 1027 2187 gratia,
1074 2110 1188 2168 Tit.
1239 2108 1321 2167 iii.
1371 2113 1427 2185 4,
1475 2110 1624 2186 Eph.
1660 2109 1720 2166 ii.
1771 2112 1826 2184 8,
1873 2110 1976 2168 sed
2020 2110 2219 2168 eadem
2271 2113 2524 2172 ostendit
2570 2113 2739 2170 nobis

340 2191 630 2250 Christum
659 2199 893 2268 propter
919 2197 1155 2267 peccata
1182 2197 1379 2247 nostra
1407 2189 1664 2248 attritum
1695 2196 1754 2247 et
1779 2189 1841 2246 in
1868 2197 2110 2248 mortem
2152 2191 2444 2266 traditum,
2487 2192 2602 2250 Isa.
2632 2191 2736 2250 liii.

336 2273 394 2345 6,
427 2279 485 2330 et
516 2271 682 2329 Rom.
714 2271 791 2328 iv.
824 2272 918 2340 25,
966 2277 1022 2327 et
1050 2270 1159 2327 hoc
1202 2268 1525 2328 luculenter
1572 2269 1929 2328 demonstrat
1975 2269 2193 2329 Paulus
2239 2272 2298 2329 in
2334 2272 2546 2330 illustri
2589 2270 2735 2348 loco,

336 2351 506 2409 Rom.
526 2351 607 2409 iii.
633 2353 729 2426 24,
761 2349 861 2409 ubi
878 2350 922 2409 J
924 2349 1366 2408 ustificationem
1384 2350 1695 2427 gratuitam
1715 2370 1846 2408 cum
1866 2350 2258 2428 redemptione
2276 2372 2378 2430 per
2399 2373 2498 2412 san
2504 2352 2739 2429 guinem

338 2432 553 2490 Christi
584 2431 900 2509 conjungit,
934 2429 1071 2489 dum
1098 2431 1407 2510 Justg‘ficati
1418 2432 1602 2506 qratia
1631 2430 1876 2490 dicimur
1895 2452 2006 2508 per
2022 2433 2272 2508 qratiam
2297 2433 2483 2510 ipsiu&
2511 2433 2612 2492 sed
2624 2453 2739 2508 per

332 2512 768 2588 redemptionem
794 2531 921 2589 quae
947 2520 1028 2569 est
1053 2511 1111 2568 in
1142 2511 1365 2571 Christo
1390 2513 1547 2570 Jesu.
1636 2511 1791 2587 Quid
1833 2512 1990 2589 quod
2035 2533 2110 2571 ex
2153 2513 2297 2572 LeV.
2328 2534 2452 2592 cap.
2482 2513 2562 2573 iv.
2593 2525 2650 2572 et
2678 2534 2736 2573 v.

332 2593 627 2670 colligitur
644 2613 760 2652 non
778 2591 949 2650 modo
968 2590 1416 2652 satisfactionem
1436 2601 1494 2650 et
1510 2593 1907 2652 remissionem
1926 2593 2097 2652 simul
2111 2594 2421 2652 consistere
2433 2615 2620 2671 posse,
2637 2594 2739 2652 sed

331 2673 483 2733 hanc
512 2673 669 2732 illam
691 2673 1013 2731 necessario
1032 2691 1352 2750 supponere
1374 2682 1649 2749 tanquam
1673 2693 1922 2745 causam,
1951 2674 2308 2750 “expiabit,’'
2326 2675 2532 2750 inquit,
2556 2679 2590 2707 “
2605 2695 2737 2733 eum

334 2753 603 2812 sacerdos
644 2762 704 2812 et
731 2753 1055 2811 remittetur
1094 2753 1199 2826 ei,”
1232 2753 1373 2811 Lev.
1405 2752 1483 2809 iv.
1516 2755 1610 2810 31.
1673 2750 2005 2809 Videndum
2035 2761 2101 2810 ut
2129 2754 2457 2828 expiatione
2475 2754 2737 2813 remissio

328 2833 543 2910 pendet
572 2834 707 2909 quia
734 2851 849 2890 non
878 2840 1068 2908 potest
1095 2832 1384 2890 remittere
1412 2839 1713 2908 peccatum
1737 2830 1898 2888 Deus
1921 2831 2059 2906 quin
2081 2833 2266 2908 primo
2281 2833 2307 2907 j
2317 2833 2527 2891 ustitiae
2555 2834 2738 2908 ipsius

328 2911 503 2971 fuerit
530 2912 886 2972 satisfactum
912 2934 926 2969 ε
970 2911 1053 2968 sic
1082 2911 1142 2968 in
1162 2911 1330 2986 epist.
1361 2910 1437 2968 ad
1466 2909 1731 2982 Philem„
1776 2909 1993 2966 Paulus
2025 2911 2154 2967 vult
2190 2911 2448 2968 debitum
2480 2911 2738 2970 Onesimi

332 2993 446 3050 sibi
471 2991 757 3066 imputari,
788 2999 847 3048 et
876 2990 1049 3048 simul
1076 2990 1305 3047 veniam
1344 3009 1446 3066 pro
1494 2989 1622 3064 ipso
1665 2987 2019 3064 deprecatur,
2050 3009 2108 3048 v.
2144 2991 2234 3064 18,
2285 2993 2320 3021 ‘⁴
2342 2990 2390 3048 si
2419 2991 2559 3066 quid
2589 2991 2739 3050 laesit

332 3079 433 3128 aut
461 3069 649 3143 debet,
674 3070 785 3127 hoc
803 3069 943 3126 mihi
970 3069 1207 3145 imputa,
1242 3069 1371 3144 Ego
1396 3067 1611 3125 Paulus
1635 3067 1837 3144 scripsi
1857 3087 2030 3125 manu
2053 3088 2196 3143 mea,
2223 3089 2332 3146 ego
2355 3070 2736 3146 dependam.’'

334 3149 427 3210 Ita
457 3149 720 3208 Christus
763 3148 1161 3208 remissionem
1207 3155 1575 3224 peccatorum
1623 3147 1790 3205 nobis
1836 3147 2098 3224 acquirit,
2138 3149 2241 3208 sed
2269 3149 2407 3208 dum
2434 3171 2538 3228 pro
2569 3152 2736 3211 nobis

332 3229 630 3305 satisfacit,
660 3229 723 3288 in
770 3248 901 3287 eum
952 3227 1104 3286 enim
1149 3227 1323 3285 finem
1372 3245 1704 3305 sponsorem
1736 3247 1796 3285 se
1827 3227 1980 3286 sistit
2010 3228 2137 3287 Deo
2165 3230 2265 3308 qui
2309 3231 2623 3291 satisfaciat
2671 3243 2736 3292 ut

327 3310 496 3369 nobis
524 3310 785 3368 remissio
814 3307 1113 3384 obtingere
1140 3308 1324 3385 possit
1346 3329 1360 3380 ;
1404 3306 1674 3365 nimirum
1692 3307 1787 3366 hic
1805 3307 2216 3386 distinguenda
2242 3311 2404 3370 venit
2427 3315 2736 3388 satisfactio

328 3391 426 3450 vel
449 3392 710 3468 propria,
742 3390 839 3448 vel
866 3389 1055 3447 aliena
1084 3396 1141 3446 et
1166 3387 1385 3447 vicaria
1406 3413 1424 3446 :
1459 3387 1608 3446 Sane
1637 3388 1738 3446 ubi
1767 3388 2082 3447 satisfactio
2109 3392 2340 3468 propria
2361 3392 2542 3469 ipsius
2572 3394 2732 3453 debi-

324 3473 468 3531 toris
494 3470 815 3543 intercedit,
860 3469 1022 3528 nulla
1069 3468 1239 3527 datur
1266 3468 1543 3542 remissio,
1596 3477 1658 3526 at
1701 3489 1830 3527 cum
1882 3469 2196 3528 satisfactio
2245 3473 2469 3532 accedit
2494 3475 2729 3551 vicaria,

329 3553 562 3609 omnino
584 3559 775 3628 potest
802 3549 917 3607 dici
946 3549 1207 3606 remissio
1253 3549 1405 3608 facta
1448 3549 1751 3626 principali
1779 3549 2059 3609 debitori:
2105 3551 2221 3611 Hic
2249 3572 2388 3612 vero
2429 3555 2512 3612 ita
2550 3574 2612 3613 se
2640 3575 2733 3614 res

328 3630 520 3705 habet,
552 3650 738 3706 neque
767 3629 921 3688 enim
947 3628 1324 3705 pependimus
1352 3630 1461 3706 ipsi
1485 3629 1730 3706 justitiae
1760 3629 1974 3688 divinae
2003 3630 2193 3712 λιή-ςου,
2225 3633 2328 3691 sed
2358 3653 2599 3709 sponsor
2625 3655 2730 3711 pro

328 3711 514 3782 nobis,
546 3720 604 3768 et
632 3709 864 3786 quidem
895 3709 1027 3767 talis
1056 3729 1298 3787 sponsor
1324 3709 1425 3786 qui
1442 3730 1475 3766 a
1496 3709 1622 3768 Deo
1643 3709 1770 3786 ipso
1794 3711 1960 3769 nobis
1979 3711 2148 3770 datus
2170 3721 2260 3771 est
2283 3735 2296 3772 :
2343 3713 2516 3772 Unde
2544 3714 2731 3788 gratia

331 3791 443 3849 Dei
469 3791 565 3848 hic
594 3789 889 3848 mirificam
922 3809 983 3848 se
1012 3789 1277 3848 exhibuit
1326 3790 1543 3867 duplici
1586 3788 1950 3867 potissimum
1995 3792 2226 3850 nomine
2253 3815 2267 3866 ;
2313 3792 2508 3850 Primo
2537 3794 2729 3854 dando

327 3870 497 3930 nobis
527 3870 817 3930 Christum
847 3871 947 3946 qui
974 3870 1133 3928 vices
1161 3879 1389 3929 nostras
1423 3870 1609 3929 obiret
1638 3879 1695 3928 et
1723 3889 1827 3946 pro
1855 3871 2024 3930 nobis
2064 3871 2456 3948 satisfaceret3
2503 3873 2730 3934 Deinde

326 3950 772 4010 satisfactionem
804 3950 984 4027 ipsius
1012 3957 1071 4008 et
1098 3950 1483 4010 obedientiam
1510 3950 1678 4009 nobis
1706 3951 2044 4029 imputando
2071 3961 2304 4028 propter
2330 3973 2501 4030 quam
2530 3955 2728 4012 remis*

326 4031 413 4090 sio
442 4051 476 4089 a
504 4030 896 4089 misericordia
943 4030 1180 4090 concedi
1227 4038 1418 4108 potest
1456 4031 1672 4108 absque
1717 4031 1837 4090 ullo
1860 4031 2103 4108 justitiae
2133 4031 2345 4090 divinae
2373 4033 2728 4110 praejudicio,

326 4111 738 4170 Concludimus
782 4130 921 4188 ergo
968 4111 1364 4170 remissionem
1413 4119 1471 4170 et
1520 4111 1969 4170 satisfactionem
2019 4131 2144 4170 esse
2191 4119 2412 4172 tantum
2461 4112 2730 4174 αἱσῦστατα

321 4191 553 4269 quando
581 4190 657 4249 ad
697 4191 849 4249 idem
878 4211 1113 4269 prorsus
1156 4192 1496 4267 referuntur,
1529 4190 1686 4269 quod
1713 4191 1808 4249 hic
1850 4211 1967 4250 non
2013 4193 2277 4266 occurrit,
2327 4193 2533 4252 satisfit
2574 4197 2726 4254 enim

310 4273 558 4348 justitiae
588 4272 717 4344 Dei,
748 4280 808 4331 et
833 4292 936 4349 per
964 4283 1022 4330 et
1049 4281 1282 4350 propter
1308 4271 1467 4328 illam
1498 4270 1944 4330 satisfactionem
1967 4273 2338 4331 remittuntur
2357 4273 2526 4332 nobis
2546 4277 2728 4352 gratis

320 4361 573 4430 peccata,
606 4352 922 4411 satisfactio
950 4352 1017 4412 fit
1045 4372 1079 4410 a
1106 4352 1273 4426 vade,
1303 4351 1567 4408 remissio
1606 4350 1812 4410 nobis:
1857 4352 1950 4409 Ita
1985 4353 2216 4428 justitia
2247 4361 2306 4410 et
2332 4354 2728 4416 misericordia

321 4453 383 4492 se
412 4441 611 4491 mutuo
640 4433 989 4505 osculantur,
1025 4431 1257 4507 justitia
1284 4430 1341 4488 in
1390 4438 1707 4506 peccatum,
1739 4431 2131 4489 misericordia
2157 4433 2218 4489 in
2259 4443 2581 4514 peccanteS,
2625 4437 2728 4500 ubi

318 4513 581 4573 remissio
610 4533 734 4582 nos,
760 4511 1077 4570 satisfactio
1108 4511 1295 4569 Deum
1326 4510 1501 4568 habet
1529 4530 1632 4586 pro
1662 4511 1920 4568 termino,
1961 4516 1968 4522 '
2217 4519 2224 4524 '

400 4593 685 4652 XXVII.
742 4593 929 4668 Urget
976 4612 1117 4651 vero
1162 4591 1349 4649 adhuc
1392 4590 1636 4648 ulterius
1685 4587 2072 4650 Adversarius
2122 4601 2180 4652 et
2226 4593 2550 4656 inauditum
2599 4617 2724 4656 esse

316 4673 573 4732 clamitat
600 4682 665 4731 ut
693 4671 941 4732 creditor
968 4673 1063 4731 cui
1105 4670 1459 4730 satisfactum
1489 4681 1577 4730 est
1618 4691 1723 4748 per
1758 4671 2100 4732 solutionem
2144 4675 2224 4732 rei
2255 4675 2481 4750 debitae,
2513 4677 2608 4734 vel
2652 4679 2724 4738 ab
