3234 5192
2427 240 2456 265 Ο

498 336 577 392 80
1276 348 1353 389 m:
1384 347 1750 389 secessas-‚m
1783 346 2128 387 secusslons
2536 326 2796 407 [Disru'r.
2829 348 2911 387 lv.

491 492 583 565 sit,
604 511 772 569 posse
816 508 944 548 eam
979 488 1299 548 Ecclesiam
1322 490 1539 549 Christi
1558 508 1759 548 veram
1787 488 2002 562 vocari,
2032 506 2164 564 quae
2193 486 2514 545 doctrinam
2545 487 2762 546 Christi
2795 508 2914 547 non

489 571 683 647 habet,
726 570 1146 647 qualiacunque
1188 570 1577 628 obtendantur
1615 570 1744 645 ejus
1773 569 1887 626 alia
1912 566 2240 645 privilegia.
2323 565 2538 640 Terti0,
2571 568 2915 643 supponitur

489 651 741 727 insuper,
772 649 975 708 fideles
1000 669 1172 727 posse
1194 658 1252 708 et
1280 649 1489 708 debere
1517 648 1580 705 in
1604 648 1948 707 auctoritate
1971 646 2072 705 illa
2093 664 2362 723 suprema
2382 646 2765 723 acquiescere,
2795 667 2914 705 non

490 730 848 807 inquirentes
888 729 1130 788 ulterius
1170 728 1233 786 in
1273 730 1401 806 ejus
1440 728 1615 786 fidem
1657 736 1716 787 et
1759 727 2096 786 doctrinam.
2179 726 2400 785 Verum
2430 726 2562 801 quis
2590 727 2775 785 nescit
2803 728 2914 785 hoc

490 812 665 870 etiam
694 830 823 869 esse
840 813 1044 891 orgiis-ov,
1086 809 1343 885 ipsorum
1370 806 1570 881 ψεῦδος,
1602 816 1662 866 et
1689 806 1864 866 fidem
1890 807 2052 864 illam
2081 826 2292 865 caecam
2321 814 2380 863 et
2407 805 2748 882 implicitam
2777 807 2912 864 Car·

496 890 724 949 bonarii
750 890 973 967 pridem
1002 888 1385 966 profligatam,
1416 896 1482 947 ut
1506 888 1820 964 Scripturas
1853 886 2172 961 adversam,
2225 893 2284 944 ct
2313 885 2630 943 conditioni
2657 884 2915 944 fidelium

494 970 767 1047 injuriam
788 972 817 1027 ⁸?
860 970 1008 1026 Nam
1054 968 1105 1026 si
1148 968 1273 1026 sine
1310 968 1570 1027 ulteriori
1598 966 1866 1025 examine
1895 966 2170 1023 doctrinae
2199 965 2400 1023 fideles
2430 984 2557 1023 sese
2585 965 2916 1024 auctoritati

498 1050 777 1109 Ecclesiae
820 1048 1105 1123 subjicere
1144 1054 1430 1122 tenentur,
1462 1067 1564 1105 cur
1610 1045 1796 1105 Isaiae
1840 1048 1923 1104 ad
1946 1048 2153 1121 Leqem
2181 1055 2235 1103 et
2277 1045 2668 1103 Testimonium
2713 1044 2914 1104 fideles

494 1129 783 1204 amandat,
828 1148 953 1205 cap.
983 1126 1105 1185 viii.
1136 1130 1233 1203 20,
1276 1137 1342 1186 ιιι
1378 1128 1688 1185 falsitatem
1717 1126 2026 1183 ariolorum
2063 1145 2196 1183 cum
2244 1123 2488 1183 veritate
2538 1124 2912 1183 Oraculorum

497 1209 817 1267 coelestium
857 1206 1153 1267 conferant
1178 1210 1208 1266 ?
1291 1207 1409 1266 Cur
1438 1206 1705 1265 Christus
1733 1206 1778 1265 J
1779 1205 1977 1264 udaeos
2017 1204 2094 1263 ad
2125 1204 2450 1281 Scripturas
2479 1203 2914 1281 investigandas

497 1297 748 1361 revocat,
780 1288 825 1347 J
826 1288 919 1346 oh.
966 1306 1024 1345 V.
1064 1290 1160 1362 39,
1190 1294 1257 1346 ut
1298 1286 1369 1345 de
1411 1286 1655 1345 veritate
1697 1284 2020 1345 vocationis
2061 1292 2121 1343 et
2155 1284 2430 1343 doctrinae
2459 1302 2578 1343 suae
2607 1282 2912 1360 persuade-

500 1371 741 1427 rentur?
792 1368 910 1426 Cur
952 1368 1275 1426 Beroenses
1315 1366 1646 1426 auctoritati
1689 1365 1856 1425 Pauli
1898 1384 2016 1422 non
2057 1365 2446 1441 acquiescunt,
2479 1362 2582 1421 sed
2623 1382 2915 1421 sermones

498 1450 625 1525 ejus
652 1468 785 1507 cum
818 1447 1130 1524 Scripturis
1148 1446 1465 1519 conferunt,
1486 1455 1552 1504 ut
1568 1445 1836 1503 viderent
1853 1465 1928 1502 an
1949 1464 2043 1503 res
2059 1445 2142 1503 ita
2164 1464 2225 1503 se
2242 1443 2521 1501 haberent
2536 1446 2565 1501 Ρ
2609 1442 2746 1501 Act.
2769 1442 2912 1501 xvii.

503 1532 595 1587 11.
629 1529 745 1587 Cur
773 1527 992 1586 Paulus
1021 1534 1298 1604 provocat
1325 1526 1400 1585 ad
1426 1526 1685 1584 fidelium
1709 1525 2013 1603 judicium,
2036 1525 2301 1582 Judicate
2327 1522 2552 1597 vosipsi
2569 1524 2726 1597 quod
2743 1525 2866 1580 dico
2886 1525 2916 1579 P

501 1610 531 1665 1
579 1608 708 1666 Cor.
739 1628 799 1667 x.
833 1610 926 1665 15.
986 1607 1102 1665 Cur
1128 1607 1431 1666 Johannes
1471 1605 1601 1663 vult
1642 1604 1932 1682 explorari
1975 1604 2225 1681 spiritua,
2270 1622 2345 1660 an
2385 1602 2502 1660 sint
2543 1622 2617 1659 ex
2661 1602 2834 1659 Deo?
2879 1604 2910 1661 1

497 1688 542 1747 J
544 1688 713 1745 ohan.
744 1687 823 1744 iv.
852 1688 903 1744 1.
935 1686 1178 1744 Frustra
1220 1705 1356 1743 sane
1399 1693 1459 1743 et
1498 1684 1720 1762 absque
1761 1684 1998 1758 ratione,
2032 1684 2080 1741 si
2109 1684 2206 1740 via
2231 1684 2343 1741 ista
2369 1680 2728 1739 auctoritatis
2755 1679 2913 1739 suffi-

496 1766 577 1825 cit
602 1766 679 1823 ad
705 1765 878 1824 fidem
908 1764 1330 1824 stabiliendam.
1418 1764 1535 1823 Sed
1576 1764 1691 1822 alia
1727 1771 1819 1822 est
1844 1782 2008 1821 mens
2035 1763 2308 1837 fidelium,
2339 1769 2405 1819 ut
2433 1761 2586 1819 enim
2613 1768 2748 1820 sunt
2775 1780 2918 1819 oves

497 1845 713 1904 Christi
755 1861 979 1919 λογικω,
1024 1865 1142 1903 non
1173 1845 1346 1904 bruto
1400 1852 1459 1903 et
1502 1864 1656 1903 caeco
1695 1843 1909 1902 debent
1943 1842 2078 1902 ferri
2119 1843 2398 1901 instinctu
2427 1840 2502 1899 ad
2543 1839 2604 1898 id
2631 1860 2800 1898 omne
2827 1859 2915 1899 re-

497 1924 827 2003 cipiendum
856 1924 1013 2002 quod
1033 1924 1375 1998 obtruditur,
1410 1923 1514 1983 sed
1540 1932 1606 1982 ut
1633 1923 1748 1982 fide
1777 1942 1882 1981 sua
1906 1924 2106 1982 vivere
2128 1922 2358 1996 debent,
2391 1921 2473 1979 ita
2491 1920 2712 1979 lumine
2739 1920 2918 1997 Spiri-

498 2014 593 2064 tus
620 2005 857 2082 pollent,
888 2012 954 2063 ut
996 2004 1187 2063 omnia
1208 2004 1544 2081 dijudicent,
1580 2006 1610 2061 1
1645 2004 1775 2062 Cor.
1805 2004 1864 2061 ii.
1899 2004 1990 2078 15,
2021 2010 2080 2061 et
2107 2002 2269 2061 cibos
2299 2001 2578 2059 salutares
2605 2020 2641 2058 a
2667 2019 2916 2059 venena·-

497 2085 574 2144 tis
592 2129 607 2159 ,
653 2104 833 2161 aquas
882 2091 1179 2161 corruptas
1224 2104 1259 2141 a
1311 2084 1488 2161 puris,
1532 2091 1593 2142 et
1625 2084 1868 2142 verbum
1913 2082 2024 2141 Dei
2069 2102 2105 2141 a
2167 2080 2574 2141 traditionibus
2620 2080 2920 2138 hominum

499 2171 819 2223 secernant.
904 2164 1037 2223 Non
1064 2163 1221 2241 quod
1248 2165 1529 2239 judicium
1559 2164 1848 2222 decisionis
1876 2162 2019 2240 ipsis
2045 2161 2384 2236 tribuamus,
2416 2159 2574 2238 quod
2595 2178 2793 2218 eorum
2809 2168 2916 2237 est,

502 2244 601 2321 qui
631 2243 865 2322 publica
891 2244 1231 2303 auctoritate
1260 2252 1396 2303 sunt
1422 2242 1708 2319 instructi,
1739 2243 1842 2302 sed
1871 2242 2028 2319 quod
2053 2242 2336 2318 judicium
2367 2241 2616 2317 privatoe
2637 2241 2920 2299 discretio-

498 2326 584 2383 πίε
612 2325 729 2382 illis
756 2344 833 2383 ex
862 2324 1013 2382 dono
1041 2323 1179 2383 fidei
1206 2332 1510 2401 competat.

580 2403 764 2462 VIII.
814 2404 935 2463 Sed
958 2423 1077 2461 non
1104 2403 1165 2460 in
1209 2422 1278 2463 eo
1322 2412 1547 2463 tantum
1592 2402 1902 2462 commenti
1947 2402 2116 2461 istius
2163 2400 2492 2460 absurditas
2539 2406 2717 2477 patet,
2763 2398 2922 2476 quod

504 2483 687 2561 gratis
716 2492 1004 2560 supponat
1030 2503 1119 2557 ea,
1150 2502 1279 2560 quae
1308 2484 1367 2541 in
1388 2482 1841 2541 controversiam
1887 2483 2131 2541 veniunt
2159 2504 2174 2555 ς
2220 2502 2295 2540 ex
2340 2500 2408 2539 eo
2458 2480 2632 2538 etiam
2671 2498 2790 2537 non
2817 2477 2918 2536 ob-

503 2582 669 2622 scure
698 2562 1010 2640 colligitur,
1058 2562 1215 2640 quod
1262 2563 1399 2621 dum
1446 2562 2077 2640 compendiosissimam
2115 2561 2270 2618 viam
2322 2580 2382 2619 se
2411 2568 2577 2637 putat
2605 2567 2806 2618 auctor
2830 2558 2918 2615 in-

502 2644 755 2718 venisse,
784 2662 902 2701 non
932 2643 1103 2701 aliam
1132 2642 1541 2702 intricatiorem
1560 2652 1620 2702 et
1647 2644 1835 2719 magis
1864 2641 2171 2717 difficilem,
2203 2662 2274 2700 ne
2303 2641 2490 2699 dicam
2510 2640 2680 2717 plane
2707 2639 2920 2715 impos-

510 2723 756 2799 sibilem,
788 2722 1095 2782 obtrudere
1123 2724 1329 2800 potuit.
1416 2723 1565 2780 Nam
1594 2742 1726 2782 cum
1754 2723 1852 2780 via
1879 2722 2238 2781 auctoritatis
2259 2720 2581 2779 necessario
2619 2726 2920 2797 supponat,

510 2803 681 2862 nobis
709 2803 919 2861 debere
946 2822 1073 2862 esse
1101 2822 1456 2880 persuasum,
1482 2804 1882 2861 auctoritatem
1909 2802 2086 2861 talem
2126 2820 2254 2859 esse
2292 2801 2613 2877 legitimam
2641 2808 2700 2859 et
2727 2818 2924 2875 supre-

510 2902 683 2960 mam,
713 2902 868 2941 verae
899 2883 1175 2942 Ecclesiae
1204 2903 1320 2941 non
1348 2882 1526 2959 falsae,
1558 2890 1625 2941 ut
1651 2883 1902 2961 aliquem
1931 2881 2086 2959 apud
2111 2900 2218 2939 nos
2247 2881 2504 2939 obtineat
2518 2881 2727 2954 locum,
2752 2878 2926 2936 debet

510 2982 674 3022 mens
700 2972 899 3023 nostra
926 2963 987 3021 in
1015 2983 1142 3022 eam
1171 2963 1601 3042 inquisitionem
1631 2963 1814 3040 primo
1842 2961 2191 3036 incumbere,
2215 2968 2281 3019 ut
2299 2961 2410 3018 hoc
2428 2960 2642 3019 habeat
2662 2977 2923 3036 perspec-

510 3052 652 3120 tum,
682 3044 793 3103 hoc
821 3051 1013 3103 autem
1042 3044 1535 3103 intricatissimum
1564 3051 1624 3103 et
1652 3042 2052 3101 difficillimum
2081 3060 2208 3099 esse
2235 3060 2404 3098 nemo
2447 3048 2638 3116 potest
2671 3036 2920 3111 diffiteri,

511 3123 614 3200 qui
654 3124 887 3181 noverit
936 3124 1270 3183 Pontificios
1313 3124 1618 3183 veritatem
1665 3122 1945 3183 Ecclesiae
1973 3121 2048 3180 ab
2075 3120 2416 3198 antiquitate
2462 3127 2520 3177 et
2563 3118 2926 3177 successione

510 3221 629 3259 non
654 3202 977 3277 interrupta
1002 3222 1375 3278 personarum
1402 3204 1610 3278 metiri,
1642 3202 1800 3280 quod
1825 3222 1944 3260 non
1969 3200 2143 3259 modo
2171 3208 2496 3259 accuratam
2516 3198 2770 3256 historiae
2799 3216 2920 3255 om-

512 3280 672 3337 nium
703 3280 1025 3339 seculorum
1052 3301 1087 3338 a
1116 3282 1345 3340 Christo
1384 3292 1523 3341 nato
1564 3282 1826 3341 notitiam
1855 3281 2127 3359 postulat,
2159 3279 2262 3338 sed
2289 3286 2348 3338 et
2375 3286 2462 3336 tot
2489 3275 2923 3335 difficultatibus

511 3358 846 3432 involvitur,
877 3367 943 3417 ut
970 3378 1133 3417 mens
1158 3360 1305 3418 nihil
1332 3363 1475 3419 certi
1502 3360 1777 3435 inveniat,
1821 3362 1922 3419 ubi
1963 3368 2089 3419 tuto
2130 3359 2422 3436 quiescere
2463 3356 2662 3433 possit.
2748 3354 2922 3414 Adde

516 3437 673 3513 quod
701 3457 832 3495 cum
860 3446 983 3498 tota
1030 3440 1341 3497 auctoritas
1384 3441 1662 3498 Ecclesiae
1690 3440 1870 3498 verbo
1899 3440 2024 3516 ipso
2072 3440 2304 3513 nitatur,
2333 3446 2400 3496 ut
2427 3436 2550 3513 ipse
2579 3444 2780 3494 auctor
2821 3454 2922 3511 ag-

514 3517 721 3592 noscit,
752 3537 809 3595 p.
845 3519 936 3593 16,
968 3516 1107 3575 dum
1134 3538 1262 3577 eam
1288 3538 1325 3576 a
1358 3519 1652 3595 Scriptura
1674 3520 1927 3593 arcessit,
1973 3518 2104 3595 quis
2143 3538 2260 3577 non
2289 3516 2450 3574 videt
2497 3514 2680 3592 primo
2708 3514 2922 3573 verita-

516 3606 636 3657 tem
664 3606 723 3657 et
750 3605 993 3656 avon-nav
1030 3598 1198 3669 verbi
1244 3598 1553 3657 tenendam
1598 3619 1741 3675 esse,
1789 3606 2096 3677 antequam
2141 3597 2214 3656 de
2257 3596 2598 3655 auctoritate
2646 3593 2926 3653 Ecclesiae

516 3678 979 3756 persuadeamur,
1006 3685 1064 3737 et
1094 3677 1177 3736 sic
1197 3677 1353 3735 viam
1381 3678 1756 3737 discussionis
1779 3698 2004 3755 semper
2021 3677 2478 3755 praemittendam
2501 3695 2626 3734 esse
2655 3674 2766 3732 viae
2791 3692 2924 3732 auc-

512 3759 807 3818 toritatis?
888 3758 1086 3835 Atque
1116 3776 1183 3815 eo
1210 3756 1398 3835 magis
1434 3759 1545 3817 hoc
1566 3758 1952 3817 necessarium
1979 3766 2084 3833 est,
2116 3757 2274 3835 quod
2327 3776 2458 3815 cum
2485 3774 2654 3813 nemo
2696 3752 2926 3812 diffiteri

513 3839 697 3917 possit
744 3838 987 3898 verbum
1034 3856 1160 3897 esse
1210 3838 1487 3896 Ecclesiae
1516 3838 1968 3912 fundamentum,
1999 3858 2036 3895 a
2075 3856 2189 3914 quo
2233 3836 2473 3894 formam
2521 3854 2684 3893 suam
2713 3843 2772 3891 et
2799 3852 2926 3891 esse

516 3919 849 3997 specificum
891 3918 1132 3993 obtinct,
1166 3918 1317 3995 Eph.
1352 3918 1413 3975 ii.
1460 3921 1555 3992 20,
1606 3918 1748 3976 ordo
1791 3917 2069 3977 naturalis
2112 3916 2382 3993 postulat,
2432 3922 2498 3973 ut
2545 3914 2617 3971 de
2665 3912 2929 3971 doctrina

513 4000 700 4077 primo
730 3999 1103 4077 inquiramus,
1134 4016 1307 4073 quam
1336 3998 1409 4056 de
1440 3997 1719 4073 Ecclesia,
1751 4018 1881 4057 cum
1909 4016 2026 4055 non
2052 3995 2211 4054 aliud
2241 3994 2451 4053 certius
2481 3992 2760 4051 Ecclesiae
2799 4016 2924 4063 yw-

519 4106 677 4173 ςισμι
702 4080 821 4158 peti
850 4078 1047 4156 possit,
1080 4098 1253 4155 quam
1280 4098 1317 4136 a
1343 4077 1605 4136 doctrina
1632 4097 1804 4154 quam
1826 4076 2140 4155 profitetur.
2213 4075 2344 4131 Hoc
2372 4072 2521 4131 vidit
2547 4073 2928 4147 Hieronymus

516 4181 579 4217 m
612 4162 743 4219 Psa.
774 4159 1015 4234 cxxxiii,
1065 4160 1101 4191 ‘⁴
1121 4157 1384 4217 Ecclesia
1406 4158 1487 4216 ibi
1508 4166 1613 4232 est,
1649 4156 1748 4215 ubi
1775 4156 1920 4215 fides
1948 4174 2087 4213 vera
2113 4154 2260 4213 est.’'
2297 4153 2412 4212 Sed
2439 4152 2780 4229 Auyustinus
2821 4151 2925 4207 im·

514 4239 734 4316 primis,
764 4240 865 4316 qui
893 4239 1105 4316 passim
1134 4237 1414 4297 adversus
1457 4237 1794 4296 Donatistae
1841 4235 2158 4311 disputans,
2192 4233 2514 4292 Ecclesiam
2553 4252 2670 4290 non
2698 4228 2931 4291 aliunde

516 4338 692 4393 quam
720 4339 796 4376 ex
830 4319 1123 4396 Scriptura
1150 4318 1423 4395 cognosci
1450 4336 1620 4395 posse
1643 4336 1757 4374 non
1785 4314 1964 4374 semel
1981 4314 2297 4391 profitetur,
2319 4312 2421 4371 lib.
2452 4313 2524 4370 de
2549 4312 2788 4371 Unitate
2817 4310 2930 4367 Ec-

518 4398 726 4467 clesiae,
758 4417 807 4455 c.
846 4398 926 4472 xi,
974 4402 1011 4431 “
1030 4400 1193 4457 Inter
1218 4416 1325 4457 nos
1353 4406 1413 4456 et
1442 4396 1778 4455 Donatistas
1805 4394 2048 4473 quaestio
2091 4401 2179 4452 est
2219 4393 2322 4451 ubi
2349 4392 2424 4451 sit
2467 4392 2744 4465 Ecclesia,
2791 4388 2934 4466 quid

516 4494 657 4551 crgo
686 4476 893 4534 facturi
914 4496 1127 4551 sumus,
1148 4478 1208 4536 in
1235 4477 1431 4537 verbis
1452 4477 1665 4536 nostris
1693 4476 2006 4553 quaesituri,
2051 4492 2126 4531 an
2154 4472 2214 4530 in
2241 4472 2437 4530 verbis
2465 4471 2670 4549 capitis
2699 4470 2788 4529 sui
2813 4470 2930 4527 Do-

516 4554 659 4612 mini
686 4554 731 4613 J
732 4573 834 4612 esu
863 4555 1092 4631 Christi,
1122 4564 1279 4633 put0,
1311 4558 1469 4634 quod
1496 4558 1555 4615 in
1582 4557 1740 4615 illius
1767 4554 1962 4614 verbis
2001 4552 2194 4631 potius
2223 4570 2476 4628 quaerere
2507 4550 2799 4623 debemus,
2831 4549 2932 4625 qui

520 4634 735 4693 veritas
784 4642 873 4693 est
918 4642 977 4693 et
1022 4635 1232 4711 optime
1276 4638 1441 4695 novit
1485 4657 1693 4714 corpus
1735 4636 1959 4710 suum,'’
2003 4642 2060 4693 et
2090 4652 2215 4709 cap.
2265 4632 2348 4707 iii,
2413 4633 2448 4664 “
2469 4630 2600 4689 Non
2630 4630 2932 4688 audiamus
