3234 5192
513 336 629 394 696
1060 348 1139 387 nn
1170 346 1644 389 sarisrsc‘rroms
1672 346 1908 389 cunrsrx
1939 346 2361 387 Panrncrroxs.
2460 326 2722 407 [msrcr.
2753 346 2938 389 xxm.

604 488 688 551 X.
735 489 867 547 Non
897 489 1139 549 solidius
1185 488 1334 547 illud
1378 489 1722 549 confirmant
1765 509 1840 548 ex
1889 489 1960 547 iis
1987 488 2132 547 locis
2161 488 2221 546 in
2250 486 2460 563 quibus
2491 485 2938 565 Redemptionis

522 570 769 647 alicujus
798 570 872 627 ab
900 569 1231 629 hominibus
1259 588 1362 647 per
1386 570 1542 628 bona
1570 588 1744 646 opera
1764 568 2108 646 peragendae
2127 568 2358 626 videtur
2384 566 2510 639 fieri
2537 567 2772 641 mentio,
2803 586 2938 643 quse

524 651 701 709 etiam
728 650 842 708 huc
874 658 1232 726 comportare
1262 650 1467 723 solent,
1490 658 1557 707 ut
1586 650 1760 707 Prov.
1791 650 1914 707 xvi.
1945 652 2000 724 6,
2022 648 2124 707 ubi
2157 648 2403 724 Sapiens
2430 647 2512 705 ait
2542 650 2577 679 “
2602 646 2936 705 Misericor-

526 730 625 789 dia
652 738 711 789 et
736 728 982 789 veritate
1010 729 1313 789 redimitur
1338 728 1630 805 iniquitas,
1661 738 1720 788 et
1737 729 1798 785 in
1815 730 2020 787 timore
2052 728 2290 785 Domini
2317 726 2639 785 declinatur
2667 746 2702 785 a
2727 726 2937 785 malo.'’

530 810 632 869 Ad
660 828 789 887 quae
820 810 1112 885 Bellarm.,
1142 809 1243 867 lib.
1274 810 1353 869 iv.
1384 809 1455 868 de
1488 808 1697 869 Poenit.
1717 828 1842 885 cap.
1873 811 1930 885 3,
1964 810 1999 840 “
2023 806 2201 880 Hic,”
2229 806 2434 883 inquit,
2468 807 2802 865 “habemus
2828 825 2934 865 vo-

530 910 657 949 cem
688 888 1125 966 Redemptionis
1147 909 1276 964 quae
1298 888 1607 965 aequivalet
1629 888 1762 947 voci
1782 887 2192 947 satisfactionis
2214 909 2228 964 3
2259 894 2413 945 certe
2431 887 2584 945 enim
2607 906 2724 944 non
2743 886 2938 945 minus

533 970 607 1028 ad
630 969 917 1047 justitiam
945 970 1195 1046 pertinet
1240 968 1583 1045 Redemptio
1630 988 1804 1045 quam
1855 966 2209 1043 satisfacti03
2255 967 2334 1025 Et
2362 966 2413 1025 si
2439 966 2754 1025 absurdum
2782 976 2940 1025 essct

533 1050 724 1109 dicere
752 1048 965 1107 nostris
992 1049 1262 1125 operibus
1292 1048 1558 1107 satisfieri
1585 1068 1690 1125 pro
1717 1049 1988 1126 peccatis,
2018 1047 2203 1105 multo
2231 1054 2384 1105 esset
2411 1046 2719 1105 absurdius
2746 1045 2939 1104 dicere

532 1130 747 1189 nostris
776 1128 1044 1205 operibus
1067 1128 1271 1186 redimi
1286 1136 1540 1206 peccata,
1560 1128 2046 1205 quemadmodum
2065 1126 2176 1204 ipsi
2195 1125 2328 1203 (nos
2356 1126 2655 1204 intelligit)
2686 1146 2938 1185 commo-

535 1211 666 1268 dius
683 1208 875 1268 ferunt
892 1209 941 1266 si
958 1208 1073 1266 dici
1094 1208 1358 1267 volemus
1378 1208 1575 1286 aliqua
1596 1229 1672 1268 ex
1693 1218 1855 1287 parte
1879 1208 2297 1285 Redemptores
2319 1226 2493 1284 quam
2515 1204 2902 1265 satisfactores
2921 1228 2938 1281 3

536 1310 667 1349 cum
696 1289 876 1367 igitur
904 1288 964 1345 in
996 1288 1293 1367 Scriptura
1320 1308 1437 1347 non
1478 1309 1595 1348 uno
1623 1290 1682 1347 in
1711 1290 1841 1349 loco
1869 1288 2101 1348 disertis
2128 1287 2324 1347 verbis
2351 1286 2544 1345 tradat
2569 1286 2782 1345 nostris
2804 1306 2940 1363 ope-

536 1370 697 1428 ribus
724 1368 929 1427 redimi
957 1377 1209 1445 peccata,
1235 1368 1491 1445 profecto
1512 1389 1630 1428 non
1659 1370 1928 1428 abhorret
1955 1369 2028 1427 ab
2049 1388 2161 1427 usu
2194 1368 2505 1445 Scripturae
2534 1366 2691 1444 quod
2717 1385 2826 1425 nos
2854 1365 2940 1423 di-

538 1450 723 1509 cimus
750 1449 962 1507 nostris
991 1450 1262 1527 operibus
1285 1449 1551 1509 satisfieri
1567 1469 1672 1527 pro
1691 1449 2004 1526 peccatis.”
2090 1448 2198 1507 Cui
2215 1447 2344 1507 loco
2363 1448 2606 1505 alterum
2637 1466 2944 1524 supparem

538 1529 762 1589 addunt
810 1549 885 1587 ex
934 1529 1082 1587 Dan.
1130 1530 1209 1587 iv.
1256 1533 1353 1597 27,
1410 1529 1528 1587 Ubi
1580 1528 1792 1587 Daniel
1835 1547 1967 1585 cum
2017 1527 2536 1585 Nabucodonozori
2577 1526 2946 1603 exposuisset

538 1608 840 1683 visionem,
870 1628 975 1684 per
1002 1628 1175 1683 quam
1203 1608 1457 1667 indicata
1478 1608 1664 1667 fuerat
1679 1627 1852 1684 poena
1871 1626 2042 1682 quam
2071 1606 2171 1664 ille
2201 1606 2276 1663 ob
2305 1606 2524 1663 scelera
2551 1624 2656 1662 sua
2683 1606 2944 1665 mereba-

538 1696 649 1759 tur,
674 1687 838 1744 addit
868 1687 1079 1761 statim,
1114 1690 1150 1720 “
1174 1686 1576 1761 Quamobrem,
1610 1687 1760 1761 Rex,
1781 1686 2086 1743 consilium
2115 1703 2306 1742 meum
2334 1683 2558 1760 placeat
2577 1682 2699 1753 tibi,
2721 1692 2780 1741 et
2807 1704 2944 1759 pec-

540 1776 669 1825 cata
699 1775 799 1823 tua
824 1764 1209 1841 eleemosynis
1256 1764 1491 1839 redime,
1524 1776 1582 1823 et
1629 1764 1964 1840 iniquitates
2007 1772 2136 1821 tuas
2165 1762 2542 1820 miericordiis
2569 1768 2944 1838 pauperum.'‘

542 1843 641 1901 Ad
670 1864 799 1920 quae
832 1844 1107 1919 Salmero,
1142 1846 1179 1876 “
1204 1844 1445 1903 Constat
1464 1843 1623 1920 quod
1642 1863 1745 1920 per
1767 1863 1940 1920 opera
1961 1842 2205 1920 gratiam
2225 1840 2609 1919 praecedentia
2626 1840 2798 1917 culpa
2823 1861 2947 1901 non

540 1931 731 2001 potest
757 1922 979 1999 redimi,
1007 1922 1165 1999 Ergo
1196 1930 1456 2000 superest
1482 1932 1547 1983 ut
1575 1923 1649 1983 de
1672 1924 1858 2000 poenis
1887 1944 2016 1999 quae
2061 1922 2234 1981 etiam
2261 1921 2504 1981 remisso
2532 1920 2818 1980 debentur
2845 1921 2946 1980 de-

538 2004 679 2064 licto
707 2002 1116 2080 intelligatur.’‘
1202 2003 1337 2063 Huc
1364 2003 1541 2063 etiam
1568 2004 1824 2063 referunt
1851 2003 2013 2062 varia
2044 2003 2461 2081 Prophetarum
2487 2002 2618 2061 loca
2644 2001 2708 2059 in
2735 2002 2948 2079 quibus

540 2085 846 2164 pollicetur
878 2084 1037 2143 Deus
1067 2105 1127 2143 se
1155 2104 1358 2163 poenas
1384 2085 1731 2162 temporales
1759 2084 2216 2145 condonaturum
2243 2083 2458 2161 populo
2487 2102 2612 2154 suc,
2643 2082 2692 2141 si
2719 2102 2796 2140 ex
2823 2082 2944 2140 ani-

544 2186 638 2224 mo
668 2185 729 2225 se
758 2173 1075 2241 convertat,
1107 2174 1165 2224 et
1193 2185 1367 2243 opera
1395 2164 1778 2225 satisfactoria
1803 2185 1908 2242 pro
1930 2165 2182 2242 peccatis
2210 2171 2461 2241 praestet,
2491 2172 2558 2222 ut
2587 2162 2701 2221 Isa.
2731 2162 2789 2237 i.,
2821 2162 2866 2221 J
2867 2182 2946 2222 er.

544 2246 731 2322 xviii„
764 2246 975 2305 Ezech.
1010 2246 1191 2321 xviii„
1225 2254 1283 2305 et
1311 2246 1468 2322 alibi,
1500 2266 1631 2323 quae
1659 2246 1860 2322 utique
1889 2245 2006 2305 dici
2033 2265 2149 2304 non
2175 2252 2437 2322 possunt,
2467 2242 2580 2301 nisi
2608 2241 2946 2301 satisfactio·

542 2325 717 2385 nibus
742 2324 956 2383 nostris
985 2324 1217 2383 daretur
1242 2325 1424 2385 locus.

628 2404 749 2461 XI.
775 2404 950 2479 Resp.
978 2402 1096 2461 Sed
1122 2404 1246 2459 haec
1274 2403 1467 2460 omnia
1494 2422 1620 2461 esse
1649 2402 2009 2479 ἀπροσδιόνυσι
2035 2422 2152 2461 non
2180 2403 2422 2461 obscure
2451 2401 2754 2461 evincitur.
2801 2401 2949 2459 Nam

543 2490 609 2541 ut
638 2482 709 2539 de
736 2482 866 2538 loco
900 2480 1343 2538 proverbiorum
1372 2480 1634 2538 dicamus
1660 2483 1880 2557 primo:
1925 2500 2098 2556 quam
2143 2481 2292 2537 nihil
2319 2480 2492 2538 faciat
2519 2480 2596 2539 ad
2621 2500 2744 2539 rem
2791 2489 2952 2558 patet

546 2580 621 2619 ex
652 2559 863 2617 variis:
912 2562 964 2617 1.
996 2558 1145 2633 Quia
1172 2559 1386 2617 mentio
1434 2558 1668 2635 quidem
1699 2560 1763 2617 fit
1801 2561 2027 2635 peccati
2061 2580 2163 2617 seu
2189 2559 2512 2635 iniquitatis,
2545 2567 2604 2616 at
2631 2578 2746 2617 non
2766 2580 2955 2637 poenae

546 2658 719 2717 quam
750 2638 939 2697 solum
956 2658 1059 2716 per
1076 2637 1497 2697 satisfactiones
1524 2639 1807 2697 humanas
1835 2637 2057 2716 expiari
2085 2638 2324 2713 volunt;
2369 2642 2424 2696 2.
2457 2636 2604 2711 Quia
2634 2640 2951 2697 msericor—

546 2720 646 2779 dia
674 2727 732 2777 et
757 2719 965 2778 veritas
993 2718 1065 2777 de
1094 2718 1305 2797 quibus
1348 2719 1541 2796 agitur
1586 2738 1704 2777 non
1741 2727 1985 2796 possunt
2020 2719 2096 2777 ad
2143 2737 2316 2795 opera
2342 2717 2594 2795 poenalia
2621 2725 2680 2775 et
2706 2718 2955 2779 molesta

546 2799 605 2859 in
634 2799 847 2878 quibus
874 2798 1083 2859 volunt
1100 2818 1227 2859 esse
1258 2799 1398 2858 sitas
1444 2799 1867 2859 satisfactiones
1895 2819 2029 2859 suas
2057 2797 2254 2858 referri
2277 2821 2292 2875 3
2336 2817 2444 2856 nec
2469 2817 2725 2873 unquam
2757 2796 2951 2876 Scrip-

546 2888 679 2939 tura
706 2880 779 2938 de
801 2880 917 2939 illis
939 2888 1005 2939 ut
1032 2880 1104 2939 dc
1133 2879 1319 2957 poenis
1346 2880 1618 2956 loquitur,
1651 2879 1755 2939 sed
1781 2889 1848 2939 ut
1867 2880 1941 2938 de
1968 2879 2282 2938 virtutibus
2311 2898 2440 2955 quae
2468 2876 2528 2935 in
2557 2877 2648 2937 sui
2675 2878 2954 2939 exercitio

547 2980 824 3037 magnum
861 2960 1131 3019 fidelibus
1176 2959 1445 3019 solatium
1490 2968 1549 3019 et
1596 2959 1873 3037 gaudium
1919 2960 2108 3019 solent
2154 2958 2356 3017 afferre
2379 2980 2394 3035 ς
2441 2958 2598 3016 Hinc
2635 2958 2678 3017 J
2683 2959 2954 3018 ansenius

549 3041 775 3101 duabus
803 3040 931 3099 istis
961 3041 1275 3099 virtutibus
1302 3042 1737 3099 observationem
1786 3044 2183 3101 mandatorum
2230 3039 2544 3099 divinorum
2573 3038 2794 3096 includi
2821 3058 2953 3097 cen-

548 3129 654 3195 set,
688 3120 830 3195 Quis
879 3138 1017 3178 vcro
1062 3119 1288 3178 audivit
1332 3140 1588 3196 unquam
1619 3120 2080 3180 observationem
2108 3118 2509 3177 mandatorum
2537 3117 2865 3177 divinorum
2893 3118 2956 3177 in

546 3199 735 3276 poenis
762 3199 1050 3256 numerari
1070 3202 1099 3256 Ρ
1165 3201 1222 3258 3.
1251 3200 1654 3259 Misericordia
1695 3210 1750 3259 et
1786 3202 1992 3259 veritas
2020 3200 2116 3259 vel
2145 3199 2216 3257 de
2243 3201 2372 3257 Deo
2400 3198 2496 3257 vel
2524 3196 2596 3255 de
2625 3198 2841 3257 homine
2867 3199 2954 3257 in-

546 3276 737 3352 telligi
778 3285 1004 3354 potest:
1048 3277 1098 3334 si
1142 3277 1214 3335 de
1262 3281 1408 3355 Dee,
1456 3280 1614 3356 quod
1657 3280 1921 3339 nonnulli
1955 3280 2176 3353 volunt,
2209 3287 2273 3337 ut
2299 3286 2531 3337 notetur
2568 3278 2954 3339 misericordia

552 3355 664 3414 Dei
700 3363 765 3413 ut
794 3355 1228 3413 clementissimi
1274 3358 1481 3431 Patris,
1513 3369 1571 3417 et
1598 3360 1830 3417 veritate
1859 3359 1935 3417 id.
1977 3358 2254 3418 fidelitate
2282 3359 2410 3435 ejus
2439 3358 2651 3416 remitti
2675 3358 2952 3434 iniquita·

546 3443 685 3511 tem,
716 3434 871 3494 cadit
914 3443 1319 3511 argumentum
1364 3436 1743 3511 Adversarii;
1789 3439 1838 3496 si
1881 3438 1953 3497 de
1980 3439 2214 3514 homine,
2245 3458 2360 3497 non
2409 3436 2612 3496 fortius
2641 3437 2766 3512 erit,
2816 3438 2955 3514 quia

549 3514 632 3575 sic
680 3514 975 3574 notabitur
1016 3516 1257 3573 conditio
1284 3516 1379 3574 cui
1407 3515 1577 3575 datur
1602 3518 1866 3578 remissio
1904 3518 2142 3594 peccati,
2173 3538 2291 3577 non
2317 3536 2493 3577 causa
2519 3526 2752 3595 propter
2777 3537 2953 3595 quam

548 3594 735 3655 datur.
794 3594 945 3653 Nam
972 3604 1037 3654 ut
1069 3595 1357 3673 judicium
1386 3596 1509 3655 sine
1537 3597 1932 3656 misericordia
1967 3598 2028 3655 in
2055 3597 2538 3656 immisericordes
2565 3597 2824 3656 exerceri
2853 3598 2952 3657 de·

548 3674 665 3751 bet,
712 3674 795 3734 ita
836 3675 1235 3735 misericordes
1282 3676 1736 3737 misericordiam
1780 3686 2226 3755 consequuntur,
2271 3676 2484 3735 Matth.
2530 3697 2586 3735 v.
2629 3680 2662 3735 7
2691 3700 2704 3753 ;
2750 3686 2809 3737 et
2852 3678 2953 3755 qui

549 3756 679 3815 aliis
708 3776 845 3814 vere
874 3764 933 3815 et
960 3775 1036 3814 ex
1064 3754 1255 3815 animo
1283 3764 1521 3833 peccata
1548 3757 2019 3832 condonaverint,
2044 3758 2116 3816 iis
2145 3758 2317 3815 etiam
2350 3757 2522 3815 Pater
2549 3757 2802 3817 coelestis
2831 3778 2950 3815 cer-

547 3844 609 3897 to
636 3842 874 3913 peccata
916 3844 1007 3893 cst
1034 3835 1499 3913 condonaturus;
1543 3858 1662 3895 non
1703 3837 1859 3914 quod
1895 3836 2288 3897 misericordia
2334 3856 2474 3913 erga
2503 3836 2648 3897 alios
2678 3837 2754 3896 sit
2781 3857 2956 3897 causa

548 3915 955 3975 misericordiae
980 3915 1093 3974 Dei
1114 3936 1254 3993 erga
1275 3934 1354 3991 se,
1380 3916 1483 3975 sed
1504 3917 1642 3993 quia
1662 3925 1753 3977 est
1779 3925 2002 3977 tantum
2033 3916 2287 3976 conditio
2315 3916 2580 3993 quaedam
2608 3918 2951 3977 necessaria.

550 3994 750 4072 Atque
778 3996 861 4053 ita
902 3996 1133 4073 sapiens
1161 3996 1467 4055 retundere
1494 3998 1590 4056 hic
1618 3997 1748 4055 vult
1773 3997 2205 4073 hypocritarum
2237 4016 2446 4055 vanam
2474 3996 2820 4075 opinionem,
2852 3990 2978 4075 qui‘

548 4074 845 4134 sacrificiis
874 4075 1130 4135 externis
1174 4084 1235 4134 et
1280 4076 1609 4135 carnalibus
1659 4076 1916 4135 contenti
1943 4078 2003 4134 in
2031 4076 2104 4136 iis
2133 4076 2272 4135 solis
2299 4076 2523 4155 peccati
2551 4078 2641 4135 sui
2669 4076 2952 4155 expiatio-

545 4175 679 4214 nem
708 4156 1059 4233 quaerebant‚
1091 4155 1163 4215 de
1192 4156 1354 4215 cultu
1396 4156 1624 4215 interno
1653 4164 1712 4214 et
1754 4156 1960 4215 morali
2001 4176 2364 4234 nequaquam
2395 4156 2645 4216 solliciti.
2725 4158 2810 4217 At
2838 4156 2953 4225 ‚hie

546 4244 747 4295 contra
784 4234 875 4293 vir
905 4234 1017 4293 Dei
1065 4235 1236 4301 docet
1260 4255 1377 4294 non
1406 4244 1525 4293 tam
1552 4236 1613 4293 in
1643 4234 1940 4295 sacrificiis
1967 4256 2095 4296 esse
2125 4237 2511 4313 quaerendam,
2541 4257 2714 4314 quam
2743 4236 2803 4295 in
2831 4236 2951 4315 pie-

546 4314 683 4373 tatis
711 4323 770 4373 et
796 4314 1095 4375 charitatis
1123 4315 1394 4392 operibus
1422 4316 1634 4394 quibus
1677 4316 1838 4374 Deus
1867 4336 1994 4375 eam
2021 4316 2238 4395 passim
2265 4318 2608 4395 pollicetur3
2650 4336 2765 4375 non
2795 4316 2954 4394 quod

546 4391 662 4451 sint
715 4413 890 4453 causa
936 4397 1109 4455 vem'ae
1157 4414 1286 4472 quae
1334 4396 1540 4456 innuat
1586 4416 1764 4473 quare
1812 4396 1916 4455 illa
1962 4397 2147 4472 detur,
2199 4397 2303 4456 sed
2350 4398 2487 4476 quia
2531 4407 2666 4457 sunt
2703 4396 2954 4473 subjecti

543 4470 846 4547 dispositio
894 4474 1221 4535 necessaria
1268 4495 1399 4553 quae
1442 4476 1613 4536 docet
1660 4476 1932 4554 qualibus
1979 4476 2345 4554 concedatur,
2377 4498 2444 4537 ac
2487 4478 2536 4536 si
2565 4478 2780 4537 diceret
2807 4475 2951 4535 iram

548 4549 784 4608 Domini
810 4552 1080 4631 residere,
1112 4556 1214 4614 ubi
1236 4576 1271 4615 a
1297 4554 1537 4633 flagitiis
1564 4557 1778 4617 nostris
1805 4556 2176 4634 quiescimus.
2235 4558 2328 4616 Ita
2355 4578 2472 4617 non
2500 4557 2830 4617 excluditur
2859 4554 2953 4614 λῦ-
