<?xml version="1.0" encoding="UTF-8"?>
<!DOCTYPE html PUBLIC "-//W3C//DTD XHTML 1.0 Transitional//EN"
    "http://www.w3.org/TR/xhtml1/DTD/xhtml1-transitional.dtd">
<html xmlns="http://www.w3.org/1999/xhtml" xml:lang="en" lang="en">
 <head>
  <title>
</title>
<meta http-equiv="Content-Type" content="text/html;charset=utf-8" />
  <meta name='ocr-system' content='tesseract 3.04.00' />
  <meta name='ocr-capabilities' content='ocr_page ocr_carea ocr_par ocr_line ocrx_word'/>
</head>
<body>
  <div class='ocr_page' id='page_1' title='image "./denecessariasec00turrgoog_0650.png"; bbox 0 0 3234 5192; ppageno 0'>
   <div class='ocr_carea' id='block_1_1' title="bbox 629 311 3040 400">
    <p class='ocr_par' dir='ltr' id='par_1_1' title="bbox 629 311 3040 400">
     <span class='ocr_line' id='line_1_1' title="bbox 629 311 3040 400; baseline 0.004 -30"><span class='ocrx_word' id='word_1_1' title='bbox 629 311 747 371; x_wconf 75' lang='lat'><strong>594</strong></span> <span class='ocrx_word' id='word_1_2' title='bbox 1217 341 1296 382; x_wconf 81' lang='lat' dir='ltr'><strong>m:</strong></span> <span class='ocrx_word' id='word_1_3' title='bbox 1326 341 1803 384; x_wconf 63' lang='lat' dir='ltr'><strong>sarismc‘rioms</strong></span> <span class='ocrx_word' id='word_1_4' title='bbox 1830 339 2067 382; x_wconf 76' lang='lat' dir='ltr'><strong>emus-ri</strong></span> <span class='ocrx_word' id='word_1_5' title='bbox 2096 339 2414 382; x_wconf 64' lang='lat' dir='ltr'><strong>vsm‘rars.</strong></span> <span class='ocrx_word' id='word_1_6' title='bbox 2612 315 2881 400; x_wconf 75' lang='lat' dir='ltr'><strong>[msm‘r.</strong></span> <span class='ocrx_word' id='word_1_7' title='bbox 2908 337 3040 380; x_wconf 75' lang='lat' dir='ltr'><strong>xix.</strong></span> 
     </span>
    </p>
   </div>
   <div class='ocr_carea' id='block_1_2' title="bbox 615 472 3067 4726">
    <p class='ocr_par' dir='ltr' id='par_1_2' title="bbox 625 472 3043 1681">
     <span class='ocr_line' id='line_1_2' title="bbox 626 472 3037 560; baseline 0.005 -31"><span class='ocrx_word' id='word_1_8' title='bbox 626 472 988 554; x_wconf 84' lang='lat' dir='ltr'><strong>nefandaque</strong></span> <span class='ocrx_word' id='word_1_9' title='bbox 1017 479 1271 542; x_wconf 89' lang='lat' dir='ltr'><strong>facinora</strong></span> <span class='ocrx_word' id='word_1_10' title='bbox 1297 490 1476 557; x_wconf 88' lang='lat' dir='ltr'><strong>erant,</strong></span> <span class='ocrx_word' id='word_1_11' title='bbox 1508 483 1726 560; x_wconf 82' lang='lat' dir='ltr'><strong>quibus</strong></span> <span class='ocrx_word' id='word_1_12' title='bbox 1750 502 1875 541; x_wconf 82' lang='lat' dir='ltr'><strong>sese</strong></span> <span class='ocrx_word' id='word_1_13' title='bbox 1902 481 2165 541; x_wconf 85' lang='lat' dir='ltr'><strong>homines</strong></span> <span class='ocrx_word' id='word_1_14' title='bbox 2192 500 2295 559; x_wconf 88' lang='lat' dir='ltr'><strong>per</strong></span> <span class='ocrx_word' id='word_1_15' title='bbox 2321 480 2665 558; x_wconf 82' lang='lat' dir='ltr'><strong>superbiam,</strong></span> <span class='ocrx_word' id='word_1_16' title='bbox 2695 480 2791 540; x_wconf 86' lang='lat' dir='ltr'><strong>vel</strong></span> <span class='ocrx_word' id='word_1_17' title='bbox 2836 489 3037 541; x_wconf 88' lang='lat' dir='ltr'><strong>contu-</strong></span> 
     </span>
     <span class='ocr_line' id='line_1_3' title="bbox 625 555 3035 640; baseline 0.003 -29"><span class='ocrx_word' id='word_1_18' title='bbox 625 555 807 614; x_wconf 88' lang='lat' dir='ltr'><strong>macis</strong></span> <span class='ocrx_word' id='word_1_19' title='bbox 855 559 1032 618; x_wconf 90' lang='lat' dir='ltr'><strong>animi</strong></span> <span class='ocrx_word' id='word_1_20' title='bbox 1075 563 1460 638; x_wconf 80' lang='lat' dir='ltr'>pervicaciam</span> <span class='ocrx_word' id='word_1_21' title='bbox 1508 571 1710 623; x_wconf 88' lang='lat' dir='ltr'><strong>contra</strong></span> <span class='ocrx_word' id='word_1_22' title='bbox 1736 563 1995 622; x_wconf 83' lang='lat' dir='ltr'><strong>divinam</strong></span> <span class='ocrx_word' id='word_1_23' title='bbox 2042 562 2233 640; x_wconf 88' lang='lat' dir='ltr'><strong>legem</strong></span> <span class='ocrx_word' id='word_1_24' title='bbox 2262 561 2718 638; x_wconf 89' lang='lat' dir='ltr'><strong>adstringebant,</strong></span> <span class='ocrx_word' id='word_1_25' title='bbox 2769 560 3035 636; x_wconf 82' lang='lat' dir='ltr'><strong>delenda,</strong></span> 
     </span>
     <span class='ocr_line' id='line_1_4' title="bbox 629 634 3033 720; baseline 0.003 -27"><span class='ocrx_word' id='word_1_26' title='bbox 629 634 850 694; x_wconf 86' lang='lat' dir='ltr'><strong>nullam</strong></span> <span class='ocrx_word' id='word_1_27' title='bbox 877 637 995 696; x_wconf 87' lang='lat' dir='ltr'><strong>vim</strong></span> <span class='ocrx_word' id='word_1_28' title='bbox 1027 642 1376 702; x_wconf 82' lang='lat' dir='ltr'><strong>habebant.’&#39;</strong></span> <span class='ocrx_word' id='word_1_29' title='bbox 1419 644 1618 702; x_wconf 79' lang='lat' dir='ltr'>Nostri</span> <span class='ocrx_word' id='word_1_30' title='bbox 1646 663 1787 702; x_wconf 80' lang='lat' dir='ltr'><strong>vero</strong></span> <span class='ocrx_word' id='word_1_31' title='bbox 1832 643 2005 720; x_wconf 87' lang='lat' dir='ltr'><strong>longe</strong></span> <span class='ocrx_word' id='word_1_32' title='bbox 2049 641 2235 701; x_wconf 88' lang='lat' dir='ltr'><strong>aliter.</strong></span> <span class='ocrx_word' id='word_1_33' title='bbox 2298 641 2428 700; x_wconf 89' lang='lat' dir='ltr'><strong>Etsi</strong></span> <span class='ocrx_word' id='word_1_34' title='bbox 2454 641 2743 700; x_wconf 73' lang='lat' dir='ltr'><strong>fateantur</strong></span> <span class='ocrx_word' id='word_1_35' title='bbox 2768 641 3033 718; x_wconf 67' lang='lat' dir='ltr'><strong>quaedam</strong></span> 
     </span>
     <span class='ocr_line' id='line_1_5' title="bbox 629 720 3043 801; baseline 0.004 -30"><span class='ocrx_word' id='word_1_36' title='bbox 629 732 757 774; x_wconf 87' lang='lat' dir='ltr'><strong>esse</strong></span> <span class='ocrx_word' id='word_1_37' title='bbox 784 729 1021 793; x_wconf 88' lang='lat' dir='ltr'><strong>peccata</strong></span> <span class='ocrx_word' id='word_1_38' title='bbox 1065 743 1169 799; x_wconf 92' lang='lat' dir='ltr'><strong>pro</strong></span> <span class='ocrx_word' id='word_1_39' title='bbox 1198 724 1410 801; x_wconf 90' lang='lat' dir='ltr'><strong>quibus</strong></span> <span class='ocrx_word' id='word_1_40' title='bbox 1439 724 1599 782; x_wconf 85' lang='lat' dir='ltr'><strong>nulla</strong></span> <span class='ocrx_word' id='word_1_41' title='bbox 1628 723 1744 783; x_wconf 84' lang='lat' dir='ltr'><strong>sint</strong></span> <span class='ocrx_word' id='word_1_42' title='bbox 1769 723 1868 782; x_wconf 85' lang='lat' dir='ltr'><strong>vel</strong></span> <span class='ocrx_word' id='word_1_43' title='bbox 1894 722 2161 782; x_wconf 89' lang='lat' dir='ltr'><strong>instituta</strong></span> <span class='ocrx_word' id='word_1_44' title='bbox 2213 722 2309 780; x_wconf 85' lang='lat' dir='ltr'><strong>vel</strong></span> <span class='ocrx_word' id='word_1_45' title='bbox 2338 721 2533 780; x_wconf 89' lang='lat' dir='ltr'><strong>oblata</strong></span> <span class='ocrx_word' id='word_1_46' title='bbox 2578 720 2875 796; x_wconf 84' lang='lat' dir='ltr'><strong>sacrificia,</strong></span> <span class='ocrx_word' id='word_1_47' title='bbox 2894 733 3043 798; x_wconf 85' lang='lat' dir='ltr'><strong>puta</strong></span> 
     </span>
     <span class='ocr_line' id='line_1_6' title="bbox 627 792 3042 882; baseline 0.004 -30"><span class='ocrx_word' id='word_1_48' title='bbox 627 792 731 852; x_wconf 85' lang='lat' dir='ltr'><strong>illa</strong></span> <span class='ocrx_word' id='word_1_49' title='bbox 758 797 969 874; x_wconf 87' lang='lat' dir='ltr'><strong>quibus</strong></span> <span class='ocrx_word' id='word_1_50' title='bbox 1013 821 1288 879; x_wconf 81' lang='lat' dir='ltr'><strong>expressa</strong></span> <span class='ocrx_word' id='word_1_51' title='bbox 1335 804 1529 882; x_wconf 88' lang='lat' dir='ltr'><strong>aliqua</strong></span> <span class='ocrx_word' id='word_1_52' title='bbox 1580 803 1732 881; x_wconf 90' lang='lat' dir='ltr'><strong>legis</strong></span> <span class='ocrx_word' id='word_1_53' title='bbox 1760 802 2055 862; x_wconf 77' lang='lat' dir='ltr'><strong>sanctione</strong></span> <span class='ocrx_word' id='word_1_54' title='bbox 2084 821 2240 860; x_wconf 87' lang='lat' dir='ltr'><strong>mors</strong></span> <span class='ocrx_word' id='word_1_55' title='bbox 2286 800 2604 878; x_wconf 85' lang='lat' dir='ltr'><strong>infligenda</strong></span> <span class='ocrx_word' id='word_1_56' title='bbox 2650 799 2759 859; x_wconf 83' lang='lat' dir='ltr'><strong>fuit</strong></span> <span class='ocrx_word' id='word_1_57' title='bbox 2784 821 2822 858; x_wconf 88' lang='lat' dir='ltr'><strong>a</strong></span> <span class='ocrx_word' id='word_1_58' title='bbox 2846 803 3042 862; x_wconf 80' lang='lat' dir='ltr'><strong>Domo</strong></span> 
     </span>
     <span class='ocr_line' id='line_1_7' title="bbox 629 875 3041 960; baseline 0.003 -28"><span class='ocrx_word' id='word_1_59' title='bbox 629 875 863 952; x_wconf 77' lang='lat' dir='ltr'><strong>Judicii,</strong></span> <span class='ocrx_word' id='word_1_60' title='bbox 893 888 959 938; x_wconf 89' lang='lat' dir='ltr'><strong>ut</strong></span> <span class='ocrx_word' id='word_1_61' title='bbox 1002 879 1233 942; x_wconf 88' lang='lat' dir='ltr'><strong>fuerunt</strong></span> <span class='ocrx_word' id='word_1_62' title='bbox 1265 883 1610 960; x_wconf 87' lang='lat' dir='ltr'><strong>idololatria,</strong></span> <span class='ocrx_word' id='word_1_63' title='bbox 1654 883 2017 958; x_wconf 79' lang='lat' dir='ltr'><strong>adulterium,</strong></span> <span class='ocrx_word' id='word_1_64' title='bbox 2054 882 2325 957; x_wconf 74' lang='lat' dir='ltr'><strong>incestuS,</strong></span> <span class='ocrx_word' id='word_1_65' title='bbox 2349 880 2740 957; x_wconf 84' lang='lat' dir='ltr'><strong>homicidium,</strong></span> <span class='ocrx_word' id='word_1_66' title='bbox 2772 881 3041 940; x_wconf 79' lang='lat' dir='ltr'><strong>sabbathi</strong></span> 
     </span>
     <span class='ocr_line' id='line_1_8' title="bbox 631 955 3042 1040; baseline 0.004 -28"><span class='ocrx_word' id='word_1_67' title='bbox 631 955 888 1033; x_wconf 81' lang='lat' dir='ltr'><strong>violatio,</strong></span> <span class='ocrx_word' id='word_1_68' title='bbox 933 959 1113 1020; x_wconf 84' lang='lat' dir='ltr'><strong>falsus</strong></span> <span class='ocrx_word' id='word_1_69' title='bbox 1155 964 1452 1040; x_wconf 89' lang='lat' dir='ltr'><strong>propheta,</strong></span> <span class='ocrx_word' id='word_1_70' title='bbox 1499 963 1838 1039; x_wconf 74' lang='lat' dir='ltr'><strong>incantator,</strong></span> <span class='ocrx_word' id='word_1_71' title='bbox 1888 963 2045 1021; x_wconf 88' lang='lat' dir='ltr'><strong>filius</strong></span> <span class='ocrx_word' id='word_1_72' title='bbox 2072 961 2323 1036; x_wconf 87' lang='lat' dir='ltr'><strong>rebellis,</strong></span> <span class='ocrx_word' id='word_1_73' title='bbox 2375 960 2501 1037; x_wconf 78' lang='lat' dir='ltr'><strong>&amp;c.,</strong></span> <span class='ocrx_word' id='word_1_74' title='bbox 2550 970 2651 1020; x_wconf 90' lang='lat' dir='ltr'><strong>aut</strong></span> <span class='ocrx_word' id='word_1_75' title='bbox 2702 981 2775 1020; x_wconf 90' lang='lat' dir='ltr'><strong>ea</strong></span> <span class='ocrx_word' id='word_1_76' title='bbox 2826 962 3042 1038; x_wconf 83' lang='lat' dir='ltr'><strong>quibus</strong></span> 
     </span>
     <span class='ocr_line' id='line_1_9' title="bbox 631 1035 3039 1120; baseline 0.003 -26"><span class='ocrx_word' id='word_1_77' title='bbox 631 1035 821 1096; x_wconf 86' lang='lat' dir='ltr'><strong>edicto</strong></span> <span class='ocrx_word' id='word_1_78' title='bbox 847 1037 1000 1116; x_wconf 86' lang='lat' dir='ltr'><strong>legis</strong></span> <span class='ocrx_word' id='word_1_79' title='bbox 1025 1061 1197 1118; x_wconf 86' lang='lat' dir='ltr'><strong>poena</strong></span> <span class='ocrx_word' id='word_1_80' title='bbox 1226 1042 1440 1102; x_wconf 83' lang='lat' dir='ltr'><strong>excidii</strong></span> <span class='ocrx_word' id='word_1_81' title='bbox 1468 1045 1844 1120; x_wconf 83' lang='lat' dir='ltr'><strong>statuebatur,</strong></span> <span class='ocrx_word' id='word_1_82' title='bbox 1875 1053 1941 1102; x_wconf 92' lang='lat' dir='ltr'><strong>ut</strong></span> <span class='ocrx_word' id='word_1_83' title='bbox 1969 1043 2020 1100; x_wconf 90' lang='lat' dir='ltr'><strong>si</strong></span> <span class='ocrx_word' id='word_1_84' title='bbox 2047 1042 2178 1119; x_wconf 89' lang='lat' dir='ltr'><strong>quis</strong></span> <span class='ocrx_word' id='word_1_85' title='bbox 2226 1042 2454 1120; x_wconf 82' lang='lat' dir='ltr'><strong>adipem</strong></span> <span class='ocrx_word' id='word_1_86' title='bbox 2498 1040 2763 1100; x_wconf 88' lang='lat' dir='ltr'><strong>animalis</strong></span> <span class='ocrx_word' id='word_1_87' title='bbox 2790 1061 2909 1118; x_wconf 90' lang='lat' dir='ltr'><strong>quo</strong></span> <span class='ocrx_word' id='word_1_88' title='bbox 2936 1043 3039 1101; x_wconf 90' lang='lat' dir='ltr'><strong>ob-</strong></span> 
     </span>
     <span class='ocr_line' id='line_1_10' title="bbox 630 1115 3035 1200; baseline 0.003 -27"><span class='ocrx_word' id='word_1_89' title='bbox 630 1115 772 1175; x_wconf 82' lang='lat' dir='ltr'><strong>latio</strong></span> <span class='ocrx_word' id='word_1_90' title='bbox 801 1117 985 1196; x_wconf 85' lang='lat' dir='ltr'><strong>ignita</strong></span> <span class='ocrx_word' id='word_1_91' title='bbox 1011 1121 1164 1181; x_wconf 84' lang='lat' dir='ltr'><strong>facta</strong></span> <span class='ocrx_word' id='word_1_92' title='bbox 1191 1131 1360 1198; x_wconf 81' lang='lat' dir='ltr'><strong>esset,</strong></span> <span class='ocrx_word' id='word_1_93' title='bbox 1393 1123 1538 1183; x_wconf 85' lang='lat' dir='ltr'><strong>Lev.</strong></span> <span class='ocrx_word' id='word_1_94' title='bbox 1569 1124 1671 1183; x_wconf 87' lang='lat' dir='ltr'><strong>vii.</strong></span> <span class='ocrx_word' id='word_1_95' title='bbox 1699 1126 1795 1200; x_wconf 90' lang='lat'><strong>25,</strong></span> <span class='ocrx_word' id='word_1_96' title='bbox 1825 1123 1923 1182; x_wconf 84' lang='lat' dir='ltr'><strong>vel</strong></span> <span class='ocrx_word' id='word_1_97' title='bbox 1942 1123 2285 1182; x_wconf 84' lang='lat' dir='ltr'><strong>fermentum</strong></span> <span class='ocrx_word' id='word_1_98' title='bbox 2314 1121 2407 1180; x_wconf 87' lang='lat' dir='ltr'><strong>die</strong></span> <span class='ocrx_word' id='word_1_99' title='bbox 2436 1121 2727 1199; x_wconf 83' lang='lat' dir='ltr'><strong>paschatis</strong></span> <span class='ocrx_word' id='word_1_100' title='bbox 2754 1123 3035 1180; x_wconf 86' lang='lat' dir='ltr'><strong>comedis-</strong></span> 
     </span>
     <span class='ocr_line' id='line_1_11' title="bbox 631 1198 3037 1280; baseline 0.003 -26"><span class='ocrx_word' id='word_1_101' title='bbox 631 1205 736 1271; x_wconf 89' lang='lat' dir='ltr'><strong>set,</strong></span> <span class='ocrx_word' id='word_1_102' title='bbox 765 1198 955 1259; x_wconf 85' lang='lat' dir='ltr'><strong>Exod.</strong></span> <span class='ocrx_word' id='word_1_103' title='bbox 985 1203 1088 1262; x_wconf 83' lang='lat' dir='ltr'><strong>xii.</strong></span> <span class='ocrx_word' id='word_1_104' title='bbox 1123 1203 1214 1278; x_wconf 88' lang='lat'><strong>15,</strong></span> <span class='ocrx_word' id='word_1_105' title='bbox 1248 1203 1389 1264; x_wconf 84' lang='lat' dir='ltr'><strong>Lev.</strong></span> <span class='ocrx_word' id='word_1_106' title='bbox 1413 1204 1579 1262; x_wconf 83' lang='lat' dir='ltr'><strong>xxiii.</strong></span> <span class='ocrx_word' id='word_1_107' title='bbox 1610 1206 1707 1280; x_wconf 84' lang='lat'><strong>29,</strong></span> <span class='ocrx_word' id='word_1_108' title='bbox 1739 1213 1797 1263; x_wconf 91' lang='lat' dir='ltr'><strong>et</strong></span> <span class='ocrx_word' id='word_1_109' title='bbox 1824 1203 1939 1262; x_wconf 87' lang='lat' dir='ltr'><strong>alia</strong></span> <span class='ocrx_word' id='word_1_110' title='bbox 1982 1203 2278 1280; x_wconf 85' lang='lat' dir='ltr'><strong>complura</strong></span> <span class='ocrx_word' id='word_1_111' title='bbox 2325 1201 2587 1279; x_wconf 87' lang='lat' dir='ltr'><strong>ejusdem</strong></span> <span class='ocrx_word' id='word_1_112' title='bbox 2614 1201 2863 1279; x_wconf 87' lang='lat' dir='ltr'><strong>generis.</strong></span> <span class='ocrx_word' id='word_1_113' title='bbox 2910 1203 3037 1262; x_wconf 86' lang='lat' dir='ltr'><strong>Etsi</strong></span> 
     </span>
     <span class='ocr_line' id='line_1_12' title="bbox 629 1276 3035 1362; baseline 0.003 -29"><span class='ocrx_word' id='word_1_114' title='bbox 629 1276 866 1355; x_wconf 90' lang='lat' dir='ltr'><strong>inquam</strong></span> <span class='ocrx_word' id='word_1_115' title='bbox 893 1280 1019 1340; x_wconf 85' lang='lat' dir='ltr'><strong>haec</strong></span> <span class='ocrx_word' id='word_1_116' title='bbox 1044 1283 1196 1342; x_wconf 91' lang='lat' dir='ltr'><strong>ultro</strong></span> <span class='ocrx_word' id='word_1_117' title='bbox 1224 1293 1563 1361; x_wconf 89' lang='lat' dir='ltr'><strong>agnoscunt,</strong></span> <span class='ocrx_word' id='word_1_118' title='bbox 1587 1283 1937 1362; x_wconf 87' lang='lat' dir='ltr'><strong>pertendunt</strong></span> <span class='ocrx_word' id='word_1_119' title='bbox 1962 1291 2159 1342; x_wconf 88' lang='lat' dir='ltr'><strong>tamen</strong></span> <span class='ocrx_word' id='word_1_120' title='bbox 2184 1282 2245 1340; x_wconf 90' lang='lat' dir='ltr'><strong>in</strong></span> <span class='ocrx_word' id='word_1_121' title='bbox 2266 1281 2506 1356; x_wconf 78' lang='lat' dir='ltr'><strong>caeteris,</strong></span> <span class='ocrx_word' id='word_1_122' title='bbox 2538 1281 2819 1340; x_wconf 87' lang='lat' dir='ltr'><strong>sacrificia</strong></span> <span class='ocrx_word' id='word_1_123' title='bbox 2844 1281 3035 1341; x_wconf 85' lang='lat' dir='ltr'><strong>istius-</strong></span> 
     </span>
     <span class='ocr_line' id='line_1_13' title="bbox 630 1358 3035 1442; baseline 0.002 -28"><span class='ocrx_word' id='word_1_124' title='bbox 630 1358 806 1434; x_wconf 90' lang='lat' dir='ltr'><strong>modi,</strong></span> <span class='ocrx_word' id='word_1_125' title='bbox 835 1380 952 1418; x_wconf 87' lang='lat' dir='ltr'><strong>non</strong></span> <span class='ocrx_word' id='word_1_126' title='bbox 999 1383 1107 1440; x_wconf 89' lang='lat' dir='ltr'><strong>pro</strong></span> <span class='ocrx_word' id='word_1_127' title='bbox 1153 1364 1498 1442; x_wconf 87' lang='lat' dir='ltr'><strong>quibusdam</strong></span> <span class='ocrx_word' id='word_1_128' title='bbox 1543 1364 1862 1424; x_wconf 84' lang='lat' dir='ltr'><strong>levioribus</strong></span> <span class='ocrx_word' id='word_1_129' title='bbox 1905 1369 2148 1438; x_wconf 83' lang='lat' dir='ltr'><strong>tantum,</strong></span> <span class='ocrx_word' id='word_1_130' title='bbox 2180 1361 2285 1421; x_wconf 89' lang='lat' dir='ltr'><strong>sed</strong></span> <span class='ocrx_word' id='word_1_131' title='bbox 2321 1382 2425 1440; x_wconf 89' lang='lat' dir='ltr'><strong>pro</strong></span> <span class='ocrx_word' id='word_1_132' title='bbox 2446 1361 2811 1439; x_wconf 82' lang='lat' dir='ltr'><strong>gravioribus</strong></span> <span class='ocrx_word' id='word_1_133' title='bbox 2864 1363 3035 1421; x_wconf 86' lang='lat' dir='ltr'><strong>etiam</strong></span> 
     </span>
     <span class='ocr_line' id='line_1_14' title="bbox 631 1437 3041 1523; baseline 0.002 -28"><span class='ocrx_word' id='word_1_134' title='bbox 631 1437 826 1497; x_wconf 85' lang='lat' dir='ltr'><strong>oblata</strong></span> <span class='ocrx_word' id='word_1_135' title='bbox 852 1439 1046 1518; x_wconf 86' lang='lat' dir='ltr'><strong>fuisse,</strong></span> <span class='ocrx_word' id='word_1_136' title='bbox 1077 1462 1194 1504; x_wconf 92' lang='lat' dir='ltr'><strong>non</strong></span> <span class='ocrx_word' id='word_1_137' title='bbox 1223 1443 1379 1522; x_wconf 88' lang='lat' dir='ltr'><strong>quod</strong></span> <span class='ocrx_word' id='word_1_138' title='bbox 1407 1445 1635 1523; x_wconf 85' lang='lat' dir='ltr'><strong>proprie</strong></span> <span class='ocrx_word' id='word_1_139' title='bbox 1662 1444 1783 1502; x_wconf 79' lang='lat' dir='ltr'><strong>vim</strong></span> <span class='ocrx_word' id='word_1_140' title='bbox 1822 1443 2000 1502; x_wconf 90' lang='lat' dir='ltr'><strong>ullam</strong></span> <span class='ocrx_word' id='word_1_141' title='bbox 2027 1461 2130 1520; x_wconf 90' lang='lat' dir='ltr'><strong>per</strong></span> <span class='ocrx_word' id='word_1_142' title='bbox 2178 1461 2239 1500; x_wconf 85' lang='lat' dir='ltr'><strong>se</strong></span> <span class='ocrx_word' id='word_1_143' title='bbox 2268 1441 2575 1501; x_wconf 82' lang='lat' dir='ltr'><strong>habuerint</strong></span> <span class='ocrx_word' id='word_1_144' title='bbox 2621 1441 2761 1500; x_wconf 85' lang='lat' dir='ltr'><strong>talia</strong></span> <span class='ocrx_word' id='word_1_145' title='bbox 2802 1453 3041 1519; x_wconf 75' lang='lat' dir='ltr'><strong>peccata</strong></span> 
     </span>
     <span class='ocr_line' id='line_1_15' title="bbox 631 1518 3039 1602; baseline 0.002 -28"><span class='ocrx_word' id='word_1_146' title='bbox 631 1518 921 1596; x_wconf 87' lang='lat' dir='ltr'><strong>expiandi,</strong></span> <span class='ocrx_word' id='word_1_147' title='bbox 954 1523 1055 1581; x_wconf 89' lang='lat' dir='ltr'><strong>sed</strong></span> <span class='ocrx_word' id='word_1_148' title='bbox 1101 1524 1237 1602; x_wconf 91' lang='lat' dir='ltr'><strong>quia</strong></span> <span class='ocrx_word' id='word_1_149' title='bbox 1284 1544 1480 1583; x_wconf 84' lang='lat' dir='ltr'><strong>veram</strong></span> <span class='ocrx_word' id='word_1_150' title='bbox 1528 1533 1589 1583; x_wconf 90' lang='lat' dir='ltr'><strong>et</strong></span> <span class='ocrx_word' id='word_1_151' title='bbox 1632 1523 1922 1602; x_wconf 88' lang='lat' dir='ltr'><strong>propriam</strong></span> <span class='ocrx_word' id='word_1_152' title='bbox 1970 1521 2359 1600; x_wconf 81' lang='lat' dir='ltr'><strong>expiationem</strong></span> <span class='ocrx_word' id='word_1_153' title='bbox 2406 1523 2468 1580; x_wconf 90' lang='lat' dir='ltr'><strong>in</strong></span> <span class='ocrx_word' id='word_1_154' title='bbox 2516 1521 2794 1580; x_wconf 86' lang='lat' dir='ltr'><strong>sacrificio</strong></span> <span class='ocrx_word' id='word_1_155' title='bbox 2824 1523 3039 1582; x_wconf 83' lang='lat' dir='ltr'><strong>Christi</strong></span> 
     </span>
     <span class='ocr_line' id='line_1_16' title="bbox 629 1595 3039 1681; baseline 0.003 -27"><span class='ocrx_word' id='word_1_156' title='bbox 629 1595 768 1655; x_wconf 89' lang='lat' dir='ltr'><strong>olim</strong></span> <span class='ocrx_word' id='word_1_157' title='bbox 786 1602 1170 1677; x_wconf 86' lang='lat' dir='ltr'><strong>peragendam</strong></span> <span class='ocrx_word' id='word_1_158' title='bbox 1191 1611 1255 1663; x_wconf 89' lang='lat' dir='ltr'><strong>ut</strong></span> <span class='ocrx_word' id='word_1_159' title='bbox 1275 1605 1402 1681; x_wconf 84' lang='lat' dir='ltr'><strong>typi</strong></span> <span class='ocrx_word' id='word_1_160' title='bbox 1423 1605 1862 1664; x_wconf 84' lang='lat' dir='ltr'><strong>adumbrabant.</strong></span> <span class='ocrx_word' id='word_1_161' title='bbox 1892 1603 2173 1662; x_wconf 80' lang='lat' dir='ltr'><strong>Rationes</strong></span> <span class='ocrx_word' id='word_1_162' title='bbox 2182 1621 2285 1661; x_wconf 90' lang='lat' dir='ltr'><strong>cur</strong></span> <span class='ocrx_word' id='word_1_163' title='bbox 2298 1602 2381 1661; x_wconf 84' lang='lat' dir='ltr'><strong>ita</strong></span> <span class='ocrx_word' id='word_1_164' title='bbox 2398 1601 2649 1661; x_wconf 76' lang='lat' dir='ltr'><strong>sentiant</strong></span> <span class='ocrx_word' id='word_1_165' title='bbox 2664 1603 2839 1660; x_wconf 81' lang='lat' dir='ltr'><strong>variae</strong></span> <span class='ocrx_word' id='word_1_166' title='bbox 2862 1612 2998 1661; x_wconf 87' lang='lat' dir='ltr'><strong>sunt</strong></span> <span class='ocrx_word' id='word_1_167' title='bbox 3022 1626 3039 1661; x_wconf 77' lang='lat' dir='ltr'><em>z</em></span> 
     </span>
    </p>

    <p class='ocr_par' dir='ltr' id='par_1_3' title="bbox 617 1677 3045 3044">
     <span class='ocr_line' id='line_1_17' title="bbox 715 1677 3039 1762; baseline 0.002 -28"><span class='ocrx_word' id='word_1_168' title='bbox 715 1677 838 1736; x_wconf 91' lang='lat'><strong>111.</strong></span> <span class='ocrx_word' id='word_1_169' title='bbox 882 1683 936 1739; x_wconf 95' lang='lat'><strong>1.</strong></span> <span class='ocrx_word' id='word_1_170' title='bbox 967 1681 1118 1756; x_wconf 89' lang='lat' dir='ltr'><strong>Quia</strong></span> <span class='ocrx_word' id='word_1_171' title='bbox 1134 1683 1258 1742; x_wconf 86' lang='lat' dir='ltr'><strong>sive</strong></span> <span class='ocrx_word' id='word_1_172' title='bbox 1287 1685 1567 1743; x_wconf 88' lang='lat' dir='ltr'><strong>sacrificia</strong></span> <span class='ocrx_word' id='word_1_173' title='bbox 1593 1685 1828 1762; x_wconf 86' lang='lat' dir='ltr'><strong>publica</strong></span> <span class='ocrx_word' id='word_1_174' title='bbox 1854 1684 1980 1743; x_wconf 80' lang='lat' dir='ltr'><strong>sive</strong></span> <span class='ocrx_word' id='word_1_175' title='bbox 2001 1683 2228 1761; x_wconf 87' lang='lat' dir='ltr'><strong>privata</strong></span> <span class='ocrx_word' id='word_1_176' title='bbox 2266 1681 2637 1741; x_wconf 84' lang='lat' dir='ltr'><strong>attendantur</strong></span> <span class='ocrx_word' id='word_1_177' title='bbox 2673 1681 2895 1760; x_wconf 88' lang='lat' dir='ltr'><strong>patebit</strong></span> <span class='ocrx_word' id='word_1_178' title='bbox 2920 1702 3039 1741; x_wconf 89' lang='lat' dir='ltr'><strong>non</strong></span> 
     </span>
     <span class='ocr_line' id='line_1_18' title="bbox 631 1758 3039 1840; baseline 0.003 -27"><span class='ocrx_word' id='word_1_179' title='bbox 631 1774 735 1830; x_wconf 93' lang='lat' dir='ltr'><strong>pro</strong></span> <span class='ocrx_word' id='word_1_180' title='bbox 763 1758 936 1817; x_wconf 86' lang='lat' dir='ltr'><strong>certis</strong></span> <span class='ocrx_word' id='word_1_181' title='bbox 963 1761 1308 1838; x_wconf 88' lang='lat' dir='ltr'><strong>quibusdam</strong></span> <span class='ocrx_word' id='word_1_182' title='bbox 1336 1763 1652 1822; x_wconf 86' lang='lat' dir='ltr'><strong>levioribus</strong></span> <span class='ocrx_word' id='word_1_183' title='bbox 1680 1764 1857 1822; x_wconf 84' lang='lat' dir='ltr'><strong>fuisse</strong></span> <span class='ocrx_word' id='word_1_184' title='bbox 1886 1764 2097 1838; x_wconf 83' lang='lat' dir='ltr'><strong>oblata,</strong></span> <span class='ocrx_word' id='word_1_185' title='bbox 2130 1761 2234 1822; x_wconf 89' lang='lat' dir='ltr'><strong>sed</strong></span> <span class='ocrx_word' id='word_1_186' title='bbox 2255 1762 2351 1820; x_wconf 87' lang='lat' dir='ltr'><strong>vel</strong></span> <span class='ocrx_word' id='word_1_187' title='bbox 2377 1782 2481 1840; x_wconf 90' lang='lat' dir='ltr'><strong>pro</strong></span> <span class='ocrx_word' id='word_1_188' title='bbox 2504 1762 2770 1821; x_wconf 89' lang='lat' dir='ltr'><strong>omnibus</strong></span> <span class='ocrx_word' id='word_1_189' title='bbox 2798 1771 2865 1821; x_wconf 88' lang='lat' dir='ltr'><strong>ut</strong></span> <span class='ocrx_word' id='word_1_190' title='bbox 2890 1763 3039 1839; x_wconf 88' lang='lat' dir='ltr'><strong>pub-</strong></span> 
     </span>
     <span class='ocr_line' id='line_1_19' title="bbox 627 1835 3038 1921; baseline 0.003 -28"><span class='ocrx_word' id='word_1_191' title='bbox 627 1835 758 1912; x_wconf 89' lang='lat' dir='ltr'><strong>lica,</strong></span> <span class='ocrx_word' id='word_1_192' title='bbox 791 1837 886 1897; x_wconf 84' lang='lat' dir='ltr'><strong>vel</strong></span> <span class='ocrx_word' id='word_1_193' title='bbox 913 1859 1018 1916; x_wconf 89' lang='lat' dir='ltr'><strong>pro</strong></span> <span class='ocrx_word' id='word_1_194' title='bbox 1045 1842 1323 1901; x_wconf 80' lang='lat' dir='ltr'><strong>ultroneis</strong></span> <span class='ocrx_word' id='word_1_195' title='bbox 1351 1843 1524 1902; x_wconf 87' lang='lat' dir='ltr'><strong>etiam</strong></span> <span class='ocrx_word' id='word_1_196' title='bbox 1553 1843 1918 1921; x_wconf 83' lang='lat' dir='ltr'><strong>gravioribus</strong></span> <span class='ocrx_word' id='word_1_197' title='bbox 1945 1851 2011 1902; x_wconf 90' lang='lat' dir='ltr'><strong>ut</strong></span> <span class='ocrx_word' id='word_1_198' title='bbox 2037 1842 2283 1921; x_wconf 86' lang='lat' dir='ltr'><strong>privata.</strong></span> <span class='ocrx_word' id='word_1_199' title='bbox 2304 1842 2419 1900; x_wconf 80' lang='lat' dir='ltr'><strong>&#39;De</strong></span> <span class='ocrx_word' id='word_1_200' title='bbox 2456 1842 2705 1920; x_wconf 89' lang='lat' dir='ltr'><strong>publicis</strong></span> <span class='ocrx_word' id='word_1_201' title='bbox 2732 1861 2823 1900; x_wconf 86' lang='lat' dir='ltr'><strong>res</strong></span> <span class='ocrx_word' id='word_1_202' title='bbox 2852 1843 3038 1900; x_wconf 89' lang='lat' dir='ltr'><strong>mani-</strong></span> 
     </span>
     <span class='ocr_line' id='line_1_20' title="bbox 628 1916 3043 2000; baseline 0.003 -25"><span class='ocrx_word' id='word_1_203' title='bbox 628 1916 778 1976; x_wconf 88' lang='lat' dir='ltr'><strong>festa</strong></span> <span class='ocrx_word' id='word_1_204' title='bbox 823 1927 930 1996; x_wconf 83' lang='lat' dir='ltr'><strong>est,</strong></span> <span class='ocrx_word' id='word_1_205' title='bbox 961 1941 1076 1979; x_wconf 88' lang='lat' dir='ltr'><strong>non</strong></span> <span class='ocrx_word' id='word_1_206' title='bbox 1125 1930 1349 1981; x_wconf 87' lang='lat' dir='ltr'><strong>tantum</strong></span> <span class='ocrx_word' id='word_1_207' title='bbox 1397 1925 1534 2000; x_wconf 91' lang='lat' dir='ltr'><strong>quia</strong></span> <span class='ocrx_word' id='word_1_208' title='bbox 1581 1923 1862 1983; x_wconf 86' lang='lat' dir='ltr'><strong>sacrificia</strong></span> <span class='ocrx_word' id='word_1_209' title='bbox 1899 1923 2024 1982; x_wconf 85' lang='lat' dir='ltr'><strong>haec</strong></span> <span class='ocrx_word' id='word_1_210' title='bbox 2080 1922 2351 1981; x_wconf 89' lang='lat' dir='ltr'><strong>dicuntur</strong></span> <span class='ocrx_word' id='word_1_211' title='bbox 2402 1921 2901 1981; x_wconf 85' lang='lat' dir='ltr'><strong>indiscriminatim</strong></span> <span class='ocrx_word' id='word_1_212' title='bbox 2920 1943 3043 1998; x_wconf 81' lang='lat' dir='ltr'><strong>pro</strong></span> 
     </span>
     <span class='ocr_line' id='line_1_21' title="bbox 617 2000 3038 2084; baseline 0.002 -28"><span class='ocrx_word' id='word_1_213' title='bbox 617 2008 853 2074; x_wconf 79' lang='lat' dir='ltr'><strong>peccato</strong></span> <span class='ocrx_word' id='word_1_214' title='bbox 871 2006 979 2083; x_wconf 65' lang='lat' dir='ltr'><strong>mg)</strong></span> <span class='ocrx_word' id='word_1_215' title='bbox 1001 2004 1273 2084; x_wconf 63' lang='grc' dir='ltr'><strong>ὶμιςτίις,</strong></span> <span class='ocrx_word' id='word_1_216' title='bbox 1287 2003 1392 2064; x_wconf 85' lang='lat' dir='ltr'><strong>sed</strong></span> <span class='ocrx_word' id='word_1_217' title='bbox 1412 2004 1584 2064; x_wconf 90' lang='lat' dir='ltr'><strong>etiam</strong></span> <span class='ocrx_word' id='word_1_218' title='bbox 1607 2003 1744 2082; x_wconf 91' lang='lat' dir='ltr'><strong>quia</strong></span> <span class='ocrx_word' id='word_1_219' title='bbox 1758 2012 1897 2064; x_wconf 90' lang='lat' dir='ltr'><strong>nota</strong></span> <span class='ocrx_word' id='word_1_220' title='bbox 1918 2002 2263 2063; x_wconf 84' lang='lat' dir='ltr'><strong>universalis</strong></span> <span class='ocrx_word' id='word_1_221' title='bbox 2282 2001 2532 2077; x_wconf 86' lang='lat' dir='ltr'><strong>additur,</strong></span> <span class='ocrx_word' id='word_1_222' title='bbox 2545 2011 2611 2062; x_wconf 92' lang='lat' dir='ltr'><strong>ut</strong></span> <span class='ocrx_word' id='word_1_223' title='bbox 2626 2001 2687 2060; x_wconf 88' lang='lat' dir='ltr'><strong>in</strong></span> <span class='ocrx_word' id='word_1_224' title='bbox 2707 2000 2855 2060; x_wconf 86' lang='lat' dir='ltr'><strong>festo</strong></span> <span class='ocrx_word' id='word_1_225' title='bbox 2874 2003 3038 2060; x_wconf 86' lang='lat' dir='ltr'><strong>anni-</strong></span> 
     </span>
     <span class='ocr_line' id='line_1_22' title="bbox 625 2080 3043 2161; baseline 0.002 -26"><span class='ocrx_word' id='word_1_226' title='bbox 625 2080 882 2140; x_wconf 83' lang='lat' dir='ltr'><strong>versario</strong></span> <span class='ocrx_word' id='word_1_227' title='bbox 899 2085 1296 2161; x_wconf 85' lang='lat' dir='ltr'><strong>expiationum</strong></span> <span class='ocrx_word' id='word_1_228' title='bbox 1321 2107 1336 2144; x_wconf 78' lang='lat'>2</span> <span class='ocrx_word' id='word_1_229' title='bbox 1369 2085 1510 2145; x_wconf 89' lang='lat' dir='ltr'><strong>Lev.</strong></span> <span class='ocrx_word' id='word_1_230' title='bbox 1533 2085 1657 2145; x_wconf 83' lang='lat' dir='ltr'><strong>xvi.</strong></span> <span class='ocrx_word' id='word_1_231' title='bbox 1672 2089 1767 2160; x_wconf 91' lang='lat'><strong>21,</strong></span> <span class='ocrx_word' id='word_1_232' title='bbox 1799 2089 1896 2161; x_wconf 92' lang='lat'><strong>22,</strong></span> <span class='ocrx_word' id='word_1_233' title='bbox 1914 2087 1951 2117; x_wconf 87' lang='lat'><strong>“</strong></span> <span class='ocrx_word' id='word_1_234' title='bbox 1968 2083 2237 2160; x_wconf 89' lang='lat' dir='ltr'><strong>Imponet</strong></span> <span class='ocrx_word' id='word_1_235' title='bbox 2266 2084 2466 2141; x_wconf 85' lang='lat' dir='ltr'><strong>Aaron</strong></span> <span class='ocrx_word' id='word_1_236' title='bbox 2488 2083 2658 2140; x_wconf 82' lang='lat' dir='ltr'><strong>binas</strong></span> <span class='ocrx_word' id='word_1_237' title='bbox 2678 2101 2885 2140; x_wconf 88' lang='lat' dir='ltr'><strong>manus</strong></span> <span class='ocrx_word' id='word_1_238' title='bbox 2902 2101 3043 2141; x_wconf 87' lang='lat' dir='ltr'><strong>suas</strong></span> 
     </span>
     <span class='ocr_line' id='line_1_23' title="bbox 631 2160 3043 2240; baseline 0 -22"><span class='ocrx_word' id='word_1_239' title='bbox 631 2179 804 2237; x_wconf 87' lang='lat' dir='ltr'><strong>super</strong></span> <span class='ocrx_word' id='word_1_240' title='bbox 847 2175 1021 2240; x_wconf 90' lang='lat' dir='ltr'><strong>caput</strong></span> <span class='ocrx_word' id='word_1_241' title='bbox 1064 2165 1318 2225; x_wconf 86' lang='lat' dir='ltr'><strong>viventis</strong></span> <span class='ocrx_word' id='word_1_242' title='bbox 1347 2165 1513 2226; x_wconf 89' lang='lat' dir='ltr'><strong>istius</strong></span> <span class='ocrx_word' id='word_1_243' title='bbox 1557 2165 1703 2225; x_wconf 89' lang='lat' dir='ltr'><strong>hirci</strong></span> <span class='ocrx_word' id='word_1_244' title='bbox 1720 2174 1779 2225; x_wconf 91' lang='lat' dir='ltr'><strong>et</strong></span> <span class='ocrx_word' id='word_1_245' title='bbox 1823 2163 2189 2224; x_wconf 86' lang='lat' dir='ltr'><strong>confitebitur</strong></span> <span class='ocrx_word' id='word_1_246' title='bbox 2213 2160 2275 2220; x_wconf 63' lang='lat' dir='ltr'><strong>S:</strong></span> <span class='ocrx_word' id='word_1_247' title='bbox 2303 2181 2394 2220; x_wconf 68' lang='lat' dir='ltr'><strong>nm</strong></span> <span class='ocrx_word' id='word_1_248' title='bbox 2424 2162 2583 2220; x_wconf 48' lang='lat' dir='ltr'><strong>‘zaab&#39;</strong></span> <span class='ocrx_word' id='word_1_249' title='bbox 2612 2179 2687 2217; x_wconf 57' lang='lat' dir='ltr'><strong>*aa</strong></span> <span class='ocrx_word' id='word_1_250' title='bbox 2716 2177 2845 2216; x_wconf 66' lang='grc'><strong>111113</strong></span> <span class='ocrx_word' id='word_1_251' title='bbox 2874 2160 2935 2218; x_wconf 65' lang='lat'><strong>⁷22</strong></span> <span class='ocrx_word' id='word_1_252' title='bbox 2966 2181 3043 2219; x_wconf 74' lang='grc'><strong>1-11</strong></span> 
     </span>
     <span class='ocr_line' id='line_1_24' title="bbox 628 2236 3041 2324; baseline 0 -30"><span class='ocrx_word' id='word_1_253' title='bbox 628 2254 841 2298; x_wconf 60' lang='lat' dir='ltr'><strong>:aaran</strong></span> <span class='ocrx_word' id='word_1_254' title='bbox 877 2243 968 2300; x_wconf 66' lang='lat'><strong>¹³³¹&gt;</strong></span> <span class='ocrx_word' id='word_1_255' title='bbox 1004 2261 1229 2304; x_wconf 51' lang='grc' dir='ltr'><strong>επεν-66</strong></span> <span class='ocrx_word' id='word_1_256' title='bbox 1258 2265 1458 2306; x_wconf 88' lang='lat' dir='ltr'><strong>omnes</strong></span> <span class='ocrx_word' id='word_1_257' title='bbox 1499 2246 1835 2324; x_wconf 82' lang='lat' dir='ltr'><strong>iniquitates</strong></span> <span class='ocrx_word' id='word_1_258' title='bbox 1860 2245 2110 2304; x_wconf 88' lang='lat' dir='ltr'><strong>filiorum</strong></span> <span class='ocrx_word' id='word_1_259' title='bbox 2138 2240 2325 2302; x_wconf 78' lang='lat' dir='ltr'><strong>Isra’el</strong></span> <span class='ocrx_word' id='word_1_260' title='bbox 2351 2248 2411 2299; x_wconf 90' lang='lat' dir='ltr'><strong>et</strong></span> <span class='ocrx_word' id='word_1_261' title='bbox 2450 2237 2643 2297; x_wconf 91' lang='lat' dir='ltr'><strong>omnia</strong></span> <span class='ocrx_word' id='word_1_262' title='bbox 2689 2236 2905 2296; x_wconf 83' lang='lat' dir='ltr'><strong>delicta</strong></span> <span class='ocrx_word' id='word_1_263' title='bbox 2950 2237 3041 2316; x_wconf 84' lang='lat' dir='ltr'><strong>ip-</strong></span> 
     </span>
     <span class='ocr_line' id='line_1_25' title="bbox 629 2317 3039 2404; baseline -0.008 -10"><span class='ocrx_word' id='word_1_264' title='bbox 629 2320 882 2392; x_wconf 71' lang='lat' dir='ltr'><strong>⁸0fflm2”</strong></span> <span class='ocrx_word' id='word_1_265' title='bbox 933 2317 1062 2395; x_wconf 82' lang='lat' dir='ltr'><strong>&amp;c.,</strong></span> <span class='ocrx_word' id='word_1_266' title='bbox 1116 2325 1152 2356; x_wconf 79' lang='lat'><strong>‘⁴</strong></span> <span class='ocrx_word' id='word_1_267' title='bbox 1175 2323 1520 2400; x_wconf 87' lang='lat' dir='ltr'><strong>Importabit</strong></span> <span class='ocrx_word' id='word_1_268' title='bbox 1586 2326 1782 2384; x_wconf 87' lang='lat' dir='ltr'><strong>hircus</strong></span> <span class='ocrx_word' id='word_1_269' title='bbox 1830 2345 2005 2404; x_wconf 89' lang='lat' dir='ltr'><strong>supra</strong></span> <span class='ocrx_word' id='word_1_270' title='bbox 2051 2343 2113 2382; x_wconf 85' lang='lat' dir='ltr'><strong>se</strong></span> <span class='ocrx_word' id='word_1_271' title='bbox 2161 2339 2361 2381; x_wconf 91' lang='lat' dir='ltr'><strong>omnes</strong></span> <span class='ocrx_word' id='word_1_272' title='bbox 2403 2319 2737 2396; x_wconf 80' lang='lat' dir='ltr'><strong>iniquitates</strong></span> <span class='ocrx_word' id='word_1_273' title='bbox 2778 2317 3039 2394; x_wconf 90' lang='lat' dir='ltr'><strong>ipsorum</strong></span> 
     </span>
     <span class='ocr_line' id='line_1_26' title="bbox 628 2392 3037 2482; baseline 0.002 -31"><span class='ocrx_word' id='word_1_274' title='bbox 628 2392 690 2450; x_wconf 89' lang='lat' dir='ltr'><strong>in</strong></span> <span class='ocrx_word' id='word_1_275' title='bbox 739 2403 948 2456; x_wconf 89' lang='lat' dir='ltr'><strong>terram</strong></span> <span class='ocrx_word' id='word_1_276' title='bbox 1005 2399 1349 2462; x_wconf 83' lang='lat' dir='ltr'><strong>desertam.&#39;’</strong></span> <span class='ocrx_word' id='word_1_277' title='bbox 1395 2405 1541 2464; x_wconf 90' lang='lat' dir='ltr'><strong>Inde</strong></span> <span class='ocrx_word' id='word_1_278' title='bbox 1572 2405 1781 2482; x_wconf 85' lang='lat' dir='ltr'><strong>Apost.</strong></span> <span class='ocrx_word' id='word_1_279' title='bbox 1812 2405 1953 2464; x_wconf 90' lang='lat' dir='ltr'><strong>dicit</strong></span> <span class='ocrx_word' id='word_1_280' title='bbox 1994 2404 2056 2462; x_wconf 94' lang='lat' dir='ltr'><strong>in</strong></span> <span class='ocrx_word' id='word_1_281' title='bbox 2100 2421 2310 2482; x_wconf 87' lang='lat' dir='ltr'><strong>genere</strong></span> <span class='ocrx_word' id='word_1_282' title='bbox 2338 2408 2703 2478; x_wconf 88' lang='lat' dir='ltr'><strong>peccatorum</strong></span> <span class='ocrx_word' id='word_1_283' title='bbox 2740 2395 2868 2456; x_wconf 86' lang='lat' dir='ltr'><strong>fieri</strong></span> <span class='ocrx_word' id='word_1_284' title='bbox 2914 2397 3037 2455; x_wconf 67' lang='grc' dir='ltr'><strong>ὦκ’-</strong></span> 
     </span>
     <span class='ocr_line' id='line_1_27' title="bbox 627 2476 3045 2560; baseline 0 -23"><span class='ocrx_word' id='word_1_285' title='bbox 627 2498 794 2548; x_wconf 70' lang='grc' dir='ltr'><strong>μησιι</strong></span> <span class='ocrx_word' id='word_1_286' title='bbox 821 2477 882 2534; x_wconf 93' lang='lat' dir='ltr'><strong>in</strong></span> <span class='ocrx_word' id='word_1_287' title='bbox 899 2479 1193 2539; x_wconf 85' lang='lat' dir='ltr'><strong>sacrificiis</strong></span> <span class='ocrx_word' id='word_1_288' title='bbox 1219 2483 1339 2542; x_wconf 88' lang='lat' dir='ltr'><strong>illis</strong></span> <span class='ocrx_word' id='word_1_289' title='bbox 1358 2486 1684 2560; x_wconf 87' lang='lat' dir='ltr'><strong>quotannis,</strong></span> <span class='ocrx_word' id='word_1_290' title='bbox 1718 2485 1870 2544; x_wconf 89' lang='lat' dir='ltr'><strong>Heb.</strong></span> <span class='ocrx_word' id='word_1_291' title='bbox 1902 2505 1961 2544; x_wconf 85' lang='lat' dir='ltr'><strong>x.</strong></span> <span class='ocrx_word' id='word_1_292' title='bbox 1993 2487 2049 2544; x_wconf 88' lang='lat'><strong>3.</strong></span> <span class='ocrx_word' id='word_1_293' title='bbox 2095 2481 2396 2558; x_wconf 88' lang='lat' dir='ltr'><strong>Quomodo</strong></span> <span class='ocrx_word' id='word_1_294' title='bbox 2415 2499 2553 2539; x_wconf 86' lang='lat' dir='ltr'><strong>vero</strong></span> <span class='ocrx_word' id='word_1_295' title='bbox 2579 2476 2676 2537; x_wconf 84' lang='lat' dir='ltr'><strong>vel</strong></span> <span class='ocrx_word' id='word_1_296' title='bbox 2703 2477 2909 2536; x_wconf 88' lang='lat' dir='ltr'><strong>Moses</strong></span> <span class='ocrx_word' id='word_1_297' title='bbox 2938 2479 3045 2537; x_wconf 79' lang='lat' dir='ltr'><strong>vel</strong></span> 
     </span>
     <span class='ocr_line' id='line_1_28' title="bbox 631 2553 3038 2642; baseline 0.002 -31"><span class='ocrx_word' id='word_1_298' title='bbox 631 2553 849 2614; x_wconf 89' lang='lat' dir='ltr'><strong>Paulus</strong></span> <span class='ocrx_word' id='word_1_299' title='bbox 875 2567 1240 2634; x_wconf 88' lang='lat' dir='ltr'><strong>peccatorum</strong></span> <span class='ocrx_word' id='word_1_300' title='bbox 1269 2564 1651 2624; x_wconf 89' lang='lat' dir='ltr'><strong>meminerunt</strong></span> <span class='ocrx_word' id='word_1_301' title='bbox 1678 2565 1738 2623; x_wconf 89' lang='lat' dir='ltr'><strong>in</strong></span> <span class='ocrx_word' id='word_1_302' title='bbox 1766 2584 1995 2642; x_wconf 86' lang='lat' dir='ltr'><strong>genere,</strong></span> <span class='ocrx_word' id='word_1_303' title='bbox 2020 2570 2079 2623; x_wconf 88' lang='lat' dir='ltr'><strong>et</strong></span> <span class='ocrx_word' id='word_1_304' title='bbox 2106 2563 2204 2622; x_wconf 89' lang='lat' dir='ltr'><strong>ille</strong></span> <span class='ocrx_word' id='word_1_305' title='bbox 2226 2560 2460 2639; x_wconf 89' lang='lat' dir='ltr'><strong>quidem</strong></span> <span class='ocrx_word' id='word_1_306' title='bbox 2482 2557 2737 2618; x_wconf 90' lang='lat' dir='ltr'><strong>omnium</strong></span> <span class='ocrx_word' id='word_1_307' title='bbox 2762 2557 3038 2635; x_wconf 86' lang='lat' dir='ltr'><strong>iniquita-</strong></span> 
     </span>
     <span class='ocr_line' id='line_1_29' title="bbox 627 2638 3037 2724; baseline 0.002 -32"><span class='ocrx_word' id='word_1_308' title='bbox 627 2641 751 2693; x_wconf 89' lang='lat' dir='ltr'><strong>tum</strong></span> <span class='ocrx_word' id='word_1_309' title='bbox 780 2644 838 2694; x_wconf 90' lang='lat' dir='ltr'><strong>et</strong></span> <span class='ocrx_word' id='word_1_310' title='bbox 863 2639 1420 2719; x_wconf 72' lang='lat' dir='ltr'><strong>praevaricationum,</strong></span> <span class='ocrx_word' id='word_1_311' title='bbox 1452 2645 1501 2703; x_wconf 89' lang='lat' dir='ltr'><strong>si</strong></span> <span class='ocrx_word' id='word_1_312' title='bbox 1529 2665 1633 2724; x_wconf 89' lang='lat' dir='ltr'><strong>pro</strong></span> <span class='ocrx_word' id='word_1_313' title='bbox 1654 2645 1884 2704; x_wconf 82' lang='lat' dir='ltr'><strong>levibus</strong></span> <span class='ocrx_word' id='word_1_314' title='bbox 1902 2653 2145 2719; x_wconf 89' lang='lat' dir='ltr'><strong>tantum,</strong></span> <span class='ocrx_word' id='word_1_315' title='bbox 2168 2650 2308 2720; x_wconf 87' lang='lat' dir='ltr'><strong>puta</strong></span> <span class='ocrx_word' id='word_1_316' title='bbox 2334 2639 2695 2717; x_wconf 88' lang='lat' dir='ltr'><strong>ignorantiis,</strong></span> <span class='ocrx_word' id='word_1_317' title='bbox 2724 2638 3037 2714; x_wconf 89' lang='lat' dir='ltr'><strong>erroribus,</strong></span> 
     </span>
     <span class='ocr_line' id='line_1_30' title="bbox 630 2714 3039 2805; baseline 0.002 -32"><span class='ocrx_word' id='word_1_318' title='bbox 630 2721 690 2773; x_wconf 89' lang='lat' dir='ltr'><strong>et</strong></span> <span class='ocrx_word' id='word_1_319' title='bbox 717 2714 1146 2780; x_wconf 87' lang='lat' dir='ltr'><strong>infirmitatibus</strong></span> <span class='ocrx_word' id='word_1_320' title='bbox 1174 2743 1303 2802; x_wconf 82' lang='lat' dir='ltr'><strong>quae</strong></span> <span class='ocrx_word' id='word_1_321' title='bbox 1332 2745 1561 2786; x_wconf 88' lang='lat' dir='ltr'><strong>carnem</strong></span> <span class='ocrx_word' id='word_1_322' title='bbox 1587 2726 1782 2805; x_wconf 86' lang='lat' dir='ltr'><strong>potius</strong></span> <span class='ocrx_word' id='word_1_323' title='bbox 1810 2745 1983 2802; x_wconf 91' lang='lat' dir='ltr'><strong>quam</strong></span> <span class='ocrx_word' id='word_1_324' title='bbox 2005 2723 2254 2783; x_wconf 90' lang='lat' dir='ltr'><strong>animam</strong></span> <span class='ocrx_word' id='word_1_325' title='bbox 2272 2721 2595 2799; x_wconf 89' lang='lat' dir='ltr'><strong>polluerent</strong></span> <span class='ocrx_word' id='word_1_326' title='bbox 2623 2717 2887 2778; x_wconf 85' lang='lat' dir='ltr'><strong>ordinata</strong></span> <span class='ocrx_word' id='word_1_327' title='bbox 2914 2717 3039 2777; x_wconf 84' lang='lat' dir='ltr'><strong>fue·</strong></span> 
     </span>
     <span class='ocr_line' id='line_1_31' title="bbox 627 2797 3043 2884; baseline 0.001 -31"><span class='ocrx_word' id='word_1_328' title='bbox 627 2805 764 2856; x_wconf 90' lang='lat' dir='ltr'><strong>runt</strong></span> <span class='ocrx_word' id='word_1_329' title='bbox 782 2799 812 2857; x_wconf 82' lang='lat'><strong>⁴?</strong></span> <span class='ocrx_word' id='word_1_330' title='bbox 867 2797 1016 2858; x_wconf 89' lang='lat' dir='ltr'><strong>Nam</strong></span> <span class='ocrx_word' id='word_1_331' title='bbox 1043 2803 1200 2880; x_wconf 91' lang='lat' dir='ltr'><strong>quod</strong></span> <span class='ocrx_word' id='word_1_332' title='bbox 1228 2807 1422 2864; x_wconf 88' lang='lat' dir='ltr'><strong>omnia</strong></span> <span class='ocrx_word' id='word_1_333' title='bbox 1445 2807 1571 2866; x_wconf 85' lang='lat' dir='ltr'><strong>haec</strong></span> <span class='ocrx_word' id='word_1_334' title='bbox 1591 2814 1829 2884; x_wconf 89' lang='lat' dir='ltr'><strong>peccata</strong></span> <span class='ocrx_word' id='word_1_335' title='bbox 1854 2804 2054 2865; x_wconf 87' lang='lat' dir='ltr'><strong>referri</strong></span> <span class='ocrx_word' id='word_1_336' title='bbox 2081 2803 2286 2863; x_wconf 84' lang='lat' dir='ltr'><strong>volunt</strong></span> <span class='ocrx_word' id='word_1_337' title='bbox 2311 2809 2535 2860; x_wconf 88' lang='lat' dir='ltr'><strong>tantum</strong></span> <span class='ocrx_word' id='word_1_338' title='bbox 2564 2797 2640 2858; x_wconf 86' lang='lat' dir='ltr'><strong>ad</strong></span> <span class='ocrx_word' id='word_1_339' title='bbox 2666 2817 2736 2857; x_wconf 89' lang='lat' dir='ltr'><strong>ea</strong></span> <span class='ocrx_word' id='word_1_340' title='bbox 2762 2797 2979 2874; x_wconf 86' lang='lat' dir='ltr'><strong>quibus</strong></span> <span class='ocrx_word' id='word_1_341' title='bbox 3006 2820 3043 2857; x_wconf 82' lang='lat' dir='ltr'><strong>a</strong></span> 
     </span>
     <span class='ocr_line' id='line_1_32' title="bbox 631 2876 3033 2964; baseline 0.001 -30"><span class='ocrx_word' id='word_1_342' title='bbox 631 2876 759 2936; x_wconf 92' lang='lat' dir='ltr'><strong>Deo</strong></span> <span class='ocrx_word' id='word_1_343' title='bbox 815 2880 1068 2958; x_wconf 88' lang='lat' dir='ltr'><strong>expiatio</strong></span> <span class='ocrx_word' id='word_1_344' title='bbox 1097 2883 1158 2942; x_wconf 89' lang='lat' dir='ltr'><strong>in</strong></span> <span class='ocrx_word' id='word_1_345' title='bbox 1183 2884 1314 2963; x_wconf 88' lang='lat' dir='ltr'><strong>lege</strong></span> <span class='ocrx_word' id='word_1_346' title='bbox 1344 2887 1783 2962; x_wconf 87' lang='lat' dir='ltr'><strong>concedebatur,</strong></span> <span class='ocrx_word' id='word_1_347' title='bbox 1804 2883 2092 2964; x_wconf 86' lang='lat' dir='ltr'><strong>expressis</strong></span> <span class='ocrx_word' id='word_1_348' title='bbox 2120 2893 2178 2944; x_wconf 89' lang='lat' dir='ltr'><strong>et</strong></span> <span class='ocrx_word' id='word_1_349' title='bbox 2198 2881 2585 2960; x_wconf 87' lang='lat' dir='ltr'><strong>peculiaribus</strong></span> <span class='ocrx_word' id='word_1_350' title='bbox 2612 2878 3033 2938; x_wconf 86' lang='lat' dir='ltr'><strong>constitutioni·</strong></span> 
     </span>
     <span class='ocr_line' id='line_1_33' title="bbox 628 2956 2869 3044; baseline -0 -27"><span class='ocrx_word' id='word_1_351' title='bbox 628 2956 739 3018; x_wconf 88' lang='lat' dir='ltr'><strong>bus</strong></span> <span class='ocrx_word' id='word_1_352' title='bbox 769 2959 840 3019; x_wconf 90' lang='lat' dir='ltr'><strong>de</strong></span> <span class='ocrx_word' id='word_1_353' title='bbox 867 2961 941 3020; x_wconf 84' lang='lat' dir='ltr'><strong>iis</strong></span> <span class='ocrx_word' id='word_1_354' title='bbox 960 2961 1144 3040; x_wconf 88' lang='lat' dir='ltr'><strong>factis,</strong></span> <span class='ocrx_word' id='word_1_355' title='bbox 1170 2967 1436 3043; x_wconf 86' lang='lat' dir='ltr'><strong>exceptio</strong></span> <span class='ocrx_word' id='word_1_356' title='bbox 1464 2976 1552 3026; x_wconf 86' lang='lat' dir='ltr'><strong>est</strong></span> <span class='ocrx_word' id='word_1_357' title='bbox 1579 2971 1650 3027; x_wconf 76' lang='lat' dir='ltr'><strong>de</strong></span> <span class='ocrx_word' id='word_1_358' title='bbox 1676 2970 1794 3044; x_wconf 72' lang='lat' dir='ltr'><strong>leqe</strong></span> <span class='ocrx_word' id='word_1_359' title='bbox 1822 2965 1925 3026; x_wconf 89' lang='lat' dir='ltr'><strong>sed</strong></span> <span class='ocrx_word' id='word_1_360' title='bbox 1952 2985 2070 3025; x_wconf 90' lang='lat' dir='ltr'><strong>non</strong></span> <span class='ocrx_word' id='word_1_361' title='bbox 2088 2985 2161 3023; x_wconf 76' lang='lat' dir='ltr'><strong>ex</strong></span> <span class='ocrx_word' id='word_1_362' title='bbox 2186 2966 2303 3040; x_wconf 72' lang='lat' dir='ltr'><strong>{eye</strong></span> <span class='ocrx_word' id='word_1_363' title='bbox 2329 2961 2577 3038; x_wconf 88' lang='lat' dir='ltr'><strong>ideoque</strong></span> <span class='ocrx_word' id='word_1_364' title='bbox 2603 2957 2869 3017; x_wconf 83' lang='lat' dir='ltr'><strong>absurda.</strong></span> 
     </span>
    </p>

    <p class='ocr_par' dir='ltr' id='par_1_4' title="bbox 616 3038 3067 4560">
     <span class='ocr_line' id='line_1_34' title="bbox 712 3038 3043 3126; baseline -0 -30"><span class='ocrx_word' id='word_1_365' title='bbox 712 3038 822 3097; x_wconf 89' lang='lat' dir='ltr'><strong>IV.</strong></span> <span class='ocrx_word' id='word_1_366' title='bbox 883 3046 939 3098; x_wconf 89' lang='lat'><strong>2.</strong></span> <span class='ocrx_word' id='word_1_367' title='bbox 999 3043 1248 3104; x_wconf 89' lang='lat' dir='ltr'><strong>Accedit</strong></span> <span class='ocrx_word' id='word_1_368' title='bbox 1301 3055 1360 3106; x_wconf 88' lang='lat' dir='ltr'><strong>et</strong></span> <span class='ocrx_word' id='word_1_369' title='bbox 1427 3046 1575 3107; x_wconf 88' lang='lat' dir='ltr'><strong>illud</strong></span> <span class='ocrx_word' id='word_1_370' title='bbox 1628 3045 1787 3126; x_wconf 86' lang='lat' dir='ltr'><strong>quod</strong></span> <span class='ocrx_word' id='word_1_371' title='bbox 1840 3065 1955 3103; x_wconf 90' lang='lat' dir='ltr'><strong>non</strong></span> <span class='ocrx_word' id='word_1_372' title='bbox 2011 3053 2237 3104; x_wconf 88' lang='lat' dir='ltr'><strong>tantum</strong></span> <span class='ocrx_word' id='word_1_373' title='bbox 2292 3059 2491 3101; x_wconf 90' lang='lat' dir='ltr'><strong>omnes</strong></span> <span class='ocrx_word' id='word_1_374' title='bbox 2544 3038 2879 3116; x_wconf 82' lang='lat' dir='ltr'><strong>iniquitates</strong></span> <span class='ocrx_word' id='word_1_375' title='bbox 2936 3059 3043 3097; x_wconf 79' lang='lat' dir='ltr'><strong>ex·</strong></span> 
     </span>
     <span class='ocr_line' id='line_1_35' title="bbox 627 3115 3043 3203; baseline 0.001 -29"><span class='ocrx_word' id='word_1_376' title='bbox 627 3115 858 3193; x_wconf 81' lang='lat' dir='ltr'><strong>piandae</strong></span> <span class='ocrx_word' id='word_1_377' title='bbox 905 3120 1186 3200; x_wconf 87' lang='lat' dir='ltr'><strong>dicantur,</strong></span> <span class='ocrx_word' id='word_1_378' title='bbox 1219 3124 1322 3184; x_wconf 90' lang='lat' dir='ltr'><strong>sed</strong></span> <span class='ocrx_word' id='word_1_379' title='bbox 1369 3129 1736 3203; x_wconf 85' lang='lat' dir='ltr'><strong>peculiariter</strong></span> <span class='ocrx_word' id='word_1_380' title='bbox 1782 3125 1975 3185; x_wconf 87' lang='lat' dir='ltr'><strong>omnia</strong></span> <span class='ocrx_word' id='word_1_381' title='bbox 2016 3132 2385 3202; x_wconf 90' lang='lat' dir='ltr'><strong>peccatorum</strong></span> <span class='ocrx_word' id='word_1_382' title='bbox 2420 3119 2656 3179; x_wconf 91' lang='lat' dir='ltr'><strong>nomina</strong></span> <span class='ocrx_word' id='word_1_383' title='bbox 2694 3137 3043 3177; x_wconf 87' lang='lat' dir='ltr'><strong>recensean-</strong></span> 
     </span>
     <span class='ocr_line' id='line_1_36' title="bbox 627 3197 3051 3286; baseline 0.002 -33"><span class='ocrx_word' id='word_1_384' title='bbox 627 3205 740 3269; x_wconf 90' lang='lat' dir='ltr'><strong>tur,</strong></span> <span class='ocrx_word' id='word_1_385' title='bbox 797 3217 914 3258; x_wconf 91' lang='lat' dir='ltr'><strong>non</strong></span> <span class='ocrx_word' id='word_1_386' title='bbox 959 3201 1131 3260; x_wconf 85' lang='lat' dir='ltr'><strong>modo</strong></span> <span class='ocrx_word' id='word_1_387' title='bbox 1177 3214 1474 3280; x_wconf 89' lang='lat' dir='ltr'><strong>peccatum</strong></span> <span class='ocrx_word' id='word_1_388' title='bbox 1507 3221 1664 3270; x_wconf 61' lang='lat' dir='ltr'><strong>aazia</strong></span> <span class='ocrx_word' id='word_1_389' title='bbox 1692 3228 1795 3286; x_wconf 89' lang='lat' dir='ltr'><strong>per</strong></span> <span class='ocrx_word' id='word_1_390' title='bbox 1820 3225 2069 3264; x_wconf 89' lang='lat' dir='ltr'><strong>errorem</strong></span> <span class='ocrx_word' id='word_1_391' title='bbox 2110 3204 2444 3278; x_wconf 89' lang='lat' dir='ltr'><strong>admissum,</strong></span> <span class='ocrx_word' id='word_1_392' title='bbox 2476 3200 2581 3260; x_wconf 85' lang='lat' dir='ltr'><strong>scd</strong></span> <span class='ocrx_word' id='word_1_393' title='bbox 2606 3205 2666 3258; x_wconf 89' lang='lat' dir='ltr'><strong>et</strong></span> <span class='ocrx_word' id='word_1_394' title='bbox 2702 3197 2817 3257; x_wconf 88' lang='lat' dir='ltr'><strong>alia</strong></span> <span class='ocrx_word' id='word_1_395' title='bbox 2842 3199 3051 3258; x_wconf 88' lang='lat' dir='ltr'><strong>omnia</strong></span> 
     </span>
     <span class='ocr_line' id='line_1_37' title="bbox 629 3277 3049 3361; baseline 0.002 -28"><span class='ocrx_word' id='word_1_396' title='bbox 629 3294 760 3352; x_wconf 82' lang='lat' dir='ltr'><strong>quae</strong></span> <span class='ocrx_word' id='word_1_397' title='bbox 805 3277 914 3336; x_wconf 88' lang='lat' dir='ltr'><strong>sub</strong></span> <span class='ocrx_word' id='word_1_398' title='bbox 961 3281 1293 3342; x_wconf 87' lang='lat' dir='ltr'><strong>nominibus</strong></span> <span class='ocrx_word' id='word_1_399' title='bbox 1323 3301 1448 3354; x_wconf 67' lang='lat' dir='ltr'><strong>ann,</strong></span> <span class='ocrx_word' id='word_1_400' title='bbox 1481 3301 1637 3356; x_wconf 65' lang='lat' dir='ltr'><strong>rava,</strong></span> <span class='ocrx_word' id='word_1_401' title='bbox 1670 3282 1808 3360; x_wconf 48' lang='grc' dir='ltr'><strong>ἢν»,</strong></span> <span class='ocrx_word' id='word_1_402' title='bbox 1840 3301 2046 3361; x_wconf 55' lang='grc' dir='ltr'><strong>πψτη,</strong></span> <span class='ocrx_word' id='word_1_403' title='bbox 2105 3303 2258 3341; x_wconf 57' lang='lat' dir='ltr'><strong>nam</strong></span> <span class='ocrx_word' id='word_1_404' title='bbox 2287 3282 2545 3358; x_wconf 85' lang='lat' dir='ltr'><strong>veniunt,</strong></span> <span class='ocrx_word' id='word_1_405' title='bbox 2594 3277 2729 3338; x_wconf 83' lang='lat' dir='ltr'><strong>vide</strong></span> <span class='ocrx_word' id='word_1_406' title='bbox 2779 3277 2927 3337; x_wconf 86' lang='lat' dir='ltr'><strong>Lev.</strong></span> <span class='ocrx_word' id='word_1_407' title='bbox 2978 3299 3049 3339; x_wconf 77' lang='lat' dir='ltr'><strong>v.</strong></span> 
     </span>
     <span class='ocr_line' id='line_1_38' title="bbox 629 3356 3049 3444; baseline 0.002 -32"><span class='ocrx_word' id='word_1_408' title='bbox 629 3363 688 3413; x_wconf 91' lang='grc'><strong>61</strong></span> <span class='ocrx_word' id='word_1_409' title='bbox 729 3356 852 3415; x_wconf 86' lang='lat' dir='ltr'><strong>xvi.</strong></span> <span class='ocrx_word' id='word_1_410' title='bbox 905 3360 998 3434; x_wconf 89' lang='grc'><strong>16,</strong></span> <span class='ocrx_word' id='word_1_411' title='bbox 1040 3363 1136 3436; x_wconf 92' lang='lat'><strong>21,</strong></span> <span class='ocrx_word' id='word_1_412' title='bbox 1179 3361 1260 3421; x_wconf 82' lang='lat' dir='ltr'><strong>iv.</strong></span> <span class='ocrx_word' id='word_1_413' title='bbox 1285 3366 1340 3436; x_wconf 92' lang='lat'><strong>3,</strong></span> <span class='ocrx_word' id='word_1_414' title='bbox 1390 3365 1471 3421; x_wconf 84' lang='lat' dir='ltr'><strong>vi.</strong></span> <span class='ocrx_word' id='word_1_415' title='bbox 1492 3365 1546 3438; x_wconf 89' lang='lat'><strong>2,</strong></span> <span class='ocrx_word' id='word_1_416' title='bbox 1584 3369 1644 3420; x_wconf 85' lang='lat' dir='ltr'><strong>et</strong></span> <span class='ocrx_word' id='word_1_417' title='bbox 1664 3362 1805 3422; x_wconf 88' lang='lat' dir='ltr'><strong>alibi</strong></span> <span class='ocrx_word' id='word_1_418' title='bbox 1830 3363 2082 3444; x_wconf 89' lang='lat' dir='ltr'><strong>passim;</strong></span> <span class='ocrx_word' id='word_1_419' title='bbox 2114 3362 2241 3422; x_wconf 87' lang='lat' dir='ltr'><strong>istis</strong></span> <span class='ocrx_word' id='word_1_420' title='bbox 2260 3362 2413 3422; x_wconf 91' lang='lat' dir='ltr'><strong>enim</strong></span> <span class='ocrx_word' id='word_1_421' title='bbox 2440 3359 2685 3420; x_wconf 85' lang='lat' dir='ltr'><strong>vocibus</strong></span> <span class='ocrx_word' id='word_1_422' title='bbox 2712 3376 2880 3417; x_wconf 86' lang='lat' dir='ltr'><strong>nemo</strong></span> <span class='ocrx_word' id='word_1_423' title='bbox 2904 3379 3049 3418; x_wconf 88' lang='lat' dir='ltr'><strong>nes-</strong></span> 
     </span>
     <span class='ocr_line' id='line_1_39' title="bbox 628 3435 3049 3522; baseline 0.002 -29"><span class='ocrx_word' id='word_1_424' title='bbox 628 3435 708 3494; x_wconf 91' lang='lat' dir='ltr'><strong>cit</strong></span> <span class='ocrx_word' id='word_1_425' title='bbox 728 3437 1074 3515; x_wconf 85' lang='lat' dir='ltr'><strong>gravissima</strong></span> <span class='ocrx_word' id='word_1_426' title='bbox 1094 3449 1152 3500; x_wconf 90' lang='lat' dir='ltr'><strong>et</strong></span> <span class='ocrx_word' id='word_1_427' title='bbox 1167 3443 1418 3502; x_wconf 85' lang='lat' dir='ltr'><strong>maxime</strong></span> <span class='ocrx_word' id='word_1_428' title='bbox 1433 3441 1695 3503; x_wconf 89' lang='lat' dir='ltr'><strong>ultronea</strong></span> <span class='ocrx_word' id='word_1_429' title='bbox 1708 3454 1947 3522; x_wconf 87' lang='lat' dir='ltr'><strong>peccata</strong></span> <span class='ocrx_word' id='word_1_430' title='bbox 1966 3442 2276 3521; x_wconf 90' lang='lat' dir='ltr'><strong>designari,</strong></span> <span class='ocrx_word' id='word_1_431' title='bbox 2296 3463 2425 3520; x_wconf 86' lang='lat' dir='ltr'><strong>quae</strong></span> <span class='ocrx_word' id='word_1_432' title='bbox 2442 3460 2561 3500; x_wconf 89' lang='lat' dir='ltr'><strong>non</strong></span> <span class='ocrx_word' id='word_1_433' title='bbox 2576 3439 2729 3500; x_wconf 84' lang='lat' dir='ltr'><strong>facta</strong></span> <span class='ocrx_word' id='word_1_434' title='bbox 2750 3439 2867 3498; x_wconf 90' lang='lat' dir='ltr'><strong>sint</strong></span> <span class='ocrx_word' id='word_1_435' title='bbox 2882 3443 3049 3498; x_wconf 67' lang='grc' dir='ltr'><strong><em>ἄκοσ-</em></strong></span> 
     </span>
     <span class='ocr_line' id='line_1_40' title="bbox 627 3515 3049 3603; baseline 0.001 -28"><span class='ocrx_word' id='word_1_436' title='bbox 627 3519 740 3582; x_wconf 71' lang='grc' dir='ltr'><strong>σίος</strong></span> <span class='ocrx_word' id='word_1_437' title='bbox 771 3515 862 3598; x_wconf 84' lang='grc'><strong>(111</strong></span> <span class='ocrx_word' id='word_1_438' title='bbox 880 3518 1008 3580; x_wconf 82' lang='lat' dir='ltr'><strong>lxx.</strong></span> <span class='ocrx_word' id='word_1_439' title='bbox 1048 3531 1286 3583; x_wconf 80' lang='lat' dir='ltr'><strong>vertunt</strong></span> <span class='ocrx_word' id='word_1_440' title='bbox 1313 3523 1470 3602; x_wconf 91' lang='lat' dir='ltr'><strong>quod</strong></span> <span class='ocrx_word' id='word_1_441' title='bbox 1491 3521 1703 3582; x_wconf 88' lang='lat' dir='ltr'><strong>dicitur</strong></span> <span class='ocrx_word' id='word_1_442' title='bbox 1730 3523 1935 3603; x_wconf 55' lang='lat' dir='ltr'><strong>naz-15³0</strong></span> <span class='ocrx_word' id='word_1_443' title='bbox 1967 3524 2070 3583; x_wconf 90' lang='lat' dir='ltr'><strong>sed</strong></span> <span class='ocrx_word' id='word_1_444' title='bbox 2112 3522 2361 3582; x_wconf 86' lang='lat' dir='ltr'><strong>libenter</strong></span> <span class='ocrx_word' id='word_1_445' title='bbox 2386 3531 2445 3581; x_wconf 91' lang='lat' dir='ltr'><strong>et</strong></span> <span class='ocrx_word' id='word_1_446' title='bbox 2472 3541 2602 3582; x_wconf 88' lang='lat' dir='ltr'><strong>cum</strong></span> <span class='ocrx_word' id='word_1_447' title='bbox 2632 3519 2881 3599; x_wconf 88' lang='lat' dir='ltr'><strong>quadam</strong></span> <span class='ocrx_word' id='word_1_448' title='bbox 2912 3520 3049 3578; x_wconf 87' lang='lat' dir='ltr'><strong>ani-</strong></span> 
     </span>
     <span class='ocr_line' id='line_1_41' title="bbox 627 3596 3043 3682; baseline 0 -24"><span class='ocrx_word' id='word_1_449' title='bbox 627 3596 707 3658; x_wconf 88' lang='lat' dir='ltr'><strong>mi</strong></span> <span class='ocrx_word' id='word_1_450' title='bbox 733 3599 1058 3676; x_wconf 83' lang='lat' dir='ltr'><strong>pervicacia</strong></span> <span class='ocrx_word' id='word_1_451' title='bbox 1085 3609 1144 3662; x_wconf 89' lang='lat' dir='ltr'><strong>et</strong></span> <span class='ocrx_word' id='word_1_452' title='bbox 1191 3604 1461 3682; x_wconf 90' lang='lat' dir='ltr'><strong>superbia</strong></span> <span class='ocrx_word' id='word_1_453' title='bbox 1489 3625 1504 3680; x_wconf 98' lang='lat'>3</span> <span class='ocrx_word' id='word_1_454' title='bbox 1553 3603 1651 3662; x_wconf 91' lang='lat' dir='ltr'><strong>Sic</strong></span> <span class='ocrx_word' id='word_1_455' title='bbox 1694 3625 1801 3663; x_wconf 65' lang='lat' dir='ltr'><strong>nnn</strong></span> <span class='ocrx_word' id='word_1_456' title='bbox 1833 3612 2143 3681; x_wconf 89' lang='lat' dir='ltr'><strong>usurpatur</strong></span> <span class='ocrx_word' id='word_1_457' title='bbox 2192 3602 2335 3662; x_wconf 86' lang='lat' dir='ltr'><strong>Lev.</strong></span> <span class='ocrx_word' id='word_1_458' title='bbox 2386 3602 2553 3660; x_wconf 82' lang='lat' dir='ltr'><strong>xviii.</strong></span> <span class='ocrx_word' id='word_1_459' title='bbox 2602 3605 2700 3676; x_wconf 79' lang='lat'><strong>24,</strong></span> <span class='ocrx_word' id='word_1_460' title='bbox 2752 3598 2825 3658; x_wconf 87' lang='lat' dir='ltr'><strong>de</strong></span> <span class='ocrx_word' id='word_1_461' title='bbox 2864 3609 3043 3678; x_wconf 85' lang='lat' dir='ltr'><strong>petu-</strong></span> 
     </span>
     <span class='ocr_line' id='line_1_42' title="bbox 623 3677 3057 3759; baseline 0.001 -22"><span class='ocrx_word' id='word_1_462' title='bbox 623 3677 963 3741; x_wconf 87' lang='lat' dir='ltr'><strong>lantissimis</strong></span> <span class='ocrx_word' id='word_1_463' title='bbox 1006 3683 1347 3745; x_wconf 87' lang='lat' dir='ltr'><strong>libidinibus</strong></span> <span class='ocrx_word' id='word_1_464' title='bbox 1379 3685 1851 3759; x_wconf 67' lang='lat' dir='ltr'><strong>chananaeorum,</strong></span> <span class='ocrx_word' id='word_1_465' title='bbox 1898 3684 2110 3743; x_wconf 84' lang='lat' dir='ltr'><strong>Ezech.</strong></span> <span class='ocrx_word' id='word_1_466' title='bbox 2151 3682 2297 3743; x_wconf 86' lang='lat' dir='ltr'><strong>xxii.</strong></span> <span class='ocrx_word' id='word_1_467' title='bbox 2328 3685 2384 3759; x_wconf 90' lang='lat'><strong>3,</strong></span> <span class='ocrx_word' id='word_1_468' title='bbox 2431 3685 2487 3758; x_wconf 88' lang='grc'><strong>4,</strong></span> <span class='ocrx_word' id='word_1_469' title='bbox 2519 3681 2592 3740; x_wconf 86' lang='grc'><strong>116</strong></span> <span class='ocrx_word' id='word_1_470' title='bbox 2620 3679 2955 3739; x_wconf 86' lang='lat' dir='ltr'><strong>idololatria</strong></span> <span class='ocrx_word' id='word_1_471' title='bbox 2982 3693 3057 3740; x_wconf 84' lang='lat' dir='ltr'><strong>et</strong></span> 
     </span>
     <span class='ocr_line' id='line_1_43' title="bbox 621 3758 3057 3842; baseline 0 -26"><span class='ocrx_word' id='word_1_472' title='bbox 621 3758 704 3818; x_wconf 86' lang='lat' dir='ltr'><strong>ix.</strong></span> <span class='ocrx_word' id='word_1_473' title='bbox 764 3765 817 3838; x_wconf 88' lang='grc'><strong>7,</strong></span> <span class='ocrx_word' id='word_1_474' title='bbox 870 3762 942 3821; x_wconf 91' lang='lat' dir='ltr'><strong>de</strong></span> <span class='ocrx_word' id='word_1_475' title='bbox 986 3763 1345 3842; x_wconf 89' lang='lat' dir='ltr'><strong>homicidiis3</strong></span> <span class='ocrx_word' id='word_1_476' title='bbox 1410 3775 1510 3826; x_wconf 66' lang='grc'><strong>’1511</strong></span> <span class='ocrx_word' id='word_1_477' title='bbox 1551 3771 1715 3823; x_wconf 85' lang='lat' dir='ltr'><strong>notat</strong></span> <span class='ocrx_word' id='word_1_478' title='bbox 1769 3764 2283 3842; x_wconf 86' lang='lat' dir='ltr'><strong>pertinacissimam</strong></span> <span class='ocrx_word' id='word_1_479' title='bbox 2336 3761 2727 3836; x_wconf 89' lang='lat' dir='ltr'><strong>rebellionem,</strong></span> <span class='ocrx_word' id='word_1_480' title='bbox 2778 3762 2809 3818; x_wconf 91' lang='lat'><strong>1</strong></span> <span class='ocrx_word' id='word_1_481' title='bbox 2844 3759 3007 3837; x_wconf 79' lang='lat' dir='ltr'><strong>Reg.</strong></span> <span class='ocrx_word' id='word_1_482' title='bbox 3034 3785 3057 3838; x_wconf 91' lang='lat'>;</span> 
     </span>
     <span class='ocr_line' id='line_1_44' title="bbox 623 3841 3061 3921; baseline 0.002 -24"><span class='ocrx_word' id='word_1_483' title='bbox 623 3855 758 3898; x_wconf 65' lang='lat' dir='ltr'><strong>Nun</strong></span> <span class='ocrx_word' id='word_1_484' title='bbox 787 3843 958 3902; x_wconf 84' lang='lat' dir='ltr'><strong>vituli</strong></span> <span class='ocrx_word' id='word_1_485' title='bbox 1007 3845 1165 3904; x_wconf 90' lang='lat' dir='ltr'><strong>aurei</strong></span> <span class='ocrx_word' id='word_1_486' title='bbox 1209 3845 1611 3921; x_wconf 85' lang='lat' dir='ltr'><strong>idololatriam,</strong></span> <span class='ocrx_word' id='word_1_487' title='bbox 1659 3843 1851 3903; x_wconf 87' lang='lat' dir='ltr'><strong>Exod.</strong></span> <span class='ocrx_word' id='word_1_488' title='bbox 1896 3845 2085 3902; x_wconf 85' lang='lat' dir='ltr'><strong>xxxii.</strong></span> <span class='ocrx_word' id='word_1_489' title='bbox 2136 3845 2232 3916; x_wconf 86' lang='lat'><strong>31,</strong></span> <span class='ocrx_word' id='word_1_490' title='bbox 2279 3851 2338 3902; x_wconf 90' lang='lat' dir='ltr'><strong>et</strong></span> <span class='ocrx_word' id='word_1_491' title='bbox 2382 3843 2586 3921; x_wconf 78' lang='lat' dir='ltr'><strong>gravia</strong></span> <span class='ocrx_word' id='word_1_492' title='bbox 2640 3841 2741 3899; x_wconf 92' lang='lat' dir='ltr'><strong>illa</strong></span> <span class='ocrx_word' id='word_1_493' title='bbox 2792 3849 3061 3918; x_wconf 78' lang='lat' dir='ltr'><strong>peccata</strong></span> 
     </span>
     <span class='ocr_line' id='line_1_45' title="bbox 619 3919 3058 4004; baseline 0 -24"><span class='ocrx_word' id='word_1_494' title='bbox 619 3932 856 4002; x_wconf 88' lang='lat' dir='ltr'><strong>propter</strong></span> <span class='ocrx_word' id='word_1_495' title='bbox 881 3943 1010 4000; x_wconf 84' lang='lat' dir='ltr'><strong>quae</strong></span> <span class='ocrx_word' id='word_1_496' title='bbox 1037 3925 1296 3985; x_wconf 90' lang='lat' dir='ltr'><strong>immissa</strong></span> <span class='ocrx_word' id='word_1_497' title='bbox 1323 3935 1412 3986; x_wconf 90' lang='lat' dir='ltr'><strong>est</strong></span> <span class='ocrx_word' id='word_1_498' title='bbox 1433 3925 1741 4004; x_wconf 82' lang='lat' dir='ltr'><strong>captivitas</strong></span> <span class='ocrx_word' id='word_1_499' title='bbox 1768 3923 2145 4002; x_wconf 87' lang='lat' dir='ltr'><strong>Babylonica,</strong></span> <span class='ocrx_word' id='word_1_500' title='bbox 2178 3922 2390 3982; x_wconf 81' lang='lat' dir='ltr'><strong>Thren.</strong></span> <span class='ocrx_word' id='word_1_501' title='bbox 2414 3923 2451 3981; x_wconf 91' lang='lat' dir='ltr'><strong>i.</strong></span> <span class='ocrx_word' id='word_1_502' title='bbox 2476 3925 2511 3981; x_wconf 85' lang='lat'>8</span> <span class='ocrx_word' id='word_1_503' title='bbox 2536 3943 2551 3998; x_wconf 90' lang='lat'>3</span> <span class='ocrx_word' id='word_1_504' title='bbox 2582 3940 2653 3994; x_wconf 65' lang='lat' dir='ltr'><strong>pr</strong></span> <span class='ocrx_word' id='word_1_505' title='bbox 2684 3919 3058 3980; x_wconf 82' lang='lat' dir='ltr'><strong>maledicen-</strong></span> 
     </span>
     <span class='ocr_line' id='line_1_46' title="bbox 618 3999 3059 4082; baseline -0 -20"><span class='ocrx_word' id='word_1_506' title='bbox 618 4003 758 4062; x_wconf 88' lang='lat' dir='ltr'><strong>tiam</strong></span> <span class='ocrx_word' id='word_1_507' title='bbox 814 4003 1013 4081; x_wconf 83' lang='lat' dir='ltr'><strong>Simei&#39;,</strong></span> <span class='ocrx_word' id='word_1_508' title='bbox 1045 4010 1081 4063; x_wconf 96' lang='lat'><strong>2</strong></span> <span class='ocrx_word' id='word_1_509' title='bbox 1116 4007 1269 4065; x_wconf 86' lang='lat' dir='ltr'><strong>Sam.</strong></span> <span class='ocrx_word' id='word_1_510' title='bbox 1299 4007 1424 4065; x_wconf 82' lang='lat' dir='ltr'><strong>xix.</strong></span> <span class='ocrx_word' id='word_1_511' title='bbox 1455 4009 1550 4080; x_wconf 91' lang='lat'><strong>20,</strong></span> <span class='ocrx_word' id='word_1_512' title='bbox 1584 4005 1892 4082; x_wconf 89' lang='lat' dir='ltr'><strong>superbam</strong></span> <span class='ocrx_word' id='word_1_513' title='bbox 1918 4003 2407 4064; x_wconf 88' lang='lat' dir='ltr'><strong>enumerationem</strong></span> <span class='ocrx_word' id='word_1_514' title='bbox 2435 4001 2634 4081; x_wconf 90' lang='lat' dir='ltr'><strong>populi</strong></span> <span class='ocrx_word' id='word_1_515' title='bbox 2662 4019 2765 4080; x_wconf 88' lang='lat' dir='ltr'><strong>per</strong></span> <span class='ocrx_word' id='word_1_516' title='bbox 2808 3999 3059 4061; x_wconf 80' lang='lat' dir='ltr'><strong>David-</strong></span> 
     </span>
     <span class='ocr_line' id='line_1_47' title="bbox 619 4083 3063 4162; baseline -0.001 -20"><span class='ocrx_word' id='word_1_517' title='bbox 619 4103 710 4143; x_wconf 91' lang='lat' dir='ltr'><strong>em</strong></span> <span class='ocrx_word' id='word_1_518' title='bbox 740 4084 968 4160; x_wconf 84' lang='lat' dir='ltr'><strong>factam,</strong></span> <span class='ocrx_word' id='word_1_519' title='bbox 1005 4087 1034 4143; x_wconf 96' lang='lat'><strong>1</strong></span> <span class='ocrx_word' id='word_1_520' title='bbox 1069 4085 1258 4146; x_wconf 90' lang='lat' dir='ltr'><strong>Paral.</strong></span> <span class='ocrx_word' id='word_1_521' title='bbox 1283 4086 1406 4145; x_wconf 85' lang='lat' dir='ltr'><strong>xxi.</strong></span> <span class='ocrx_word' id='word_1_522' title='bbox 1457 4090 1512 4162; x_wconf 90' lang='lat'><strong>8,</strong></span> <span class='ocrx_word' id='word_1_523' title='bbox 1543 4095 1603 4144; x_wconf 90' lang='lat' dir='ltr'><strong>et</strong></span> <span class='ocrx_word' id='word_1_524' title='bbox 1630 4085 1691 4143; x_wconf 91' lang='lat' dir='ltr'><strong>in</strong></span> <span class='ocrx_word' id='word_1_525' title='bbox 1718 4105 1929 4162; x_wconf 86' lang='lat' dir='ltr'><strong>genere</strong></span> <span class='ocrx_word' id='word_1_526' title='bbox 1959 4105 2159 4144; x_wconf 90' lang='lat' dir='ltr'><strong>omnes</strong></span> <span class='ocrx_word' id='word_1_527' title='bbox 2186 4083 2689 4160; x_wconf 69' lang='lat' dir='ltr'><strong>praevaricationes</strong></span> <span class='ocrx_word' id='word_1_528' title='bbox 2724 4099 2854 4158; x_wconf 77' lang='lat' dir='ltr'><strong>quas</strong></span> <span class='ocrx_word' id='word_1_529' title='bbox 2900 4101 3063 4160; x_wconf 84' lang='lat' dir='ltr'><strong>cap-</strong></span> 
     </span>
     <span class='ocr_line' id='line_1_48' title="bbox 619 4163 3067 4244; baseline 0 -21"><span class='ocrx_word' id='word_1_530' title='bbox 619 4163 878 4224; x_wconf 86' lang='lat' dir='ltr'><strong>tivitates</strong></span> <span class='ocrx_word' id='word_1_531' title='bbox 907 4165 1098 4224; x_wconf 86' lang='lat' dir='ltr'><strong>varias</strong></span> <span class='ocrx_word' id='word_1_532' title='bbox 1115 4165 1176 4223; x_wconf 91' lang='lat' dir='ltr'><strong>in</strong></span> <span class='ocrx_word' id='word_1_533' title='bbox 1203 4166 1479 4244; x_wconf 90' lang='lat' dir='ltr'><strong>populum</strong></span> <span class='ocrx_word' id='word_1_534' title='bbox 1507 4165 1951 4240; x_wconf 85' lang='lat' dir='ltr'><strong>accersiverunt,</strong></span> <span class='ocrx_word' id='word_1_535' title='bbox 1978 4165 2129 4224; x_wconf 89' lang='lat' dir='ltr'><strong>Dan.</strong></span> <span class='ocrx_word' id='word_1_536' title='bbox 2158 4163 2239 4223; x_wconf 84' lang='lat' dir='ltr'><strong>ix.</strong></span> <span class='ocrx_word' id='word_1_537' title='bbox 2266 4166 2302 4222; x_wconf 85' lang='lat'>5</span> <span class='ocrx_word' id='word_1_538' title='bbox 2326 4185 2340 4240; x_wconf 91' lang='lat'>3</span> <span class='ocrx_word' id='word_1_539' title='bbox 2388 4164 2533 4223; x_wconf 89' lang='lat' dir='ltr'><strong>Cum</strong></span> <span class='ocrx_word' id='word_1_540' title='bbox 2562 4163 2633 4221; x_wconf 89' lang='grc' dir='ltr'><strong>Ε.</strong></span> <span class='ocrx_word' id='word_1_541' title='bbox 2662 4167 2904 4241; x_wconf 84' lang='lat' dir='ltr'><strong>peccata</strong></span> <span class='ocrx_word' id='word_1_542' title='bbox 2930 4182 3067 4239; x_wconf 87' lang='lat' dir='ltr'><strong>pro</strong></span> 
     </span>
     <span class='ocr_line' id='line_1_49' title="bbox 618 4241 3065 4321; baseline 0 -17"><span class='ocrx_word' id='word_1_543' title='bbox 618 4245 831 4321; x_wconf 89' lang='lat' dir='ltr'><strong>quibus</strong></span> <span class='ocrx_word' id='word_1_544' title='bbox 859 4245 1140 4304; x_wconf 88' lang='lat' dir='ltr'><strong>sacrificia</strong></span> <span class='ocrx_word' id='word_1_545' title='bbox 1186 4245 1572 4306; x_wconf 86' lang='lat' dir='ltr'><strong>offerebantur</strong></span> <span class='ocrx_word' id='word_1_546' title='bbox 1599 4245 1727 4304; x_wconf 90' lang='lat' dir='ltr'><strong>istis</strong></span> <span class='ocrx_word' id='word_1_547' title='bbox 1756 4245 2025 4305; x_wconf 90' lang='lat' dir='ltr'><strong>omnibus</strong></span> <span class='ocrx_word' id='word_1_548' title='bbox 2053 4243 2295 4305; x_wconf 84' lang='lat' dir='ltr'><strong>vocibus</strong></span> <span class='ocrx_word' id='word_1_549' title='bbox 2336 4242 2649 4303; x_wconf 86' lang='lat' dir='ltr'><strong>reddantur</strong></span> <span class='ocrx_word' id='word_1_550' title='bbox 2676 4249 2737 4302; x_wconf 90' lang='lat' dir='ltr'><strong>et</strong></span> <span class='ocrx_word' id='word_1_551' title='bbox 2763 4241 3065 4318; x_wconf 78' lang='lat' dir='ltr'><strong>nuspiam</strong></span> 
     </span>
     <span class='ocr_line' id='line_1_50' title="bbox 617 4320 3065 4404; baseline 0.001 -24"><span class='ocrx_word' id='word_1_552' title='bbox 617 4325 902 4384; x_wconf 88' lang='lat' dir='ltr'><strong>restrictio</strong></span> <span class='ocrx_word' id='word_1_553' title='bbox 951 4327 1028 4386; x_wconf 90' lang='lat' dir='ltr'><strong>sit</strong></span> <span class='ocrx_word' id='word_1_554' title='bbox 1055 4325 1332 4403; x_wconf 83' lang='lat' dir='ltr'><strong>adhibita,</strong></span> <span class='ocrx_word' id='word_1_555' title='bbox 1383 4326 1501 4386; x_wconf 90' lang='lat' dir='ltr'><strong>imo</strong></span> <span class='ocrx_word' id='word_1_556' title='bbox 1555 4345 1827 4404; x_wconf 85' lang='lat' dir='ltr'><strong>expresse</strong></span> <span class='ocrx_word' id='word_1_557' title='bbox 1856 4325 2201 4386; x_wconf 88' lang='lat' dir='ltr'><strong>extendatur</strong></span> <span class='ocrx_word' id='word_1_558' title='bbox 2231 4323 2641 4383; x_wconf 86' lang='lat' dir='ltr'><strong>sacrificiorum</strong></span> <span class='ocrx_word' id='word_1_559' title='bbox 2666 4320 2929 4398; x_wconf 86' lang='lat' dir='ltr'><strong>expiatio</strong></span> <span class='ocrx_word' id='word_1_560' title='bbox 2960 4325 3065 4383; x_wconf 81' lang='lat' dir='ltr'><strong>ad</strong></span> 
     </span>
     <span class='ocr_line' id='line_1_51' title="bbox 617 4401 3065 4484; baseline 0 -22"><span class='ocrx_word' id='word_1_561' title='bbox 617 4405 840 4478; x_wconf 84' lang='lat' dir='ltr'><strong>quaevis</strong></span> <span class='ocrx_word' id='word_1_562' title='bbox 868 4415 1120 4482; x_wconf 88' lang='lat' dir='ltr'><strong>peccata,</strong></span> <span class='ocrx_word' id='word_1_563' title='bbox 1145 4406 1412 4484; x_wconf 81' lang='lat' dir='ltr'><strong>injuriam</strong></span> <span class='ocrx_word' id='word_1_564' title='bbox 1430 4405 1629 4467; x_wconf 86' lang='lat' dir='ltr'><strong>fecerit</strong></span> <span class='ocrx_word' id='word_1_565' title='bbox 1660 4406 1899 4484; x_wconf 87' lang='lat' dir='ltr'><strong>Spiritui</strong></span> <span class='ocrx_word' id='word_1_566' title='bbox 1932 4408 2145 4467; x_wconf 89' lang='lat' dir='ltr'><strong>Sancto</strong></span> <span class='ocrx_word' id='word_1_567' title='bbox 2174 4405 2275 4484; x_wconf 90' lang='lat' dir='ltr'><strong>qui</strong></span> <span class='ocrx_word' id='word_1_568' title='bbox 2302 4403 2378 4464; x_wconf 85' lang='lat' dir='ltr'><strong>ad</strong></span> <span class='ocrx_word' id='word_1_569' title='bbox 2405 4403 2547 4463; x_wconf 89' lang='lat' dir='ltr'><strong>certi</strong></span> <span class='ocrx_word' id='word_1_570' title='bbox 2568 4401 2797 4481; x_wconf 89' lang='lat' dir='ltr'><strong>generis</strong></span> <span class='ocrx_word' id='word_1_571' title='bbox 2824 4421 3065 4479; x_wconf 82' lang='lat' dir='ltr'><strong>pecca—</strong></span> 
     </span>
     <span class='ocr_line' id='line_1_52' title="bbox 616 4485 2853 4560; baseline 0.01 -22"><span class='ocrx_word' id='word_1_572' title='bbox 616 4491 677 4538; x_wconf 91' lang='lat' dir='ltr'><strong>ta</strong></span> <span class='ocrx_word' id='word_1_573' title='bbox 704 4485 1052 4560; x_wconf 86' lang='lat' dir='ltr'><strong>restringere</strong></span> <span class='ocrx_word' id='word_1_574' title='bbox 1081 4487 1347 4546; x_wconf 86' lang='lat' dir='ltr'><strong>voluerit.</strong></span> <span class='ocrx_word' id='word_1_575' title='bbox 1800 4537 1805 4542; x_wconf 82' lang='lat'><strong>.</strong></span> <span class='ocrx_word' id='word_1_576' title='bbox 2846 4499 2853 4504; x_wconf 45' lang='lat'>⁶</span> 
     </span>
    </p>

    <p class='ocr_par' dir='ltr' id='par_1_5' title="bbox 615 4559 3067 4726">
     <span class='ocr_line' id='line_1_53' title="bbox 701 4559 3067 4644; baseline 0.001 -23"><span class='ocrx_word' id='word_1_577' title='bbox 701 4559 780 4619; x_wconf 86' lang='lat' dir='ltr'><strong>V.</strong></span> <span class='ocrx_word' id='word_1_578' title='bbox 825 4567 880 4623; x_wconf 85' lang='lat'><strong>3.</strong></span> <span class='ocrx_word' id='word_1_579' title='bbox 929 4565 1047 4624; x_wconf 89' lang='lat' dir='ltr'><strong>Scd</strong></span> <span class='ocrx_word' id='word_1_580' title='bbox 1093 4565 1297 4625; x_wconf 84' lang='lat' dir='ltr'><strong>fortius</strong></span> <span class='ocrx_word' id='word_1_581' title='bbox 1341 4565 1528 4625; x_wconf 90' lang='lat' dir='ltr'><strong>adhuc</strong></span> <span class='ocrx_word' id='word_1_582' title='bbox 1577 4566 1640 4625; x_wconf 92' lang='lat' dir='ltr'><strong>id</strong></span> <span class='ocrx_word' id='word_1_583' title='bbox 1680 4567 1969 4627; x_wconf 86' lang='lat' dir='ltr'><strong>evincitur</strong></span> <span class='ocrx_word' id='word_1_584' title='bbox 2010 4587 2086 4627; x_wconf 87' lang='lat' dir='ltr'><strong>ex</strong></span> <span class='ocrx_word' id='word_1_585' title='bbox 2130 4563 2411 4644; x_wconf 89' lang='lat' dir='ltr'><strong>peculiari</strong></span> <span class='ocrx_word' id='word_1_586' title='bbox 2440 4562 2870 4622; x_wconf 85' lang='lat' dir='ltr'><strong>enumeratione</strong></span> <span class='ocrx_word' id='word_1_587' title='bbox 2900 4581 3067 4640; x_wconf 83' lang='lat' dir='ltr'><strong>pec-</strong></span> 
     </span>
     <span class='ocr_line' id='line_1_54' title="bbox 615 4642 3065 4726; baseline 0.002 -26"><span class='ocrx_word' id='word_1_588' title='bbox 615 4650 874 4702; x_wconf 87' lang='lat' dir='ltr'><strong>catorum</strong></span> <span class='ocrx_word' id='word_1_589' title='bbox 903 4643 1192 4703; x_wconf 85' lang='lat' dir='ltr'><strong>variorum</strong></span> <span class='ocrx_word' id='word_1_590' title='bbox 1219 4666 1322 4723; x_wconf 90' lang='lat' dir='ltr'><strong>pro</strong></span> <span class='ocrx_word' id='word_1_591' title='bbox 1351 4645 1562 4723; x_wconf 89' lang='lat' dir='ltr'><strong>quibus</strong></span> <span class='ocrx_word' id='word_1_592' title='bbox 1610 4646 1892 4706; x_wconf 83' lang='lat' dir='ltr'><strong>sacrificia</strong></span> <span class='ocrx_word' id='word_1_593' title='bbox 1920 4648 2145 4726; x_wconf 84' lang='lat' dir='ltr'><strong>privata</strong></span> <span class='ocrx_word' id='word_1_594' title='bbox 2184 4643 2453 4705; x_wconf 88' lang='lat' dir='ltr'><strong>instituta</strong></span> <span class='ocrx_word' id='word_1_595' title='bbox 2478 4642 2745 4721; x_wconf 81' lang='lat' dir='ltr'><strong>legimus,</strong></span> <span class='ocrx_word' id='word_1_596' title='bbox 2776 4661 2845 4703; x_wconf 88' lang='lat' dir='ltr'><strong>ea</strong></span> <span class='ocrx_word' id='word_1_597' title='bbox 2874 4644 3065 4706; x_wconf 81' lang='lat' dir='ltr'><strong>enim</strong></span> 
     </span>
    </p>
   </div>
  </div>
 </body>
</html>
