3234 5192
281 367 506 412 Disrur.
539 345 720 428 πίνη]
887 367 962 406 nr:
994 366 1472 408 sarisracnoxis
1503 365 1740 407 cumsrr
1770 363 2089 404 venirars.
2565 343 2681 399 545

273 529 446 571 sonus
501 509 578 568 ad
634 508 824 566 Eliam
879 507 1142 586 proxime
1205 507 1486 566 accedens
1542 507 1777 583 evincit,
1835 505 1989 566 unde
2047 513 2277 581 sumpta
2330 511 2419 561 est
2474 501 2683 560 acerba

273 591 371 649 illa
407 589 810 668 paronomasia
856 588 1151 646 irrisorum
1201 589 1432 663 Christi,
1493 588 1594 665 qui
1658 608 1733 646 ex
1778 587 2028 645 dictione
2079 585 2175 642 Eli
2230 582 2528 641 materiam
2585 601 2679 638 su-

271 672 502 730 mebant
532 670 824 728 Christum
873 668 1262 726 calumniandi
1309 688 1376 726 ac
1426 669 1476 726 si
1513 667 1742 745 abjecta
1771 667 1981 725 fiducia
2007 666 2069 723 in
2106 665 2288 722 Deum
2318 669 2680 721 converteret

274 769 334 809 se
382 750 457 809 ad
503 757 734 808 sanctos
766 749 1097 807 demortuos
1126 756 1185 807 et
1231 749 1545 825 praesertim
1574 748 1781 821 Eliam,
1832 747 2013 804 Marc.
2044 765 2143 802 xv.
2176 745 2271 802 35.
2358 742 2501 801 Ideo
2530 741 2680 799 veri·

274 831 456 889 simile
485 839 575 889 est
619 829 679 887 in
733 828 972 905 Syriaca
1014 829 1280 887 versione
1309 848 1438 906 quae
1470 824 1588 886 '⁸³³3
1618 826 1737 885 ’ῆικ
1766 819 1941 884 habet
1966 824 2347 902 transpositas
2394 842 2521 882 esse
2548 819 2676 879 lite·

271 931 379 986 ras,
411 917 472 969 et
498 907 656 987 quod
685 908 774 966 *διε
807 909 1082 986 scriptum
1130 908 1317 967 fuerat
1365 915 1647 966 mutatum
1697 907 1874 964 fuisse
1905 907 1963 964 in
1993 903 2129 979 27-8,
2161 903 2295 962 inde
2324 911 2461 961 nato
2490 921 2679 960 errore

273 990 428 1068 quod
457 990 544 1047 *bs
575 989 769 1047 minus
815 987 979 1065 Syris
1007 997 1162 1047 esset
1203 997 1444 1047 notum:
1489 987 1693 1064 Neque
1734 987 1899 1045 aliter
1938 987 2213 1062 scriptum
2258 983 2435 1042 fuisse
2464 1003 2499 1040 a
2531 982 2679 1058 Syro

273 1070 485 1129 indicio
533 1077 622 1128 est
667 1068 846 1145 ipsius
890 1069 1283 1145 interpretatio
1331 1067 1486 1145 apud
1532 1067 1795 1126 Marcum
1837 1086 1966 1143 quae
1993 1066 2169 1125 habet
2190 1063 2315 1122 *³⁹³⁸
2347 1083 2479 1122 cum
2507 1061 2680 1121 affixo

273 1151 472 1228 primae
501 1167 778 1225 personis,
807 1148 962 1206 unde
991 1167 1106 1206 non
1135 1149 1284 1206 male
1319 1147 1563 1206 Drusius
1604 1147 1665 1204 in
1693 1154 1919 1205 textum
1953 1147 2254 1224 Syriacum
2286 1145 2373 1204 *²2⁸
2401 1162 2681 1221 reponen-

275 1229 414 1288 dum
443 1248 570 1286 esse
600 1227 816 1302 statuit,
848 1228 1114 1304 quamvis
1143 1227 1329 1286 Ludo,
1361 1227 1433 1285 de
1465 1227 1616 1286 Dieu
1646 1226 1994 1284 contrarium
2024 1227 2252 1285 sentiat.

357 1308 437 1366 V.
488 1306 607 1366 Sed
633 1327 836 1384 parum
867 1309 1104 1366 interest
1131 1307 1419 1385 quomodo
1447 1307 1657 1383 legerit
1682 1314 1783 1365 aut
1825 1306 2116 1383 scripserit
2142 1307 2266 1364 haec
2296 1313 2395 1364 aut
2423 1303 2523 1363 illa
2551 1323 2677 1362 ver-

277 1387 379 1460 si0‚
411 1407 543 1446 cum
573 1394 770 1445 textus
800 1386 1040 1446 Graecus
1069 1387 1431 1464 Evangelist.
1474 1387 2001 1464 interpretationem
2046 1386 2317 1464 subjiciat
2344 1404 2378 1443 a
2418 1403 2533 1462 qua
2560 1383 2679 1442 dis-

275 1468 478 1527 cedere
501 1476 588 1525 est
610 1465 788 1540 nefas,
817 1465 914 1523 Θὲε
934 1487 1053 1542 μου,
1083 1469 1180 1524 Θὲε
1208 1487 1326 1542 μου,
1353 1469 1434 1523 ἵνα.
1463 1489 1512 1523 τι
1537 1489 1608 1537 με
1632 1468 2021 1544 ἐγκατέλιπες;
2054 1465 2387 1524 Videndum
2410 1481 2550 1542 ergo
2578 1485 2680 1542 po-

276 1548 390 1607 tius
437 1545 766 1624 cujusmodi
811 1546 981 1606 fuerit
1025 1547 1142 1606 ista·
1180 1547 1420 1606 desertio
1468 1547 1540 1607 de
1590 1565 1706 1624 qua
1752 1555 1871 1605 tam
1908 1545 2265 1605 lamentabili
2314 1546 2683 1622 conqueritur

278 1647 435 1687 voce.
481 1627 690 1704 ‘Neque
717 1627 826 1684 hoc
857 1625 1192 1688 difficultate
1222 1628 1389 1706 gravi
1417 1647 1608 1686 carere
1640 1625 1885 1702 videtur,
1918 1647 2032 1704 quo
2069 1627 2303 1685 tandem
2332 1626 2486 1684 enim
2514 1633 2682 1702 pacto

277 1707 438 1766 Deus
468 1707 760 1766 Christum
788 1705 1110 1767 deseruisse
1133 1708 1248 1767 dici
1275 1717 1467 1786 potest
1493 1708 1589 1767 vel
1620 1707 1885 1766 Christus
1912 1727 1947 1764 a
1978 1707 2103 1765 Deo
2132 1705 2394 1766 desertus
2422 1707 2522 1782 qui
2550 1705 2682 1764 inti-

279 1807 370 1846 me
409 1795 468 1846 et
511 1786 829 1845 arctissime
883 1787 972 1845 illi
1013 1789 1212 1848 unitus
1240 1789 1348 1849 fuit
1377 1789 1647 1865 semper?
1689 1787 1894 1846 Nonne
1925 1788 2219 1851 ἀδιάλυτος
2246 1787 2355 1844 fuit
2375 1785 2589 1844 divinae
2627 1793 2687 1845 et

277 1867 542 1924 humanae
571 1875 791 1925 naturae
820 1869 1168 1945 conjunctiO,
1199 1889 1390 1928 nonne
1415 1869 1600 1927 Filius
1630 1866 1739 1926 fuit
1780 1887 2005 1946 semper
2026 1869 2085 1926 in
2118 1867 2303 1940 Patre,
2336 1875 2397 1924 et
2426 1865 2600 1925 Pater
2625 1865 2687 1924 in

281 1945 476 2004 Filio?
506 1955 570 2003 ut
599 1947 720 2024 ipse
750 1954 1010 2023 testatur,
1035 1949 1078 2007 J
1082 1949 1175 2007 oh.
1205 1949 1328 2007 xiv.
1357 1951 1447 2024 11,
1474 1951 1569 2006 20.
1602 1948 1817 2006 Fateor
1842 1947 2185 2006 altissimum
2208 1945 2318 2005 hoc
2349 1945 2685 2022 mysterium

277 2026 604 2085 intellectus
631 2026 814 2083 nostri
842 2035 1073 2102 captum
1099 2028 1436 2104 longissime
1459 2046 1745 2104 superare,
1777 2035 1843 2084 ut
1869 2027 1963 2084 hic
1994 2027 2043 2083 si
2070 2028 2294 2101 uspiam
2322 2025 2461 2082 alibi
2492 2043 2689 2102 sapere

281 2125 390 2164 nos
417 2105 620 2163 deceat
647 2103 723 2162 ad
751 2105 1134 2180 sobrietatem,
1168 2115 1226 2165 et
1251 2109 1424 2182 longe
1448 2107 1626 2164 tutior
1653 2105 1729 2164 sit
1758 2105 1927 2162 docta
1955 2105 2281 2180 ignorantia
2308 2123 2479 2179 quam
2510 2114 2686 2162 teme·

277 2185 428 2243 raria
455 2184 710 2242 scientiae
737 2184 1126 2261 praesumptio.
1211 2185 1344 2244 Non
1373 2205 1464 2244 me
1491 2186 1635 2244 latet
1662 2185 1837 2242 etiam
1876 2183 2010 2241 hinc
2039 2183 2173 2241 inde
2201 2181 2689 2259 periculosissima

278 2263 596 2342 praecipitia
624 2281 936 2339 occurrere,
970 2283 1040 2322 ne
1073 2265 1362 2324 Christum
1387 2267 1480 2324 vel
1509 2285 1584 2323 ex
1605 2263 1771 2342 vulgi
1790 2263 2055 2340 opinione
2085 2263 2271 2341 magis
2300 2283 2473 2340 quam
2502 2283 2577 2322 ex
2604 2263 2689 2321 rei

275 2344 521 2402 veritate
543 2342 799 2402 locutum
817 2342 1234 2420 existimemus,
1259 2346 1371 2420 vel,
1399 2345 1447 2404 si
1466 2367 1538 2404 ex
1568 2344 1815 2423 propriae
1837 2343 2181 2403 calamitatis
2212 2363 2385 2402 sensu
2413 2343 2683 2421 loquitur,

278 2424 613 2501 desperasse
637 2431 694 2480 et
723 2421 794 2480 de
818 2422 1001 2482 salute
1031 2425 1327 2484 dubitasse
1355 2427 1714 2485 arbitremur.
1746 2425 1895 2500 Quia
1913 2433 2105 2483 tamen
2126 2423 2441 2482 maximum
2465 2423 2689 2484 afflictae

283 2503 652 2564 conscientiae
681 2503 936 2562 solamen
957 2505 1106 2564 bene
1129 2507 1421 2566 intellecta
1437 2507 1562 2564 haec
1586 2505 1801 2565 Christi
1824 2505 2005 2564 oratio
2025 2503 2225 2564 afferre
2254 2512 2460 2582 potest,
2492 2505 2689 2562 videa·

279 2605 409 2643 mus
438 2584 578 2662 quid
607 2584 714 2642 hac
743 2583 803 2641 in
831 2595 992 2661 parte
1016 2586 1376 2646 sentiendum
1421 2588 1512 2662 sit,
1544 2595 1603 2646 et
1630 2586 1814 2646 facem
1843 2585 2007 2644 verbi
2036 2585 2219 2644 divini
2250 2584 2417 2644 nobis
2438 2585 2692 2644 allucen-

280 2674 398 2723 tem
427 2673 734 2741 sequentes
761 2683 864 2741 pro
895 2663 1050 2724 virili
1077 2667 1188 2726 hoc
1216 2667 1505 2744 explicare
1536 2667 1961 2744 aggrediamur.
2008 2665 2171 2724 Utin
2194 2665 2319 2723 Deo
2336 2665 2463 2722 haec
2490 2665 2688 2742 praeci·

281 2764 394 2822 pue
421 2744 773 2802 attendimus
815 2747 874 2800 τὸ
901 2742 1052 2822 ἅγιον
1094 2751 1192 2802 κα)
1235 2749 1292 2803 τὸ
1330 2749 1594 2825 μακάριον
1631 2747 1979 2804 sanctitatem
2007 2751 2065 2802 et
2087 2745 2435 2819 felicitatem,
2467 2745 2549 2802 ita
2575 2743 2691 2802 duo

282 2826 407 2882 haec
435 2833 711 2882 creaturan
759 2825 1044 2896 rationali,
1076 2845 1249 2902 quam
1297 2827 1468 2884 beare
1517 2825 1663 2895 vult,
1696 2823 2118 2882 communicare
2148 2823 2312 2894 solet,
2344 2825 2689 2880 sanctitatem

281 2924 410 2980 quse
439 2903 499 2960 in
527 2903 681 2960 bono
709 2903 928 2975 Ethico,
943 2905 1274 2976 felicitatem
1303 2925 1432 2982 quae
1460 2905 1520 2962 in
1535 2905 1767 2980 physico
1795 2911 2073 2975 versatur,
2102 2903 2449 2959 sanctitatem
2478 2901 2535 2957 in
2559 2921 2687 2977 gra-

283 2983 382 3050 tia,
397 2981 729 3056 felicitatem
773 2981 835 3037 in
876 2982 1078 3056 gloria.
1147 2984 1239 3042 Ita
1265 2991 1456 3042 autem
1485 2984 1610 3040 hoee
1640 2983 1755 3041 duo
1784 2989 2114 3058 comparata
2142 2989 2276 3039 suut
2302 2990 2368 3040 ut
2395 2997 2687 3057 nunquam

282 3061 616 3119 felicitatem
643 3067 702 3116 et
731 3060 972 3135 gloriam
1002 3062 1102 3121 det
1130 3063 1252 3121 sine
1281 3063 1602 3136 sanctitate,
1634 3063 1771 3139 quia
1826 3061 1947 3120 sine
1997 3062 2301 3119 sanctitate
2329 3077 2498 3120 nemo
2527 3061 2686 3120 vide·

283 3141 372 3199 bit
405 3141 608 3212 Deum,
644 3138 798 3197 Heb.
828 3139 931 3198 xii.
967 3144 1061 3211 14,
1096 3141 1211 3200 Sed
1234 3142 1544 3220 aliquando
1564 3143 1927 3200 sanctitatem
1950 3139 2231 3217 largiatur
2258 3141 2379 3200 sine
2398 3140 2687 3216 felicitate,

285 3239 416 3280 cum
445 3219 716 3276 nimirum
745 3227 1062 3279 creaturam
1092 3222 1166 3280 ad
1194 3222 1429 3299 aliquod
1457 3231 1687 3300 tempus
1729 3222 1835 3280 sub
1866 3220 2051 3280 crucis
2081 3229 2137 3280 et
2176 3221 2519 3281 calamitatis
2547 3237 2688 3299 pon-

284 3301 422 3360 dere
451 3300 578 3358 vult
605 3300 878 3359 exerceri.
925 3299 1115 3375 Quum
1144 3321 1283 3380 ergo
1317 3303 1475 3362 Deus
1503 3303 1600 3360 vel
1630 3311 1947 3380 utramque,
1979 3302 2077 3360 vel
2105 3303 2437 3367 alterutram
2468 3312 2689 3362 creatu-

283 3401 362 3439 ree
393 3380 694 3454 subtrahit,
747 3387 870 3439 tum
899 3401 1026 3439 eam
1067 3381 1330 3446 deserere
1359 3383 1562 3442 merito
1591 3382 1818 3444 dicitur.
1865 3379 2094 3442 Christo
2124 3393 2313 3446 autem
2345 3384 2691 3461 denegatam

282 3461 462 3519 fuisse
489 3461 836 3519 sanctitatem
867 3461 1074 3538 impius
1103 3471 1192 3522 est
1219 3464 1318 3540 qui
1347 3463 1576 3538 dixerit,
1602 3483 1731 3522 cum
1755 3463 2151 3522 sanctissimus
2168 3464 2339 3524 fuerit
2357 3483 2597 3542 semper,
2618 3465 2693 3522 ab

286 3542 442 3599 omni
465 3541 686 3617 peccati
706 3541 836 3600 labe
859 3542 954 3599 vel
976 3543 1264 3602 consortio
1285 3545 1574 3609 immunis,
1597 3543 1855 3622 fidesque
1885 3552 1944 3603 et
1971 3544 2220 3603 charitas
2248 3545 2408 3603 absol
2417 3543 2693 3602 utissimae

283 3621 346 3679 in
373 3641 441 3679 eo
470 3621 682 3678 fuerint
709 3622 976 3680 omnibus
1003 3624 1275 3684 numeris,
1321 3625 1526 3702 Itaque
1555 3624 1891 3684 derelictum
1921 3624 2099 3683 fuisse
2128 3633 2350 3683 tantum
2381 3623 2571 3701 quoad
2596 3629 2690 3696 Je-

287 3701 548 3758 licitatem
579 3708 636 3758 et
665 3701 905 3777 gloriam
935 3721 1170 3762 necesse
1199 3711 1304 3778 est,
1336 3715 1620 3781 quatenus
1650 3703 1725 3761 ad
1767 3706 1941 3763 breve
1972 3705 2245 3781 temporis
2274 3705 2521 3781 spatium
2550 3723 2689 3780 gau-

285 3780 446 3840 dium
475 3778 623 3838 illud
643 3783 1010 3848 ἀνεκλάλητον
1025 3791 1084 3841 et
1114 3783 1429 3844 radiantem
1464 3785 1707 3862 gloriam
1730 3805 1845 3861 qua
1862 3785 2201 3844 coruscabat
2223 3784 2510 3843 subtraxit
2530 3784 2692 3844 Deus

285 3868 353 3919 ut
379 3859 480 3918 irae
510 3877 628 3917 suae
657 3862 824 3920 nobis
853 3863 1237 3923 incumbentis
1265 3865 1492 3942 pondus
1521 3864 1771 3941 experiri
1797 3873 2011 3943 posset.

369 3939 480 3996 VI.
530 3938 646 3997 Sed
672 3949 738 3998 ut
764 3942 992 4018 plenius
1019 3963 1113 4003 res
1153 3953 1277 4003 tota
1306 3954 1704 4022 cognoscatur,
1730 3945 2155 4004 observandum
2185 3950 2275 4004 est
2301 3944 2477 4001 variis
2506 3944 2693 4003 modis

290 4019 585 4077 Christum
616 4019 743 4078 Deo
771 4022 1102 4097 adhaesisse,
1123 4045 1252 4099 qnae
1275 4025 1507 4084 fuerunt
1533 4024 1777 4084 totidem
1796 4025 2027 4084 vincula
2054 4025 2223 4084 istius
2250 4023 2529 4082 mirabilis
2559 4043 2694 4083 con-

277 4099 632 4174 junctionis:
657 4102 707 4156 1.
731 4101 944 4173 Primo,
965 4104 1072 4163 fuit
1102 4104 1249 4163 Unio
1267 4114 1488 4163 naturae
1505 4113 1790 4182 quatenus
1812 4125 1925 4163 non
1950 4105 2121 4163 modo
2140 4124 2243 4181 per
2257 4105 2517 4162 intimam
2537 4105 2695 4163 illam

287 4181 702 4256 imgexoigmw
725 4180 880 4240 filius
910 4186 1076 4243 estin
1104 4185 1292 4258 Patre,
1327 4185 1500 4244 Pater
1525 4185 1785 4244 vicissim
1827 4185 1887 4243 in
1914 4185 2052 4260 filio,
2084 4184 2128 4243 J
2132 4185 2223 4243 oh.
2254 4201 2313 4242 x.
2346 4187 2440 4258 30,
2473 4185 2533 4242 in
2566 4185 2692 4246 S.S.

287 4257 588 4316 Trinitatis
615 4263 912 4336 mysteriO,
945 4265 1047 4322 sed
1076 4271 1134 4322 et
1159 4265 1438 4324 beneficio
1482 4264 1891 4324 incarnationis
1910 4265 1971 4322 in
1991 4285 2164 4323 unam
2193 4263 2547 4342 eandemque
2569 4275 2715 4343 per-'

285 4357 486 4398 sonam
515 4339 846 4400 humanitas
868 4363 998 4401 cum
1029 4345 1332 4404 divinitate
1352 4345 1581 4417 coaluit,
1604 4365 1735 4404 cum
1760 4346 2083 4404 Immanuel
2104 4345 2291 4402 factus
2312 4354 2417 4404 est.
2454 4349 2510 4406 2.
2530 4345 2692 4406 Com-

289 4419 480 4478 munia
508 4421 721 4478 amor-is
743 4443 858 4500 quo
880 4422 1052 4483 Pater
1073 4425 1474 4502 complectitur
1493 4425 1707 4484 Filium
1730 4435 1789 4484 et
1810 4426 1993 4483 Filius
2012 4424 2267 4482 vicissim
2293 4423 2541 4502 Patrem,
2556 4426 2600 4485 J
2604 4427 2698 4486 oh.

285 4498 367 4558 iii.
399 4503 494 4572 35,
545 4501 580 4532 “
609 4500 780 4561 Pater
806 4513 960 4562 amat
989 4504 1170 4564 filium
1189 4515 1248 4564 et
1275 4507 1466 4565 omnia
1494 4505 1657 4566 dedit
1686 4507 1743 4564 in
1763 4525 1971 4566 manus
1998 4505 2179 4583 ejus.'’
2226 4507 2280 4568 3.
2308 4505 2696 4566 Communica-

285 4579 362 4638 tio
389 4580 717 4657 sanctitatis,
749 4603 881 4641 nam
909 4585 1118 4662 plenus
1145 4587 1254 4645 fuit
1282 4587 1468 4664 gratia
1496 4597 1562 4648 et·
1585 4587 1844 4662 veritate,
1874 4607 1983 4646 nec
2014 4585 2322 4645 admensus
2350 4594 2439 4646 est
2468 4586 2555 4646 illi
2582 4589 2695 4666 spi-

283 4659 458 4719 ritum
493 4661 684 4739 Pater,
719 4663 822 4722 sed
852 4666 1094 4742 ἀμέτρως
1143 4667 1200 4724 in
1232 4667 1394 4726 illum
1425 4667 1575 4727 dona
1605 4689 1711 4732 sua
1739 4677 1797 4728 et
1826 4670 2043 4748 gratias
2072 4665 2291 4749 effudit,
2322 4669 2365 4727 J
2369 4667 2462 4726 oh.
2498 4668 2576 4725 iii.
2602 4674 2696 4744 34,

2254 4753 2289 4808 2
2334 4769 2377 4810 n
