3234 5192
336 349 569 392 msru'r.
600 329 715 414 x1.]
902 351 981 392 nn
1008 350 1213 392 sauss
1223 349 1495 394 Ac‘rroms
1522 349 1766 394 cuntem
1797 351 2212 394 secessurus.
2641 339 2758 398 391

336 499 399 551 et
423 490 553 551 Jos.
583 491 749 550 xxiv.
782 489 873 568 19,
928 494 965 526 ‘⁴
988 492 1121 552 Non
1169 491 1413 570 potestis
1438 491 1629 552 colere
1676 491 2028 568 Jehovam,”
2081 491 2330 572 (scilicet
2365 493 2528 555 cultu
2574 494 2613 551 h
2697 515 2759 556 0-

336 570 565 651 critico)
600 573 635 605 “
656 571 795 650 quia
824 571 987 632 Deus
1014 571 1413 632 sanctissimus
1440 580 1547 648 est,
1581 572 1744 632 Deus
1771 571 1954 650 fortis,
1977 573 2212 648 zelotes,
2243 591 2364 632 non
2403 573 2548 635 feret
2569 573 2642 634 de
2667 596 2760 636 ec—

336 652 553 710 tionem
580 661 833 710 vestram
862 660 921 712 et
946 661 1185 730 peccata
1209 652 1461 712 vestra.”
1506 651 1664 727 Quid
1687 651 1849 712 aliud
1888 653 2105 714 Paulus
2133 672 2265 713 cum
2293 661 2553 731 testatur,
2586 655 2756 717 Rom.

336 732 377 790 i.
410 734 503 808 18,
558 733 595 764 “
617 730 825 792 Patere
860 732 1007 790 iram
1036 733 1150 794 Dei
1190 753 1225 793 e
1252 733 1400 792 coelo
1434 731 1714 792 adversus
1761 751 1992 792 omnem
2044 733 2398 812 impietatem
2441 743 2502 794 et
2527 735 2754 813 injusti-

336 812 477 870 tiam
504 812 856 886 hominum,’'
884 819 945 872 et
984 831 1105 872 ver.
1136 815 1232 888 32,
1268 815 1304 846 “
1329 811 1605 889 Singulos
1654 811 1716 872 in
1751 812 2122 874 conscientiis
2149 813 2270 874 suis
2291 815 2590 874 convictos
2607 835 2751 894 esse,

336 891 449 951 hoc
476 911 604 954 esse
636 892 749 950 Dei
774 889 1029 968 δικαίωμα
1056 891 1215 972 qnod
1242 892 1345 970 qui
1370 891 1511 952 talia
1550 890 1772 952 faciunt
1798 891 1964 969 digni
1991 901 2128 954 sunt
2163 894 2402 954 morte.'’
2487 895 2754 974 Demque

334 991 409 1032 ne
436 971 605 1050 plura
630 972 725 1032 hic
752 991 1150 1050 congeramus,
1177 971 1463 1034 Dominus
1490 971 1615 1049 ipse
1641 979 1996 1049 protestatur
2023 973 2232 1050 saepius
2263 976 2384 1034 “se
2401 973 2608 1036 fortem
2625 995 2752 1036 esse

336 1059 397 1111 et
423 1053 669 1114 zelotem
696 1053 797 1129 qui
822 1053 1159 1112 nullomodo
1187 1051 1455 1113 absolvat
1481 1059 1724 1128 sontem,
1755 1051 1860 1114 sed
1886 1052 2088 1114 visitet
2113 1053 2477 1132 iniquitatem
2523 1065 2752 1134 patrum

336 1131 399 1192 in
424 1131 629 1208 filios,”
659 1131 851 1192 Exod.
880 1153 1007 1211 cap.
1036 1153 1139 1192 xx.
1170 1136 1226 1208 5,
1256 1140 1316 1192 et
1340 1131 1550 1192 xxxiv.
1582 1135 1640 1192 7.

418 1211 576 1270 XX.
620 1211 821 1271 Posita
846 1221 1039 1273 autem
1068 1213 1247 1272 semel
1272 1212 1383 1272 hac
1428 1212 1491 1270 in
1540 1211 1668 1270 Deo
1692 1211 1934 1290 justitia,
1981 1213 2308 1274 necessario
2349 1215 2610 1292 sequitur
2629 1235 2750 1294 poe-

338 1311 475 1350 nam
504 1311 580 1350 ex
606 1311 677 1350 ea
700 1299 939 1369 peccato
967 1291 1203 1369 deberi;
1248 1292 1398 1351 Nam
1420 1311 1553 1352 cum
1571 1291 1804 1370 justitia
1829 1292 1956 1352 haec
1983 1293 2068 1352 sic
2096 1293 2440 1375 iuungam&
2469 1304 2527 1356 et
2555 1295 2747 1356 distri-

338 1370 547 1430 butiva
572 1391 703 1448 quoe
729 1380 997 1432 versatur
1021 1373 1084 1431 in
1110 1391 1217 1432 suo
1264 1372 1473 1449 cuique
1520 1370 1846 1446 tribuendo,
1875 1381 2048 1450 prout
2073 1393 2200 1434 eam
2247 1375 2448 1434 Cicero
2475 1375 2752 1437 describit

336 1450 419 1510 ad
446 1451 808 1510 Herennium
836 1451 974 1511 dum
1002 1453 1085 1512 ait
1110 1471 1238 1512 esse
1264 1452 1595 1530 aequitatem
1631 1451 1734 1529 jus
1760 1450 2072 1530 unicuique
2112 1454 2459 1514 tribuentem
2485 1475 2591 1532 pro
2618 1455 2746 1534 dig·

338 1530 521 1590 nitate
550 1533 847 1609 cujusque,
878 1539 939 1592 et
967 1532 1310 1608 Simonides,
1340 1531 1622 1592 referente
1671 1530 1990 1591 Aristotele
2015 1533 2078 1591 in
2121 1534 2315 1610 Polit.‚
2344 1535 2592 1612 positam
2620 1555 2748 1596 esse

338 1611 483 1670 dicit
499 1613 541 1670 b
558 1616 635 1689 τᾷ
646 1614 715 1670 τὰ
734 1613 1023 1689 ὂφιιλὸμικ
1040 1617 1235 1692 ἔκηα-ᾇ
1252 1609 1533 1672 arasa..
1554 1633 1569 1672 ε
1598 1612 1832 1671 0111111110
1849 1611 2159 1690 requiritur
2173 1622 2240 1674 ut
2265 1614 2750 1692 quemadmodum

338 1710 415 1749 ex
444 1691 573 1770 ejus
598 1694 932 1771 praescripto
972 1694 1141 1753 bonis
1168 1695 1317 1753 bene
1344 1693 1519 1752 debet
1544 1711 1690 1768 esse,
1731 1692 1814 1752 ita
1838 1700 1900 1751 et
1925 1691 2094 1754 malis
2141 1694 2218 1753 sit
2263 1695 2432 1771 male,
2485 1695 2656 1755 Rom.
2685 1695 2746 1756 ii.

338 1775 395 1847 6,
428 1775 483 1846 7,
516 1774 585 1848 8.,
658 1773 751 1832 Ita
778 1773 851 1832 de
880 1773 1015 1833 odio
1042 1782 1102 1834 et
1128 1774 1215 1833 ira
1244 1773 1357 1832 Dei
1383 1774 1435 1832 si
1461 1771 1792 1833 ratiocinari
1812 1772 2082 1832 volumus
2109 1793 2202 1834 res
2229 1775 2384 1834 clara
2409 1775 2556 1852 erit;
2602 1776 2747 1836 Cum

335 1859 645 1930 utrumque
692 1857 1073 1934 ἇυοςυτοπαθὸς
1102 1862 1327 1913 tantum
1357 1854 1485 1912 Deo
1511 1853 1814 1927 tribuatur,
1867 1851 1972 1912 sed
1994 1855 2280 1936 &mgna-35
2306 1855 2748 1934 intelligendum

334 1932 549 2008 veniat,
580 1934 799 1992 nullam
839 1934 1017 1992 animi
1062 1933 1463 2012 aegritudinem
1502 1932 1599 1992 vel
1641 1933 2129 2010 perturbationem
2169 1935 2232 1994 in
2261 1937 2388 1996 Deo
2431 1944 2612 2013 notat,
2643 1936 2749 1996 sed

336 2018 562 2072 tantum
590 2032 873 2072 summam
898 2014 985 2073 rei
1010 2013 1258 2091 alicujus
1304 2012 1728 2092 displicentiam
1765 2021 1826 2072 et
1861 2012 2300 2074 detestationem
2327 2036 2460 2075 cum
2503 2025 2662 2076 certa
2687 2025 2749 2076 et

336 2093 625 2151 constanti
650 2094 949 2153 voluntate
977 2113 1105 2152 eam
1130 2093 1447 2171 puniendi:
1492 2093 1720 2151 Rursus
1755 2111 1886 2152 cum
1913 2094 2058 2152 nihil
2085 2095 2230 2155 velit
2258 2095 2420 2157 Deus
2445 2096 2605 2174 quod
2629 2117 2746 2156 non

334 2172 537 2250 possit,
568 2173 802 2231 omnino
831 2173 881 2231 si
909 2173 1033 2232 odit
1057 2181 1357 2252 peceatum
1384 2171 1738 2247 naturaliter,
1795 2172 2043 2233 inultum
2090 2174 2238 2236 illud
2262 2176 2422 2234 abire
2449 2195 2744 2255 nunquam

336 2252 605 2329 patietur,
634 2253 790 2312 unde
820 2253 1063 2330 Psaltes,
1096 2253 1252 2313 Psal.
1280 2273 1339 2314 v.
1371 2255 1426 2329 5,
1476 2255 1531 2329 6,
1563 2272 1640 2312 ex
1688 2272 1758 2312 eo
1785 2253 1943 2330 quod
1990 2255 2153 2314 Deus
2199 2255 2324 2315 odit
2366 2255 2746 2333 iniquitatem,

338 2331 635 2391 concludit
662 2352 791 2390 eam
818 2353 935 2392 non
961 2334 1195 2412 impune
1224 2353 1570 2410 mansuram,
1594 2351 1712 2412 quo
1740 2333 2030 2412 significat
2055 2353 2188 2394 eum
2216 2354 2342 2396 esse
2370 2335 2521 2396 inter
2547 2336 2744 2396 odium

332 2412 557 2490 peccati
600 2413 839 2491 ejusque
883 2414 1241 2492 punitionem
1282 2434 1516 2491 nexum,
1562 2419 1631 2473 ut
1683 2413 1979 2474 vinculum
2022 2415 2170 2475 illud
2207 2415 2421 2476 resolvi
2447 2416 2746 2494 haudqua-

335 2512 509 2571 quam
536 2493 740 2571 possit.
823 2494 878 2552 N
881 2514 955 2554 on
984 2504 1074 2554 est
1098 2495 1197 2555 ille
1224 2495 1407 2558 instar
1450 2494 1782 2556 fictitiorum
1803 2495 2106 2572 gentilium
2126 2497 2427 2557 numinum
2455 2515 2584 2574 quae
2611 2497 2748 2557 ficta

335 2581 395 2632 et
422 2573 763 2652 imaginaria
789 2575 1179 2636 satisfactione
1200 2583 1471 2636 contenta
1496 2574 1642 2634 iram
1669 2573 1836 2634 facile
1859 2572 2144 2653 deponere
2171 2577 2569 2654 credebantur,
2589 2577 2744 2638 unde

334 2653 491 2731 apud
517 2654 649 2714 illos
677 2655 738 2713 in
778 2675 889 2716 usu
928 2675 1341 2734 nonnunquam
1382 2657 1491 2714 fuit
1516 2656 1702 2734 pictas
1745 2655 2013 2714 victimas
2055 2676 2346 2716 assumere
2373 2657 2435 2715 in
2462 2659 2745 2735 expiatio·

332 2752 467 2792 nem
494 2742 877 2813 peccatorum,
909 2737 1067 2814 quod
1094 2737 1273 2796 Alex.
1301 2736 1376 2794 ab
1407 2735 1582 2794 Alex.
1603 2741 1738 2812 post
1753 2734 2157 2810 Thucydidem
2181 2736 2453 2813 prodidit,
2484 2745 2544 2796 et
2569 2737 2614 2798 J
2617 2737 2742 2815 upi-

333 2821 424 2873 ter
448 2815 571 2892 ipse
602 2815 813 2894 saepius
840 2815 1099 2876 accensis
1118 2823 1344 2875 tantum
1372 2814 1595 2872 facibus
1614 2812 1986 2890 placabatur:
2031 2813 2117 2872 At
2146 2815 2308 2874 Deus
2353 2822 2552 2873 noster
2590 2815 2746 2894 ignis

334 2913 680 2953 consumens
708 2903 813 2971 est,
845 2894 998 2954 oculi
1026 2895 1155 2972 ejus
1203 2894 1463 2972 puriores
1506 2900 1642 2952 sunt
1689 2909 1861 2968 quam
1900 2898 1967 2950 ut
1993 2892 2236 2972 aspiciat
2275 2893 2508 2969 malum,
2561 2895 2743 2954 multo

334 2973 526 3032 minus
553 2983 619 3032 ut
646 2973 793 3032 illud
820 2974 1066 3032 inultum
1096 2974 1261 3033 ferat.

420 3051 602 3109 XXI.
645 3051 792 3108 Non
819 3071 929 3110 nos
956 3053 1104 3110 latet
1129 3051 1409 3128 equidem
1436 3048 1599 3107 varie
1625 3047 1724 3106 1118
1749 3048 2018 3121 argutari
2061 3049 2495 3108 Adversarium
2523 3057 2594 3108 ut
2618 3050 2742 3110 vim

332 3131 504 3188 istius
532 3129 870 3204 argumenti
897 3130 1170 3188 declinet.
1219 3133 1271 3188 1.
1316 3127 1486 3186 Circa
1524 3144 1730 3185 vocem
1760 3124 2009 3203 justitiae
2027 3135 2210 3204 negat
2236 3128 2405 3186 1118111
2432 3129 2748 3206 designare

334 3208 573 3285 proprie
599 3207 662 3264 in
694 3206 999 3284 Scriptura
1014 3207 1319 3284 justitiam
1344 3207 1513 3264 inam
1561 3207 1930 3288 ἔπανοςοατικὲυ
1975 3213 2038 3266 et
2081 3205 2525 3266 vindicatrioem
2562 3227 2748 3286 quam

338 3305 623 3362 urgemus
644 3305 770 3358 11011,
800 3287 973 3361 cnjus
1000 3287 1126 3362 ipse
1153 3287 1389 3344 nullam
1414 3285 1821 3345 necessitatem
1868 3285 2136 3360 agnoscit
2182 3285 2295 3344 nisi
2343 3285 2499 3345 circa
2541 3287 2749 3364 impoe-

338 3367 612 3438 nitenteS,
642 3364 745 3422 sed
774 3365 974 3442 potius
1002 3365 1311 3423 Justitiam
1337 3363 1734 3438 universalem,
1762 3365 1826 3424 id
1847 3370 1956 3438 est,
1986 3363 2330 3442 aequitatem
2357 3372 2419 3423 et
2445 3365 2749 3426 rectitudi-

340 3463 477 3502 nem
506 3462 641 3522 quae
670 3443 817 3501 alibi
842 3443 1122 3522 puritatis
1148 3461 1220 3503 ac
1245 3443 1576 3504 sanctitatis
1624 3443 1865 3502 nomine
1891 3443 2072 3516 venit,
2101 3451 2162 3501 et
2209 3445 2538 3502 secundum
2566 3463 2750 3521 quam

339 3541 411 3582 ea
439 3523 642 3580 omnia
666 3521 828 3593 facit,
859 3539 993 3599 quae
1022 3523 1152 3579 fieri
1187 3523 1331 3600 jure
1358 3523 1596 3594 debent,
1645 3541 1752 3580 seu
1773 3523 2038 3599 quaefleri
2057 3523 2164 3597 jus
2205 3529 2266 3582 et
2293 3523 2574 3582 honestas
2601 3541 2742 3598 pos-

337 3601 511 3671 tulat,
538 3599 719 3659 Unde
742 3599 1010 3660 Praelect.
1040 3620 1163 3678 cap.
1192 3601 1333 3673 xvi„
1378 3606 1414 3635 ‘⁸
1436 3600 1656 3694 Neque
1683 3601 1900 3674 enim,”
1927 3601 2144 3677 inquit,
2173 3606 2209 3635 ‘⁸
2231 3600 2296 3657 in
2313 3599 2444 3659 Deo
2471 3601 2602 3659 ulla
2619 3601 2750 3676 jus-

340 3678 473 3735 titia
500 3685 589 3734 est
616 3696 751 3756 quae
778 3686 1021 3754 peccata
1049 3680 1293 3738 omnino
1320 3679 1534 3756 punire
1547 3681 1781 3756 Jubeat,
1810 3681 1908 3740 cui
1934 3679 2060 3754 ipse
2086 3677 2438 3736 renunciare
2465 3697 2585 3735 non
2615 3697 2750 3754 pos-

343 3755 452 3826 sit;
496 3755 605 3814 Est
630 3756 873 3835 quidem
900 3757 963 3816 in
992 3757 1123 3816 Deo
1225 3765 1439 3835 rpetua
1465 3757 1509 3818 J
1510 3759 1735 3830 ustitia,
1773 3761 1878 3818 sed
1904 3761 2034 3817 haec
2060 3756 2212 3814 nihil
2253 3756 2422 3814 aliud
2449 3763 2538 3814 est
2565 3771 2750 3832 quam

342 3834 593 3909 aequitas
620 3844 679 3895 et
705 3835 1057 3895 rectitudo.''
1202 3855 1371 3895 erum
1397 3835 1625 3896 frustra
1649 3839 1780 3896 haec
1799 3846 1859 3895 et
1873 3853 2180 3914 perperam
2208 3834 2284 3892 ab
2305 3852 2376 3891 eo
2393 3833 2748 3891 afferuntur.

342 3911 508 3970 Nam
535 3915 644 3973 etsi
672 3934 794 3973 non
821 3933 1106 3990 negamus
1133 3916 1529 3974 diversimode
1557 3917 1715 3973 sumi
1741 3933 1948 3974 vocem
1967 3912 2239 3989 justitiae,
2268 3911 2354 3969 ita
2381 3918 2452 3968 ut
2498 3911 2596 3970 vel
2613 3911 2752 3986 Jus-

341 3991 477 4050 titia
503 3992 875 4066 universalis,
904 3995 1001 4052 vel
1026 3994 1402 4072 particularis
1422 3993 1820 4069 intelligatur,
1868 4001 1930 4052 et
1954 3994 2084 4050 haec
2125 4008 2333 4048 rursus
2357 3991 2456 4046 vel
2489 3990 2552 4046 in
2581 3989 2751 4048 dictis

343 4070 441 4127 vel
468 4071 531 4128 in
544 4071 730 4150 factis
756 4074 1138 4144 attendatur3
1179 4073 1586 4150 pertendimus
1602 4079 1806 4130 tamen
1833 4072 2049 4148 saepius
2092 4075 2152 4126 et
2179 4067 2242 4124 in
2269 4070 2384 4125 hoc
2423 4068 2751 4144 praesertim

342 4149 589 4224 negotio
622 4150 777 4208 sumi
804 4150 986 4209 relate
1012 4151 1097 4208 ad
1110 4151 1403 4228 judicium
1448 4168 1558 4226 pro
1607 4151 1903 4208 constanti
1947 4148 2260 4206 voluntate
2307 4153 2550 4222 peccata
2576 4145 2752 4203 ulcis-

343 4227 553 4300 cendi3
596 4230 761 4306 quod
788 4229 888 4288 vel
912 4231 1042 4306 ipsa
1080 4231 1352 4289 locorum
1400 4235 1577 4287 antea
1606 4229 1993 4286 laudatorum
2039 4223 2326 4302 inspectio
2368 4224 2752 4299 comprobare

341 4307 561 4382 poterit
588 4309 844 4366 abunde.
928 4307 1146 4385 Neque
1176 4307 1406 4365 Paulus
1433 4307 1656 4364 diceret
1685 4313 1719 4340 “
1743 4306 1786 4364 J
1789 4313 1994 4364 ustum
2040 4320 2165 4361 esse
2186 4303 2348 4378 apud
2395 4301 2594 4362 Deum
2621 4303 2755 4360 red-

343 4385 483 4442 dere
511 4386 891 4444 affiictionem
919 4385 1379 4462 affligentibus,”
1410 4385 1448 4442 2
1490 4385 1692 4442 Thess,
1721 4385 1761 4442 i.
1800 4385 1857 4454 6,
1887 4383 1984 4439 vel
2035 4381 2313 4456 Angelus
2335 4387 2372 4416 “
2391 4381 2592 4442 Deum
2629 4397 2754 4439 esse

332 4462 569 4537 justum
598 4472 659 4522 et
678 4465 910 4540 judicia
936 4462 1069 4540 ejus
1087 4464 1315 4540 justa,”
1342 4481 1413 4520 eo
1441 4463 1605 4538 quod
1631 4461 1954 4538 inpeccata
2001 4477 2200 4518 severe
2238 4459 2752 4535 animadverterit,

344 4539 539 4617 Apoc.
569 4543 686 4601 xvi.
738 4543 795 4612 5,
840 4543 897 4614 6,
944 4543 1004 4615 7,
1054 4543 1149 4599 vel
1186 4541 1403 4612 David,
1447 4539 1684 4612 Daniel,
1713 4538 2040 4599 Nehemias
2086 4538 2262 4596 toties
2301 4539 2538 4614 justum
2581 4556 2758 4596 voca-

341 4628 475 4678 rent
502 4621 700 4679 Deum
730 4621 807 4678 ob
834 4639 1038 4698 poenas
1066 4619 1260 4678 varias
1286 4620 1385 4676 vel
1411 4619 1688 4677 fidelibus
1713 4619 1811 4676 vel
1851 4617 2048 4694 impiis
2072 4616 2290 4694 illatas,
2337 4617 2450 4676 nisi
2477 4617 2759 4694 propriis-

342 4697 489 4755 sime
515 4700 645 4758 haec
660 4699 897 4775 justitia
920 4697 1305 4777 particularis
1334 4697 1464 4755 Deo
1513 4703 1894 4774 competeret,
1943 4714 2066 4755 non
2095 4701 2333 4754 tantum
2376 4697 2454 4755 ad
2504 4697 2759 4753 modum
