3234 5192
289 374 525 418 msrur.
554 356 715 437 ιιι]
883 372 961 413 nn
990 370 1475 415 sarisncrroms
1502 371 1742 414 cnarsrl
1773 372 2091 414 vamurs.
2577 360 2692 418 651

292 538 400 597 pro
426 517 529 577 illo
555 515 749 595 pendi,
772 516 911 593 quia
934 524 1141 576 natura
1166 535 1285 575 non
1310 516 1528 592 patitur
1550 524 1619 574 ut
1635 514 1948 591 corporalis
1969 514 2140 573 unius
2167 534 2353 591 poena,
2385 535 2502 575 non
2530 535 2698 577 secus

295 618 365 657 ac
392 598 607 657 factum
634 596 871 655 alterius
898 595 1037 671 fiat3
1081 595 1125 656 J
1127 615 1221 655 am
1248 615 1379 672 quae
1424 603 1627 672 suapte
1673 602 1882 652 natura
1907 594 2032 653 fieri
2060 614 2176 652 non
2201 604 2462 672 possunt,
2495 597 2596 655 illa
2621 618 2696 656 ne

296 699 332 737 a
362 678 489 737 Deo
516 676 751 755 quidem
778 675 902 734 fieri
942 675 1189 735 dicenda
1232 683 1405 735 sunt:
1448 674 1532 733 sic
1557 674 1675 750 ille,
1705 682 1851 751 part.
1883 677 1939 748 3,
1971 694 2095 751 cap.
2124 678 2180 732 4.
2247 675 2442 752 Resp.,
2475 676 2698 735 Natura

297 755 519 835 aliquid
556 755 913 833 impossibile
958 755 1075 814 dici
1119 764 1327 833 potest,
1357 755 1454 814 vel
1501 752 1661 832 quod
1703 773 1894 812 rerum
1937 762 2158 812 naturas
2197 754 2282 813 ita
2319 764 2606 833 repugnat
2631 763 2698 814 ut

296 835 807 897 contradictionem
834 835 1115 912 involvat,
1144 844 1205 894 et
1230 836 1317 895 sic
1336 853 1539 893 verum
1562 844 1652 893 est
1677 852 1749 891 ea
1767 852 1898 910 quae
1915 840 2122 891 natura
2139 832 2262 892 fieri
2289 853 2406 893 non
2433 844 2694 913 possunt,

297 936 483 994 neque
512 916 685 975 etiam
714 935 751 973 a
788 915 915 974 Deo
960 915 1085 975 fieri
1132 934 1343 993 posse3
1384 914 1483 973 vel
1524 912 1883 991 impossibile
1931 912 2074 971 illud
2125 912 2336 973 dicitur
2379 914 2696 974 secundum

297 995 455 1073 quid,
487 995 645 1073 quod
672 994 987 1055 secundum
1014 1002 1235 1055 naturae
1282 1014 1513 1055 cursum
1562 1002 1622 1053 et
1661 992 1950 1052 ordinaria
1975 991 2167 1051 media
2193 993 2316 1053 fieri
2343 1013 2460 1052 non
2486 1002 2694 1071 potest,

299 1084 359 1135 et
388 1076 473 1135 sic
499 1082 759 1153 negatur,
790 1074 928 1151 quia
973 1075 1135 1135 Deus
1181 1094 1333 1153 saepe
1376 1082 1648 1151 operatur
1694 1092 1866 1150 supra
1911 1080 2193 1147 naturam,
2223 1081 2283 1133 et
2323 1094 2452 1152 quae
2477 1074 2700 1133 homini

298 1155 532 1215 animali
561 1154 813 1213 absurda
836 1153 1111 1215 videntur
1154 1162 1213 1213 et
1258 1153 1656 1231 impossibilia,
1697 1172 1816 1211 non
1843 1151 2114 1211 desinunt
2139 1172 2308 1230 posse
2335 1174 2372 1211 a
2400 1155 2528 1213 Deo
2555 1154 2700 1213 fieri.

300 1239 357 1294 2.
402 1233 571 1309 Quod
598 1242 689 1293 est
714 1234 903 1310 unius,
951 1242 1146 1312 potest
1170 1233 1299 1293 fieri
1340 1234 1577 1293 alterius
1624 1233 1723 1291 vel
1747 1232 1964 1291 actuali
1987 1234 2377 1309 wan-vinicus,
2407 1234 2506 1293 vel
2537 1234 2696 1309 judi·

299 1315 437 1373 ciali
459 1314 836 1390 imputatione.
921 1314 1104 1373 Poena
1128 1314 1299 1373 unius
1326 1332 1445 1373 non
1470 1313 1663 1371 minus
1685 1332 1754 1371 ac
1772 1320 2072 1389 peccatum
2099 1332 2216 1371 non
2243 1322 2434 1390 potest
2460 1314 2699 1373 alterius

298 1393 425 1453 fieri
451 1412 555 1470 per
596 1394 882 1453 actualem
924 1393 1384 1467 transfusionem,
1414 1392 1552 1470 quia
1591 1400 1683 1451 est
1727 1391 1878 1451 actio
1919 1400 1980 1451 et
2005 1392 2198 1469 passio
2225 1392 2542 1470 personalis
2569 1412 2700 1471 quae

300 1474 550 1551 migrare
577 1492 695 1533 non
722 1481 913 1551 potest
939 1473 1013 1533 de
1061 1472 1321 1550 subjecto
1362 1472 1423 1531 in
1464 1472 1786 1550 subjectum
1809 1492 1825 1547 ς
1870 1471 1974 1530 sed
1999 1472 2146 1529 nihil
2173 1472 2366 1531 obstat
2392 1473 2699 1549 quominus

300 1554 537 1612 alterius
562 1552 666 1613 fiat
691 1572 795 1630 per
822 1552 1107 1613 forensem
1134 1561 1195 1613 et
1228 1552 1569 1630 judicialem
1608 1551 2083 1629 imputationem;
2130 1552 2216 1611 Ut
2243 1571 2486 1629 sponsor
2509 1560 2704 1629 potest

300 1633 363 1692 in
390 1653 453 1692 se
480 1632 741 1693 debitum
766 1632 1045 1693 debitoris
1072 1652 1380 1707 assumere,
1411 1640 1472 1691 et
1494 1650 1601 1709 pro
1623 1632 1750 1709 ipso
1777 1631 2125 1706 satisfacere,
2155 1631 2462 1691 accedente
2484 1632 2702 1710 judicis

286 1713 399 1773 'vel
446 1712 749 1772 creditoris
794 1712 1219 1787 ratihabitione,
1266 1712 1369 1790 qui
1414 1712 1573 1789 quod
1618 1730 1864 1789 sponsor
1921 1711 2098 1770 solvit
2144 1711 2392 1771 debitori
2436 1712 2700 1789 imputat.

301 1792 463 1852 Talis
490 1792 791 1853 translatio
810 1812 1109 1870 poenarum
1130 1792 1466 1852 occurrebat
1485 1792 1624 1850 olim
1645 1792 1706 1849 in
1725 1790 2020 1851 sacrificiis
2035 1799 2095 1851 et
2121 1792 2388 1867 victimis,
2419 1802 2706 1869 quatenus

302 1873 431 1933 istae
458 1873 519 1931 in
558 1882 925 1951 peccatorum
965 1873 1159 1933 locum
1206 1872 1549 1950 subrogatae,
1578 1892 1810 1949 poenam
1849 1872 2052 1930 mortis
2079 1871 2222 1949 ipsis
2249 1870 2502 1931 debitam
2531 1872 2706 1932 susti-

304 1953 537 2013 nebant.
622 1952 717 2011 Ita
744 1952 1007 2013 Christus
1034 1953 1095 2011 in
1124 1972 1187 2013 se
1214 1960 1275 2011 et
1300 1961 1537 2029 peccata
1563 1960 1624 2010 et
1649 1970 1852 2028 poenas
1879 1959 2106 2010 nostras
2133 1952 2444 2027 transtulit,
2463 1960 2706 2028 peccata

304 2031 539 2109 quidem
566 2032 907 2108 imputative,
937 2032 1075 2107 quia
1120 2031 1323 2090 eodem
1369 2032 1501 2090 loco
1545 2031 1780 2089 habitus
1825 2038 1914 2089 est
1961 2049 2030 2088 ac
2079 2032 2128 2089 si
2173 2039 2442 2107 peccator
2480 2032 2702 2107 fuisset,

294 2131 499 2188 poenas
525 2131 664 2169 vero
691 2111 925 2171 realiter
950 2118 1010 2170 et
1036 2111 1291 2169 inlaoest'vc
1318 2110 1457 2187 quia
1482 2128 1579 2167 eas
1601 2128 1802 2168 omnes
1828 2110 1889 2166 in
1917 2128 2152 2186 corpore
2182 2129 2286 2167 suo
2313 2110 2472 2169 luere
2499 2111 2704 2170 voluit.

307 2193 365 2250 3.
392 2191 575 2248 Poena
598 2191 771 2249 unius
798 2209 913 2248 non
958 2196 1153 2266 potest
1199 2189 1436 2249 alterius
1478 2187 1604 2246 fieri
1651 2187 1923 2245 nimirum
1968 2208 2098 2265 quse
2127 2188 2204 2247 sit
2231 2191 2426 2247 eadem
2451 2209 2702 2266 numero,

307 2269 577 2345 conced0‚
611 2268 715 2329 sed
740 2272 939 2327 eadem
962 2269 1143 2345 specie
1180 2277 1241 2328 et
1288 2266 1682 2342 similitudine,
1711 2286 1884 2344 nego.
1965 2268 2106 2326 Jam
2134 2266 2396 2328 Christus
2424 2288 2540 2328 non
2567 2288 2705 2328 ean-

305 2348 437 2409 dem
464 2367 703 2407 numero
730 2367 961 2424 poenam
988 2348 1157 2407 nobis
1205 2346 1458 2407 debitam
1507 2347 1658 2423 tulit,
1690 2348 1794 2405 sed
1821 2347 2065 2406 similem
2093 2356 2336 2407 tantum.
2421 2349 2706 2419 Caeterum

306 2448 437 2507 quae
464 2428 561 2487 hic
588 2429 980 2489 Adversarius
1006 2436 1207 2489 contra
1232 2427 1677 2506 possibilitatem
1704 2427 1874 2487 istius
1899 2428 2308 2503 translationis,
2339 2436 2398 2487 et
2424 2428 2705 2489 substitu-

306 2509 481 2570 tionis
522 2508 811 2587 justitiam
858 2508 1067 2587 arguit,
1118 2509 1255 2587 quia
1301 2508 1565 2569 discussa
1610 2517 1748 2567 sunt
1789 2507 1955 2586 Disp.
1985 2513 2066 2567 2⁸.
2117 2508 2190 2567 de
2220 2508 2454 2569 NecesS.
2491 2508 2703 2586 Satisf.,

306 2589 475 2669 plura
500 2609 655 2649 nunc
680 2588 873 2649 dicere
900 2589 1357 2667 supersedemus.

390 2669 583 2729 XIX.
624 2668 726 2729 Ad
752 2678 1019 2746 quartum
1040 2670 1165 2747 jam
1192 2668 1593 2747 progredimur
1610 2668 1814 2743 Caput,
1846 2666 1906 2725 in
1934 2686 2050 2745 quo
2071 2668 2418 2745 pertendunt
2445 2688 2519 2727 ex
2535 2678 2710 2745 parte

305 2751 589 2809 hominum
608 2749 1024 2826 impossibilem
1041 2749 1219 2808 fuisse
1240 2749 1409 2808 istam
1432 2747 1883 2806 satisfactionem
1905 2768 1919 2821 ς
1961 2746 2018 2803 H
2023 2766 2091 2804 oc
2117 2748 2270 2805 enim
2300 2750 2468 2805 etiam
2499 2756 2710 2824 urgent

306 2828 648 2888 Adversarii
674 2828 786 2886 hoc
812 2828 1177 2905 potissimum
1220 2834 1560 2904 argumento
1585 2847 1601 2885 z
1664 2824 1814 2902 Quia
1857 2825 2104 2901 singulis
2129 2828 2528 2903 peccatoribus
2553 2846 2710 2885 mors

306 2926 425 2966 una
450 2908 676 2966 infinita
702 2907 1037 2981 debebatur,
1068 2907 1184 2965 imo
1210 2914 1271 2965 et
1298 2926 1401 2983 pro
1428 2905 1599 2963 unico
1641 2910 1917 2979 peccato;
1963 2904 2122 2981 Ergo
2149 2905 2244 2964 vel
2273 2906 2468 2981 plures
2495 2914 2710 2964 mortes

306 2986 423 3045 imo
448 2986 766 3045 innumeras
790 2986 1230 3061 requirebantur
1254 2984 1511 3053 infinitae,
1532 2982 1632 3041 vel
1655 2982 1918 3041 Christus
1945 3002 2082 3041 vere
2111 2992 2170 3043 et
2195 2984 2364 3061 plene
2391 3004 2497 3061 pro
2523 2984 2706 3043 omni-

308 3064 420 3125 bus
462 3084 581 3123 non
625 3065 919 3123 satisfecit.
1004 3066 1041 3099 ‘⁸
1066 3064 1311 3141 Finge,”
1358 3063 1549 3139 inquit
1598 3062 1792 3120 Socin.
1835 3080 1893 3139 p.
1944 3066 2000 3135 3,
2047 3082 2098 3121 c.
2140 3067 2198 3138 4,
2231 3066 2267 3097 “
2291 3064 2582 3122 Christum
2609 3084 2710 3123 eas

305 3164 507 3225 poenas
548 3143 795 3203 subiisse
822 3162 967 3220 quas
994 3143 1187 3221 quivis
1215 3163 1291 3202 ex
1317 3140 1648 3201 hominibus
1675 3148 1908 3218 propter
1931 3150 2170 3218 peccata
2195 3162 2302 3201 sua
2327 3144 2520 3203 subire
2549 3151 2710 3203 tene·

308 3226 497 3301 batur,
526 3224 667 3303 quid
694 3224 805 3283 hoc
830 3223 941 3282 erit
967 3222 1042 3281 ad
1069 3242 1267 3281 veram
1309 3223 1655 3299 plenamque
1699 3220 2146 3281 satisfactionem
2175 3244 2279 3301 pro
2307 3224 2560 3301 peccatis
2587 3244 2706 3282 om-

307 3304 470 3364 nium
488 3307 518 3364 ?
599 3303 741 3378 Quis
767 3322 1021 3381 unquam
1050 3302 1291 3377 audivit,
1322 3300 1601 3361 solvendo
1629 3301 1787 3379 quod
1813 3321 1964 3361 unus
1993 3302 2180 3378 debet,
2210 3322 2316 3381 pro
2345 3304 2590 3381 singulis
2617 3324 2708 3364 sa·-

309 3384 528 3460 defieri,
558 3385 660 3463 qui
688 3383 839 3443 idem
869 3382 1085 3460 singuli
1112 3382 1326 3442 debent
1343 3383 1411 3442 ?’'
1496 3380 1595 3441 Sic
1635 3381 1792 3457 alibi,
1827 3384 1863 3416 ‘⁴
1885 3382 2092 3442 Nonne
2121 3394 2180 3444 et
2205 3383 2268 3442 id
2295 3404 2524 3463 quoque
2552 3385 2710 3462 quod

309 3466 706 3543 unusquisque
734 3472 993 3521 nostrum
1021 3472 1255 3555 propter
1274 3462 1489 3521 delicta
1514 3480 1622 3521 sua
1639 3462 1758 3539 pati
1781 3463 2099 3540 tenebatur,
2123 3464 2410 3524 infinitum
2433 3464 2710 3543 quiddam

310 3548 483 3605 erat?
520 3542 629 3603 &m
716 3542 981 3601 Infinitas
1020 3542 1197 3620 igitur
1239 3542 1409 3621 pretii
1450 3562 1582 3619 quae
1617 3542 1682 3601 in
1720 3542 1934 3602 Christi
1971 3544 2436 3621 perpessionibus
2471 3544 2710 3620 reperiri

312 3632 524 3702 posset,
571 3624 707 3701 quia
742 3623 943 3681 divina
968 3632 1174 3682 natura
1200 3642 1371 3700 passa
1396 3622 1619 3698 fuisset,
1657 3641 1764 3700 pro
1790 3642 1906 3681 uno
1934 3625 2202 3701 quopiam
2233 3624 2384 3682 solvi
2409 3623 2709 3700 potuisset,

312 3712 371 3763 et
398 3723 547 3763 unus
576 3701 971 3761 tantummodo
1002 3722 1077 3761 ex
1097 3703 1267 3761 nobis
1293 3704 1420 3779 ejus
1446 3702 1509 3760 vi
1536 3722 1573 3760 a
1590 3701 1794 3761 mortis
1815 3711 2042 3762 aetcrnae
2070 3712 2232 3762 reatu
2259 3702 2507 3775 liberari,
2531 3703 2708 3778 siqui—

312 3782 445 3841 dem
474 3791 538 3843 ut
566 3782 801 3858 dictum,
831 3782 1076 3860 quilibet
1118 3802 1193 3842 ex
1236 3782 1405 3841 nobis
1446 3802 1549 3859 pro
1594 3800 1658 3840 se
1702 3800 1828 3839 eam
1855 3783 2024 3861 pretii
2052 3782 2391 3842 infinitatem
2419 3782 2706 3857 debebat;

312 3882 489 3940 quare
518 3862 757 3923 totidem
800 3862 972 3941 pretii
1014 3880 1313 3941 poenarum
1359 3860 1674 3920 infinitates
1719 3861 1970 3921 existere
2011 3882 2156 3941 opus
2183 3862 2404 3937 fuisset,
2434 3869 2578 3938 quot
2603 3880 2710 3919 nos

313 3961 513 4002 omnes
542 3962 755 4017 sumus,
788 3962 905 4002 non
931 3942 1161 4001 unicam
1190 3950 1434 4015 tantum,
1466 3942 1517 4000 si
1544 3958 1745 3999 omnes
1788 3940 1850 3999 id
1893 3962 1995 4019 per
2037 3942 2216 4001 alium
2244 3940 2524 4002 solvendo
2552 3940 2710 4018 qnod

312 4041 421 4081 nos
447 4022 816 4097 debebamus,
848 4041 917 4081 eo
944 4041 1101 4081 nexu
1126 4014 1411 4081 liberandi
1437 4020 1804 4079 fiiissemus.”

395 4102 551 4161 XX.
596 4102 791 4179 Resp.,
838 4101 1071 4179 Arguta
1114 4102 1347 4160 videtur
1392 4100 1665 4179 objectio,
1715 4098 1818 4159 sed
1863 4101 2048 4160 solida
2094 4120 2211 4159 non
2255 4101 2410 4159 item.
2495 4104 2548 4159 1.
2593 4100 2712 4158 Hic

314 4191 511 4321 2:¹35*ss
536 4181 615 4319 ³13.ss
617 4190 715 4318 ¹²⁰4*
717 4183 833 4241 Μ’
856 4180 1355 4320 gnffissffiffi
1368 4200 1499 4319 ‘3¹:2⁸³
1512 4179 2310 4319 aiss'ssmfflffif’uffdss'iffiim
2327 4178 2568 4318 3333?
2573 4200 2710 4319 1:¹¹1?

306 4281 549 4420 jag-{sigi
567 4281 1063 4418 eufnzssffidmoe„
1090 4341 1345 4399 omnium
1366 4280 1645 4413 nosfrum,
1670 4303 1728 4398 et’:
1753 4304 2214 4417 peccata-no’strii.
2238 4304 2299 4398 e’t
2325 4338 2554 4398 dolores
2579 4280 2710 4418 pbr-

314 4422 515 4497 tavit,”
543 4425 579 4479 2
612 4420 741 4479 Cor.
770 4441 828 4480 v.
864 4424 956 4496 14,
1004 4424 1040 4454 “
1070 4420 1133 4479 Si
1152 4440 1305 4479 unus
1323 4439 1429 4497 pro
1450 4420 1718 4478 omnibus
1745 4428 2022 4494 mortuus,
2053 4439 2192 4497 ergo
2221 4439 2420 4479 omnes
2445 4420 2713 4497 mortui,”

320 4506 351 4561 1
386 4503 513 4561 Pet.
541 4500 623 4561 iii.
657 4502 751 4575 18,
784 4503 821 4535 “
842 4499 1053 4560 Justus
1081 4520 1185 4577 pro
1212 4499 1445 4577 injustis
1492 4518 1698 4577 passus
1741 4504 1882 4575 est,”
1911 4499 2014 4558 sed
2041 4498 2420 4577 peculiariter,
2455 4500 2624 4561 Rom.
2652 4520 2712 4560 v.

320 4585 413 4657 19,
441 4581 543 4642 ubi
570 4600 688 4640 una
715 4580 932 4641 Adami
973 4578 1363 4639 inobedientia
1407 4598 1541 4657 quas
1584 4598 1786 4639 omnes
1822 4588 2086 4658 posteros
2110 4578 2378 4658 perdidit,
2410 4581 2718 4658 opponitur

316 4664 413 4722 vel
452 4660 801 4739 respondere
842 4660 1053 4721 dicitur
1090 4661 1193 4719 uni
1234 4658 1575 4719 obedientiae
1616 4659 1830 4719 Christi
1867 4680 2000 4737 quoe
2041 4678 2240 4719 omnes
2279 4659 2480 4719 fideles
2508 4661 2714 4739 salvat,
