3234 5192
517 284 633 341 502
1061 295 1140 335 ns
1172 292 1660 334 suisne-rioms
1689 292 1932 333 cnmsn
1967 288 2284 333 vum-rara.
2531 271 2792 344 [msrur.
2821 284 2926 327 xv.

522 424 883 512 imponentis
910 434 1391 506 satisfactionem,
1416 434 1605 509 ipsius
1633 432 1986 491 sacrificium
2027 433 2090 489 in
2119 430 2473 489 delictorum
2499 427 2924 501 expiationem,

528 516 719 592 ipsius
744 514 964 573 vibices
991 521 1052 571 et
1076 514 1329 570 vulnera
1354 513 1413 569 in
1445 512 1927 587 delinquentium
1967 509 2372 576 sanationem3
2415 507 2522 581 qui
2553 506 2642 562 ita
2681 513 2926 580 peecata

532 594 732 653 omnia
756 592 900 649 tulit
938 600 1159 662 nostra,
1188 590 1455 648 humeris
1482 590 1607 648 suis
1635 590 1767 647 Deo
1787 590 1875 647 ita
1900 590 2140 647 volente
2165 585 2461 661 imposita,
2492 590 2563 641 ut
2589 601 2662 640 ea
2686 601 2724 641 a
2747 584 2926 642 nobis

532 670 869 742 abstulerit,
920 671 1025 746 qui
1068 688 1141 727 ea
1186 676 1477 743 tanquam
1522 668 1844 742 piacularis
1887 667 2130 725 victima
2174 663 2439 739 expiavit
2481 670 2542 721 et
2587 662 2701 719 hoc
2751 668 2930 736 pacto

534 750 804 809 homines
831 749 1084 806 redemit
1112 754 1175 805 et
1217 747 1489 817 salvavit,
1534 744 1600 803 Is
1643 764 1850 803 revera
1888 764 2009 803 non
2037 744 2313 817 exemplo
2355 746 2594 798 tantum
2631 746 2740 797 aut
2775 758 2931 814 prae-

534 828 727 899 conio,
758 827 857 884 sed
887 834 951 884 et
974 826 1187 883 merito
1210 842 1279 882 ac
1306 824 1704 882 satisfactione
1733 824 2015 883 Servator
2041 830 2128 880 est
2147 821 2462 891 dicendus3
2493 818 2582 877 At
2601 818 2716 875 hoc
2729 818 2930 893 ipsum

534 924 645 982 pro
672 904 843 962 nobis
872 904 1143 963 Christus
1168 902 1455 977 implevit,
1486 908 1557 959 ut
1581 920 1658 958 ex
1683 908 1824 959 ante
1849 902 2022 959 dicfis
2049 907 2252 975 patet:
2284 897 2357 955 E.

620 983 739 1040 XI.
786 981 886 1040 Ita
911 984 1077 1039 locus
1105 980 1203 1038 hic
1228 980 1445 1037 invicte
1470 979 1692 1037 militat
1717 998 1828 1054 pro
1877 980 2170 1037 sententia
2213 982 2458 1047 nostra3
2487 994 2610 1033 non
2655 974 2933 1033 dissimu-

536 1063 724 1120 landa
748 1066 949 1117 tamen
996 1065 1140 1117 sunt
1164 1076 1297 1133 quae
1336 1058 1561 1133 effugia
1594 1058 1692 1115 hic
1719 1064 1956 1132 captare
1993 1062 2290 1114 conantur
2325 1054 2666 1125 adversarii,
2703 1060 2933 1129 quanto

538 1140 736 1213 major
759 1137 919 1195 enim
940 1144 1031 1194 est
1049 1137 1139 1194 vis
1159 1136 1329 1194 istius
1355 1136 1696 1211 argumenti
1722 1142 1888 1193 tanto
1903 1135 2160 1209 majores
2185 1139 2325 1190 sunt
2349 1150 2558 1189 eorum
2579 1139 2826 1190 conatus
2851 1132 2932 1187 ad

541 1218 697 1275 illud
720 1217 1107 1274 eludendum.
1194 1216 1269 1273 1⁰.
1314 1214 1477 1272 Hinc
1502 1215 1679 1273 facile
1704 1215 1958 1288 probare
1985 1232 2047 1270 se
2074 1230 2246 1287 posse
2271 1216 2489 1285 putant
2515 1209 2931 1268 satisfactionis

540 1295 853 1353 veritatem
868 1295 1045 1351 nulla
1062 1294 1291 1351 ratione
1308 1311 1383 1350 ex
1408 1293 1523 1350 isto
1552 1292 1756 1367 colligi
1774 1294 1928 1363 loce,
1945 1291 2088 1366 quia
2112 1288 2342 1365 phrasis
2364 1288 2656 1363 portandi
2679 1298 2930 1363 peccata,

544 1393 667 1449 qua
692 1373 907 1430 nititur
925 1372 1223 1447 praecipue
1250 1377 1692 1445 argumentum,
1721 1370 2005 1443 ambigua
2031 1376 2122 1426 est
2141 1374 2202 1425 et
2228 1366 2533 1442 mahom-5,
2563 1374 2624 1423 et
2649 1366 2788 1424 licet
2825 1365 2934 1423 ali-

543 1452 777 1526 quoties
802 1469 993 1525 poenae
1021 1451 1308 1508 lationem
1335 1449 1639 1523 significet,
1667 1456 1868 1505 tamen
1895 1464 2020 1504 non
2045 1464 2182 1504 raro
2210 1447 2392 1505 etiam
2419 1464 2528 1521 pro
2556 1443 2806 1518 simplici
2835 1444 2935 1499 αό-

545 1530 757 1588 latione
809 1528 1073 1601 ponitur,
1130 1527 1640 1602 quemadmodum
1692 1527 1864 1603 ferre
1917 1536 1972 1582 et
2016 1534 2264 1601 portare
2316 1542 2424 1599 per
2476 1521 2936 1595 metonymicam

546 1606 853 1681 quandam
880 1606 1334 1662 translationem
1381 1605 1619 1680 auferre
1661 1620 2098 1676 nonnunquam
2144 1603 2434 1677 designat,
2477 1600 2569 1674 cui
2578 1616 2644 1655 us
2679 1599 2936 1655 transla-

544 1684 724 1743 tionis
748 1684 877 1739 haec
902 1682 1086 1739 fuisse
1112 1682 1353 1738 videtur
1378 1682 1529 1738 ratio
1556 1682 1722 1755 quod
1749 1681 1856 1754 qui
1882 1680 2114 1754 aliquid
2141 1680 2340 1737 aufert
2359 1680 2616 1746 aliunde,
2645 1675 2938 1749 tantisper

545 1763 695 1818 dum
722 1759 876 1816 illud
898 1761 1161 1832 deponat
1181 1766 1288 1815 aut
1314 1758 1572 1833 abjiciat,
1596 1764 1832 1831 portare
1854 1758 2044 1815 soleat
2064 1780 2080 1829 ;
2110 1758 2210 1828 sic,
2231 1758 2424 1815 Exod.
2453 1756 2657 1814 xxxiv.
2679 1754 2735 1829 7,
2766 1754 2939 1811 Deus

546 1838 767 1895 dieitur
795 1842 831 1870 ‘⁸
852 1842 1089 1911 portare
1116 1836 1494 1913 iniquitatem
1521 1843 1582 1893 et
1627 1836 1923 1910 peccata‚''
1969 1853 2092 1892 non
2135 1836 2342 1911 utique
2387 1834 2654 1903 ferend0,
2701 1834 2805 1891 sed
2831 1850 2942 1889 au-

546 1916 794 1974 ferendo
811 1922 871 1971 et
898 1915 1311 1983 condonando,
1342 1914 1429 1972 “J
1434 1916 1629 1971 ehova
1649 1931 1888 1971 servans
1905 1913 2370 1971 misericordiam
2387 1913 2674 1981 millibus,
2696 1917 2943 1986 portans

547 1994 635 2053 ini
676 1994 928 2054 uitatem
944 2000 1005 2050 ct
1024 1994 1321 2068 peccata,'’
1346 1993 1447 2049 ubi
1468 1992 1725 2049 occurrit
1745 1992 1994 2049 verbum
2011 2000 2104 2049 aba
2131 1994 2292 2066 quod
2315 1992 2509 2049 hocin
2528 1992 2662 2047 loco
2683 1988 2906 2063 legitur
2923 2010 2940 2059 ;

548 2074 632 2133 sic
726 2091 847 2130 um.
875 2072 996 2128 xiv.
1030 2072 1123 2142 18,
1153 2078 1212 2129 et
1240 2071 1423 2143 alibi3
1450 2070 1605 2127 nihil
1633 2088 1776 2145 ergo
1801 2069 2046 2129 absurdi
2071 2088 2197 2127 esse
2223 2071 2588 2144 pertendunt
2633 2068 2685 2125 si
2709 2068 2944 2125 dicatur

554 2151 825 2210 Christus
850 2152 966 2209 hoc
996 2168 1173 2207 sensu
1198 2156 1463 2224 portasse
1490 2150 1810 2222 languores
1837 2156 1899 2206 et
1923 2148 2284 2223 iniquitates,
2312 2166 2435 2205 non
2463 2148 2630 2222 quod
2679 2146 2942 2203 sustinu-

548 2230 663 2287 erit
690 2229 995 2285 universas
1021 2246 1225 2301 poenas
1250 2226 1425 2284 nobis
1468 2227 1716 2298 debitas,
1756 2228 1861 2283 sed
1889 2228 2054 2301 quod
2095 2244 2133 2282 a
2158 2226 2330 2283 nobis
2357 2242 2564 2283 omnes
2607 2224 2843 2281 dolores
2881 2230 2942 2279 et

548 2306 872 2378 languores
913 2304 1241 2373 abstulerit,
1271 2311 1331 2363 et
1377 2322 1485 2360 nos
1512 2304 1589 2359 ab
1637 2304 1914 2361 omnibus
1963 2304 2182 2361 nostris
2205 2304 2382 2361 malis
2423 2301 2780 2361 liberaverit.
2861 2302 2940 2358 2⁰.

550 2381 697 2439 Non
722 2399 895 2456 posse
922 2382 1123 2438 locum
1150 2381 1323 2437 aliter
1348 2379 1605 2454 intelligi
1627 2398 1808 2454 quam
1830 2383 1904 2438 de
1921 2381 2147 2456 peccati
2173 2389 2233 2439 et
2247 2400 2436 2456 poenae
2459 2381 2792 2438 remotione
2808 2396 2943 2453 pro-

550 2460 697 2517 bant
744 2478 819 2515 ex
864 2458 1086 2515 Matth.
1134 2458 1255 2516 viii.
1302 2458 1397 2529 16,
1455 2457 1547 2528 17,
1595 2458 1704 2515 ubi
1755 2458 2070 2533 impletum
2117 2460 2335 2517 dicitur
2387 2460 2550 2517 istud
2595 2457 2944 2515 vaticinium

550 2538 796 2612 quando
824 2554 1018 2610 aegros
1040 2536 1289 2593 sanabat
1314 2544 1373 2593 et
1388 2536 1581 2593 varios
1606 2536 1846 2593 morbos
1873 2538 2138 2608 curabat,
2170 2544 2206 2571 ‘⁴
2223 2555 2464 2612 vespere
2492 2544 2698 2595 autem
2723 2534 2941 2606 facto,”

551 2615 747 2690 inquit
795 2613 1038 2686 Matth„
1070 2614 1474 2673 “obtulerunt
1514 2614 1569 2671 ei
1616 2616 1840 2671 multos
1881 2615 2183 2672 daemonia
2227 2616 2531 2687 habentes,
2569 2621 2631 2673 et
2672 2613 2948 2687 ejiciebat

550 2692 795 2767 spiritus
820 2693 1026 2763 verbo,
1054 2698 1117 2749 et
1142 2710 1345 2749 omnes
1371 2693 1529 2751 male
1572 2692 1858 2749 habentes
1901 2693 2169 2763 curavit;
2199 2702 2268 2750 ut
2315 2694 2745 2767 adimpleretur
2779 2692 2945 2765 quod

546 2771 777 2829 dictum
802 2779 892 2828 est
917 2789 1024 2845 per
1054 2771 1173 2829 Isa.
1203 2770 1515 2841 dicentem,
1548 2770 1688 2844 Ipse
1713 2770 2092 2829 infirmitates
2119 2778 2350 2829 nostras
2375 2770 2600 2845 accepit
2620 2776 2681 2827 et
2707 2770 2946 2827 morbos

546 2849 810 2925 portavit
830 2850 885 2920 ;''
917 2855 987 2906 ut
1012 2867 1155 2922 ergo
1182 2849 1423 2909 morbos
1447 2855 1713 2922 portasse
1740 2848 1962 2905 dicitur
2000 2866 2125 2905 non
2151 2848 2214 2905 in
2243 2868 2304 2906 se
2329 2848 2759 2917 transferendo,
2787 2848 2889 2904 sed
2906 2866 2947 2904 a

548 2929 719 2986 nobis
759 2927 1106 2997 auferendo,
1154 2927 1315 2987 idem
1342 2926 1523 2984 etiam
1549 2927 1626 2983 de
1651 2926 1904 3001 peccatis
1953 2926 2412 2999 intelligendum
2425 2944 2580 2985 esse.
2664 2924 2744 2982 3⁰.
2791 2924 2947 2985 con-

547 3007 790 3063 firmant
816 3006 1066 3063 eandem
1094 3007 1249 3063 hanc
1276 3004 1708 3078 expositionem
1735 3022 1810 3061 ex
1831 3012 1977 3078 typo
2019 3004 2170 3061 hirci
2195 3004 2500 3075 emissarii,
2529 3004 2692 3062 unde
2705 3003 2948 3061 videtur

547 3083 737 3156 petita
780 3085 911 3139 haec
954 3083 1243 3156 loquendi
1285 3083 1455 3153 ratic,
1500 3084 1575 3139 de
1602 3100 1743 3157 quc,
1774 3082 1940 3139 Levi.
1979 3082 2120 3151 xvi„
2149 3082 2366 3139 dicitur
2392 3084 2554 3157 quod
2600 3100 2780 3157 super
2805 3100 2946 3139 eum

551 3158 763 3215 Aaron
791 3159 968 3231 jussu
1005 3159 1120 3215 Dei
1147 3159 1347 3217 omnia
1384 3160 1597 3233 populi
1624 3159 1843 3216 delicta
1883 3160 2276 3217 confitebatur
2301 3166 2362 3216 et
2394 3160 2526 3234 ejus
2551 3159 2730 3234 capiti
2755 3160 2948 3234 impo-

550 3235 749 3302 nebat,
762 3253 895 3307 quae
906 3234 1123 3291 deinde
1132 3236 1381 3293 emissus
1390 3236 1449 3292 in
1462 3238 1764 3293 desertum
1775 3252 1974 3293 secum
1984 3238 2350 3310 asportabat;
2367 3255 2492 3294 non
2501 3238 2661 3294 enim
2670 3238 2763 3294 illi
2779 3238 2948 3295 hirco

549 3327 690 3367 vere
710 3318 955 3384 peccata
978 3311 1189 3385 populi
1216 3311 1497 3386 imputari
1522 3312 1806 3388 potuisse,
1835 3332 2029 3389 neque
2055 3332 2198 3371 eum
2232 3316 2551 3372 abeuntem
2576 3333 2716 3372 vere
2743 3333 2946 3373 secum

550 3387 662 3445 illa
685 3394 979 3463 portasse:
1010 3390 1115 3445 sed
1132 3388 1461 3447 Dominum
1478 3389 1728 3447 innuere
1755 3397 1992 3449 tantum
2018 3392 2278 3451 voluisse
2305 3410 2423 3449 non
2449 3393 2647 3451 minus
2668 3410 2706 3450 a
2724 3394 2948 3468 populo

552 3466 753 3523 ablata
777 3464 966 3523 fuisse
995 3466 1197 3524 omnia
1214 3474 1475 3540 peccata,
1504 3484 1689 3542 quam
1717 3467 1766 3523 si
1791 3468 1991 3526 hircus
2017 3469 2122 3527 ille
2140 3488 2321 3545 super
2341 3488 2403 3528 se
2419 3470 2701 3529 universa
2719 3471 2946 3529 habens

548 3544 613 3600 in
641 3547 941 3602 desertum
968 3544 1075 3601 illa
1102 3550 1494 3619 asportasset3
1536 3562 1656 3601 non
1699 3545 1964 3619 potuisse
1991 3548 2110 3605 dici
2153 3549 2501 3607 satisfecisse
2537 3567 2649 3623 pro
2675 3549 2946 3623 peccatis,

548 3623 696 3697 quia
720 3621 875 3682 nihil
902 3623 977 3679 de
1004 3622 1135 3695 ejus
1162 3628 1357 3681 morte
1384 3641 1519 3697 quse
1548 3629 1748 3681 tamen
1777 3626 2107 3683 secundum
2139 3645 2248 3683 nos
2275 3628 2602 3685 necessaria
2641 3634 2788 3697 erat,
2817 3644 2949 3701 per-

550 3700 808 3759 hibetur.
890 3704 971 3758 4⁰.
1006 3700 1188 3768 Quod
1216 3700 1267 3758 si
1291 3702 1517 3759 locutio
1544 3702 1674 3759 haec
1688 3710 1978 3777 urgeatur
1992 3712 2053 3763 et
2081 3706 2158 3761 ad
2187 3704 2542 3762 calamitatis
2561 3704 2948 3761 inflictionem

552 3778 863 3851 referatur,
889 3798 966 3837 ne
994 3779 1077 3837 sic
1104 3778 1351 3854 quidem
1386 3778 1851 3839 satisfactionem
1877 3800 2048 3857 posse
2075 3782 2206 3841 elici
2235 3784 2626 3853 contendunt,
2654 3782 2798 3857 quia
2821 3800 2945 3839 non

555 3874 791 3932 semper
826 3876 1015 3932 poenae
1063 3856 1349 3915 lationem
1374 3864 1674 3929 connotat,
1716 3860 1819 3917 sed
1859 3860 2184 3935 simplicem
2234 3860 2614 3918 afflictionem
2642 3860 2946 3918 occasione

546 3936 773 4011 peccati
812 3934 1064 4006 illatam,
1093 3941 1166 3993 ut
1202 3941 1368 4010 patet
1393 3954 1467 3993 ex
1508 3934 1698 3994 Num.
1747 3936 1866 3993 xiv.
1899 3938 1994 4010 33,
2023 3938 2240 3995 Thren.
2269 3957 2326 3995 V.
2378 3938 2433 4002 7.
2517 3938 2594 3995 5⁰.
2641 3937 2952 3996 Vellicant

548 4014 729 4071 etiam
755 4014 939 4072 verba
964 4032 1086 4071 ver.
1115 4013 1327 4089 quinti,
1360 4014 1467 4071 ubi
1493 4014 1711 4072 dicitur
1738 4020 1773 4047 ‘⁴
1797 4016 2107 4090 castigatio
2126 4016 2288 4090 pacis
2309 4023 2528 4074 nostrae
2557 4034 2738 4092 super
2755 4020 2950 4091 eum,”

546 4092 723 4167 quasi
748 4092 903 4149 nihil
918 4092 1085 4149 aliud
1114 4091 1448 4166 significent
1462 4110 1645 4167 quam
1666 4092 1970 4151 Christum
1995 4094 2238 4169 flagella
2257 4102 2318 4152 et
2337 4094 2684 4153 afflictiones
2700 4095 2954 4153 subiisse

547 4188 683 4243 quae
710 4170 885 4228 nobis
912 4188 1135 4245 pacem,
1154 4170 1217 4227 id
1239 4177 1328 4228 est
1342 4170 1688 4229 felicitatem
1707 4176 1769 4228 et
1795 4171 2074 4245 quietem,
2093 4179 2482 4247 pepererunt3
2503 4171 2669 4230 Nam
2695 4190 2812 4229 ῆοπιο
2833 4192 2951 4248 pro

544 4248 787 4321 flagello
830 4255 1070 4307 tantum
1112 4255 1173 4307 et
1218 4249 1535 4307 afflictione
1582 4250 1746 4323 poni,
1795 4268 1918 4308 non
1972 4269 2080 4327 pro
2129 4269 2272 4309 vera
2316 4251 2650 4325 punitione,
2694 4250 2953 4309 innuere

546 4341 753 4381 vocem
788 4326 953 4400 pacis
980 4344 1115 4402 quae
1136 4327 1191 4383 ei
1227 4346 1351 4385 non
1379 4329 1626 4386 obscure
1654 4329 1996 4403 opponitur,
2039 4346 2252 4403 nempe
2281 4328 2424 4405 quia
2469 4328 2780 4387 antithesis
2823 4348 2952 4387 non

546 4405 636 4487 est
662 4400 817 4458 inter
841 4404 1217 4477 punitionem
1244 4412 1305 4463 et
1330 4424 1538 4481 pacem
1563 4408 2070 4482 quemadmodum
2097 4415 2189 4465 est
2226 4408 2382 4466 inter
2420 4425 2629 4483 pacem
2665 4413 2726 4465 et
2765 4408 2956 4465 affiic-

546 4480 788 4534 tionem.
821 4554 834 4567 .
868 4480 949 4536 6⁰.
993 4480 1269 4556 Denique
1295 4502 1417 4543 ver.
1460 4485 1518 4556 6,
1548 4484 1655 4541 ubi
1698 4485 1917 4543 dicitur
1955 4487 2122 4559 quod
2168 4485 2212 4543 J
2214 4488 2408 4545 ehova
2432 4504 2577 4544 ”aa
2625 4492 2660 4521 ‘⁸
2681 4485 2824 4542 fecit
2851 4505 2956 4544 oc·-

546 4569 781 4610 currere
818 4555 1196 4629 iniquitatem
1240 4568 1507 4619 nostram
1552 4578 1732 4635 super
1772 4562 2030 4636 ipsum,'’
2073 4572 2376 4640 reponunt
2419 4564 2956 4644 dupliciter—„reddi
