3234 5192
224 346 465 387 martyr.
498 325 613 406 nn]
982 342 1209 383 NOSTRA
1240 342 1317 383 ΔΒ
1346 344 1626 383 secanam
1653 344 1916 385 Rouana·
2592 337 2668 393 65

222 487 377 545 hauc
406 484 805 545 adorationem
834 502 953 543 non
980 482 1329 561 praecipiant,
1360 504 1489 543 eam
1530 492 1724 544 tamen
1753 506 1828 543 ex
1883 506 2082 545 eorum
2125 489 2412 547 sententia
2453 500 2660 569 sponte

224 567 411 643 sequi,
446 566 693 642 ideoque
730 566 905 641 longe
956 564 1192 639 gravius
1233 584 1469 641 peccare
1514 563 1878 623 Lutheranos
1919 586 2036 623 non
2077 566 2384 627 adorantes
2417 570 2656 630 Pontifi-

222 648 335 704 ciis
360 645 759 705 adorantibus.
795 647 832 676 ‘⁴
856 644 1001 718 Quis
1028 643 1241 717 enim,’'
1272 644 1555 721 inquiunt,
1604 646 1845 722 “majus
1875 646 2089 703 crimen
2119 667 2244 705 esse
2274 647 2431 707 dicat
2460 649 2518 707 in
2550 652 2654 710 Ca-

221 725 483 799 tholicis,
512 726 555 783 J
560 744 723 784 esum
754 723 1049 783 Christum
1076 724 1137 782 in
1168 723 1533 781 Eucharistia
1578 732 1920 801 praesentem
1971 724 2360 801 adorantibuS,
2393 748 2568 805 quam
2597 730 2658 789 in

224 805 597 879 Lutheranis,
632 803 929 863 Christum
957 822 1127 881 quem
1168 810 1507 880 praesentem
1536 803 1794 879 credunt,
1826 824 1932 863 suo
1959 804 2176 864 honore
2205 806 2568 883 privantibus
2588 810 2654 865 ?’'

224 886 379 943 Nam
408 885 615 961 primo,
648 884 795 943 falso
819 892 1149 960 supponunt
1177 903 1254 941 ex
1280 883 1587 959 praesentia
1608 884 1824 943 Christi
1853 884 1912 941 in
1937 894 2309 961 sacramente,
2336 906 2508 964 quam
2539 896 2652 947 sta·

223 974 401 1025 munt
434 963 771 1037 Lutherani,
804 962 971 1039 sequi
998 963 1341 1023 sacramenti
1390 963 1804 1039 adorationem,
1847 984 1984 1023 nam
2014 964 2149 1026 licet
2179 964 2416 1027 credant
2459 967 2651 1027 Chris-

222 1054 351 1105 tum
372 1064 503 1103 esse
530 1044 593 1102 in
622 1051 1001 1117 sacramente,
1033 1062 1149 1101 non
1186 1050 1489 1119 propterea
1543 1043 1786 1103 credunt
1825 1064 1952 1103 esse
1995 1044 2182 1123 ipsum
2213 1056 2650 1126 sacramentum,

222 1125 365 1201 quia
390 1144 603 1201 panem
631 1142 861 1201 semper
888 1142 1117 1181 manere
1144 1142 1349 1199 panem
1394 1122 1756 1197 confitentur,
1787 1126 1972 1183 multo
2001 1126 2190 1184 minus
2232 1136 2652 1186 sacramentum

220 1205 415 1283 ipsum
448 1204 807 1263 adorandum
838 1210 1115 1278 statuunt,
1148 1222 1252 1261 nec
1280 1202 1401 1260 ulla
1444 1202 1664 1261 ratione
1694 1202 1754 1261 id
1783 1223 1858 1261 ex
1887 1224 2084 1263 eorum
2113 1206 2420 1283 hypothesi
2463 1217 2654 1285 potest

222 1286 376 1359 elici,
410 1304 547 1341 nam
574 1304 695 1341 non
724 1282 923 1342 statim
948 1280 1253 1341 adorandae
1286 1289 1419 1339 sunt
1460 1302 1569 1356 res,
1600 1281 1662 1339 in
1717 1282 1928 1359 quibus
1972 1284 2132 1342 Deus
2169 1304 2420 1361 praesens
2450 1296 2554 1361 est,
2587 1297 2652 1347 ut

223 1373 399 1423 antea
426 1363 705 1423 diximus·
796 1359 1081 1435 Secundo,
1122 1362 1303 1437 gratis
1332 1361 1505 1419 etiam
1536 1362 1878 1438 supponitur
1905 1382 1978 1421 ex
2015 1364 2302 1439 positione
2329 1367 2650 1442 praesentim

224 1444 399 1503 realis
428 1452 491 1503 et
520 1442 837 1521 corporalis
866 1441 1081 1500 Christi
1108 1441 1169 1499 iu
1210 1461 1375 1519 pane,
1408 1440 1571 1517 sequi
1614 1442 2014 1499 necessitatem
2045 1440 2395 1501 adorationis
2436 1445 2650 1504 Christi

224 1524 287 1581 in
316 1542 485 1601 pane.
524 1524 606 1583 Ut
635 1522 791 1583 enim
820 1541 895 1580 ex
923 1521 1229 1599 praesentia
1260 1520 1369 1579 Dei
1398 1520 1458 1577 in
1488 1519 1778 1597 lapidibus
1801 1520 1897 1579 vel
1924 1521 2241 1598 arboribuS,
2275 1520 2382 1581 Sto.
2413 1543 2528 1581 non
2558 1544 2646 1584 se-

222 1604 425 1679 quitur
450 1611 694 1663 externo
724 1602 919 1678 aliquo
948 1600 1107 1661 cultu
1150 1600 1341 1661 statim
1384 1620 1517 1659 eum
1544 1600 1629 1659 ibi
1683 1620 1810 1659 esse
1867 1600 2239 1677 adorandum,
2285 1602 2387 1661 sed
2416 1603 2646 1663 demum

222 1684 559 1760 ubicunque
584 1682 783 1741 radios
810 1681 1035 1757 aliquos
1063 1680 1384 1759 praesentiae
1414 1700 1533 1739 suae
1561 1681 1660 1738 vel
1687 1682 1748 1739 in
1787 1681 1974 1757 gratia
2003 1682 2096 1741 vel
2125 1682 2186 1739 in
2216 1682 2401 1759 gloria
2429 1683 2642 1761 patefa-

222 1763 340 1837 cit;
386 1770 453 1823 ut
480 1782 559 1821 ex
586 1761 893 1839 praesentia
920 1760 1241 1821 divinitatis
1296 1760 1511 1819 Christi
1539 1760 1598 1817 in
1626 1760 1930 1838 baptismO,
1972 1781 2088 1819 non
2139 1763 2398 1839 sequitur
2427 1763 2644 1823 Christ-

223 1862 321 1901 um
348 1862 480 1901 esse
510 1842 571 1899 in
598 1842 767 1917 aquis
808 1840 1077 1917 baptismi
1118 1840 1491 1915 adorandum,
1534 1840 1617 1899 ita
1657 1860 1762 1899 nec
1793 1841 1841 1899 si
1883 1849 2035 1900 esset
2083 1842 2144 1899 in
2182 1842 2364 1917 signis
2415 1844 2643 1903 Eucha-

224 1922 423 1995 ristiae,
456 1921 651 1979 statim
682 1929 1017 1997 sequeretur
1042 1920 1125 1979 ibi
1154 1940 1285 1979 cum
1312 1920 1429 1979 illis
1478 1941 1603 1979 esse
1635 1920 2007 1996 adorandum,
2053 1922 2188 1999 quia
2226 1922 2308 1981 ibi
2339 1923 2643 1983 invisibili-

222 2010 313 2059 ter
340 2020 554 2077 eorpus
581 2000 709 2077 ejus
734 2000 941 2059 lateret
974 2000 1193 2077 absque
1232 2000 1353 2059 ullo
1382 2000 1594 2059 divinae
1640 2000 1956 2079 majestatis
1983 2001 2162 2077 radi0,
2194 2022 2300 2061 nec
2329 2012 2394 2061 ut
2421 2004 2642 2081 vivum,

226 2080 329 2139 sed
356 2090 427 2139 ut
452 2087 745 2139 mortuum
768 2090 1197 2159 proponeretur,
1230 2079 1329 2137 sed
1360 2081 1420 2138 in
1450 2080 1595 2139 coelo
1625 2080 1856 2139 demum
1905 2081 2232 2145 adorandus
2261 2092 2365 2155 est,
2397 2083 2496 2141 ubi
2513 2084 2644 2143 vult

226 2161 429 2237 quaeri,
460 2168 522 2219 et
548 2160 649 2220 ubi
676 2160 828 2220 vivit
854 2168 913 2219 et
941 2160 1189 2237 gloriose
1220 2180 1281 2217 se
1326 2160 1495 2217 nobis
1522 2160 1870 2219 manifestat.
1955 2159 2082 2234 Quo
2121 2162 2369 2237 pertinet
2397 2162 2644 2221 formula

225 2248 510 2317 veterum,
541 2260 671 2318 quae
698 2240 759 2299 in
785 2240 912 2317 ipso
942 2241 1079 2299 Can.
1125 2240 1323 2297 Missae
1345 2239 1622 2299 retinetur
1642 2239 1830 2298 adhuc
1859 2240 2094 2317 speciali
2124 2241 2486 2318 providentia
2510 2241 2640 2317 Dei,

226 2340 453 2379 sursum
480 2323 678 2395 corda,
709 2340 837 2398 quae
868 2318 1037 2379 docet
1066 2319 1353 2377 Christum
1397 2338 1512 2377 non
1540 2318 1599 2377 in
1643 2339 1808 2395 pane,
1854 2319 1958 2379 sed
1985 2319 2044 2377 in
2087 2321 2234 2378 eoelo
2268 2320 2641 2400 quaerendum

226 2420 375 2459 esse.
462 2400 594 2459 Non
626 2400 799 2459 debet
838 2418 977 2476 ergo
1020 2398 1163 2457 vitio
1206 2398 1353 2457 verti
1396 2398 1758 2475 Lutheranis,
1792 2399 1842 2457 si
1882 2398 2273 2459 adorationem
2331 2420 2492 2459 suam
2524 2421 2642 2459 non

228 2480 486 2556 dirigant
512 2480 587 2539 ad
616 2479 907 2539 Christum
933 2480 995 2537 in
1024 2478 1388 2538 Eucharistia
1408 2478 1682 2539 latentem
1712 2478 2094 2557 invisibiliter,
2128 2480 2230 2539 sed
2257 2479 2332 2539 ad
2361 2500 2492 2541 eum
2514 2482 2638 2559 glo-

228 2560 381 2619 riose
410 2560 471 2617 in
499 2559 660 2619 eoelis
687 2568 1041 2636 regnantem.
1070 2558 1282 2632 Terti0,
1308 2558 1419 2617 etsi
1444 2559 1555 2621 hoe
1584 2580 1660 2619 ex
1689 2558 1940 2637 ipsorum
1964 2559 2235 2637 dogmate
2265 2581 2638 2637 consequere-

228 2648 341 2713 tur,
372 2660 493 2699 non
538 2647 733 2717 posset
770 2648 964 2698 tamen
1017 2638 1128 2697 hoc
1176 2638 1434 2715 legitime
1478 2638 1622 2717 ipsis
1669 2640 1956 2717 imputari,
2007 2640 2144 2717 quia
2173 2640 2641 2719 consequentiam

228 2720 379 2779 hanc
408 2739 517 2779 nec
569 2719 771 2779 vident
811 2738 917 2778 nec
946 2718 1273 2793 admittunt,
1318 2720 1434 2777 imo
1478 2719 1692 2778 diserte
1733 2727 2124 2797 protestantur
2165 2740 2226 2778 se
2267 2721 2341 2779 ab
2371 2741 2440 2779 ea
2465 2740 2638 2797 quam

231 2800 485 2857 maxime
514 2798 836 2859 abhorrere.
920 2798 1063 2874 Quis
1090 2818 1229 2857 vero
1258 2797 1472 2859 dixerit
1498 2799 1602 2873 illi,
1633 2798 1736 2876 qui
1763 2799 1972 2858 thesim
2000 2799 2252 2875 aliquam
2283 2808 2489 2872 tuetur,
2523 2810 2637 2859 sta·

228 2878 333 2937 tim
362 2898 563 2939 omnes
580 2880 1033 2956 consequentias,
1064 2898 1195 2955 quse
1222 2878 1357 2937 inde
1386 2878 1595 2936 deduci
1614 2886 1874 2954 possunt,
1901 2878 2023 2936 sive
2053 2897 2188 2935 vere
2219 2878 2341 2936 sive
2369 2878 2636 2953 probabi-

228 2958 363 3017 liter
389 2966 629 3034 tantum,
660 2958 799 3017 licet
826 2978 923 3017 eas
951 2978 1067 3017 non
1095 2966 1389 3035 agnoscat,
1422 2977 1527 3015 nec
1545 2957 1768 3034 probet,
1793 2975 1960 3033 posse
1989 2964 2088 3013 aut
2116 2955 2326 3014 debere
2354 2956 2639 3033 impingi?

229 3040 375 3095 Cum
404 3056 543 3114 ergo
570 3048 789 3099 certum
838 3038 913 3097 sit
940 3038 1097 3098 viros
1122 3037 1327 3097 fratres
1376 3036 1768 3093 adorationem
1817 3034 2175 3107 sacramenti,
2208 3054 2310 3110 pro
2338 3054 2453 3111 qua
2483 3035 2635 3093 Pon-

228 3117 409 3193 tificii,
438 3126 505 3177 ut
524 3138 627 3196 pro
655 3118 771 3178 aris
799 3126 857 3177 et
883 3117 1043 3195 focis,
1066 3124 1345 3195 puguant,
1370 3121 1701 3174 constanter
1721 3112 2010 3188 detestari,
2041 3133 2226 3191 neque
2244 3113 2636 3175 adorationem

228 3198 443 3257 Christi
470 3198 533 3255 in
558 3218 723 3275 pane,
754 3196 857 3257 sed
884 3197 945 3255 in
972 3198 1119 3257 coelo
1146 3202 1481 3274 agnoscant,
1528 3202 1630 3252 aut
1657 3192 1894 3252 videant
1941 3193 2088 3252 hane
2117 3214 2192 3253 ex
2222 3196 2505 3255 sententia
2533 3216 2639 3257 sua

226 3278 407 3355 sequi,
440 3298 613 3355 quam
641 3278 741 3337 alii
798 3278 1032 3337 eliciunt
1056 3300 1069 3353 ;
1114 3296 1285 3337 nemo
1311 3294 1429 3335 non
1459 3274 1636 3352 videt,
1667 3273 1838 3333 aliam
1867 3272 2038 3351 plane
2066 3274 2321 3354 ipsorum
2350 3284 2408 3337 et
2438 3277 2635 3336 Ponti·

224 3358 484 3417 ficiorum
511 3358 607 3417 hie
634 3378 761 3418 esse
789 3358 1085 3417 rationem.

304 3437 523 3496 XXV.
570 3438 800 3497 Crimen
840 3458 978 3515 ergo
1023 3436 1457 3496 Pontificiorum
1499 3455 1615 3494 non
1645 3434 1706 3494 in
1735 3455 1802 3495 eo
1846 3442 1950 3511 est,
1983 3434 2140 3513 quod
2184 3434 2472 3496 Christum
2499 3438 2634 3498 ado-

226 3524 371 3593 rent,
404 3518 509 3577 sed
542 3521 594 3577 1.
616 3516 784 3592 Quod
811 3538 928 3575 non
949 3517 1190 3576 adorent
1231 3536 1299 3575 eo
1328 3516 1518 3591 mode,
1550 3536 1666 3593 quo
1693 3516 1967 3594 proecepit
1997 3516 2174 3591 Deus,
2207 3521 2262 3575 2.
2308 3516 2478 3591 Quod
2507 3538 2633 3595 spe·

224 3598 343 3657 cies
370 3616 503 3657 cum
547 3598 777 3657 Christo
820 3597 1076 3673 adorent,
1122 3600 1179 3655 3.
1226 3596 1485 3655 Maxime
1526 3595 1684 3673 quod
1724 3614 1829 3673 pro
1876 3594 2104 3655 Christo
2128 3605 2544 3655 sacramentum
2578 3606 2636 3656 et

222 3698 451 3753 panem,
482 3677 544 3736 id
570 3685 676 3751 est,
707 3677 770 3736 id
797 3676 953 3753 quod
980 3696 1181 3735 revera
1208 3696 1325 3734 non
1354 3683 1443 3733 est
1472 3674 1754 3749 Christus«,
1790 3674 2047 3735 adorent.
2135 3676 2336 3753 Neque
2365 3676 2522 3734 valet
2549 3676 2634 3753 ip-

226 3776 423 3816 sorum
452 3756 697 3816 intentio
726 3765 785 3816 et
812 3778 964 3815 caeea
990 3756 1153 3831 fides,
1186 3756 1339 3832 quia,
1370 3762 1437 3813 ut
1476 3762 1609 3813 ante
1653 3754 1926 3828 diximus,
1969 3774 2208 3813 erronea
2247 3754 2490 3813 intentio
2519 3774 2634 3812 non

222 3845 483 3897 excusat.
568 3838 775 3913 Itaque
816 3844 1057 3914 peccant
1098 3836 1193 3895 hic
1225 3834 1529 3905 Pontificii,
1575 3853 1692 3893 nou
1733 3842 1955 3893 tantum
1997 3833 2058 3892 in
2101 3836 2218 3891 loco
2262 3832 2467 3905 cultuS,
2499 3834 2638 3907 quia

222 3924 491 3993 quaerunt
518 3924 576 3975 et
602 3916 801 3975 colunt
828 3916 1121 3975 Christum
1162 3915 1265 3974 ubi
1291 3935 1407 3973 non
1450 3922 1538 3973 est
1592 3912 1955 3991 quaerendus,
1997 3912 2218 3971 seilicet
2245 3912 2304 3969 in
2335 3911 2517 3987 signis
2545 3932 2635 3969 sa-

222 3997 691 4071 cramentalibus,
722 3995 825 4055 sed
846 3997 1021 4055 etiam
1048 3995 1109 4053 in
1136 3996 1359 4071 objecto,
1390 3994 1527 4071 quia
1554 3993 1798 4053 adorant
1835 3992 2086 4052 hostiam
2113 4011 2216 4069 pro
2248 3990 2476 4049 Christo
2504 4010 2636 4067 quse

218 4094 279 4134 re
308 4076 439 4154 ipsa
465 4076 733 4137 Christus
774 4095 891 4134 non
918 4084 1024 4151 est,
1068 4074 1345 4152 quiequid
1393 4073 1480 4133 illi
1507 4082 1780 4133 statuant.
1866 4072 2132 4149 Denique
2180 4070 2289 4129 etsi
2319 4069 2634 4128 Lutherani

220 4174 339 4215 non
366 4155 613 4215 adorant
638 4163 1057 4215 sacramentum
1086 4154 1182 4213 vel
1211 4154 1501 4215 Christum
1550 4153 1610 4211 in
1639 4172 1804 4231 pane,
1851 4171 1968 4209 non
2021 4150 2254 4227 privant
2281 4157 2472 4206 tamen
2501 4168 2634 4209 eum

218 4234 417 4295 debito
444 4236 681 4309 honore,
712 4234 949 4295 adorare
978 4235 1130 4293 enim
1158 4254 1271 4293 non
1303 4234 1575 4293 desinunt
1596 4232 1888 4293 Christum
1918 4230 1977 4289 in
2006 4228 2382 4287 Eucharistiae
2410 4246 2537 4305 usn,
2568 4236 2635 4288 ut

219 4316 436 4391 passim
464 4322 769 4375 testantur.
858 4316 953 4375 Sic
1002 4322 1061 4373 et
1116 4312 1451 4387 Reformati,
1508 4318 1642 4371 utut
1669 4309 2010 4370 sacramenti
2057 4307 2466 4383 adorationem,
2506 4316 2631 4368 tan-

222 4412 395 4469 quam
423 4396 643 4455 crimen
670 4394 843 4471 longe
887 4393 1221 4468 maximum,
1280 4398 1634 4465 aversentur,
1691 4408 1810 4447 non
1838 4388 2128 4463 denegant
2180 4393 2374 4449 tamen
2405 4388 2634 4450 Christo

224 4475 441 4535 cultum
470 4474 733 4534 debitum
763 4476 823 4532 in
848 4474 1025 4551 hujus
1054 4474 1394 4531 sacramenti
1424 4468 1810 4529 celebratione
1833 4490 1847 4543 ;
1879 4468 1996 4525 imo
2023 4487 2365 4547 quoeunque
2399 4470 2632 4529 tandem

224 4554 394 4614 modo
437 4554 880 4628 communicent,
924 4554 1049 4611 sive
1088 4552 1311 4627 staud0,
1356 4551 1481 4609 sive
1534 4548 1808 4625 sedendo,
1855 4547 1978 4606 sive
2021 4548 2476 4625 genuflectendO,
2508 4560 2636 4609 uta

223 4636 399 4694 variis
428 4636 503 4695 sit
546 4632 951 4708 diversimode,
983 4640 1199 4692 certum
1244 4640 1332 4691 est
1375 4630 1666 4689 Christum
1710 4628 1784 4687 ab
1826 4628 2091 4687 omnibus
2133 4630 2374 4705 adorari,
2427 4650 2542 4687 non
2573 4638 2634 4688 ut

2113 4727 2147 4766 a
