3234 5192
544 314 661 374 150
1306 332 1385 375 ns
1414 332 1776 375 necessum
1807 332 2154 375 ssesssmns
2555 310 2816 393 [msru‘r.
2843 336 2946 377 vu.

548 480 826 533 mentum.
930 472 1054 533 Nec
1079 470 1265 533 ullum
1292 494 1595 533 moerorem
1646 475 1946 553 concipere
1993 480 2262 553 poterant
2289 492 2366 532 ex
2408 472 2513 531 tali
2539 474 2952 553 profanatione,

550 562 751 631 utpote
794 554 896 632 qui
938 554 1152 613 scirent
1198 564 1257 615 et
1320 556 1806 615 abominationem
1867 553 2243 615 desolationis
2287 554 2462 631 juxta
2539 554 2842 615 Danielem
2897 566 2955 617 et

548 635 847 693 Christum
898 635 1116 713 templo
1162 635 1535 711 inferendam,
1586 645 1647 695 et
1687 635 1835 695 illud
1879 634 2043 694 brevi
2089 633 2466 711 diruendum
2511 634 2628 695 imo
2676 636 2738 694 id
2785 636 2954 697 avide

550 716 955 793 expectabant.
1061 716 1261 792 Atque
1300 716 1437 775 hinc
1479 716 1734 775 secundo
1761 723 1937 793 patet,
1969 735 2086 775 non
2113 734 2283 793 posse
2311 715 2407 773 hic
2433 716 2710 792 templum
2743 717 2952 777 Hiero-

554 795 967 871 solymitanum
1020 796 1288 873 intelligi,
1334 796 1471 873 quia
1510 816 1587 855 ex
1616 796 1832 855 Christi
1876 794 2171 870 vaticini0,
2231 794 2442 857 Matth.
2473 797 2637 855 xxiv.
2681 800 2736 872 2,
2769 818 2805 855 a
2833 797 2950 857 Ro·

552 876 741 934 manis
760 876 1021 935 funditus
1048 875 1158 935 fuit
1184 875 1615 951 destruendum,
1647 884 1714 935 ut
1739 896 1814 934 ne
1849 876 2000 953 lapis
2042 874 2276 953 quidem
2325 894 2498 953 super
2521 876 2774 954 lapidem
2802 887 2956 939 esset

552 955 982 1033 relinquendus,
1012 955 1119 1014 sed
1142 955 1204 1012 in
1230 964 1565 1034 perpetuam
1584 956 1956 1016 solitudinem
1977 964 2131 1015 esset
2149 955 2547 1032 redigendum,
2573 976 2678 1017 nec
2699 978 2954 1035 unquam

553 1035 826 1113 deinceps
852 1034 1306 1095 instaurandum.
1392 1036 1561 1111 Quod
1602 1056 1734 1095 cum
1774 1036 2050 1097 Julianus
2091 1043 2356 1113 apostata
2393 1036 2456 1097 in
2497 1036 2692 1097 odium
2723 1038 2952 1115 religio-

552 1116 645 1174 nis
675 1116 1015 1175 Christianae
1056 1123 1336 1175 tentasset
1376 1136 1507 1175 cum
1548 1117 1594 1177 J
1594 1116 1795 1193 udaeis,
1839 1116 2182 1177 temeritatis
2223 1124 2282 1175 et
2313 1116 2626 1194 impietatis
2669 1138 2790 1178 suae
2831 1138 2951 1197 poe-

552 1216 657 1255 nas
686 1195 1006 1272 dederunt;
1050 1216 1184 1255 nam
1226 1196 1553 1257 Titanicum
1579 1217 1743 1276 opus,
1773 1196 1932 1274 quod
1971 1196 2190 1257 nefario
2231 1216 2376 1255 ausu
2405 1198 2752 1275 inceperant,
2785 1208 2950 1258 terrae

550 1285 730 1352 motu,
760 1286 821 1335 et
846 1276 1150 1337 ultricibus
1176 1276 1425 1337 flammis
1452 1278 1716 1339 deserere
1743 1278 1930 1337 coacti
1963 1284 2114 1353 sunt,
2145 1286 2210 1337 ut
2253 1276 2508 1337 referunt
2543 1279 2820 1355 Socrates,
2850 1279 2952 1338 lib.

550 1356 631 1417 iii.
664 1378 788 1435 cap.
820 1360 915 1434 20,
946 1360 1295 1433 Sozomenus,
1324 1358 1426 1417 lib.
1456 1379 1514 1417 v.
1544 1379 1670 1437 cap.
1698 1359 1822 1434 ult.,
1855 1365 1912 1419 et
1941 1358 2058 1417 alii.
2102 1357 2316 1432 Tertio,
2345 1358 2483 1416 licet
2509 1356 2715 1417 domus
2743 1359 2953 1419 Hiero-

550 1438 899 1515 solymitana
940 1439 1000 1497 in
1042 1438 1177 1497 Vet.
1220 1438 1591 1498 Testamento
1620 1438 1830 1516 saepius
1858 1438 2138 1516 templum
2167 1436 2281 1497 Dei
2307 1436 2547 1512 dicatur,
2607 1446 2796 1497 tamen
2823 1446 2956 1516 post

548 1527 793 1578 mortem
850 1518 1083 1593 Christi,
1132 1526 1193 1575 et
1246 1519 1716 1577 caeremoniarum
1769 1517 2164 1595 impletionem
2217 1524 2278 1575 et
2329 1516 2780 1592 abrogationem,
2845 1536 2953 1575 nec

548 1598 751 1674 templi
782 1598 893 1656 Dei
918 1598 1239 1671 veritatem,
1286 1616 1393 1655 nec
1436 1617 1648 1657 nomen
1689 1596 1934 1656 retinere
1961 1594 2168 1671 potuit.
2253 1594 2488 1669 Quarto,
2534 1594 2948 1671 Antichristus,

550 1676 623 1734 de
652 1696 767 1753 quo
795 1677 891 1735 hic
918 1677 1015 1753 agi
1042 1696 1159 1734 non
1186 1685 1404 1752 negant
1432 1676 1741 1751 Pontificii,
1772 1695 1889 1735 non
1917 1674 2120 1735 debuit
2147 1672 2572 1749 Hierosolymis
2599 1672 2817 1749 sedere,
2849 1675 2954 1733 sed

552 1756 771 1831 Romae,
800 1765 869 1815 ut
886 1756 1127 1833 jamjam
1150 1754 1459 1829 videbitur,
1488 1774 1597 1815 nec
1624 1756 1776 1813 inter
1799 1754 1845 1815 J
1848 1753 2063 1829 udaeos,
2093 1753 2198 1813 sed
2225 1752 2284 1811 in
2315 1752 2578 1811 Ecclesia
2605 1753 2949 1829 Christiana,

548 1842 749 1912 utpote
790 1835 891 1912 qui
944 1854 1061 1893 non
1114 1842 1326 1912 aperte,
1368 1834 1474 1893 sed
1527 1834 1886 1913 hypocritice
1933 1841 1994 1893 et
2037 1841 2205 1909 tecte,
2251 1832 2544 1893 Christum
2586 1842 2952 1912 oppugnatu-

554 1934 654 1975 rus
682 1922 824 1973 erat.

625 1994 775 2053 VII.
820 1992 1237 2053 Antichristius
1272 2012 1413 2071 ergo
1440 1994 1654 2055 dicitur
1690 2014 1942 2055 sessurus
1962 1994 2022 2054 in
2047 1996 2249 2069 templo
2275 1992 2406 2068 Dei,
2437 1992 2573 2069 quia
2601 1993 2662 2052 in
2691 1994 2956 2055 Ecclesia

546 2074 995 2134 dominationem
1024 2082 1083 2133 et
1108 2074 1410 2151 imperium
1436 2082 1818 2153 usurpaturus
1845 2082 1984 2149 erat,
2013 2082 2080 2134 ut
2109 2075 2352 2133 Thomas
2379 2082 2557 2148 notat,
2587 2075 2686 2133 vel
2710 2074 2954 2152 primam

547 2154 741 2215 sedem
770 2164 1117 2232 arrepturus,
1148 2163 1214 2214 ut
1245 2155 1638 2215 Theodoram-3.
1725 2154 1940 2215 Sedere
1955 2155 2110 2214 enim
2141 2152 2254 2213 Dei
2268 2173 2510 2231 regnare
2539 2161 2645 2213 est.
2745 2154 2840 2213 Ita
2865 2155 2952 2213 in·

544 2236 674 2295 nuit
719 2236 927 2314 Apost.
956 2234 1145 2311 ipsum
1175 2234 1624 2295 dominationem
1653 2256 1818 2295 suam
1855 2236 2258 2309 exerciturum,
2304 2253 2422 2292 non
2469 2234 2952 2312 quemadmodum

546 2317 780 2392 tyranni
808 2316 945 2374 olim
974 2315 1037 2372 in
1064 2314 1387 2373 Ecclesiam
1416 2315 1546 2391 Dei,
1576 2316 1639 2375 id
1666 2323 1771 2390 est,
1803 2323 2002 2375 contra
2029 2333 2130 2374 eos
2175 2313 2276 2391 qui
2317 2313 2492 2373 fidem
2518 2315 2951 2391 profitebantur,

544 2395 659 2471 ipsi
697 2397 916 2453 interea
954 2394 1017 2451 in
1056 2394 1396 2454 infidelitate
1436 2404 1891 2473 perseverantes,
1937 2395 2041 2455 sed
2080 2395 2142 2453 in
2183 2392 2448 2453 Ecclesia
2473 2403 2862 2471 regnaturum,
2893 2394 2956 2453 id

544 2482 650 2549 est,
674 2475 826 2534 intra
856 2474 1194 2550 Ecclesiam,
1224 2482 1291 2533 ut
1316 2494 1433 2534 non
1460 2485 1765 2536 externum
1787 2475 1864 2535 sit
1889 2476 2124 2550 bellum,
2156 2473 2260 2534 sed
2285 2473 2621 2533 intestinum
2658 2475 2865 2553 potius,
2897 2482 2957 2534 et

542 2554 711 2633 quasi
738 2554 927 2615 civile.
1012 2554 1215 2631 Neque
1242 2556 1593 2633 negligenda
1620 2564 1710 2616 est
1737 2554 2058 2633 Augustini
2095 2554 2438 2630 observatio,
2469 2554 2509 2614 l.
2539 2574 2643 2617 xx.
2674 2576 2723 2613 c.
2759 2558 2850 2631 19,
2881 2555 2954 2614 de

544 2635 670 2694 civ.
704 2635 833 2712 Dei,
864 2634 965 2713 qui
992 2635 1121 2694 vult
1148 2634 1263 2693 dici
1290 2655 1581 2695 sessurum
1608 2656 1728 2695 non
1756 2645 1980 2697 tantum
2007 2635 2067 2695 in
2093 2637 2312 2711 temple,
2357 2633 2460 2693 sed
2499 2642 2566 2693 ut
2607 2635 2813 2695 Graece
2853 2636 2956 2694 ha-

544 2714 716 2774 betur
741 2740 803 2781 υς
834 2740 939 2775 κον
966 2728 1113 2791 eun,
1161 2718 1197 2749 “
1214 2716 1277 2773 in
1302 2716 1582 2794 templum
1611 2717 1742 2793 Dei,
1773 2724 2048 2793 tanquam
2075 2715 2200 2794 ipse
2228 2714 2304 2774 sit
2329 2715 2607 2792 templum
2639 2715 2767 2790 Dei,
2797 2714 2956 2793 quod

544 2804 634 2856 est
662 2797 942 2872 Ecclesia,
984 2797 1134 2856 sicut
1160 2795 1423 2872 dicimus,
1456 2797 1618 2857 sedet
1645 2797 1706 2855 in
1733 2796 1998 2872 amicum,
2047 2795 2112 2856 id
2153 2802 2259 2870 est,
2303 2796 2466 2853 velut
2513 2795 2790 2872 amicus,'’
2822 2794 2950 2873 &c.,

540 2876 678 2937 licet
706 2878 858 2937 enim
880 2876 1193 2955 propositio
1212 2900 1272 2942 ue,-
1298 2897 1403 2955 pro
1432 2901 1473 2937 ιν
1493 2879 1678 2956 possit
1694 2876 2003 2954 aliquando
2020 2877 2175 2954 poni,
2198 2884 2392 2935 tamen
2413 2874 2558 2935 nihil
2581 2875 2787 2951 obstat,
2813 2895 2956 2952 quo-

540 2959 733 3017 minus
760 2958 1072 3036 genuinam
1119 2966 1177 3017 et
1220 2958 1550 3034 primariam
1598 2958 1730 3033 ejus
1777 2956 2258 3035 significationem
2305 2955 2670 3029 retineamus,
2701 2956 2954 3014 maxime

542 3058 673 3099 cum
701 3049 908 3116 agatur
936 3038 1007 3097 de
1036 3036 1385 3098 Antichristi
1426 3037 1750 3115 tyrannide,
1791 3058 1965 3115 quam
1991 3058 2111 3097 non
2154 3046 2380 3097 tantum
2427 3035 2488 3093 in
2537 3035 2817 3111 Ecclesia,
2849 3035 2953 3095 sed

540 3126 601 3176 et
626 3118 906 3177 adversus
936 3118 1257 3177 Ecclesiam
1284 3120 1644 3178 exerciturus
1662 3127 1802 3179 erat.

622 3197 805 3253 VIII.
850 3198 983 3254 Hoc
1010 3206 1203 3255 autem
1234 3198 1503 3257 Pontifici
1532 3200 1797 3257 Romano
1841 3196 2168 3272 convenire,
2198 3215 2292 3255 res
2320 3196 2446 3273 ipsa
2474 3194 2700 3255 clamat.
2802 3195 2952 3255 Nam

540 3281 608 3333 ut
636 3274 1025 3333 Christianum
1074 3294 1135 3333 se
1170 3276 1486 3352 profitetur,
1528 3277 1646 3336 imo
1693 3296 1861 3335 suum
1908 3294 2133 3352 corpus,
2183 3276 2503 3335 Ecclesiam
2549 3274 2950 3353 Christianam,

542 3352 885 3411 catholicam
912 3360 971 3411 et
998 3354 1371 3429 apostolicam
1414 3365 1601 3430 vocat,
1645 3356 1728 3414 ita
1767 3356 1830 3413 in
1869 3355 2086 3431 templo
2130 3355 2243 3415 Dei
2284 3356 2430 3415 bene
2471 3354 2671 3415 sedere
2711 3354 2950 3432 dicitur-3

540 3439 665 3490 tum
694 3431 831 3507 quia
870 3431 932 3489 in
973 3431 1237 3491 Ecclesia
1278 3432 1605 3492 Christiana
1653 3434 1848 3493 sedem
1891 3452 2054 3493 suam
2089 3434 2236 3509 fixit,
2281 3443 2402 3495 tum
2445 3435 2582 3512 quia
2620 3434 2682 3493 in
2723 3454 2952 3495 omnem

541 3510 862 3570 Ecclesiam
890 3512 1197 3588 primatum
1228 3511 1339 3570 sibi
1366 3520 1613 3590 arrogat,
1645 3522 1704 3573 et
1731 3513 2010 3571 Ecclesiae
2037 3533 2264 3589 nomen,
2303 3514 2627 3593 privilegia,
2658 3523 2717 3574 et
2754 3524 2951 3575 aucto-

537 3592 768 3652 ritatem
810 3612 1037 3651 omnem
1078 3591 1155 3650 ad
1182 3611 1243 3651 se
1271 3592 1464 3671 trahit,
1494 3593 1662 3670 quasi
1689 3593 1811 3671 ipse
1841 3592 1997 3653 solus
2025 3614 2156 3653 cum
2184 3595 2305 3654 suis
2331 3603 2485 3655 esset
2511 3595 2788 3673 templum
2820 3598 2950 3673 Dei,

540 3671 699 3751 quod
725 3681 813 3733 est
843 3672 1124 3747 Ecclesia,
1168 3671 1375 3749 reliqui
1407 3681 1601 3733 autem
1643 3671 1954 3733 Christiani
1990 3694 2096 3751 pro
2142 3674 2430 3735 haereticis
2469 3684 2529 3735 et
2569 3676 2952 3736 schismaticis

540 3760 734 3813 essent
772 3752 1058 3829 habendi;
1104 3761 1226 3813 tum
1253 3751 1519 3831 denique,
1563 3752 1702 3831 quia
1736 3754 1818 3813 ita
1853 3762 2061 3831 regnat
2099 3754 2162 3812 in
2197 3755 2474 3830 Ecclesia,
2517 3764 2585 3817 ut
2627 3756 2950 3817 Ecclesiam

537 3835 721 3913 ipsam
751 3834 1012 3893 destruat
1038 3842 1097 3894 et
1123 3842 1433 3910 oppugnet.
1538 3834 1620 3893 Et
1645 3842 1713 3894 ut
1738 3834 1970 3893 oraculo
2017 3842 2261 3893 eventus
2297 3834 2657 3912 respondeat,
2707 3838 2951 3897 verbum

538 3914 727 3993 ipsum
754 3915 987 3974 sedendi
1008 3914 1383 3989 retinuerunt,
1414 3913 1491 3972 ad
1516 3914 1834 3973 dominium
1865 3932 2033 3973 suum
2074 3913 2532 3992 designandum;
2575 3919 2768 3975 sedere
2795 3918 2952 3979 enim

536 3994 599 4054 in
626 3995 908 4068 Ecclesia,
937 3994 1233 4073 proprium
1259 4002 1349 4053 est
1377 3994 1741 4070 Pontificum,
1773 4014 2016 4071 quorum
2044 3994 2287 4072 quisque
2329 3995 2551 4055 tamdiu
2577 3998 2781 4057 sedisse
2809 3998 2949 4057 dici-

538 4084 649 4151 tur,
681 4075 957 4154 quamdiu
983 4076 1145 4133 illam
1172 4074 1426 4133 obtinuit
1466 4074 1827 4152 dignitatem,
1875 4094 2005 4151 quse
2053 4074 2227 4135 etiam
2271 4077 2726 4136 antonomastice
2751 4088 2950 4137 sancta

534 4160 692 4217 sedes
718 4156 945 4217 dicitur.
1032 4156 1199 4215 Licet
1224 4174 1363 4214 vero
1393 4154 1653 4215 dicamus
1684 4153 2020 4215 Pontificem
2049 4154 2248 4214 sedere
2275 4156 2338 4215 in
2379 4156 2643 4217 Ecclesia
2672 4158 2800 4232 Dei,
2833 4178 2952 4219 non

536 4236 671 4295 inde
700 4238 961 4314 sequitur
1002 4235 1324 4296 Ecclesiam
1366 4236 1690 4295 Romanam
1738 4254 1864 4295 esse
1912 4254 2110 4295 veram
2154 4236 2514 4315 Ecclesiam;
2569 4257 2704 4297 nam
2745 4238 2952 4297 distin·-

537 4316 802 4391 guendus
828 4318 923 4376 hic
944 4324 1033 4377 est
1054 4336 1256 4376 sensus
1278 4316 1634 4395 compositus
1655 4325 1714 4376 et
1741 4315 1980 4391 divisus,
2011 4324 2072 4375 et
2097 4316 2487 4377 denominatio
2515 4317 2862 4379 antecedens
2891 4328 2954 4379 et

536 4414 909 4471 consequens.
996 4396 1184 4471 Quum
1215 4396 1565 4457 Antichristi
1592 4397 1761 4456 sedes
1789 4395 2000 4456 dicitur
2026 4416 2154 4455 esse
2183 4397 2463 4472 Ecclesia,
2495 4398 2606 4457 hoc
2634 4418 2750 4457 non
2779 4398 2946 4459 intel-

534 4472 833 4548 ligendum
858 4475 920 4531 in
948 4495 1122 4535 sensu
1148 4478 1482 4554 composit0,
1503 4477 1671 4555 quasi
1710 4485 1908 4555 posset
1955 4476 2128 4537 simul
2169 4497 2297 4537 esse
2340 4478 2604 4537 Ecclesia
2650 4478 2862 4537 Christi
2892 4488 2952 4539 et

536 4552 901 4629 Antichristi,
944 4556 1100 4630 quod
1125 4582 1421 4633 aeonum»,
1464 4558 1568 4617 sed
1594 4558 1659 4616 in
1687 4576 1863 4619 sensu
1890 4556 2096 4633 diviso,
2124 4566 2192 4617 ut
2217 4558 2489 4617 innuatur
2515 4578 2660 4633 eam,
2690 4579 2821 4636 quae
2847 4579 2949 4619 an·

534 4641 630 4693 tea
676 4631 864 4695 fuerat
890 4632 1155 4695 Ecclesia
1182 4637 1412 4714 Christi,
1464 4636 1676 4698 factam
1723 4636 1902 4699 fuisse
1949 4637 2146 4699 sedem
2195 4636 2560 4701 Antichristi.
2646 4639 2956 4715 Quomodo.
