3234 5192
500 333 621 389 240
1172 350 1252 390 ns
1281 350 1624 392 scarr‘runffl:
1645 350 1848 393 sAcnAE
1871 314 2312 392 Au'rnomrars.
2554 325 2822 409 [msrur.
2853 340 2918 393 11.

504 488 621 548 Vel
650 488 802 547 enim
832 488 1026 550 dicent
1054 510 1181 551 esse
1234 490 1589 569 Scripturam
1645 492 1848 570 ipsam,
1900 500 2074 568 atque
2095 489 2178 549 ita
2199 488 2274 547 ad
2321 507 2429 548 nos
2473 489 2768 567 accedent,
2818 492 2919 569 qui

502 569 651 627 nihil
678 569 839 628 aliud
866 570 1154 646 volumus,
1206 591 1379 649 quam
1432 572 1744 649 Scripturae
1791 582 2026 651 propter
2074 570 2429 647 Scripturam
2483 568 2669 647 ipsam
2719 570 2915 649 credi3

504 648 621 708 Vel
649 650 1017 709 traditionem
1046 652 1297 729 aliquam
1326 672 1444 710 non
1473 653 1763 730 scriptam,
1795 654 1900 712 sed
1947 651 2148 710 eadem
2194 650 2438 728 quaestio
2485 651 2816 711 movebitur
2841 652 2914 711 de

502 730 607 788 illa
633 729 985 805 Traditione‚
1020 731 1191 791 Unde
1214 740 1440 791 constet
1468 752 1595 791 eam
1625 752 1752 792 esse
1783 733 2086 808 Divinam3
2130 731 2245 789 Vel
2267 750 2394 789 esse
2423 730 2605 807 ipsius
2635 731 2913 791 Ecclesiae

503 828 725 885 vocem,
741 810 800 867 in
818 830 932 887 qua
952 819 1009 869 et
1025 831 1129 889 per
1147 831 1319 889 quam
1332 812 1494 871 Deus
1510 815 1793 890 loquatur,
1808 814 1966 891 quod
1981 821 2176 871 tamen
2187 810 2374 869 videri
2394 810 2670 869 volebant
2685 832 2916 888 negare.

588 888 773 947 XVI.
820 888 901 947 Et
925 908 1067 947 sane
1093 893 1249 949 hanc
1274 908 1399 949 esse
1425 892 1751 965 genuinam
1779 910 1988 951 eorum
2011 897 2274 949 mentem
2313 889 2618 963 colligitur
2645 909 2720 948 ex
2759 890 2916 967 ipso-

505 985 641 1023 rum
670 967 865 1025 verbis
890 990 903 1025 :
946 967 1113 1027 Nam
1138 988 1244 1044 per
1272 968 1551 1027 Ecclesiae
1580 970 2054 1029 testificationem
2094 968 2391 1028 ordinarie
2430 970 2796 1045 respondent
2831 971 2912 1029 ad

507 1045 918 1120 quaestionem,
948 1052 983 1079 “
1010 1045 1133 1106 Cur
1149 1048 1338 1105 credis
1358 1050 1472 1105 hoc
1504 1047 1776 1107 Verbum
1805 1068 1928 1107 esse
1970 1048 2084 1107 Dei
2117 1047 2386 1105 Verbum
2412 1047 2468 1117 ;’'
2515 1046 2650 1105 Imo
2679 1048 2914 1105 nullam

507 1122 692 1182 aliam
738 1124 1183 1199 responsionem
1230 1128 1540 1184 commode
1579 1145 1751 1202 posse
1793 1128 1992 1186 afferri
2033 1132 2291 1183 censent.
2342 1123 2765 1197 BellarminuS,
2809 1126 2914 1186 lib.

504 1202 590 1260 iii.
613 1203 689 1260 de
714 1201 918 1259 Verbo
948 1203 1080 1275 Dei,
1105 1222 1230 1280 cap.
1256 1204 1348 1275 10,
1367 1222 1517 1279 resp.
1542 1206 1619 1263 ad
1647 1224 1877 1279 argum.
1903 1206 1997 1276 13,
2029 1212 2063 1239 “
2089 1204 2332 1263 Certum
2359 1210 2449 1261 est
2467 1222 2576 1261 nos
2601 1222 2725 1261 non
2753 1212 2913 1262 certo

506 1280 652 1337 scire
674 1282 836 1357 quod
860 1280 1025 1339 Deus
1052 1283 1355 1354 revelavit,
1385 1282 1498 1341 nisi
1528 1304 1603 1341 ex
1627 1283 1909 1342 Ecclesiae
1939 1282 2324 1353 Testimonio,
2353 1288 2414 1340 et
2439 1282 2542 1340 lib.
2565 1282 2643 1339 vi.
2673 1284 2748 1339 de
2779 1283 2912 1343 Lib.

506 1358 737 1417 Arbitr.
767 1377 891 1435 cap.
922 1360 977 1431 3,
1013 1364 1045 1395 “
1072 1360 1340 1419 Credunt
1369 1360 1662 1420 Catholici
1685 1362 1746 1419 id
1769 1364 1932 1438 quod
1961 1364 2229 1431 credunt,
2253 1361 2396 1435 quia
2415 1360 2581 1417 Deus
2608 1361 2914 1433 revelavit,

506 1437 705 1495 Deum
726 1445 927 1495 autem
941 1441 1228 1497 revelasse
1238 1441 1509 1509 credunt,
1524 1441 1669 1515 quia
1697 1439 2023 1499 Ecclesiam
2031 1440 2119 1498 ita
2128 1440 2419 1497 dicentem
2439 1445 2499 1497 et
2513 1440 2918 1497 declarantem

506 1517 823 1574 audiunt.”
868 1516 1154 1593 Staplet0.
1177 1519 1281 1577 lib.
1304 1518 1343 1576 i.
1368 1520 1442 1576 de
1471 1518 1864 1577 Authoritate
1889 1518 2167 1578 Ecclesiae
2189 1524 2400 1575 contra
2417 1518 2682 1575 Whitak.
2706 1535 2831 1592 cap.
2855 1518 2912 1589 8,

505 1600 541 1626 “
553 1593 739 1651 Nunc
756 1612 896 1668 ergo
918 1614 1262 1672 supremum
1280 1604 1599 1654 externum
1616 1596 2053 1654 Testimonium
2069 1598 2131 1654 in
2149 1596 2319 1655 terris
2336 1603 2424 1653 est
2441 1594 2716 1653 Ecclesiae
2733 1597 2914 1667 vox,”

505 1678 568 1729 et
593 1690 720 1747 cap.
753 1673 808 1743 9,
840 1679 873 1706 “
896 1674 1061 1731 Deus
1088 1692 1195 1749 per
1224 1674 1553 1733 Ecclesiam
1580 1676 1834 1749 loquens
1861 1694 1983 1733 non
2013 1675 2188 1733 aliter
2212 1674 2500 1749 loquitur,
2522 1692 2702 1749 quam
2731 1672 2779 1730 si
2801 1673 2914 1731 im-

506 1750 765 1807 mediate
792 1768 898 1824 per
925 1752 1181 1809 visiones
1210 1760 1271 1810 et
1298 1752 1545 1823 somnia,
1576 1760 1685 1811 aut
1723 1754 1934 1827 quovis
1961 1754 2083 1811 alio
2125 1753 2566 1829 supernaturali
2605 1752 2914 1809 revelandi

504 1829 686 1885 modo
735 1828 907 1885 nobis
950 1830 1358 1904 loqueretur‚”
1388 1837 1449 1887 et
1476 1850 1602 1907 cap.
1636 1831 1729 1903 14,
1761 1831 1820 1889 S.
1854 1832 1946 1903 12,
1997 1832 2210 1890 “Tota
2256 1831 2527 1889 formalis
2573 1830 2725 1888 ratio
2774 1830 2914 1888 fidei

505 1913 721 1963 nostrae
770 1913 860 1964 est
907 1906 1072 1965 Deus
1114 1926 1220 1983 per
1266 1908 1592 1967 Ecclesiam
1641 1911 1968 1969 revelans.”
2075 1910 2333 1970 Gretser.
2365 1910 2439 1967 de
2488 1928 2689 1983 agnos.
2725 1908 2911 1983 Scrip.

506 1982 735 2042 Canon.
764 2002 892 2060 cap.
922 1984 979 2057 7,
1010 1992 1046 2019 “
1070 1985 1281 2045 Solum
1322 1986 1753 2045 Testimonium
1807 1987 2085 2047 Ecclesiae
2133 1996 2270 2063 apte
2318 1988 2590 2045 redditur
2615 1990 2691 2045 ad
2721 2006 2913 2065 quaes—

504 2062 748 2134 tionem,
774 2063 956 2121 Unde
983 2064 1095 2122 scis
1114 2064 1485 2140 Scripturam
1502 2084 1628 2123 esse
1651 2066 1956 2125 Divinitus
1986 2068 2368 2125 revelatam.'’
2415 2066 2515 2124 Ita
2541 2084 2660 2123 non
2689 2074 2916 2141 negant

508 2140 879 2217 Scripturam
905 2162 1029 2201 esse
1061 2142 1333 2201 Verbum
1363 2142 1495 2215 Dei,
1524 2146 1627 2203 sed
1655 2146 2032 2219 pertendunt,
2061 2164 2183 2202 non
2224 2163 2394 2219 posse
2435 2151 2504 2201 ut
2531 2146 2713 2202 talem
2741 2144 2912 2201 nobis

502 2220 889 2291 innotescere,
917 2222 1030 2279 nisi
1078 2229 1320 2297 propter
1366 2222 1549 2279 aliam
1595 2223 2041 2293 revelationem,
2073 2242 2206 2297 quae
2250 2223 2312 2279 in
2367 2222 2632 2281 Ecclesia
2671 2224 2912 2280 demum

503 2301 827 2373 quaerenda
873 2300 965 2370 sit,
1007 2307 1212 2377 utpote
1260 2318 1365 2375 per
1412 2319 1595 2375 quam
1666 2300 1832 2360 Deus
1877 2302 2164 2377 loquatur
2207 2301 2406 2372 hodie,
2453 2308 2740 2377 tanquam
2809 2318 2917 2376 per

504 2394 798 2451 organum
823 2376 1156 2448 infambile,
1188 2384 1257 2436 ut
1284 2378 1427 2435 olim
1454 2380 1745 2454 loquutus
1771 2387 1860 2438 est
1885 2398 1991 2456 per
2020 2380 2349 2455 Prophetas
2376 2386 2438 2437 et
2465 2380 2811 2454 Apostolos.

1099 2456 1324 2515 XVII.
1382 2456 1478 2514 Ex
1524 2457 1745 2532 quibus
1790 2459 1923 2535 jam
1973 2458 2174 2516 facilev
2207 2458 2638 2517 Controversiae
2692 2464 2914 2515 statum

1018 2535 1299 2609 colligere
1345 2553 1684 2611 possumus,
1717 2536 1942 2604 Quisve
1989 2555 2308 2595 consensus
2351 2536 2428 2594 sit
2474 2536 2570 2593 vel
2619 2536 2913 2594 dissensus

1018 2613 1175 2669 inter
1201 2612 1333 2671 Nos
1360 2620 1421 2672 et
1443 2614 1857 2674 Adversarios.
1915 2614 2135 2688 Prim0‚
2154 2621 2320 2691 patet
2343 2614 2443 2673 hic
2469 2632 2592 2672 non
2621 2614 2811 2689 quaeri
2839 2616 2914 2672 de

504 2689 822 2767 Principio,
852 2692 949 2747 vel
976 2693 1051 2748 dc
1085 2690 1278 2751 Causa
1317 2693 1579 2769 efficiente
1616 2693 1775 2767 fidei,
1804 2713 1912 2770 per
1951 2712 2132 2770 quam
2179 2693 2498 2770 Scripturas
2539 2692 2914 2750 divinitatem

504 2768 819 2841 credimus,
851 2769 954 2827 An
986 2770 1247 2845 Spiritus
1282 2772 1535 2831 Sanctus
1562 2771 1640 2830 sit
1668 2774 2029 2831 necessarius
2057 2774 2132 2829 ad
2154 2773 2332 2829 fidem
2359 2772 2539 2829 istam
2565 2771 2916 2846 ingeneran-

503 2849 683 2919 dam;
725 2850 839 2906 hoc
865 2848 1023 2905 enim
1052 2866 1172 2907 non
1199 2858 1449 2925 possunt
1475 2850 1714 2909 diffiteri
1742 2850 2104 2921 Adversarii,
2135 2857 2196 2908 et
2221 2868 2376 2925 saepe
2403 2848 2648 2926 professi
2675 2855 2832 2920 sunt,
2852 2867 2913 2906 se

503 2926 911 2985 necessitatem
932 2928 1105 2987 istius
1132 2929 1407 3004 principii
1449 2948 1784 3005 agnoscere.
1844 2930 2130 3006 Stapleto.
2161 2929 2452 2987 adversus
2479 2927 2746 2986 Whitak.
2787 2945 2910 2984 non

505 3006 682 3063 semel
715 3006 1004 3081 queritur,
1034 3025 1279 3081 gravem
1308 3008 1421 3066 sibi
1448 3009 1574 3066 fieri
1602 3009 1908 3083 injuriam,
1937 3026 2126 3083 quum
2154 3007 2518 3065 contrarium
2545 3006 2666 3063 illis
2693 3005 2916 3064 adscri-

504 3085 669 3142 bitur
693 3106 706 3142 :
764 3091 799 3118 “
826 3084 1195 3158 Arcanum,''
1262 3086 1479 3161 inquit,
1550 3093 1586 3122 “
1610 3086 1818 3145 Divini
1875 3086 2132 3162 Spiritus
2185 3084 2620 3143 Testimonium
2671 3102 2917 3160 prorsus

508 3161 909 3219 necessarium
936 3168 1042 3233 est,
1071 3170 1143 3221 ut
1169 3164 1303 3239 quis
1334 3164 1613 3224 Ecclesiae
1643 3165 2014 3225 Testimonio
2042 3182 2112 3221 ac
2137 3163 2181 3221 J
2185 3164 2383 3222 udicio
2411 3163 2565 3221 circa
2593 3161 2919 3238 Scripturae

509 3238 1002 3313 approbationem
1030 3242 1248 3311 credat,
1277 3260 1473 3317 neque
1500 3245 1726 3317 absque
1765 3245 1881 3302 hoc
1919 3242 2155 3299 interno
2199 3242 2454 3317 Spiritus
2495 3241 2702 3299 Divini
2730 3240 2918 3299 Testi-

508 3316 735 3385 moni0,
778 3315 1009 3372 etiamsi
1062 3318 1281 3375 millies
1337 3320 1602 3379 Ecclesia
1649 3328 1980 3392 attestetur,
2027 3322 2418 3391 commendet,
2462 3320 2806 3395 promulget
2855 3326 2917 3375 et

510 3394 799 3468 approbet
844 3392 1197 3468 Scripturas,
1244 3397 1388 3454 fides
1430 3406 1844 3474 consequetur,
1881 3404 1992 3457 aut
2031 3398 2297 3457 audienti
2339 3399 2566 3474 populo
2602 3398 2918 3473 persuade·

510 3472 750 3541 bitur;”
792 3470 1095 3546 Triplicat.
1126 3476 1204 3531 ad
1234 3474 1499 3534 Whitak.
1530 3495 1658 3551 cap.
1689 3476 1743 3534 9.
1795 3476 1896 3537 Sic
1923 3476 2125 3535 Canus
2152 3478 2302 3535 loc0.
2347 3476 2677 3539 Theol.lib.
2701 3476 2762 3533 ii.
2785 3494 2912 3551 cap.

510 3550 567 3621 8,
599 3548 901 3624 Respond.
930 3551 1009 3607 ad
1056 3550 1113 3623 4,
1142 3561 1477 3627 argument.
1506 3563 1568 3612 et
1603 3555 1727 3614 alii.
1811 3554 1928 3615 Sed
1974 3555 2266 3629 quaeritur
2312 3557 2388 3613 de
2430 3564 2763 3632 arqumento
2811 3572 2918 3611 seu

510 3628 737 3685 motivo
764 3628 1083 3704 praecipuo,
1112 3649 1234 3705 quo
1262 3630 1521 3707 Spiritus
1549 3633 1802 3693 Sanctus
1829 3634 2022 3693 utitur
2048 3633 2111 3690 in
2151 3634 2566 3709 persuadenda
2604 3634 2777 3691 nobis
2803 3633 2921 3691 ista

509 3706 777 3766 veritate.
863 3707 966 3764 An
1015 3708 1093 3766 sit
1136 3716 1557 3785 argumentum
1600 3712 1970 3771 inartificiale
2007 3710 2358 3769 Testimonii
2406 3711 2704 3784 Ecclesiae,
2753 3711 2918 3786 quod

511 3786 730 3843 volunt
758 3784 1054 3844 Pontificii
1076 3808 1091 3859 3
1134 3806 1213 3845 an
1262 3806 1405 3847 vero
1432 3790 1738 3849 artificiale
1763 3791 2020 3867 petitum
2047 3808 2122 3847 ex
2147 3791 2308 3848 notis
2334 3792 2520 3867 ipsius
2552 3790 2919 3865 Scripturas?

516 3864 697 3932 Quod
724 3883 835 3923 nos
861 3866 1196 3924 statuimus.
1283 3866 1437 3934 Quae
1476 3870 1600 3928 duo
1630 3887 1701 3927 eo
1731 3869 2064 3928 accuratius
2103 3868 2530 3944 distinguenda
2568 3876 2726 3941 sunt,
2755 3868 2918 3943 quod

512 3943 661 4000 alias
686 3943 956 4017 ingentes
983 3944 1125 4002 huic
1149 3945 1541 4020 disputationi
1568 3949 1842 4006 tenebras
1869 3948 2181 4005 offundere
2209 3956 2496 4022 possunt:
2542 3948 2749 4022 Atque
2778 3946 2920 4002 hinc

508 4021 755 4095 factum,
785 4030 855 4079 ut
880 4022 1033 4079 varii
1060 4042 1181 4080 non
1211 4024 1351 4082 satis
1378 4024 1630 4084 feliciter
1649 4028 1866 4085 versati
1894 4024 2212 4083 videantur
2238 4026 2298 4083 in
2327 4028 2442 4085 hac
2461 4032 2670 4085 contra
2687 4024 2922 4083 Adver-

510 4100 694 4159 sarios
733 4100 1107 4176 expedienda
1136 4100 1571 4175 Controversia,
1602 4106 1774 4180 quasi
1819 4106 1936 4163 hoc
1977 4110 2216 4161 tantum
2261 4112 2666 4179 quaereretur3
2712 4104 2816 4161 An
2842 4121 2920 4159 ex

507 4178 743 4237 interna
770 4179 971 4256 potius
997 4181 1379 4255 persuasione
1410 4181 1668 4257 Spiritus
1691 4185 1952 4259 pendeat
1979 4180 2298 4257 Scripturas
2330 4183 2704 4253 Authoritas,
2735 4198 2920 4256 quam

510 4274 585 4313 ex
614 4256 895 4317 Ecclesiae
925 4258 1308 4318 Testimoni0.
1393 4259 1560 4318 Nam
1587 4268 1659 4320 ut
1684 4262 1865 4319 modo
1894 4260 2176 4332 diximus,
2205 4278 2328 4319 non
2355 4268 2581 4337 negant
2622 4258 2919 4319 Pontificii

511 4336 918 4395 necessitatem
952 4336 1209 4412 Spiritus
1250 4341 1328 4397 ad
1355 4341 1834 4416 persuadendam
1863 4338 2035 4397 nobis
2075 4340 2232 4397 hanc
2262 4340 2732 4408 Authoritatem,
2763 4338 2845 4395 Et
2871 4336 2922 4393 si

508 4428 645 4485 quse
692 4414 805 4472 hac
848 4415 911 4470 in
958 4424 1125 4490 parte
1170 4425 1504 4476 occurreret
1550 4418 1886 4489 difficultas,
1917 4436 1988 4475 ea
2033 4418 2111 4474 ad
2139 4418 2532 4492 quaestionem
2578 4420 2653 4476 de
2695 4416 2919 4475 Libero

513 4488 801 4560 Arbitrio,
828 4510 949 4548 non
980 4495 1054 4550 de
1085 4494 1393 4570 Scriptura
1430 4496 1768 4571 pertineret.
1853 4495 2047 4553 Aliud
2091 4496 2250 4552 enim
2297 4508 2387 4554 est
2429 4513 2712 4572 quaerere,
2755 4494 2922 4553 Unde

510 4573 619 4623 aut
628 4586 740 4643 per
757 4568 915 4643 quid,
938 4578 998 4628 et
1014 4590 1123 4647 quo
1146 4575 1524 4635 instrumento
1540 4574 1748 4633 divina
1767 4580 2159 4648 cognoscatur
2181 4574 2488 4650 Scriptura
2508 4596 2523 4645 3
2557 4574 2747 4633 Aliud
2776 4572 2920 4643 Cur,

500 4656 747 4722 propter
774 4646 937 4722 quid,
967 4656 1027 4703 et
1054 4668 1166 4723 quo
1194 4665 1533 4728 arqumento
1573 4652 1713 4710 talis
1753 4653 2046 4710 credatur.
2113 4651 2333 4719 Quoad
2377 4654 2542 4729 prius
2582 4654 2740 4711 enim
2784 4653 2924 4709 hac-

562 2520 737 2566 Statns
757 2519 929 2570 Quas-

680 2580 843 2624 tionis.
