3234 5192
390 352 509 409 636
954 362 1033 404 nn
1065 364 1545 405 smusmcrxonrs
1574 366 1811 407 cnius‘m
1843 363 2161 407 vsnrm'rs.
2403 346 2666 429 [nrspur.
2695 368 2798 409 xx.

466 508 727 567 XXIII.
764 506 848 566 At
876 506 1090 565 Paulus
1107 516 1319 583 tamen,
1344 508 1587 584 inquieS,
1612 507 1861 583 videtur,
1887 508 2052 567 Rom.
2076 508 2155 565 iv.
2187 510 2242 582 6,
2269 510 2323 582 7,
2356 510 2411 582 8,
2443 528 2519 566 ex
2549 509 2798 569 Davidis

384 590 713 649 testimonio
744 589 855 647 ista
896 588 1012 644 duo
1056 588 1337 647 beneficia
1381 588 1747 663 confundere,
1779 598 1837 647 et
1871 587 2265 666 imputationis
2302 588 2545 665 justitiae
2594 599 2651 649 et
2682 591 2799 649 Re-

384 668 679 728 missionis
706 676 1072 747 peccatorum
1103 668 1339 727 innuere
1370 669 1878 746 aequipollentiam,
1911 688 2090 745 quum
2119 670 2200 728 ait
2229 668 2516 727 Davidem
2545 670 2797 729 hominis

384 748 802 809 beatitudinem
856 748 1204 807 constituere
1247 749 1309 805 in
1353 749 1733 827 imputatione
1775 750 2018 826 justitiae
2057 749 2275 827 absque
2321 749 2606 827 operibuS,
2657 752 2796 828 quia

312 868 331 879 -
387 830 627 889 eandem
658 829 992 887 felicitatem
1022 829 1268 888 collocat
1312 830 1372 886 in
1419 830 1782 889 Remissione
1825 840 2207 906 peccatorum,
2239 831 2414 889 Beati
2438 850 2676 906 quorum
2705 852 2792 889 re-

386 912 567 969 missae
593 919 722 969 sunt
746 909 1062 986 iniquitates
1090 918 1142 966 et
1168 930 1407 985 quorum
1430 919 1571 968 tecta
1597 920 1728 969 sunt
1743 920 1984 987 peccata
2003 934 2028 983 ;
2069 911 2171 969 ubi
2193 911 2352 987 prius
2380 930 2484 988 per
2507 911 2796 988 posterius

384 992 607 1069 probat,
640 989 797 1067 quod
825 989 1137 1047 absurdum
1168 998 1320 1048 esset
1349 990 1460 1049 nisi
1489 998 1686 1050 essent
1708 990 2134 1068 aequipollentia
2155 1002 2214 1049 et
2243 991 2549 1067 reciproca.
2595 993 2790 1069 Resp.,

394 1075 444 1129 1.
479 1070 696 1129 Paulus
734 1090 849 1129 non
896 1078 1330 1147 argumentatur
1373 1072 1447 1129 ab
1492 1071 1936 1149 aequipollentia,
1971 1071 2072 1129 sed
2101 1072 2176 1129 ab
2204 1072 2531 1149 ἀλληλουχίςι
2559 1082 2617 1131 et
2642 1072 2792 1131 indi-

386 1151 565 1210 viduo
594 1171 767 1225 nexu,
799 1159 857 1209 et
884 1161 1085 1209 mutua
1133 1152 1539 1210 consecutione
1583 1150 1752 1211 istius
1794 1152 2074 1226 beneficii,
2106 1172 2235 1229 quae
2263 1152 2465 1211 nititur
2492 1152 2796 1211 individuo

386 1252 543 1291 nexu
574 1252 874 1290 causarum
904 1231 1218 1308 utriusque,
1250 1250 1367 1290 non
1416 1231 1650 1308 quidem
1695 1253 1770 1291 ex
1799 1240 2004 1291 natura
2031 1232 2130 1309 rei,
2164 1232 2268 1291 sed
2297 1252 2372 1290 ex
2403 1234 2514 1291 Dei
2542 1236 2797 1310 gratiosa

386 1322 445 1371 et
462 1312 688 1370 liberali
710 1311 1069 1371 ordinatione
1092 1312 1192 1388 qui
1213 1311 1430 1369 nemini
1448 1312 1689 1371 remittit
1706 1322 1958 1390 peccata,
1981 1313 2120 1389 quin
2143 1314 2196 1371 ei
2218 1313 2462 1390 imputet
2469 1314 2756 1389 justitiam
2777 1334 2793 1389 ς

387 1398 441 1451 2.
490 1392 734 1467 Quando
766 1394 973 1471 Apost.
1003 1392 1328 1450 remissioni
1360 1401 1728 1470 peccatorum
1773 1392 2106 1451 beatitatem
2137 1394 2356 1467 tribuit,
2387 1394 2496 1451 hoc
2525 1394 2592 1453 fit
2619 1414 2794 1472 oppo-

387 1473 495 1531 site
524 1473 600 1531 ad
620 1473 909 1549 justitiam
954 1473 1344 1546 inhaerentem,
1376 1493 1494 1529 non
1539 1474 1878 1550 imputatam
1929 1493 2100 1550 quam
2149 1473 2474 1531 necessario
2505 1474 2793 1551 supponit,

386 1562 445 1612 et
474 1554 557 1611 sic
586 1554 821 1629 synecd.
852 1560 1073 1630 partem
1118 1571 1221 1628 pro
1272 1561 1393 1612 toto
1438 1553 1730 1631 intelligit,
1763 1552 1900 1629 quia
1925 1553 2028 1611 ubi
2055 1561 2144 1611 est
2171 1552 2431 1611 remissio
2461 1573 2576 1611 non
2604 1562 2798 1630 potest

384 1653 501 1691 non
530 1653 657 1691 esse
686 1632 999 1691 beatitudo,
1086 1632 1371 1689 Caeterum
1412 1631 1569 1707 quod
1596 1633 1658 1689 in
1701 1632 1824 1691 sola
1851 1641 2214 1709 peccatorum
2245 1632 2579 1691 remissione
2609 1642 2794 1691 totum

375 1712 809 1790 justificationis
838 1710 1181 1769 beneficium
1224 1730 1341 1769 non
1384 1712 1677 1785 consistat,
1728 1720 1786 1770 et
1829 1730 1903 1769 ex
1939 1712 2063 1788 jam
2093 1711 2262 1770 dictis
2291 1720 2552 1769 constare
2581 1721 2790 1788 potest,

383 1802 442 1851 et
471 1812 545 1851 ex
574 1811 642 1849 eo
672 1790 827 1868 quod
857 1790 1015 1848 aliud
1044 1791 1119 1848 sit
1147 1810 1181 1847 a
1226 1800 1390 1849 reatu
1431 1792 1656 1866 peccati
1703 1789 1947 1865 exsolvi,
1978 1791 2139 1850 aliud
2157 1792 2258 1869 jus
2285 1790 2360 1849 ad
2390 1791 2569 1849 vitam
2592 1810 2791 1850 conse-

383 1872 482 1949 qui
508 1894 521 1947 ;
568 1872 838 1928 nimirum
858 1870 1197 1948 justificatio
1226 1868 1533 1947 dupliciter
1550 1870 1802 1947 intelligi
1823 1879 2028 1948 potest,
2055 1872 2149 1929 vel
2173 1880 2236 1930 ut
2258 1871 2533 1931 liberetur
2561 1892 2596 1930 a
2621 1892 2795 1949 poena

383 1972 533 2025 reuS,
566 1951 661 2009 vel
688 1961 754 2010 ut
800 1952 1036 2027 insuper
1080 1950 1343 2009 mercede
1392 1960 1450 2010 et
1497 1951 1734 2029 praemio
1777 1963 2099 2010 coronetur.
2153 1951 2319 2009 Prior
2345 1961 2641 2029 respectus
2671 1952 2795 2011 sola

383 2032 719 2091 remissione
748 2042 1113 2109 peccatorum
1140 2030 1480 2105 absolvitur,
1514 2031 1614 2091 sed
1659 2032 1940 2110 posterior
1967 2033 2067 2109 qui
2095 2032 2190 2091 hic
2217 2032 2408 2091 locum
2439 2032 2630 2108 habet,
2663 2052 2794 2092 cum

383 2112 722 2172 liberatione
752 2133 786 2171 a
813 2132 985 2189 poena
1012 2132 1140 2189 quae
1172 2112 1415 2171 habetur
1460 2133 1566 2189 per
1607 2112 2022 2188 remissionem,
2059 2114 2314 2191 postulat
2332 2114 2483 2190 juris
2511 2113 2587 2171 ad
2617 2114 2794 2173 vitam

384 2194 751 2253 collationem
779 2214 909 2270 quse
938 2192 1231 2252 obtinetur
1256 2212 1359 2269 per
1386 2192 1793 2253 obedientiam.

468 2274 720 2332 XXIV.
768 2274 959 2347 DiceS,
996 2272 1111 2331 Sed
1138 2272 1329 2350 posita
1372 2273 1549 2331 semel
1598 2276 1964 2351 peccatorum
2003 2274 2340 2333 remissione
2367 2293 2471 2351 per
2497 2293 2683 2349 poenae
2711 2274 2792 2333 la-

384 2355 619 2428 tionem,
651 2352 941 2431 superflua
968 2352 1199 2410 videtur
1227 2352 1570 2411 obedientiae
1618 2353 1896 2431 impletiO,
1926 2354 2064 2430 quia
2107 2354 2156 2412 si
2205 2365 2442 2430 peccata
2485 2355 2677 2411 omnia
2705 2374 2791 2411 re·

383 2434 707 2507 mittuntur,
724 2442 845 2491 tum
858 2432 1277 2490 commissionis
1290 2440 1411 2488 tum
1423 2432 1842 2505 omissionis,eo
1856 2432 1980 2509 ipso
1994 2442 2300 2491 censentur
2309 2433 2704 2509 peccator-esni
2711 2432 2794 2489 hil

385 2512 741 2571 commisisse
754 2510 905 2583 mali,
921 2518 978 2568 et
987 2510 1131 2567 nihil
1145 2510 1405 2567 omisisse
1424 2510 1579 2586 boni,
1596 2512 1706 2584 Qui
1721 2531 1857 2569 vero
1871 2531 1938 2569 eo
1950 2511 2078 2569 loco
2091 2512 2377 2570 habentur
2385 2511 2634 2589 perfecte
2644 2511 2792 2588 justi

386 2601 537 2668 sunt,
564 2612 745 2668 eoque
767 2591 894 2669 ipso
917 2589 1017 2668 jus
1039 2590 1254 2648 habent
1271 2588 1345 2648 ad
1362 2590 1562 2649 vitam.
1608 2590 1804 2667 Resp.,
1835 2590 1949 2649 Sed
1970 2590 2067 2648 hic
2085 2592 2290 2649 iterum
2311 2610 2504 2668 pecca.
2524 2590 2651 2649 fals.
2681 2590 2788 2667 hy-

383 2672 543 2751 poth.
605 2672 727 2731 Nec
756 2671 909 2730 enim
939 2670 1032 2729 cui
1050 2678 1285 2749 peccata
1303 2670 1630 2729 omissionis
1647 2679 1705 2729 et
1733 2670 2152 2729 commissionis
2180 2671 2563 2743 remittuntur,
2597 2672 2792 2729 statim

376 2753 677 2831 judicatur
722 2752 867 2809 nihil
915 2750 1055 2809 mali
1102 2750 1475 2825 commisisse,
1506 2758 1565 2809 et
1607 2750 1754 2809 nihil
1797 2750 1936 2809 boni
1977 2751 2257 2826 omisisse,
2287 2751 2398 2809 hoc
2439 2751 2594 2809 enim
2623 2760 2681 2809 et
2708 2750 2794 2811 rei

386 2834 568 2912 ipsius
598 2832 845 2907 veritati,
876 2841 935 2891 et
954 2833 1115 2909 justo
1141 2832 1251 2889 Dei
1268 2830 1491 2908 judicio
1510 2840 1856 2909 repugnaret
1875 2853 1888 2907 3
1935 2830 2038 2889 sed
2055 2840 2277 2891 tantum
2296 2852 2331 2889 a
2348 2830 2544 2891 debita
2561 2840 2796 2909 propter

386 2914 756 2973 omissionem
786 2912 974 2989 officii,
1006 2922 1063 2971 et
1090 2911 1286 2971 delicti
1309 2912 1771 2971 commissionem
1799 2931 1968 2990 poena
1994 2911 2307 2986 liberatur3
2357 2910 2474 2970 Sed
2500 2920 2565 2970 ut
2597 2912 2796 2989 justus

387 2994 637 3072 perfecte
666 3002 969 3053 censeatur
1012 2993 1110 3070 qui
1149 2992 1249 3069 jus
1292 2992 1369 3049 ad
1412 2992 1593 3051 vitam
1636 2992 1862 3067 habeat,
1893 2992 2216 3051 necessaria
2245 3000 2334 3051 est
2359 3001 2638 3069 praeterea
2665 3012 2792 3069 per·

388 3074 539 3133 fecta
567 3075 717 3150 legis
761 3074 1090 3133 obedientia
1127 3092 1256 3150 quae
1306 3072 1694 3132 conditionem
1741 3073 1917 3133 semel
1967 3071 2214 3149 positam
2259 3072 2512 3150 impleat.
2595 3076 2794 3131 Justus

390 3156 459 3211 E.
492 3155 718 3212 dicatur
746 3155 836 3211 cui
868 3163 1103 3230 peccata
1141 3152 1335 3210 omnia
1378 3154 1749 3212 remittuntur
1789 3153 2018 3229 justitia
2063 3154 2386 3212 innocentiae
2429 3153 2566 3229 quia
2607 3154 2796 3229 posita

386 3235 507 3298 hac,
526 3234 859 3291 remissione
890 3234 1165 3291 innocens
1194 3241 1460 3291 censetur
1488 3241 1546 3291 et
1572 3232 1717 3291 nulli
1747 3233 1993 3310 amplius
2023 3253 2207 3310 poenoe
2237 3233 2514 3310 subjacet,
2548 3234 2648 3292 scd
2677 3253 2794 3291 non

378 3312 611 3391 justitia
638 3313 956 3370 obedientiae
984 3312 1074 3369 cui
1104 3312 1401 3388 praemium
1448 3312 1584 3370 vitae
1633 3312 1891 3385 debetur,
1924 3312 2060 3389 quia
2101 3333 2218 3370 non
2243 3322 2436 3391 potest
2463 3313 2578 3371 dici
2606 3314 2794 3372 adhuc

390 3414 458 3453 eo
489 3393 613 3469 ipso
645 3392 973 3467 implevisse
1004 3391 1293 3449 mandata.
1379 3391 1662 3449 Nimirum
1699 3391 1858 3450 aliud
1887 3401 1975 3450 est
2003 3412 2195 3453 carere
2226 3394 2385 3469 vitio,
2416 3392 2576 3452 aliud
2603 3394 2795 3452 omnia

390 3494 519 3551 quae
549 3470 893 3548 praescripta·
911 3479 1045 3529 sunt
1072 3470 1441 3548 praestitisse3
1476 3470 1741 3529 Adamus
1762 3472 1909 3530 illud
1927 3472 2132 3531 habuit
2159 3493 2275 3532 non
2304 3474 2450 3547 hoc;
2485 3474 2656 3535 Unde
2685 3474 2796 3533 etsi

390 3554 643 3629 injustus
673 3571 787 3610 non
832 3559 1057 3631 poterat
1105 3550 1237 3625 dici,
1286 3550 1423 3626 quia
1470 3550 1694 3609 nullum
1740 3550 1876 3609 dum
1907 3562 2204 3628 peccatum
2237 3554 2294 3611 in
2323 3554 2424 3611 illo
2455 3563 2606 3613 statu
2637 3574 2790 3613 com-

391 3636 643 3705 miserat,
668 3652 783 3691 non
806 3640 1030 3710 poterat
1052 3640 1245 3689 tamen
1261 3631 1457 3708 justus
1477 3630 1670 3688 vocari
1687 3653 1711 3708 J
1721 3632 1918 3691 ustitia
1939 3632 2192 3709 perfecta
2213 3654 2342 3711 quae
2365 3634 2440 3691 ad
2462 3634 2794 3693 felicitatem

390 3714 805 3793 requirebatur.
858 3712 951 3771 Ita
978 3732 1094 3771 non
1123 3709 1385 3788 quisquis
1413 3710 1557 3769 nihil
1586 3710 1797 3781 omisit,
1838 3714 2032 3772 statim
2077 3714 2270 3773 omnia
2302 3714 2634 3792 implevisse
2663 3736 2794 3775 cen·

388 3804 564 3858 setur.

476 3874 689 3934 XXV.
736 3874 867 3933 Hoc
898 3893 1034 3931 vero
1057 3880 1361 3949 utrumque
1380 3871 1439 3929 in
1458 3892 1571 3929 una
1594 3872 1806 3931 Christi
1838 3872 2164 3933 obedientia
2193 3883 2250 3933 et
2272 3874 2501 3951 justitia
2521 3877 2792 3953 occurrit,

388 3978 520 4037 quae
550 3956 836 4032 duplicem
868 3954 1013 4012 hanc
1042 3954 1209 4030 σχίσιν
1236 3952 1454 4025 habuit,
1485 3961 1544 4011 et
1571 3953 1918 4013 meritoriam
1945 3963 2004 4011 et
2028 3956 2480 4031 satcsfactoriam‚
2512 3956 2650 4032 quia
2677 3966 2736 4015 et
2762 3976 2798 4015 a

390 4048 554 4099 reatu
582 4036 781 4095 mortis
809 4054 915 4093 nos
944 4034 1165 4107 liberat,
1198 4043 1256 4093 et
1276 4034 1377 4110 jus
1407 4033 1541 4091 vitae
1570 4042 1629 4091 et
1673 4034 2117 4095 immortalitatis
2144 4036 2312 4094 nobis
2339 4036 2618 4112 acquirit;
2663 4036 2796 4096 ideo

391 4118 603 4178 dicitur
628 4117 873 4175 liberare
902 4136 936 4173 a
970 4113 1372 4173 maledictione
1417 4122 1475 4173 et
1520 4113 1887 4191 adoptionem
1934 4116 2209 4190 conferre,
2243 4116 2374 4174 Gal.
2405 4116 2484 4174 iv.
2517 4120 2572 4192 5,
2601 4118 2792 4195 propi-

386 4201 531 4261 tiare
558 4205 811 4276 peccata,
844 4208 902 4255 et
922 4194 1207 4273 justitiam
1254 4194 1576 4253 seculorum
1623 4193 1926 4271 adducere,
1959 4197 2110 4255 Dan.
2141 4198 2220 4255 ix.
2251 4200 2346 4270 24,
2378 4196 2572 4256 lavare
2601 4217 2637 4255 a
2661 4218 2794 4275 pec·

385 4282 533 4339 catis
561 4287 618 4337 et
646 4276 832 4336 facere
865 4278 1057 4353 Reges
1086 4284 1145 4334 et
1176 4275 1533 4350 Sacerdotes,
1567 4273 1754 4352 Apoc.
1779 4275 1814 4333 i.
1841 4280 1896 4335 6.
1941 4276 2068 4352 Quo
2090 4276 2336 4354 pertinet
2363 4276 2604 4335 illustris
2631 4278 2796 4337 locus

388 4360 525 4417 Act.
556 4358 719 4415 xxvi.
757 4360 846 4435 18,
880 4358 978 4416 ubi
1023 4364 1217 4434 aperte
1262 4356 1511 4415 remissio
1546 4366 1905 4433 peccatorum
1956 4356 2332 4434 distinguitur
2374 4377 2412 4414 a
2459 4366 2608 4416 sorte
2653 4358 2797 4417 inter

384 4446 623 4511 sanctos,
656 4436 733 4494 id.
785 4458 819 4495 a
858 4438 991 4515 jure
1039 4436 1195 4514 quod
1245 4437 1651 4514 consequimur
1700 4436 1775 4494 ad
1823 4438 2020 4513 vitam,
2053 4442 2090 4471 “
2112 4446 2176 4496 ut
2223 4435 2561 4513 accipiant,’‘
2608 4439 2798 4514 inquit

387 4518 650 4577 Christus
679 4516 749 4573 dc
780 4518 1065 4593 gentibuS,
1100 4520 1135 4550 “
1154 4515 1549 4577 remissionem
1578 4526 1944 4593 peccatorum
1973 4527 2030 4577 et
2059 4526 2270 4575 sortem
2301 4516 2449 4575 inter
2476 4518 2796 4579 sanctifica-

382 4608 477 4659 tos
508 4616 608 4673 per
634 4594 805 4651 fidem
836 4616 965 4672 quas
987 4596 1156 4655 estin
1176 4598 1331 4656 me.''
1416 4598 1547 4654 Non
1570 4597 1743 4655 modo
1765 4598 1959 4656 educit
1987 4617 2064 4655 ex
2091 4616 2336 4668 carcere,
2367 4598 2470 4665 sed
2497 4600 2558 4657 in
2589 4600 2796 4659 throno

382 4678 545 4755 regio
574 4674 836 4749 collocat,
868 4696 941 4733 ex
966 4674 1186 4763 inferno
1216 4676 1275 4733 in
1302 4676 1650 4754 paradisum,
1697 4696 1772 4733 ex
1799 4696 1964 4736 coeno
1993 4676 2052 4733 in
2081 4677 2290 4735 coelum
2319 4678 2552 4754 evehit3
2599 4680 2796 4739 Clavis
