3234 5192
372 365 603 405 msl‘u'r.
638 342 769 428 XX]
1002 364 1081 402 DF.
1126 362 1601 402 sarlsracrloms
1630 361 1864 401 cnms‘rl
1901 362 2215 403 vl-HUTATE.
2659 355 2772 413 631

364 526 485 564 rem
514 506 637 565 sive
668 504 1047 565 substantiam
1076 504 1260 582 ipsam
1282 524 1467 581 poenae
1496 523 1626 580 quie
1653 502 1890 561 ferenda
1911 512 2014 580 est,
2040 506 2272 582 quando
2295 509 2516 585 species
2535 530 2721 587 poenae
2744 535 2780 573 a

363 587 495 663 lege
525 586 863 645 denuntiata
888 586 1085 661 fertur,
1116 585 1230 644 alia
1258 583 1448 663 quoad
1470 587 1696 643 modum
1717 584 1842 642 sive
1860 605 2170 661 personam
2191 594 2250 647 et
2272 586 2596 666 subjectum
2620 595 2779 670 quod

364 687 594 743 poenam
616 668 774 725 illam
814 666 960 725 ferre
1000 665 1216 724 debuit.
1278 664 1464 723 Priori
1506 684 1681 723 sensu
1720 664 2056 741 plenissima
2097 666 2412 727 satisfactio
2455 670 2590 729 data
2624 685 2714 733 est
2741 695 2776 733 a

366 747 613 822 Christo,
645 747 929 824 siquidem
957 755 1198 804 mortem
1242 766 1279 804 a
1316 745 1447 822 lege
1490 745 1816 821 impositam
1844 745 1995 821 tulit,
2027 755 2087 804 at
2113 747 2414 824 posteriori
2455 769 2574 809 non
2615 753 2771 829 item,

362 828 501 903 quia
528 828 880 886 debebamus
907 826 1025 903 legi
1047 846 1272 903 paenam
1292 826 1617 903 propriam,
1655 825 1766 883 hoc
1803 826 1958 883 enim
1995 834 2085 885 est
2125 828 2251 903 ejus
2290 826 2664 910 ἇκςιωίιιιιωι,
2709 844 2775 893 ut

362 928 494 965 reus
527 908 585 965 in
613 909 844 985 propria
871 926 1117 984 persona
1144 926 1371 984 poenam
1400 906 1652 963 debitam
1679 905 1960 965 sustineat
1978 907 2154 982 juxta
2173 907 2338 981 illud,
2373 912 2622 971 “anima
2643 934 2772 991 quae

361 988 625 1064 peccavit
652 987 983 1063 morietur,'’
1015 987 1226 1045 Ezech.
1257 986 1442 1061 xviii„
1466 994 1526 1044 et
1554 985 1820 1044 Christus
1849 1005 2084 1062 poenam
2113 996 2336 1047 tantum
2364 991 2638 1051 vicariam
2667 1014 2771 1072 pro

361 1068 529 1126 nobis
559 1067 704 1126 ferre
732 1068 936 1145 potuit,
978 1086 1084 1125 nec
1113 1067 1263 1125 enim
1294 1086 1466 1144 poena
1492 1066 1724 1142 propria
1751 1066 1812 1123 in
1839 1066 2017 1125 alium
2045 1066 2343 1127 transferri
2369 1073 2574 1148 potuit,
2611 1074 2770 1133 ideo-

358 1167 471 1223 que
502 1148 678 1206 solvit
706 1148 937 1225 quidem
968 1145 1029 1204 id
1058 1166 1225 1205 omne
1255 1146 1409 1223 quod
1439 1146 1792 1204 debebamus
1819 1146 2168 1223 plenissime,
2201 1148 2302 1207 sed
2330 1169 2448 1208 non
2476 1153 2646 1229 plane
2675 1174 2772 1213 eo-

360 1226 492 1285 dem
514 1227 685 1285 modo
709 1248 823 1304 quo
847 1226 1218 1286 debebamus.
1272 1226 1443 1286 Unde
1472 1227 1581 1284 hac
1608 1226 1669 1283 in
1699 1235 1859 1301 parte
1888 1226 2050 1285 locus
2079 1248 2306 1305 semper
2332 1229 2443 1289 fuit
2470 1234 2672 1309 gratita
2701 1255 2769 1294 ac

359 1308 700 1380 remissioni,
734 1318 1019 1385 quatenus
1051 1307 1239 1384 judex
1268 1305 1622 1385 acceptando
1651 1324 1879 1383 poenam
1907 1307 2182 1365 vicariam
2211 1328 2314 1386 per
2341 1312 2630 1387 quandam
2660 1316 2766 1374 im-

354 1389 525 1446 u‘xum
552 1388 793 1447 remittit
814 1388 982 1447 nobis
1002 1387 1291 1465 propriam
1314 1400 1373 1445 et
1394 1386 1772 1463 personalem,
1797 1406 1928 1463 quae
1951 1408 2025 1445 ex
2046 1387 2236 1465 rigore
2257 1388 2407 1466 legis
2429 1390 2765 1455 debebatur.

358 1467 431 1524 In
462 1468 809 1527 admissione
840 1466 1041 1527 vicarii
1069 1475 1157 1526 est
1184 1487 1369 1544 poenae
1399 1466 1677 1541 remissie,
1716 1466 1778 1523 in
1807 1466 2068 1543 ejusdem
2094 1468 2224 1527 loco
2252 1477 2449 1530 nostro
2489 1475 2766 1553 subroga-

354 1546 511 1607 tione
540 1558 629 1617 est
658 1548 991 1608 satisfactiO.

438 1628 628 1687 XIII.
673 1629 844 1704 Quod
883 1650 1023 1688 vero
1069 1625 1321 1687 secundo
1363 1626 1491 1685 loco
1536 1625 1801 1701 afferunt,
1851 1626 1935 1686 Ut
1978 1626 2238 1687 debitum
2281 1629 2605 1693 remittatur
2648 1656 2767 1694 non

352 1710 495 1767 satis
526 1728 650 1768 esse
680 1708 999 1769 debitorem
1027 1708 1172 1766 nihil
1202 1708 1444 1782 solvere,
1488 1706 1593 1765 sed
1631 1706 1846 1783 requiri
1873 1707 2046 1765 etiam
2074 1716 2140 1767 ut
2167 1708 2418 1768 creditor
2453 1712 2599 1772 nihil
2642 1716 2765 1774 exi-

351 1798 471 1865 gat,
504 1789 606 1848 sed
636 1809 793 1848 mera
822 1810 925 1848 sua
951 1789 1295 1847 liberalitate
1326 1786 1740 1864 obligationem
1767 1787 1926 1845 illam
1957 1788 2294 1865 extinguat;
2341 1790 2410 1847 In
2433 1810 2502 1850 eo
2522 1804 2768 1871 peccant

350 1888 577 1946 semper
599 1870 745 1929 falsa
764 1870 1092 1946 hypothesi,
1116 1888 1231 1928 non
1254 1888 1422 1945 posse
1444 1867 1842 1926 remissionem
1864 1887 1994 1926 cum
2018 1870 2408 1928 satisfactione
2429 1874 2762 1953 consistere,

348 1948 509 2026 quod
550 1958 615 2009 ut
657 1950 727 2007 de
761 1951 1012 2027 propria
1054 1949 1275 2023 damus,
1321 1949 1401 2006 ita
1438 1947 1511 2005 de
1540 1949 1728 2006 aliena
1755 1966 2056 2024 negamus,
2141 1949 2346 2026 Neque
2375 1952 2450 2009 ad
2477 1954 2766 2015 remissio-

350 2048 482 2087 nem
512 2030 705 2087 statim
736 2030 1045 2107 requiritur
1070 2038 1137 2087 ut
1164 2028 1413 2087 creditor
1438 2028 1585 2084 nihil
1627 2028 1843 2103 exigat,
1891 2028 2101 2086 sufficit
2133 2037 2200 2087 ut
2241 2050 2276 2087 a
2317 2031 2576 2092 debitore
2617 2036 2765 2093 nihil

350 2109 635 2185 exigatur,
681 2109 942 2167 remissio
971 2108 1125 2167 enim
1152 2108 1247 2166 hic
1274 2107 1501 2184 proprie
1530 2106 1607 2163 ad
1635 2105 1953 2164 debitorem
1985 2118 2222 2184 spectat,
2269 2130 2384 2167 non
2413 2110 2486 2169 ad
2515 2116 2760 2173 credito·

348 2208 485 2262 rem,
518 2190 713 2265 itaque
740 2189 841 2247 ubi
870 2189 1039 2266 plene
1067 2188 1361 2261 liberatur,
1392 2188 1473 2244 ita
1501 2193 1567 2244 ut
1593 2186 1740 2243 nihil
1768 2186 1841 2243 ab
1871 2206 1940 2244 eo
1969 2187 2220 2246 creditor
2247 2190 2464 2267 exigat,
2505 2194 2636 2269 quis
2673 2193 2760 2252 illi

347 2266 545 2327 debita
585 2268 827 2327 remissa
866 2278 1040 2345 neget
1060 2270 1088 2326 Ρ
1143 2266 1489 2325 Liberalitas
1530 2274 1589 2323 et
1631 2266 1818 2342 gratia
1846 2265 2146 2325 creditoris
2175 2269 2299 2327 sive
2329 2270 2522 2345 potius
2541 2272 2760 2349 judicis

346 2348 488 2405 satis
524 2348 847 2407 luculenter
874 2348 935 2406 in
963 2368 1031 2406 eo
1061 2347 1485 2407 demonstratur
1513 2346 1670 2422 quod
1697 2345 1784 2402 illi
1813 2345 2075 2405 absolute
2103 2357 2320 2425 parcat,
2361 2350 2498 2410 licet
2525 2353 2758 2413 aliunde

337 2427 584 2503 justitiae
608 2450 726 2488 suae
749 2427 997 2487 voluerit
1018 2436 1401 2506 prospectum.
1457 2426 1650 2501 Dices,
1675 2426 1792 2485 Sed
1813 2426 2074 2485 remissio
2093 2428 2266 2488 debet
2283 2448 2410 2489 esse
2431 2433 2760 2494 omnimoda

332 2508 487 2585 juris
516 2510 794 2569 extinctio
824 2517 1087 2586 respectu
1116 2510 1243 2587 ejus
1272 2506 1428 2586 quod
1455 2526 1591 2565 vere
1622 2506 1832 2566 dicitur
1857 2507 2092 2567 remitti.
2153 2508 2346 2587 Resp.,
2371 2512 2568 2571 totalis
2590 2524 2678 2573 est
2700 2526 2758 2575 et

344 2608 459 2646 non
485 2590 747 2667 partialis
767 2590 917 2669 juris
946 2590 1226 2648 extinctio
1254 2600 1520 2666 respectu
1546 2607 1921 2665 personarum
1950 2608 2080 2665 quae
2103 2600 2266 2649 erant
2293 2590 2352 2648 in
2382 2592 2753 2671 obligatione,

338 2679 399 2727 et
429 2688 462 2726 a
490 2671 703 2749 quibus
722 2672 882 2748 juste
910 2671 1192 2748 potuisset
1220 2669 1381 2745 exigi
1408 2688 1596 2746 poena,
1623 2667 1723 2725 sed
1753 2686 1869 2725 non
1899 2668 2090 2727 obstat
2108 2670 2247 2746 quin
2277 2672 2474 2730 totalis
2502 2674 2675 2733 etiam
2697 2686 2757 2735 et

338 2749 510 2824 plena
539 2752 614 2810 sit
643 2750 957 2811 satisfactio
987 2758 1247 2827 respectu
1279 2750 1571 2825 sponsoris
1600 2748 1768 2821 nobis
1790 2746 1862 2804 ab
1885 2747 2010 2824 ipso
2035 2748 2159 2807 Deo
2181 2768 2283 2827 pro
2307 2770 2412 2809 sua
2432 2753 2751 2813 misericor-

336 2828 436 2885 dia
465 2829 603 2888 dati.

420 2908 601 2967 XIV.
648 2909 793 2967 Inst.
822 2908 1009 2985 terti0,
1047 2906 1163 2967 Sed
1191 2908 1239 2966 si
1270 2906 1481 2966 solutio
1510 2907 1583 2965 ab
1612 2906 1727 2964 alio
1755 2905 2012 2983 praestita
2041 2914 2146 2981 est,
2189 2906 2334 2965 bene
2365 2920 2750 2972 commutatus

336 2987 571 3063 quidem
600 2988 812 3046 dicitur
839 2989 1080 3062 debitor,
1124 2986 1227 3045 sed
1254 3007 1370 3045 non
1398 2994 1589 3063 potest
1616 2986 1732 3043 dici
1763 2984 2020 3043 debitum
2051 2986 2372 3061 remissum,
2413 2991 2645 3064 quando
2675 2994 2748 3053 ad

335 3066 601 3125 ultimum
646 3088 827 3144 usque
872 3068 1249 3144 quadrantem
1292 3065 1543 3125 creditor
1582 3065 1768 3141 exigit
1809 3064 1966 3141 quod
2008 3064 2345 3125 debebatur.
2433 3068 2630 3148 Resp„
2667 3072 2748 3133 Et

334 3156 719 3206 commutatus
747 3147 975 3206 debitor
1000 3156 1105 3220 est,
1148 3155 1207 3206 et
1248 3146 1505 3205 debitum
1546 3145 1848 3203 remissum
1877 3145 2024 3203 bene
2055 3144 2281 3205 dicitur.
2353 3146 2502 3207 Nam
2532 3152 2643 3210 etsi
2671 3174 2746 3213 ex

332 3228 707 3286 translatione
747 3235 1110 3305 peccatorum
1147 3228 1205 3285 in
1236 3226 1545 3300 Christum,
1586 3234 1646 3284 et
1688 3225 1973 3284 solutione
2015 3225 2088 3283 ab
2131 3226 2257 3303 ipso
2297 3230 2556 3305 praestita
2597 3231 2744 3293 bene

332 3306 557 3366 dicatur
597 3310 653 3365 in
698 3309 889 3366 locum
933 3316 1190 3367 nostrum
1230 3307 1615 3384 subrogatus;
1661 3326 1777 3364 non
1805 3305 1995 3363 minus
2023 3314 2217 3365 tamen
2247 3318 2402 3367 recte
2441 3310 2742 3390 principali

330 3388 577 3447 debitori
606 3388 861 3447 debitum
894 3398 1161 3447 censetur
1188 3388 1507 3461 remissum,
1540 3386 1771 3464 quando
1815 3386 2026 3445 solutio
2063 3388 2294 3464 propria
2335 3408 2464 3465 quae
2503 3392 2576 3449 ab
2617 3392 2742 3471 ipso

328 3466 647 3527 debebatur
676 3470 786 3546 ipsi
814 3468 1141 3544 remittitur,
1173 3476 1231 3527 et
1258 3476 1590 3545 acceptatur
1617 3467 1822 3541 aliena,
1852 3486 1960 3524 nec
1989 3475 2211 3527 tantum
2244 3468 2386 3526 nihil
2416 3469 2489 3528 ab
2518 3492 2586 3531 eo
2616 3475 2738 3532 exi·

326 3548 501 3625 gitur,
528 3548 629 3608 sed
655 3550 813 3608 Deus
842 3550 965 3626 ipse
994 3549 1067 3607 de
1090 3568 1194 3607 suo
1217 3548 1425 3607 vadem
1455 3548 1644 3625 ipsum
1666 3547 1764 3624 qui
1795 3548 2046 3607 solveret
2074 3547 2267 3617 dedit;
2299 3549 2491 3626 itaque
2514 3571 2740 3614 summa

331 3628 441 3685 Dei
468 3629 783 3689 liberalitas
810 3630 904 3688 hic
934 3630 1125 3688 locum
1154 3630 1345 3703 habet,
1390 3636 1511 3687 tum
1542 3628 1680 3704 quia
1708 3627 1866 3686 solus
1897 3648 1998 3704 per
2037 3648 2098 3686 se
2127 3628 2264 3686 licet
2291 3628 2544 3689 offensus
2573 3649 2733 3695 roae-

324 3712 537 3785 mem'aq
580 3710 861 3786 sapientia
902 3719 960 3768 et
1000 3708 1277 3768 ineffabili
1307 3708 1701 3767 misericordia
1727 3707 1880 3765 viam
1911 3708 2060 3765 hanc
2089 3708 2570 3769 reconciliationis
2598 3711 2738 3773 faci·

323 3788 487 3846 endae
516 3789 739 3849 illibata
761 3810 865 3849 sua
884 3790 1115 3868 justitia
1143 3789 1379 3863 invenit,
1413 3788 1571 3847 solus
1592 3788 1669 3845 ad
1697 3807 1823 3845 eam
1844 3787 1999 3847 viam
2022 3788 2245 3865 aperuit
2271 3807 2374 3867 per
2399 3788 2733 3852 missionem

320 3868 444 3945 filii,
493 3870 651 3927 solus
696 3879 957 3949 acceptat
997 3878 1056 3929 et
1093 3870 1261 3927 nobis
1305 3868 1549 3947 imputat
1594 3868 1937 3927 solutionem
1983 3868 2316 3944 praestitam.
2406 3868 2503 3931 Sic
2545 3874 2732 3949 gratia

320 3948 539 4026 duplex
568 3958 671 4024 est,
709 3953 759 4008 1.
791 3951 851 4008 in
880 3951 1111 4009 datione
1143 3948 1332 4007 Vadis
1361 3948 1461 4025 qui
1490 3946 1861 4023 satisfaceret,
1906 3950 1961 4005 2.
1992 3948 2050 4006 in
2082 3946 2489 4009 satisfactionis
2517 3951 2730 4013 admis-

319 4029 497 4102 sione,
546 4049 675 4106 quae
720 4030 879 4109 rejici
924 4040 1167 4108 poterat.
1254 4030 1493 4088 Frustra
1520 4048 1660 4085 vero
1697 4028 1792 4086 hie
1833 4027 2129 4104 reponitur
2168 4026 2566 4091 liberationem
2605 4032 2728 4095 fieri

318 4117 551 4186 propter
579 4110 1027 4170 satisfactionem
1058 4110 1341 4187 siquidem
1373 4107 1760 4167 satisfactione
1789 4108 2046 4184 praestita
2075 4106 2133 4164 vi
2163 4106 2318 4165 illius
2346 4107 2625 4169 liberatur
2651 4116 2726 4175 ab

316 4189 669 4265 obligatione
693 4190 919 4250 debitor
947 4199 1046 4249 aut
1073 4210 1223 4265 rcus,
1248 4189 1493 4267 ideoque
1515 4208 1632 4246 non
1651 4188 1786 4245 oriri
1808 4207 1843 4245 a
1863 4186 2208 4247 liberalitate
2231 4186 2560 4251 creditoris:
2589 4212 2724 4255 nam

312 4279 620 4345 utrumque
650 4271 864 4346 optime
893 4270 1167 4348 conjungi
1196 4278 1403 4347 potest,
1436 4278 1494 4328 et
1522 4267 1838 4327 satisfactio
1861 4267 1919 4325 in
1939 4266 2167 4325 Christo
2189 4266 2444 4326 debitum
2471 4270 2721 4351 solvens,

311 4358 370 4407 ct
399 4350 586 4425 gratia
613 4350 672 4406 in
708 4350 876 4411 Patre
906 4350 1353 4409 satisfactionem
1383 4350 1541 4407 illam
1571 4348 1717 4406 dans
1746 4355 1804 4406 et
1831 4356 2152 4425 acceptans,
2197 4346 2462 4407 liberatio
2490 4370 2629 4428 ergo
2657 4356 2724 4418 fit

310 4429 545 4507 quidem
575 4430 1198 4506 positasatisfactione,
1220 4430 1322 4488 sed
1339 4430 1431 4488 vis
1454 4426 1736 4487 liberandi
1759 4427 1882 4485 sive
1905 4426 2340 4486 fundamentum
2362 4428 2720 4498 liberationis

310 4530 425 4568 non
448 4519 537 4569 est
565 4510 901 4588 simpliciter
929 4532 962 4570 a
992 4510 1378 4569 satisfactione
1404 4530 1503 4568 seu
1528 4508 1813 4567 solutione
1834 4506 1936 4566 illa
1957 4526 2072 4585 qua
2093 4506 2214 4583 tali,
2245 4507 2351 4567 sed
2377 4508 2450 4567 ab
2479 4530 2548 4569 ea
2576 4534 2717 4591 qua-

308 4600 477 4651 tenus
507 4610 611 4667 pro
640 4591 925 4651 solutione
956 4591 1207 4650 admissa
1234 4599 1325 4649 est
1350 4610 1454 4668 per
1477 4587 1882 4647 liberalitatem
1913 4587 2212 4646 creditoris
2240 4597 2340 4647 aut
2358 4590 2594 4669 judicis,
2632 4599 2717 4659 sic
2776 4602 2793 4613 “

306 4671 587 4748 obligatio
614 4672 915 4749 perimitur
935 4670 1325 4731 intercedente
1349 4690 1575 4747 semper
1596 4668 1776 4747 ipsius
1797 4667 2096 4729 creditoris
2118 4678 2218 4728 aut
2231 4667 2450 4744 judicis
2470 4675 2713 4757 actione,
