3234 5192
576 345 695 400 420
1120 359 1199 398 m:
1230 357 1709 399 SATISFAOTIONIS
1738 355 1974 399 cnms‘rx
2005 355 2422 398 necessus-rs.
2585 335 2848 419 [msrur.
2879 357 2981 399 im.

579 509 742 561 actus
761 499 1181 579 jurisdictionis
1207 508 1275 560 ut
1302 509 1471 559 antea
1508 500 1744 576 dictum,
1777 507 1836 558 et
1863 507 2026 558 actus
2053 499 2386 577 hujusmodi
2413 498 2514 576 qui
2541 498 2796 576 aliquam
2835 499 2984 577 legis

582 583 981 642 executionem
1011 581 1281 658 postulat,
1312 599 1430 638 non
1466 587 1659 658 potest
1697 601 1766 638 ea
1807 580 1914 638 soli
1957 579 2095 637 fidei
2122 580 2219 638 vel
2263 575 2616 656 poenitentiae
2661 579 2856 655 tribui,
2898 599 2982 639 re·

581 663 827 740 quiritur
848 661 1001 720 enim
1021 661 1116 719 hic
1139 660 1359 738 aliquid
1376 659 1451 718 ad
1462 661 1553 738 cuj
1563 680 1628 719 us
1649 660 2010 737 praesentiam
2035 667 2092 718 et
2109 661 2377 719 meritum
2395 667 2582 718 cesset
2597 659 2984 736 resipiscentis

580 750 846 820 respectu
874 742 1095 800 sanctio
1123 742 1367 818 poenalis
1414 739 1533 817 legi
1576 739 1791 816 addita,
1837 760 1967 817 quae
2017 759 2180 798 suam
2221 739 2408 798 adhuc
2437 739 2560 797 vim
2587 739 2809 798 obtinet
2837 738 2986 799 circa

580 822 1006 901 impoenitentes
1030 845 1044 896 ;
1086 821 1197 880 hoc
1226 841 1365 879 vero
1392 820 1728 897 neutiquam
1757 829 2030 898 praestare
2056 827 2248 897 potest
2275 818 2370 878 vel
2397 818 2543 877 fides
2571 819 2668 877 vel
2707 819 2988 897 poeniten-

583 904 664 963 tia
687 926 701 978 3
748 903 801 960 N
805 923 880 960 on
908 903 1069 976 fides,
1102 912 1225 959 tum
1254 901 1391 977 quia
1419 921 1493 958 ex
1524 921 1584 959 se
1618 900 1766 957 nihil
1795 899 1984 976 habet,
2019 900 2121 958 sed
2150 901 2344 959 omnia
2369 907 2665 958 mutuatur
2692 918 2727 956 a
2757 899 2986 959 Christo

584 1003 755 1060 quem
784 982 1057 1058 respicit3
1100 989 1225 1039 tum
1253 981 1390 1057 quia
1418 979 1468 1038 si
1516 988 1749 1058 propter
1793 981 1977 1058 ipsam
2012 979 2464 1057 justificaremur
2505 987 2780 1055 tanquam
2823 999 2983 1057 opus,

577 1065 701 1141 jam
723 1061 1061 1138 justificatio
1102 1081 1220 1119 non
1246 1069 1399 1119 esset
1426 1079 1503 1118 ex
1540 1061 1744 1137 gratia,
1779 1061 1947 1118 Rom.
1987 1061 2068 1118 xi.
2101 1063 2154 1136 6,
2186 1067 2246 1118 et
2287 1059 2676 1118 relaberemur
2703 1059 2778 1117 ad
2817 1069 2984 1119 vetus

583 1143 772 1201 foedus
812 1141 961 1219 legis
1006 1161 1039 1200 a
1066 1161 1181 1218 quo
1208 1161 1311 1218 per
1339 1141 1632 1199 Christum
1665 1140 1896 1199 liberati
1917 1159 2116 1200 sumus
2141 1162 2155 1199 ι
2199 1139 2330 1198 Non
2359 1141 2533 1198 ctiam
2560 1139 2900 1216 poenitentia
2929 1149 2986 1200 et

586 1223 903 1297 conversi0,
935 1242 1069 1280 nam
1110 1230 1490 1299 praeterquam
1519 1219 1678 1297 quod
1705 1241 2000 1298 nunquam
2031 1239 2161 1278 eum
2201 1218 2572 1298 perfectionis
2615 1219 2858 1296 gradum
2885 1241 2984 1298 po·

582 1311 699 1364 test
727 1303 957 1380 assequi
985 1305 1088 1379 qui
1113 1301 1233 1380 legi
1259 1300 1605 1378 respondere
1637 1308 1826 1377 queat,
1852 1300 2074 1359 accedit
2103 1299 2276 1359 etiam
2305 1298 2462 1376 quod
2489 1318 2622 1357 cum
2649 1319 2902 1376 praesens
2930 1309 2985 1360 et

585 1384 843 1443 futurum
870 1383 1097 1460 proprie
1126 1391 1185 1440 et
1210 1381 1605 1459 principaliter
1631 1381 1900 1459 respiciat
1929 1399 2174 1457 quorum
2211 1380 2432 1438 ratione
2460 1399 2495 1437 a
2521 1379 2689 1438 nobis
2725 1380 2850 1454 jam
2893 1381 2986 1439 de-

586 1464 773 1540 betur,
804 1483 919 1521 non
949 1463 1132 1540 possit
1158 1481 1264 1538 pro
1304 1461 1557 1538 peccatis
1598 1461 1905 1538 praeteritis
1954 1460 2302 1519 satisfacere.
2388 1459 2594 1536 Itaque
2641 1459 2788 1518 nihil
2834 1460 2990 1519 aliud

587 1563 714 1603 esse
768 1551 961 1620 potest
1014 1561 1188 1618 quam
1242 1541 1605 1600 intercedens
1659 1561 1764 1619 pro
1817 1540 1986 1599 nobis
2043 1541 2336 1618 sponsoris
2393 1538 2608 1598 Christi
2657 1539 2984 1614 satisfactiO,

588 1624 757 1700 cujus
797 1629 1064 1698 respectu
1100 1619 1341 1680 credens
1382 1629 1441 1680 et
1460 1620 1805 1698 resipiscens
1843 1629 2109 1680 censetur
2145 1619 2451 1679 defunctus
2477 1639 2647 1698 poena
2674 1639 2800 1696 quae
2831 1619 2993 1697 Lege

594 1701 975 1762 sanciebatur.

672 1780 897 1839 XXII.
943 1783 998 1839 3.
1043 1779 1485 1857 Distinguendae
1530 1787 1667 1838 sunt
1697 1799 1888 1856 poenae
1915 1783 2248 1856 temporales
2277 1779 2350 1840 ab
2377 1779 2599 1838 oeterm‘s
2619 1803 2638 1838 :
2679 1779 2728 1838 si
2753 1778 2826 1838 de
2847 1787 2992 1838 tem-

588 1860 883 1941 poralibus
909 1860 1167 1937 loquitur
1193 1860 1557 1919 adversarius
1586 1879 1718 1918 cum
1767 1860 1848 1918 ait
1891 1861 2080 1918 Deum
2127 1859 2542 1937 poenitentibus
2588 1860 2818 1918 veniam
2858 1880 2992 1918 con-

590 1941 792 2002 cedere
820 1959 936 2018 quo
966 1959 1137 1999 sensu
1166 1940 1407 1998 veniunt
1434 1940 1794 2018 potissimum
1846 1939 2225 2017 intelligenda
2266 1940 2540 2018 pleraque
2569 1958 2699 2016 quas
2747 1940 2821 1998 ab
2867 1941 2992 2018 ipso

590 2021 923 2096 afferuntur,
967 2029 1037 2081 ιιι
1074 2020 1201 2080 Jer.
1244 2021 1326 2079 iii.
1368 2029 1428 2079 et
1474 2019 1640 2079 xviii.
1671 2029 1730 2079 et
1776 2020 1989 2078 Ezech.
2039 2020 2268 2096 xxxiii„
2319 2018 2447 2094 Sto„
2479 2021 2626 2078 nihil
2669 2020 2804 2078 hinc
2831 2021 2993 2078 colli-

589 2123 726 2181 gere
748 2102 959 2180 poterit
986 2100 1142 2180 quod
1168 2099 1362 2160 faveat
1382 2119 1572 2160 causae
1594 2120 1732 2176 suae,
1765 2099 2049 2177 siquidem
2077 2101 2281 2158 miram
2309 2099 2766 2176 sapientissimus
2794 2101 2838 2160 J
2839 2100 2994 2159 udex

590 2185 650 2242 in
678 2203 851 2261 poena
876 2181 1188 2260 irroganda
1216 2181 1452 2240 adhibet
1496 2181 1893 2256 oeconomiam,
1924 2199 2031 2239 nec
2081 2179 2131 2238 si
2179 2179 2372 2239 differt
2398 2180 2495 2238 vel
2535 2181 2722 2239 aufert
2767 2199 2995 2258 posnam

590 2264 763 2322 istam
804 2262 1177 2339 temporalem
1227 2268 1492 2338 respectu
1533 2261 1924 2339 reproborum,
1975 2268 2279 2337 propterea
2322 2259 2514 2337 quoad
2563 2259 2698 2318 illos
2741 2260 2896 2319 tollit
2935 2267 2996 2319 et

590 2343 835 2418 abrogat
862 2342 983 2399 vim
1026 2340 1339 2400 sanctionis
1385 2341 1627 2416 legalis3
1673 2339 1848 2398 Adde
1875 2339 2034 2417 quod
2061 2339 2208 2399 illud
2233 2359 2351 2398 non
2397 2359 2624 2416 semper
2665 2339 2992 2418 intelligen-

592 2422 730 2479 dum
760 2429 849 2478 est
878 2419 949 2478 de
968 2420 1151 2496 pomis
1193 2419 1337 2493 totis,
1363 2419 1467 2478 sed
1494 2423 1565 2478 de
1594 2421 1778 2494 tantis,
1801 2439 1921 2478 non
1949 2419 2106 2496 q'uod
2133 2421 2303 2497 plane
2331 2419 2678 2494 auferantur,
2711 2420 2814 2478 sed
2842 2419 3000 2497 quod

592 2500 931 2577 mitigentur
957 2500 1055 2558 vel
1083 2497 1435 2557 differantur.
1519 2486 1860 2576 Atque'huc
1887 2500 2137 2577 pertinet
2177 2499 2508 2578 exemplum
2537 2498 2786 2570 Achabi‚
2831 2501 2999 2578 cujus

591 2579 981 2639 humiliationi
1020 2579 1159 2638 licet
1205 2579 1355 2637 fictae
1404 2587 1463 2638 et
1508 2579 1883 2657 hypocriticae
1931 2579 2023 2659 (ut
2043 2580 2265 2639 scilicet
2311 2581 2422 2639 hoc
2476 2588 2648 2657 pacto
2691 2587 3002 2640 testaretur

595 2662 757 2720 Deus
784 2680 959 2738 quam
988 2668 1153 2738 grata
1181 2667 1240 2718 et
1267 2668 1501 2738 accepta
1528 2659 1639 2738 ipsi
1668 2667 1822 2719 esset
1849 2660 2041 2719 futura
2065 2679 2208 2718 vera
2237 2668 2298 2719 et
2325 2661 2548 2718 sincera
2573 2659 2856 2741 fidelium)
2887 2661 3003 2720 hoe

592 2741 730 2801 dare
758 2741 946 2800 voluit
970 2749 1038 2800 ut
1084 2739 1198 2816 ipsi
1238 2738 1377 2798 dum
1420 2740 1481 2797 in
1506 2739 1676 2798 ‘vivis
1718 2748 1872 2799 esset
1907 2749 2253 2818 parceretur,
2283 2759 2392 2799 nec
2440 2740 2656 2800 malum
2687 2749 2857 2800 antea
2896 2740 3000 2799 de-

590 2821 921 2882 nuntiatum
960 2820 1335 2898 infligeretur,
1382 2819 1485 2880 sed
1538 2841 1654 2878 non
1697 2828 2000 2898 propterea
2053 2819 2250 2879 ablata
2295 2828 2387 2879 est
2432 2839 2619 2897 poena,
2666 2819 2899 2898 quando
2939 2829 3004 2880 et

591 2921 718 2963 eam
772 2902 931 2962 luere
987 2901 1187 2961 debuit
1240 2901 1303 2959 in
1328 2900 1593 2979 posteris,
1625 2911 1684 2960 et
1727 2901 1788 2959 in
1817 2901 2014 2962 inferis
2052 2900 2254 2978 procul
2282 2899 2460 2959 dubio
2487 2901 2800 2959 etiamnum
2827 2901 3006 2960 hodie

589 2985 738 3044 luit:
799 2983 1084 3042 Caeterum
1146 2981 1304 3059 quod
1365 2981 1437 3040 de
1480 2982 1780 3040 sententiae
1819 2981 2188 3040 revocatione
2230 2980 2392 3039 addit
2433 2979 2648 3040 ibidem
2691 2981 3002 3040 haereticus

592 3071 759 3123 caute
788 3061 1246 3140 intelligendum,
1278 3079 1397 3121 non
1443 3062 1603 3139 quod
1641 3062 1936 3121 decretum
1979 3060 2157 3120 semel
2183 3059 2399 3119 factum
2425 3081 2683 3138 unquam
2709 3060 3006 3120 rescindat

594 3150 653 3201 et
700 3151 885 3200 mutet
928 3141 1084 3220 (quae
1112 3150 1307 3201 tamen
1334 3142 1461 3218 ejus
1488 3161 1652 3200 mens
1681 3142 1858 3219 impia
1885 3161 2012 3201 esse
2039 3139 2296 3220 videtur)
2339 3159 2474 3199 nam
2514 3149 2580 3200 ut
2621 3141 3004 3200 immutabilis

595 3227 685 3278 est
724 3220 918 3295 quoad
958 3221 1284 3295 essentiam,
1329 3221 1410 3280 ita
1450 3230 1509 3279 et
1550 3221 1743 3298 quoad
1785 3221 2160 3297 voluntatem,
2209 3219 2328 3280 Isa.
2359 3221 2505 3279 xlvi.
2559 3223 2651 3297 10,
2697 3221 2799 3280 sed
2841 3221 3004 3298 quod

594 3298 779 3356 minas
818 3317 948 3374 quae
996 3319 1099 3376 per
1145 3307 1359 3358 certam
1401 3303 1797 3376 oeconomiam,
1842 3302 1939 3360 vel
1965 3301 2199 3360 tacitam
2227 3301 2324 3360 vel
2351 3321 2684 3378 expressam
2711 3301 3014 3360 habebant

596 3376 1001 3454 conditionem,
1058 3378 1251 3455 posita
1296 3379 1423 3457 ipsa
1468 3379 1798 3438 conditione
1854 3380 2184 3458 suspendat,
2227 3382 2554 3440 sententiam
2610 3401 2750 3460 ergo
2777 3390 3010 3439 mutare

597 3456 838 3532 dicatur,
884 3465 945 3517 at
985 3477 1101 3516 non
1143 3459 1446 3536 consilium,
1490 3467 1555 3517 ut
1594 3468 1752 3518 recte
1781 3459 1996 3536 Grego.
2053 3461 2190 3537 quia
2237 3481 2364 3520 eam
2411 3463 2594 3540 ipsam
2625 3461 3010 3520 mutationem

589 3540 715 3617 jam
742 3536 825 3596 ita
852 3537 1007 3616 apud
1035 3557 1097 3597 se
1126 3537 1477 3597 decreverat.
1523 3539 1663 3598 Jam
1691 3540 1742 3598 si
1757 3559 1986 3617 poenam
2015 3549 2288 3599 aeternam
2315 3540 2606 3619 intelligit,
2637 3541 2800 3600 nullo
2826 3559 3011 3618 argu-

595 3625 791 3678 mento
817 3618 1087 3697 probabit
1112 3617 1509 3678 remissionem
1552 3617 1760 3678 factam
1803 3619 1980 3680 fuisse
2022 3621 2168 3679 citra
2205 3631 2528 3699 respectum
2568 3621 2644 3680 ad
2672 3621 3010 3698 Christum;

593 3701 711 3759 imo
723 3699 1125 3759 contendimus
1135 3717 1266 3758 cum
1291 3697 1497 3776 Apost.
1522 3699 1740 3758 nullam
1753 3699 1876 3759 dari
1900 3702 2311 3778 “peccatorum
2322 3702 2718 3761 remissionem
2737 3702 2858 3760 sine
2872 3721 3016 3759 san-

595 3780 791 3860 guinis
818 3777 1153 3855 effusione‚”
1176 3779 1329 3838 Heb.
1354 3779 1435 3838 ix.
1460 3783 1556 3856 22,
1586 3788 1646 3839 et
1667 3788 1910 3839 mortem
1929 3781 2226 3840 testatoris
2258 3781 2614 3854 intercedere
2636 3781 2904 3841 debuisse
2926 3782 3016 3840 ad

593 3861 984 3939 expiationem
1003 3867 1369 3939 peccatorum
1392 3879 1521 3938 quae
1543 3859 1798 3920 admissa
1818 3859 2042 3920 fuerant
2059 3861 2120 3919 in
2141 3861 2218 3920 V.
2235 3861 2303 3920 Τ.
2326 3871 2393 3922 ιιι
2415 3862 2554 3922 ibid.
2573 3861 2844 3940 loquitur.
2877 3861 2934 3918 N
2937 3881 3016 3920 ec

594 3941 788 4002 obstat
814 3940 973 4018 quod
1018 3939 1181 4000 nulla
1227 3939 1495 4000 videatur
1540 3941 1756 4000 mentio
1783 3941 1907 4000 fieri
1949 3940 2372 4018 satisfactionis,
2403 3961 2538 4000 nam
2565 3941 2702 4001 licet
2729 3961 3018 4019 expresse

594 4031 653 4082 et
700 4021 944 4082 totidem
990 4021 1185 4080 verbis
1232 4039 1352 4080 non
1404 4030 1566 4081 extet
1592 4040 1804 4081 nomen
1848 4023 1974 4096 hoc,
2007 4021 2282 4098 implicite
2323 4031 2518 4082 tamen
2548 4030 2606 4081 et
2633 4021 2751 4081 κατ’
2777 4017 3016 4080 ledum·

590 4102 712 4178 μίαν
753 4102 954 4162 erebro
997 4103 1138 4161 satis
1179 4101 1443 4176 occurrit,
1487 4110 1547 4160 et
1589 4102 1640 4160 si
1680 4101 1826 4172 nihil
1866 4100 2025 4159 aliud
2052 4108 2292 4176 extaret,
2329 4102 2622 4162 Sacrificia
2663 4110 2721 4162 et
2747 4102 3018 4162 victimae

592 4183 811 4261 legales
859 4203 988 4260 quae
1038 4182 1337 4241 victimam
1364 4182 1514 4240 hanc
1560 4181 1816 4240 divinam
1865 4189 1924 4240 et
1953 4180 2244 4240 coelestem
2273 4201 2390 4240 non
2419 4182 2662 4241 obscure
2691 4181 3016 4241 adumbra-

592 4264 771 4325 bant:
817 4263 955 4341 Ipsa
1002 4263 1233 4322 oracula
1280 4262 1615 4340 prophetica
1662 4281 1793 4338 quae
1841 4280 1956 4319 non
2005 4261 2144 4320 alibi
2173 4263 2656 4340 complementum
2686 4281 2851 4321 suum
2881 4281 3025 4321 sor-

591 4343 845 4402 tiuntur:
892 4343 1310 4402 Promissiones
1360 4342 1628 4420 gratuitae
1675 4343 1736 4399 in
1783 4341 1995 4419 quibus
2041 4342 2309 4401 omnibus
2349 4343 2614 4402 Christus
2667 4341 3022 4418 includitur,

593 4429 793 4497 utpote
820 4423 879 4480 in
909 4442 1025 4499 quo
1054 4432 1188 4484 sunt
1218 4423 1410 4482 Etiam
1438 4431 1497 4482 et
1526 4422 1737 4500 Amen,
1763 4427 1800 4481 2
1831 4421 1959 4481 Cor.
2007 4422 2044 4482 i.
2075 4423 2170 4499 20,
2217 4423 2577 4484 luculentum
2623 4422 2720 4482 isti
2768 4422 3026 4482 veritati

595 4500 922 4578 praeberent
944 4501 1355 4562 testimonium.

674 4579 933 4637 XXIII.
979 4580 1146 4654 Quod
1216 4580 1379 4641 addit
1441 4581 1695 4641 seeundo
1762 4582 1891 4641 loco
1949 4581 2152 4640 fideles
2209 4581 2325 4641 dici
2383 4581 2614 4640 veniam
2659 4588 3028 4642 consecutos

583 4679 687 4738 per
714 4657 887 4718 fidem
916 4681 932 4736 ς
977 4669 1199 4718 tantum
1246 4661 1411 4720 abest
1456 4671 1524 4720 ut
1572 4661 1918 4720 sententiam
1945 4671 2202 4721 nostram
2241 4662 2509 4740 infirmet,
2541 4671 2608 4722 ut
2635 4681 2762 4721 eam
2791 4661 3026 4722 confir-
