3234 5192
494 316 611 375 638
1076 330 1157 370 m:
1186 329 1660 371 suisne-rioms
1689 330 1926 372 cums'n
1956 330 2276 372 vantra-m.
2506 314 2767 395 [DISPUT.
2799 332 2899 375 xx.

492 472 639 533 fecte
662 470 839 550 justis
859 472 960 550 jus
988 472 1063 531 ad
1092 472 1271 531 vitam
1292 480 1350 533 et
1370 472 1766 532 haereditatem
1790 472 2080 531 coelestem
2106 473 2246 547 dari,
2277 473 2414 550 quia
2441 492 2557 533 una
2583 474 2899 551 eademque

493 554 607 612 ista
626 554 855 631 justitia
882 561 999 612 tam
1029 552 1136 613 fuit
1164 552 1417 630 perfecta
1445 562 1509 612 ut
1552 573 1669 611 non
1714 554 1886 611 modo
1927 574 2031 631 pro
2059 553 2311 631 peccatis
2332 554 2392 611 in
2420 574 2549 631 quae
2579 554 2896 612 incurrera-

493 654 621 691 mus
651 634 1007 707 satisfecerit,
1040 633 1143 693 sed
1170 634 1342 693 etiam
1373 634 1552 692 vitam
1580 654 1617 691 a
1645 653 1760 710 qua
1787 632 2186 692 excideramus
2214 633 2382 693 nobis
2411 635 2798 711 acquisiverit.

578 714 905 773 XXVIII.
952 715 1046 771 Ex
1074 714 1285 791 quibus
1321 715 1443 791 jam
1488 714 1673 791 liquet
1715 722 2016 789 utramque
2064 714 2213 791 legis
2255 714 2640 791 impletionem
2673 735 2708 772 a
2736 714 2904 773 nobis

497 794 751 853 debitam
781 793 973 870 fuisse,
1006 804 1063 853 et
1093 815 1127 853 a
1156 794 1384 853 Christo
1411 794 1728 871 praestitam
1752 816 1766 867 ;
1810 793 1920 851 hoc
1969 803 2160 852 autem
2190 794 2336 853 bene
2371 796 2626 872 potuisse
2648 796 2772 872 jam
2802 794 2900 853 de-

495 874 930 933 monstrandum
960 886 1065 949 est,
1096 874 1251 951 quod
1280 894 1355 932 ex
1384 872 1669 932 solutione
1714 874 2054 950 objectionis
2095 884 2264 933 antea
2285 876 2488 952 positae
2530 886 2790 935 constare
2821 876 2902 933 fa·

498 955 605 1013 cile
636 956 883 1032 poterit;
929 955 1010 1012 sie
1040 974 1179 1013 vero
1209 953 1308 1011 illa
1336 974 1397 1012 se
1446 954 1638 1013 habet.
1723 952 1890 1028 Quod
1935 954 2065 1031 quis
2110 975 2212 1031 pro
2243 976 2304 1013 se
2333 956 2522 1029 debet,
2569 977 2682 1013 non
2713 964 2904 1033 potest

498 1056 602 1112 pro
643 1036 757 1093 alio
802 1035 1065 1108 solvere3
1110 1043 1169 1093 at
1213 1034 1474 1093 Christus
1518 1055 1622 1112 pro
1673 1052 1733 1092 se
1783 1033 1984 1092 debuit
2030 1035 2179 1092 hanc
2207 1034 2327 1112 legi
2371 1036 2798 1097 obedientiam:
2831 1037 2900 1095 E.

501 1116 696 1193 Resp.,
734 1118 785 1173 1.
819 1115 917 1172 Ad
946 1116 1147 1192 major.
1174 1134 1368 1192 pecca.
1398 1114 1553 1172 falla.
1584 1136 1623 1172 a
1652 1115 1796 1172 dicto
1817 1117 2113 1172 secundum
2138 1116 2278 1191 quid
2295 1140 2312 1173 :
2355 1116 2512 1193 quod
2555 1118 2686 1192 quis
2713 1137 2816 1193 pro
2841 1136 2902 1175 se

500 1196 673 1255 debet
700 1216 815 1254 non
843 1203 1035 1273 potest
1062 1215 1165 1273 pro
1194 1195 1308 1253 alio
1336 1204 1609 1271 praestare
1633 1218 1646 1254 :
1694 1194 1757 1253 Si
1787 1196 1862 1253 sit
1888 1216 2140 1271 persona
2167 1197 2414 1270 privata,
2447 1196 2716 1270 concede,
2750 1196 2798 1254 si
2829 1195 2904 1254 sit

490 1296 742 1353 persona
760 1276 1015 1353 publicae,
1048 1296 1216 1353 nego,
1262 1274 1412 1333 Nam
1440 1295 1688 1351 persona
1717 1275 1948 1352 publica
1977 1276 2084 1333 sub
2113 1275 2328 1353 duplici
2357 1278 2523 1352 σχέο-ιι
2554 1276 2901 1336 considerari

498 1364 706 1435 potest,
737 1365 803 1415 ut
831 1376 1010 1429 suam,
1043 1366 1102 1415 et
1129 1355 1300 1415 simul
1328 1356 1567 1413 aliorum
1602 1354 2005 1413 foederatorum
2057 1353 2148 1413 vel
2180 1354 2289 1413 sibi
2320 1356 2518 1415 intime
2569 1359 2901 1434 conjuncto·

500 1457 625 1496 rum
656 1438 860 1509 vicem,
894 1437 1217 1513 sustinens3
1263 1436 1346 1494 sic
1376 1435 1591 1493 Consul
1622 1456 1726 1493 suo
1757 1444 1814 1493 et
1843 1436 2094 1493 civitatis
2123 1437 2352 1494 nomine
2382 1457 2514 1494 cum
2542 1437 2708 1495 hoste
2736 1436 2902 1494 indu-

499 1518 618 1577 cias
646 1516 799 1583 faeit‚
834 1518 963 1575 Rex
993 1537 1095 1593 pro
1126 1536 1187 1575 se
1216 1525 1273 1575 et
1300 1535 1404 1592 pro
1448 1516 1662 1591 populo
1707 1512 1924 1572 foedera
1971 1535 2100 1573 cum
2147 1515 2500 1591 principibus
2551 1517 2774 1589 saneit3
2820 1517 2903 1573 sie

496 1596 715 1675 primus
746 1596 939 1654 Adam
969 1595 1206 1655 secundi
1234 1604 1425 1671 typUS,
1454 1594 1622 1651 Rom.
1655 1615 1708 1651 v.
1745 1598 1836 1669 14,
1863 1594 1972 1651 sibi
2001 1595 2233 1669 suisque
2263 1594 2460 1670 lapsus
2483 1604 2585 1668 est,
2621 1596 2764 1653 Levi
2795 1594 2903 1651 fuit

497 1677 816 1734 decimatus
844 1676 903 1731 in
932 1694 1177 1751 persona
1206 1674 1476 1747 Abrahae,
1514 1674 1665 1732 Heb.
1696 1673 1795 1730 vii.
1842 1673 1934 1731 Ita
1962 1673 2070 1730 etsi
2101 1672 2363 1731 Christus
2385 1693 2488 1749 pro
2517 1694 2578 1731 se
2608 1673 2902 1731 debuisset

494 1757 687 1831 legem
715 1754 968 1830 implere,
1000 1774 1118 1812 non
1145 1753 1276 1813 ideo
1305 1762 1496 1812 tamen
1536 1753 1726 1810 minus
1771 1771 1872 1829 pro
1902 1751 2068 1808 nobis
2117 1761 2386 1828 praestare
2439 1754 2734 1829 potuisset,
2767 1752 2904 1828 quia

494 1834 589 1893 hic
617 1853 734 1891 non
763 1833 1109 1909 spectandus
1138 1842 1227 1892 est
1254 1842 1318 1892 ut
1347 1852 1591 1909 persona
1607 1833 1863 1907 privata,
1896 1830 1997 1889 sed
2027 1840 2091 1889 ut
2111 1831 2355 1907 publica,
2386 1844 2452 1891 ut
2481 1832 2668 1909 Caput
2699 1833 2897 1891 Eccle-

496 1915 613 1988 siae,
639 1922 705 1972 ut
732 1932 975 1991 sponsor
1002 1921 1060 1972 et
1081 1933 1185 1971 vas
1203 1912 1476 1985 fidelium,
1508 1913 1607 1990 qui
1629 1912 1823 1969 omnia
1838 1931 1942 1989 pro
1973 1910 2111 1988 ipsis
2133 1912 2319 1971 faetus
2341 1922 2446 1985 est,
2467 1921 2533 1971 ut
2563 1913 2736 1972 Pater
2764 1910 2902 1971 novi

498 1994 694 2067 seculi,
722 1994 837 2052 Isa.
867 1992 949 2053 ix.
982 1995 1037 2069 6,
1069 2001 1127 2052 et
1158 1993 1391 2051 seminis
1421 1994 1605 2051 saneti
1625 1992 1781 2069 quod
1809 2000 1940 2069 post
1962 2012 2022 2051 se
2051 1992 2250 2051 videre
2273 1992 2490 2069 debuit,
2523 1993 2638 2052 Isa.
2669 1994 2772 2052 liii.
2810 1998 2901 2053 10.

578 2074 837 2133 XXIX.
883 2078 937 2133 2.
973 2073 1072 2132 Ad
1102 2074 1247 2133 Min.
1277 2094 1380 2151 per
1406 2082 1599 2151 negat.
1653 2074 1916 2133 Christus
1945 2071 2098 2131 enim
2147 2094 2251 2150 pro
2281 2093 2344 2132 se
2372 2094 2488 2132 non
2541 2074 2740 2134 debuit
2769 2074 2899 2133 obe-

497 2154 774 2215 dientiam
830 2155 987 2214 illam
1018 2176 1119 2233 per
1147 2176 1317 2233 quam
1346 2154 1466 2231 legi
1494 2153 1790 2229 satisfecit,
1823 2154 1927 2212 sed
1953 2172 2057 2231 pro
2080 2154 2280 2229 nobis;
2327 2156 2472 2213 ratio
2495 2164 2598 2231 est,
2625 2156 2761 2232 quia
2787 2175 2903 2213 non

496 2256 600 2315 pro
630 2257 691 2295 se
717 2237 892 2295 homo
921 2245 982 2294 et
1005 2235 1289 2294 mediator
1335 2235 1460 2293 fieri
1507 2235 1731 2294 voluit:
1775 2234 1970 2311 itaque
2019 2234 2095 2292 ad
2141 2235 2387 2311 probati.
2431 2236 2574 2294 Min.
2605 2256 2754 2312 resp.
2805 2255 2907 2312 pei·

494 2316 743 2375 limitati.
790 2315 1149 2392 Quicumque
1176 2336 1281 2392 pro
1332 2334 1391 2372 se
1422 2323 1479 2372 et
1528 2334 1634 2373 suo
1679 2315 1808 2373 loco
1855 2314 1950 2371 vel
1983 2312 2134 2372 Adae
2180 2315 2273 2373 vel
2307 2315 2558 2373 Abrahae
2603 2316 2789 2374 factus
2818 2324 2906 2373 est

494 2396 666 2470 filius,
699 2396 747 2453 is
776 2414 1003 2471 quoque
1031 2414 1135 2470 pro
1166 2414 1226 2453 se
1257 2402 1313 2451 et
1342 2413 1446 2450 suo
1474 2394 1708 2450 nomine
1737 2393 1812 2449 ad
1841 2391 2026 2467 legem
2056 2393 2407 2470 implendam
2437 2396 2775 2470 tenebatur3
2805 2394 2905 2471 qui

494 2494 633 2532 vero
662 2493 779 2531 non
806 2493 911 2549 pro
940 2492 1018 2547 se,
1052 2471 1156 2530 sed
1182 2492 1285 2549 pro
1314 2471 1443 2528 aliis
1472 2471 1564 2529 vel
1605 2472 1779 2529 homo
1826 2470 1950 2528 fieri
1979 2471 2074 2528 vel
2126 2472 2388 2530 Israelita
2431 2474 2592 2531 nasci
2620 2474 2822 2540 voluit,
2853 2475 2905 2533 is

494 2573 723 2631 quoque
750 2572 867 2609 non
895 2571 999 2627 pro
1028 2570 1107 2625 se,
1140 2550 1242 2609 sed
1270 2570 1372 2627 pro
1402 2549 1531 2607 aliis
1558 2550 1634 2607 ad
1660 2550 1850 2626 legem
1888 2550 2207 2625 quamlibet
2233 2550 2582 2627 implendam
2613 2553 2906 2627 obligatus

496 2642 601 2693 est.
686 2634 771 2691 At
800 2630 1063 2690 Christus
1090 2650 1207 2689 non
1235 2650 1339 2708 pro
1368 2650 1447 2705 se,
1480 2629 1583 2688 sed
1631 2649 1734 2706 pro
1777 2627 1946 2686 nobis
1974 2628 2146 2686 homo
2193 2629 2378 2688 faetus
2427 2640 2516 2689 est
2534 2631 2710 2708 juxta
2736 2632 2900 2706 illud,

499 2714 709 2773 “Puer
736 2721 906 2771 natus
934 2720 1024 2771 est
1071 2711 1256 2788 nobis,
1290 2710 1479 2768 Filius
1506 2709 1677 2768 datus
1705 2716 1794 2767 est
1841 2708 2063 2783 nobiS,'’
2097 2709 2212 2767 Isa.
2243 2710 2324 2768 ix.
2349 2713 2405 2769 6.
2451 2710 2574 2769 Nec
2601 2710 2751 2768 enim
2783 2710 2905 2769 ulla

495 2794 642 2853 ratio
670 2800 793 2853 erat
823 2792 880 2850 in
904 2791 1133 2851 Christo
1155 2792 1254 2869 qui
1282 2790 1522 2867 aequalis
1550 2800 1674 2849 erat
1704 2789 1862 2848 Patri
1905 2798 2138 2867 propter
2172 2810 2344 2867 quam
2372 2790 2470 2848 vel
2511 2810 2737 2849 earnem
2769 2810 2900 2849 nos·

496 2883 643 2934 tram
674 2874 990 2951 susciperet
1018 2882 1077 2932 et
1104 2872 1163 2930 in
1193 2892 1261 2931 ea
1287 2892 1403 2929 non
1443 2871 1683 2929 formam
1711 2868 1960 2928 hominis
1988 2878 2211 2929 tantum
2241 2870 2342 2929 sed
2362 2880 2419 2930 et
2441 2870 2594 2929 servi
2621 2890 2906 2930 assumer-

495 2964 570 3029 et,
603 2956 663 3013 in
712 2976 780 3015 ea
808 2974 869 3013 se
898 2952 1194 3012 exinanire
1223 2962 1281 3012 et
1309 2950 1584 3011 obediens
1633 2951 1758 3009 fieri
1785 2970 1968 3027 usque
1996 2950 2070 3008 ad
2118 2958 2361 3009 mortem
2399 2950 2585 3010 crucis
2631 2950 2904 3027 deberet;

498 3036 601 3094 sed
630 3056 733 3114 pro
762 3034 930 3093 nobis
958 3033 1069 3093 ista
1114 3034 1307 3093 omnia
1354 3032 1609 3110 praestita
1653 3031 1902 3089 suerunt.
1952 3030 2033 3091 Ut
2080 3040 2314 3109 propter
2369 3052 2474 3090 nos
2521 3032 2694 3089 homo
2721 3031 2909 3091 sactus

498 3135 613 3174 non
635 3124 867 3192 propter
888 3134 966 3186 se,
990 3114 1081 3173 Ita
1101 3123 1335 3191 propter
1350 3134 1457 3171 nos
1479 3133 1595 3171 non
1613 3120 1846 3190 propter
1867 3132 1928 3169 se
1948 3110 2094 3188 Legi
2117 3131 2177 3171 se
2197 3111 2477 3189 subjicere
2490 3112 2693 3171 voluit.
2722 3112 2912 3171 Simili

499 3215 592 3253 res
615 3202 807 3271 potest
826 3194 1127 3253 illustrari:
1159 3192 1656 3269 Quemadmodum
1695 3192 1795 3269 qui
1815 3212 1919 3268 pro
1948 3191 2062 3250 alio
2104 3191 2406 3269 fidejussit,
2433 3200 2602 3250 antea
2622 3192 2770 3249 liber
2784 3191 2907 3269 jam

501 3273 727 3332 debitor
738 3272 925 3330 faetus
947 3282 1049 3347 est,
1072 3293 1139 3331 ac
1157 3271 1415 3331 debitum
1440 3272 1615 3330 solvit
1634 3292 1748 3329 non
1771 3291 1874 3347 pro
1886 3291 1964 3347 se,
1981 3272 2084 3329 sed
2107 3292 2208 3348 pro
2230 3271 2362 3346 alio,
2387 3272 2470 3331 ita
2488 3281 2554 3331 ut
2575 3272 2786 3331 solutio
2809 3272 2910 3330 illa

500 3352 666 3411 alteri
694 3353 1024 3428 imputetur,
1050 3352 1130 3409 ita
1160 3352 1424 3410 Christus
1471 3351 1762 3409 hominem
1809 3370 1870 3408 se
1898 3371 2001 3427 pro
2051 3352 2220 3409 nobis
2269 3352 2546 3427 faciendo,
2580 3372 2640 3411 se
2679 3372 2906 3429 quoque

500 3452 615 3491 non
666 3451 768 3508 pro
825 3440 1022 3506 semet,
1082 3430 1184 3489 sed
1239 3451 1341 3508 pro
1370 3430 1539 3489 nobis
1575 3430 1694 3507 legi
1738 3430 1954 3487 ‘divinae
2002 3430 2320 3490 debitorem
2363 3432 2500 3491 fecit
2528 3453 2594 3491 ac
2650 3432 2904 3491 debitum

502 3510 771 3587 exsolvit,
805 3509 864 3568 id
892 3520 996 3586 est,
1028 3510 1147 3587 legi
1176 3510 1512 3587 obsequium
1544 3529 1660 3566 non
1689 3529 1791 3586 pro
1822 3529 1900 3583 se,
1933 3509 2036 3568 sed
2078 3531 2184 3587 pro
2231 3510 2400 3570 nobis
2449 3512 2731 3589 praestitit,
2762 3510 2904 3569 adeo

500 3602 567 3652 ut
596 3592 762 3651 nobis
790 3612 826 3649 a
854 3591 981 3650 Deo
1010 3592 1323 3668 imputetur
1350 3588 1635 3667 quidquid
1680 3589 1942 3647 Christus
1982 3590 2092 3648 hac
2121 3590 2180 3648 in
2218 3601 2380 3667 parte
2421 3593 2618 3669 gessit.
2668 3592 2762 3650 Sic
2805 3590 2903 3667 qui

501 3672 661 3752 prius
689 3673 837 3731 liber
864 3680 921 3730 et
950 3672 1038 3731 sui
1061 3671 1227 3749 juria,
1260 3670 1429 3729 amici
1457 3669 1739 3728 liberandi
1789 3690 1964 3728 causa
2011 3690 2072 3729 se
2122 3670 2311 3729 alieno
2361 3672 2595 3749 subjicit
2649 3672 2904 3749 imperi0,

504 3754 629 3813 sive
659 3774 719 3812 se
750 3752 800 3811 ei
830 3752 889 3810 in
921 3750 1257 3811 servitutem
1312 3749 1611 3826 tradend0‚
1645 3750 1768 3809 sive
1817 3749 1932 3808 alia
1979 3750 2187 3826 quavis
2227 3750 2448 3810 ratione
2491 3752 2756 3811 libertate
2805 3771 2910 3809 sua

503 3834 777 3910 cedend0‚
811 3832 1155 3909 simulatque
1203 3831 1264 3889 in
1306 3831 1582 3889 ditionem
1626 3829 1910 3889 concessit
1937 3829 2200 3905 alienam,
2252 3830 2409 3889 illius
2429 3833 2552 3909 jam
2602 3852 2806 3891 servus
2853 3840 2912 3890 et

504 3913 771 3973 subdit-us
800 3913 985 3972 faetus
1013 3920 1117 3983 est,
1150 3912 1317 3988 cujus
1345 3930 1587 3988 regnum
1618 3920 1707 3969 est
1734 3910 2065 3987 ingressus:
2113 3908 2226 3969 Sed
2257 3912 2742 3987 quemadmodum
2771 3912 2911 3970 illuc

506 4015 569 4054 se
596 3994 857 4068 contulit,
888 4014 1004 4051 non
1034 3994 1122 4053 sui
1152 3991 1349 4069 ipsius,
1382 3991 1483 4050 sed
1513 3990 1683 4048 amici
1713 3991 1801 4049 sui
1831 3990 2050 4067 gratia3
2099 3990 2191 4049 Ita
2219 3990 2389 4049 etiam
2419 4012 2535 4051 non
2564 4013 2667 4070 pro
2697 4013 2777 4066 se,
2811 3991 2914 4051 sed

505 4095 609 4154 pro
632 4076 816 4133 amico
847 4094 951 4133 suo
982 4073 1318 4132 servitutem
1346 4071 1506 4130 illam
1530 4073 1729 4145 servit,
1761 4079 1818 4129 et
1836 4070 2219 4148 quodcunque
2249 4071 2371 4131 obit
2400 4072 2458 4130 in
2487 4094 2554 4131 ea
2583 4072 2912 4131 conditione

506 4154 903 4229 ministerium,
936 4153 995 4211 id
1024 4152 1083 4212 in
1102 4152 1269 4211 amici
1300 4152 1511 4211 bonum
1535 4151 1706 4225 cedit,
1727 4151 1927 4228 illique
1955 4171 1990 4208 a
2008 4150 2240 4210 domino
2261 4152 2590 4229 imputatur.
2622 4152 2696 4210 Id
2726 4152 2916 4229 ipsum

506 4236 578 4294 de
608 4236 929 4295 Mediatore
960 4233 1113 4293 servi
1140 4232 1380 4291 formam
1408 4252 1513 4308 pro
1541 4231 1710 4291 nobis
1757 4240 2103 4306 assumente,
2135 4240 2200 4290 ut
2226 4230 2287 4289 in
2336 4252 2406 4290 ea
2433 4254 2494 4291 se
2525 4232 2672 4309 Legi
2695 4231 2910 4289 divinae

503 4335 607 4393 per
634 4316 827 4375 omnia
854 4314 1136 4391 subjicere
1174 4320 1385 4390 posset,
1416 4312 1622 4371 merito
1669 4312 1962 4383 asseritur,
1985 4310 2260 4389 adeoque,
2292 4322 2357 4372 ut
2404 4332 2520 4371 non
2565 4332 2669 4390 pro
2699 4332 2760 4371 so
2811 4311 2917 4370 sed

505 4414 610 4471 pro
638 4396 807 4453 nobis
835 4394 1011 4467 venit,
1046 4395 1139 4452 Ita
1168 4414 1281 4452 non
1312 4413 1415 4470 pro
1446 4414 1506 4452 se
1536 4392 1640 4451 sed
1667 4412 1770 4470 pro
1799 4391 1966 4450 nobis
1997 4392 2330 4451 servitutem
2361 4392 2514 4451 illam
2549 4392 2765 4465 serviit,
2797 4412 2914 4450 non

504 4492 609 4549 pro
638 4494 699 4531 se
728 4475 832 4532 sed
858 4494 963 4550 pro
992 4474 1160 4533 nobis
1209 4494 1271 4532 se
1322 4473 1469 4551 Legi
1497 4481 1750 4551 paternae
1800 4471 2048 4550 subjecit
2073 4481 2140 4531 ut
2169 4472 2508 4533 Mediatoris
2557 4492 2767 4532 munus
2811 4490 2916 4548 pro

504 4551 673 4609 nobis
701 4562 1099 4629 exequeretur.

592 4630 815 4689 XXX.
863 4630 1019 4690 Hine
1048 4632 1121 4690 ad
1152 4632 1431 4708 triplicem
1462 4632 1743 4691 rationem
1773 4642 1940 4691 antea
1969 4632 2200 4691 allatam
2229 4639 2389 4709 patet
2409 4632 2724 4710 responsiO.
2780 4629 2919 4690 Sive
