<?xml version="1.0" encoding="UTF-8"?>
<!DOCTYPE html PUBLIC "-//W3C//DTD XHTML 1.0 Transitional//EN"
    "http://www.w3.org/TR/xhtml1/DTD/xhtml1-transitional.dtd">
<html xmlns="http://www.w3.org/1999/xhtml" xml:lang="en" lang="en">
 <head>
  <title>
</title>
<meta http-equiv="Content-Type" content="text/html;charset=utf-8" />
  <meta name='ocr-system' content='tesseract 3.04.00' />
  <meta name='ocr-capabilities' content='ocr_page ocr_carea ocr_par ocr_line ocrx_word'/>
</head>
<body>
  <div class='ocr_page' id='page_1' title='image "./denecessariasec00turrgoog_0449.png"; bbox 0 0 3234 5192; ppageno 0'>
   <div class='ocr_carea' id='block_1_1' title="bbox 280 345 2694 429">
    <p class='ocr_par' dir='ltr' id='par_1_1' title="bbox 280 345 2694 429">
     <span class='ocr_line' id='line_1_1' title="bbox 280 345 2694 429; baseline -0.001 -18"><span class='ocrx_word' id='word_1_1' title='bbox 280 365 514 412; x_wconf 74' lang='lat' dir='ltr'><strong>msrur.</strong></span> <span class='ocrx_word' id='word_1_2' title='bbox 543 345 661 429; x_wconf 62' lang='lat' dir='ltr'><strong>xa]</strong></span> <span class='ocrx_word' id='word_1_3' title='bbox 838 363 919 406; x_wconf 78' lang='lat' dir='ltr'><strong>ns</strong></span> <span class='ocrx_word' id='word_1_4' title='bbox 946 363 1429 406; x_wconf 60' lang='lat' dir='ltr'><strong>samsrscrroms</strong></span> <span class='ocrx_word' id='word_1_5' title='bbox 1455 363 1694 406; x_wconf 73' lang='lat' dir='ltr'><strong>cuntem</strong></span> <span class='ocrx_word' id='word_1_6' title='bbox 1721 362 2142 405; x_wconf 65' lang='lat' dir='ltr'><strong>sucessimus.</strong></span> <span class='ocrx_word' id='word_1_7' title='bbox 2572 348 2694 408; x_wconf 79' lang='lat'><strong>399</strong></span> 
     </span>
    </p>
   </div>
   <div class='ocr_carea' id='block_1_2' title="bbox 253 501 2732 4739">
    <p class='ocr_par' dir='ltr' id='par_1_2' title="bbox 286 501 2712 1600">
     <span class='ocr_line' id='line_1_2' title="bbox 286 501 2706 586; baseline -0.002 -18"><span class='ocrx_word' id='word_1_8' title='bbox 286 525 579 586; x_wconf 84' lang='lat' dir='ltr'><strong>negamus</strong></span> <span class='ocrx_word' id='word_1_9' title='bbox 602 506 799 580; x_wconf 85' lang='lat' dir='ltr'><strong>legem</strong></span> <span class='ocrx_word' id='word_1_10' title='bbox 824 501 1111 580; x_wconf 85' lang='lat' dir='ltr'><strong>primario</strong></span> <span class='ocrx_word' id='word_1_11' title='bbox 1140 501 1449 562; x_wconf 66' lang='lat' dir='ltr'><strong>Irsab‘lltas</strong></span> <span class='ocrx_word' id='word_1_12' title='bbox 1488 509 1780 580; x_wconf 84' lang='lat' dir='ltr'><strong>spectasse</strong></span> <span class='ocrx_word' id='word_1_13' title='bbox 1807 503 2032 580; x_wconf 88' lang='lat' dir='ltr'><strong>quihus</strong></span> <span class='ocrx_word' id='word_1_14' title='bbox 2078 502 2302 561; x_wconf 84' lang='lat' dir='ltr'><strong>directe</strong></span> <span class='ocrx_word' id='word_1_15' title='bbox 2327 502 2456 562; x_wconf 85' lang='lat' dir='ltr'><strong>lata</strong></span> <span class='ocrx_word' id='word_1_16' title='bbox 2481 511 2592 577; x_wconf 87' lang='lat' dir='ltr'><strong>est,</strong></span> <span class='ocrx_word' id='word_1_17' title='bbox 2621 506 2706 564; x_wconf 88' lang='lat' dir='ltr'><strong>sic</strong></span> 
     </span>
     <span class='ocr_line' id='line_1_3' title="bbox 286 581 2704 660; baseline -0.002 -13"><span class='ocrx_word' id='word_1_18' title='bbox 286 595 489 647; x_wconf 88' lang='lat' dir='ltr'><strong>tamen</strong></span> <span class='ocrx_word' id='word_1_19' title='bbox 511 591 583 644; x_wconf 89' lang='lat' dir='ltr'><strong>nt</strong></span> <span class='ocrx_word' id='word_1_20' title='bbox 609 585 760 643; x_wconf 83' lang='lat' dir='ltr'><strong>alios</strong></span> <span class='ocrx_word' id='word_1_21' title='bbox 780 599 1025 660; x_wconf 87' lang='lat' dir='ltr'><strong>quoqne</strong></span> <span class='ocrx_word' id='word_1_22' title='bbox 1044 584 1124 641; x_wconf 87' lang='lat' dir='ltr'><strong>ad</strong></span> <span class='ocrx_word' id='word_1_23' title='bbox 1144 599 1403 658; x_wconf 90' lang='lat' dir='ltr'><strong>quorum</strong></span> <span class='ocrx_word' id='word_1_24' title='bbox 1424 583 1700 641; x_wconf 89' lang='lat' dir='ltr'><strong>notitiam</strong></span> <span class='ocrx_word' id='word_1_25' title='bbox 1717 589 1926 659; x_wconf 84' lang='lat' dir='ltr'><strong>postea</strong></span> <span class='ocrx_word' id='word_1_26' title='bbox 1949 583 2062 640; x_wconf 87' lang='lat' dir='ltr'><strong>sub</strong></span> <span class='ocrx_word' id='word_1_27' title='bbox 2089 581 2208 639; x_wconf 86' lang='lat' dir='ltr'><strong>ista</strong></span> <span class='ocrx_word' id='word_1_28' title='bbox 2221 582 2388 658; x_wconf 72' lang='grc' dir='ltr'>ηάηι</span> <span class='ocrx_word' id='word_1_29' title='bbox 2413 585 2704 658; x_wconf 85' lang='lat' dir='ltr'><strong>pervenit,</strong></span> 
     </span>
     <span class='ocr_line' id='line_1_4' title="bbox 289 659 2706 737; baseline -0.002 -11"><span class='ocrx_word' id='word_1_30' title='bbox 289 667 469 727; x_wconf 88' lang='lat' dir='ltr'><strong>etiam</strong></span> <span class='ocrx_word' id='word_1_31' title='bbox 496 664 609 724; x_wconf 88' lang='lat' dir='ltr'><strong>sub</strong></span> <span class='ocrx_word' id='word_1_32' title='bbox 634 663 745 721; x_wconf 82' lang='lat' dir='ltr'><strong>illa</strong></span> <span class='ocrx_word' id='word_1_33' title='bbox 790 663 1022 720; x_wconf 87' lang='lat' dir='ltr'><strong>ratione</strong></span> <span class='ocrx_word' id='word_1_34' title='bbox 1062 659 1307 719; x_wconf 82' lang='lat' dir='ltr'><strong>formali</strong></span> <span class='ocrx_word' id='word_1_35' title='bbox 1350 661 1595 736; x_wconf 84' lang='lat' dir='ltr'><strong>obliget.</strong></span> <span class='ocrx_word' id='word_1_36' title='bbox 1679 660 1772 720; x_wconf 82' lang='lat' dir='ltr'><strong>At</strong></span> <span class='ocrx_word' id='word_1_37' title='bbox 1795 660 2110 737; x_wconf 77' lang='lat' dir='ltr'>posteriori</span> <span class='ocrx_word' id='word_1_38' title='bbox 2152 678 2532 719; x_wconf 87' lang='lat' dir='ltr'><strong>communem</strong></span> <span class='ocrx_word' id='word_1_39' title='bbox 2558 663 2706 721; x_wconf 90' lang='lat' dir='ltr'><strong>dici-</strong></span> 
     </span>
     <span class='ocr_line' id='line_1_5' title="bbox 290 737 2710 815; baseline -0.002 -11"><span class='ocrx_word' id='word_1_40' title='bbox 290 763 424 804; x_wconf 87' lang='lat' dir='ltr'><strong>mus</strong></span> <span class='ocrx_word' id='word_1_41' title='bbox 447 742 632 801; x_wconf 84' lang='lat' dir='ltr'><strong>fuisse</strong></span> <span class='ocrx_word' id='word_1_42' title='bbox 659 749 783 799; x_wconf 87' lang='lat' dir='ltr'><strong>tam</strong></span> <span class='ocrx_word' id='word_1_43' title='bbox 815 740 1113 800; x_wconf 78' lang='lat' dir='ltr'><strong>Gentibus</strong></span> <span class='ocrx_word' id='word_1_44' title='bbox 1140 757 1322 815; x_wconf 86' lang='lat' dir='ltr'><strong>quam</strong></span> <span class='ocrx_word' id='word_1_45' title='bbox 1342 737 1385 797; x_wconf 86' lang='lat' dir='ltr'><strong>J</strong></span> <span class='ocrx_word' id='word_1_46' title='bbox 1390 739 1599 809; x_wconf 76' lang='lat' dir='ltr'><strong>udoeis,</strong></span> <span class='ocrx_word' id='word_1_47' title='bbox 1620 757 1764 798; x_wconf 85' lang='lat' dir='ltr'><strong>nam</strong></span> <span class='ocrx_word' id='word_1_48' title='bbox 1793 746 1830 775; x_wconf 89' lang='lat'>“</span> <span class='ocrx_word' id='word_1_49' title='bbox 1855 738 2082 800; x_wconf 77' lang='lat' dir='ltr'><strong>Gentes</strong></span> <span class='ocrx_word' id='word_1_50' title='bbox 2107 739 2306 813; x_wconf 86' lang='lat' dir='ltr'><strong>legem</strong></span> <span class='ocrx_word' id='word_1_51' title='bbox 2332 757 2456 797; x_wconf 91' lang='lat' dir='ltr'><strong>non</strong></span> <span class='ocrx_word' id='word_1_52' title='bbox 2483 741 2710 798; x_wconf 88' lang='lat' dir='ltr'><strong>haben·-</strong></span> 
     </span>
     <span class='ocr_line' id='line_1_6' title="bbox 291 816 2710 896; baseline -0.001 -15"><span class='ocrx_word' id='word_1_53' title='bbox 291 831 380 882; x_wconf 89' lang='lat' dir='ltr'><strong>tes</strong></span> <span class='ocrx_word' id='word_1_54' title='bbox 408 822 519 880; x_wconf 89' lang='lat' dir='ltr'><strong>sibi</strong></span> <span class='ocrx_word' id='word_1_55' title='bbox 544 821 689 896; x_wconf 87' lang='lat' dir='ltr'><strong>ipsis</strong></span> <span class='ocrx_word' id='word_1_56' title='bbox 715 825 857 878; x_wconf 84' lang='lat' dir='ltr'><strong>sunt</strong></span> <span class='ocrx_word' id='word_1_57' title='bbox 885 819 1032 890; x_wconf 81' lang='lat' dir='ltr'><strong>Lex,</strong></span> <span class='ocrx_word' id='word_1_58' title='bbox 1061 825 1133 876; x_wconf 90' lang='lat' dir='ltr'><strong>ut</strong></span> <span class='ocrx_word' id='word_1_59' title='bbox 1158 837 1295 894; x_wconf 80' lang='lat' dir='ltr'><strong>quoe</strong></span> <span class='ocrx_word' id='word_1_60' title='bbox 1316 818 1636 876; x_wconf 83' lang='lat' dir='ltr'><strong>ostendant</strong></span> <span class='ocrx_word' id='word_1_61' title='bbox 1651 835 1804 894; x_wconf 83' lang='lat' dir='ltr'><strong>opus</strong></span> <span class='ocrx_word' id='word_1_62' title='bbox 1825 818 2008 892; x_wconf 85' lang='lat' dir='ltr'><strong>Legis</strong></span> <span class='ocrx_word' id='word_1_63' title='bbox 2027 816 2315 892; x_wconf 77' lang='lat' dir='ltr'><strong>scriptum</strong></span> <span class='ocrx_word' id='word_1_64' title='bbox 2337 817 2400 876; x_wconf 87' lang='lat' dir='ltr'><strong>in</strong></span> <span class='ocrx_word' id='word_1_65' title='bbox 2427 819 2710 878; x_wconf 76' lang='lat' dir='ltr'><strong>cordibus</strong></span> 
     </span>
     <span class='ocr_line' id='line_1_7' title="bbox 290 895 2708 978; baseline -0.002 -17"><span class='ocrx_word' id='word_1_66' title='bbox 290 902 472 978; x_wconf 76' lang='lat' dir='ltr'><strong>suis,”</strong></span> <span class='ocrx_word' id='word_1_67' title='bbox 502 903 605 958; x_wconf 58' lang='lat' dir='ltr'><strong>stc.</strong></span> <span class='ocrx_word' id='word_1_68' title='bbox 650 899 825 956; x_wconf 89' lang='lat' dir='ltr'><strong>Rom.</strong></span> <span class='ocrx_word' id='word_1_69' title='bbox 874 897 936 955; x_wconf 88' lang='lat' dir='ltr'><strong>ii.</strong></span> <span class='ocrx_word' id='word_1_70' title='bbox 968 897 1062 968; x_wconf 88' lang='lat'><strong>14,</strong></span> <span class='ocrx_word' id='word_1_71' title='bbox 1095 895 1187 955; x_wconf 82' lang='lat'><strong>15.</strong></span> <span class='ocrx_word' id='word_1_72' title='bbox 1272 896 1376 955; x_wconf 92' lang='lat' dir='ltr'><strong>Ita</strong></span> <span class='ocrx_word' id='word_1_73' title='bbox 1400 902 1609 970; x_wconf 86' lang='lat' dir='ltr'><strong>gentes</strong></span> <span class='ocrx_word' id='word_1_74' title='bbox 1628 897 1912 955; x_wconf 86' lang='lat' dir='ltr'><strong>vixerunt</strong></span> <span class='ocrx_word' id='word_1_75' title='bbox 1937 897 2120 954; x_wconf 89' lang='lat' dir='ltr'><strong>etiam</strong></span> <span class='ocrx_word' id='word_1_76' title='bbox 2135 896 2249 954; x_wconf 86' lang='lat' dir='ltr'><strong>sub</strong></span> <span class='ocrx_word' id='word_1_77' title='bbox 2269 897 2404 972; x_wconf 90' lang='lat' dir='ltr'><strong>lege</strong></span> <span class='ocrx_word' id='word_1_78' title='bbox 2430 897 2708 972; x_wconf 83' lang='lat' dir='ltr'><strong>quamvis</strong></span> 
     </span>
     <span class='ocr_line' id='line_1_8' title="bbox 292 973 2708 1052; baseline -0.002 -13"><span class='ocrx_word' id='word_1_79' title='bbox 292 999 417 1039; x_wconf 89' lang='lat' dir='ltr'><strong>non</strong></span> <span class='ocrx_word' id='word_1_80' title='bbox 444 979 557 1037; x_wconf 88' lang='lat' dir='ltr'><strong>sub</strong></span> <span class='ocrx_word' id='word_1_81' title='bbox 583 978 717 1052; x_wconf 87' lang='lat' dir='ltr'><strong>lege</strong></span> <span class='ocrx_word' id='word_1_82' title='bbox 744 976 980 1052; x_wconf 85' lang='lat' dir='ltr'><strong>scripta,</strong></span> <span class='ocrx_word' id='word_1_83' title='bbox 1010 973 1186 1034; x_wconf 88' lang='lat' dir='ltr'><strong>Rom.</strong></span> <span class='ocrx_word' id='word_1_84' title='bbox 1214 975 1297 1032; x_wconf 91' lang='lat' dir='ltr'><strong>iii.</strong></span> <span class='ocrx_word' id='word_1_85' title='bbox 1330 975 1423 1032; x_wconf 88' lang='lat'><strong>19.</strong></span> <span class='ocrx_word' id='word_1_86' title='bbox 1509 975 1774 1043; x_wconf 83' lang='lat' dir='ltr'><strong>Quando</strong></span> <span class='ocrx_word' id='word_1_87' title='bbox 1806 991 1949 1034; x_wconf 89' lang='lat' dir='ltr'><strong>vero</strong></span> <span class='ocrx_word' id='word_1_88' title='bbox 1975 973 2320 1033; x_wconf 73' lang='lat' dir='ltr'><strong>maledictio</strong></span> <span class='ocrx_word' id='word_1_89' title='bbox 2346 993 2454 1050; x_wconf 88' lang='lat' dir='ltr'><strong>per</strong></span> <span class='ocrx_word' id='word_1_90' title='bbox 2480 975 2708 1050; x_wconf 82' lang='lat' dir='ltr'><strong>Legem</strong></span> 
     </span>
     <span class='ocr_line' id='line_1_9' title="bbox 296 1052 2709 1128; baseline -0.002 -11"><span class='ocrx_word' id='word_1_91' title='bbox 296 1057 711 1126; x_wconf 86' lang='lat' dir='ltr'><strong>denunciatur,</strong></span> <span class='ocrx_word' id='word_1_92' title='bbox 740 1072 863 1112; x_wconf 91' lang='lat' dir='ltr'><strong>non</strong></span> <span class='ocrx_word' id='word_1_93' title='bbox 891 1054 1091 1112; x_wconf 85' lang='lat' dir='ltr'><strong>stricte</strong></span> <span class='ocrx_word' id='word_1_94' title='bbox 1132 1052 1514 1128; x_wconf 87' lang='lat' dir='ltr'><strong>restringitur</strong></span> <span class='ocrx_word' id='word_1_95' title='bbox 1554 1055 1634 1112; x_wconf 88' lang='lat' dir='ltr'><strong>ad</strong></span> <span class='ocrx_word' id='word_1_96' title='bbox 1663 1053 1742 1111; x_wconf 89' lang='lat' dir='ltr'><strong>V.</strong></span> <span class='ocrx_word' id='word_1_97' title='bbox 1770 1052 2010 1112; x_wconf 80' lang='lat' dir='ltr'><strong>foederis</strong></span> <span class='ocrx_word' id='word_1_98' title='bbox 2055 1052 2470 1124; x_wconf 82' lang='lat' dir='ltr'><strong>oeconomiam,</strong></span> <span class='ocrx_word' id='word_1_99' title='bbox 2499 1055 2602 1112; x_wconf 88' lang='lat' dir='ltr'><strong>sed</strong></span> <span class='ocrx_word' id='word_1_100' title='bbox 2629 1054 2709 1111; x_wconf 85' lang='lat' dir='ltr'><strong>ad</strong></span> 
     </span>
     <span class='ocr_line' id='line_1_10' title="bbox 298 1131 2709 1208; baseline -0.002 -14"><span class='ocrx_word' id='word_1_101' title='bbox 298 1154 539 1194; x_wconf 89' lang='lat' dir='ltr'><strong>omnem</strong></span> <span class='ocrx_word' id='word_1_102' title='bbox 554 1133 1024 1192; x_wconf 88' lang='lat' dir='ltr'><strong>inobedientiam</strong></span> <span class='ocrx_word' id='word_1_103' title='bbox 1043 1131 1165 1206; x_wconf 84' lang='lat' dir='ltr'><strong>legi</strong></span> <span class='ocrx_word' id='word_1_104' title='bbox 1184 1133 1249 1188; x_wconf 90' lang='lat' dir='ltr'><strong>in</strong></span> <span class='ocrx_word' id='word_1_105' title='bbox 1271 1149 1507 1206; x_wconf 90' lang='lat' dir='ltr'><strong>quocun</strong></span> <span class='ocrx_word' id='word_1_106' title='bbox 1514 1149 1634 1206; x_wconf 88' lang='lat' dir='ltr'><strong>que</strong></span> <span class='ocrx_word' id='word_1_107' title='bbox 1655 1137 1820 1190; x_wconf 85' lang='lat' dir='ltr'><strong>statu</strong></span> <span class='ocrx_word' id='word_1_108' title='bbox 1839 1131 2185 1208; x_wconf 71' lang='lat' dir='ltr'><strong>praestitam,</strong></span> <span class='ocrx_word' id='word_1_109' title='bbox 2203 1133 2368 1206; x_wconf 88' lang='lat' dir='ltr'><strong>quod</strong></span> <span class='ocrx_word' id='word_1_110' title='bbox 2389 1131 2564 1190; x_wconf 85' lang='lat' dir='ltr'><strong>facile</strong></span> <span class='ocrx_word' id='word_1_111' title='bbox 2586 1131 2709 1190; x_wconf 87' lang='lat' dir='ltr'><strong>col-</strong></span> 
     </span>
     <span class='ocr_line' id='line_1_11' title="bbox 296 1209 2711 1290; baseline -0.002 -18"><span class='ocrx_word' id='word_1_112' title='bbox 296 1215 509 1290; x_wconf 87' lang='lat' dir='ltr'><strong>ligitur</strong></span> <span class='ocrx_word' id='word_1_113' title='bbox 534 1231 610 1269; x_wconf 88' lang='lat' dir='ltr'><strong>ex</strong></span> <span class='ocrx_word' id='word_1_114' title='bbox 636 1218 827 1270; x_wconf 87' lang='lat' dir='ltr'><strong>morte</strong></span> <span class='ocrx_word' id='word_1_115' title='bbox 854 1227 991 1286; x_wconf 79' lang='lat' dir='ltr'><strong>quae</strong></span> <span class='ocrx_word' id='word_1_116' title='bbox 1012 1210 1288 1284; x_wconf 87' lang='lat' dir='ltr'><strong>regnavit</strong></span> <span class='ocrx_word' id='word_1_117' title='bbox 1306 1209 1382 1266; x_wconf 89' lang='lat' dir='ltr'><strong>ab</strong></span> <span class='ocrx_word' id='word_1_118' title='bbox 1406 1209 1650 1268; x_wconf 90' lang='lat' dir='ltr'><strong>Adamo</strong></span> <span class='ocrx_word' id='word_1_119' title='bbox 1671 1227 1862 1286; x_wconf 90' lang='lat' dir='ltr'><strong>usque</strong></span> <span class='ocrx_word' id='word_1_120' title='bbox 1890 1211 1968 1268; x_wconf 89' lang='lat' dir='ltr'><strong>ad</strong></span> <span class='ocrx_word' id='word_1_121' title='bbox 1987 1210 2244 1286; x_wconf 84' lang='lat' dir='ltr'><strong>Mosem‚</strong></span> <span class='ocrx_word' id='word_1_122' title='bbox 2273 1212 2546 1269; x_wconf 88' lang='lat' dir='ltr'><strong>nondum</strong></span> <span class='ocrx_word' id='word_1_123' title='bbox 2572 1227 2711 1285; x_wconf 88' lang='lat' dir='ltr'><strong>pro-</strong></span> 
     </span>
     <span class='ocr_line' id='line_1_12' title="bbox 296 1287 2711 1366; baseline -0.002 -16"><span class='ocrx_word' id='word_1_124' title='bbox 296 1293 573 1366; x_wconf 88' lang='lat' dir='ltr'><strong>mulgata</strong></span> <span class='ocrx_word' id='word_1_125' title='bbox 600 1290 762 1366; x_wconf 85' lang='lat' dir='ltr'><strong>Lege</strong></span> <span class='ocrx_word' id='word_1_126' title='bbox 789 1289 1101 1360; x_wconf 80' lang='lat' dir='ltr'><strong>Mosaica;</strong></span> <span class='ocrx_word' id='word_1_127' title='bbox 1143 1287 1362 1364; x_wconf 83' lang='lat' dir='ltr'><strong>Neque</strong></span> <span class='ocrx_word' id='word_1_128' title='bbox 1398 1289 1688 1348; x_wconf 73' lang='lat' dir='ltr'><strong>articulus</strong></span> <span class='ocrx_word' id='word_1_129' title='bbox 1731 1288 2236 1347; x_wconf 83' lang='lat' dir='ltr'><strong>demonstrativus</strong></span> <span class='ocrx_word' id='word_1_130' title='bbox 2276 1289 2452 1364; x_wconf 69' lang='lat' dir='ltr'><strong>hujus</strong></span> <span class='ocrx_word' id='word_1_131' title='bbox 2475 1294 2711 1347; x_wconf 59' lang='lat' dir='ltr'><strong>contraf-</strong></span> 
     </span>
     <span class='ocr_line' id='line_1_13' title="bbox 298 1364 2712 1446; baseline -0 -19"><span class='ocrx_word' id='word_1_132' title='bbox 298 1371 459 1427; x_wconf 86' lang='lat' dir='ltr'><strong>rium</strong></span> <span class='ocrx_word' id='word_1_133' title='bbox 486 1369 716 1443; x_wconf 86' lang='lat' dir='ltr'><strong>probat,</strong></span> <span class='ocrx_word' id='word_1_134' title='bbox 747 1367 1072 1442; x_wconf 83' lang='lat' dir='ltr'><strong>apponitur</strong></span> <span class='ocrx_word' id='word_1_135' title='bbox 1097 1367 1257 1424; x_wconf 91' lang='lat' dir='ltr'><strong>enim</strong></span> <span class='ocrx_word' id='word_1_136' title='bbox 1284 1364 1595 1446; x_wconf 65' lang='grc' dir='ltr'>ὃσαιιςιτικῧς</span> <span class='ocrx_word' id='word_1_137' title='bbox 1639 1369 1717 1426; x_wconf 85' lang='lat' dir='ltr'><strong>ad</strong></span> <span class='ocrx_word' id='word_1_138' title='bbox 1745 1367 2232 1441; x_wconf 80' lang='lat' dir='ltr'><strong>distinguendam</strong></span> <span class='ocrx_word' id='word_1_139' title='bbox 2275 1367 2502 1441; x_wconf 81' lang='lat' dir='ltr'><strong>Legem</strong></span> <span class='ocrx_word' id='word_1_140' title='bbox 2529 1366 2646 1424; x_wconf 86' lang='lat' dir='ltr'><strong>Dei</strong></span> <span class='ocrx_word' id='word_1_141' title='bbox 2673 1383 2712 1426; x_wconf 85' lang='lat' dir='ltr'><strong>a</strong></span> 
     </span>
     <span class='ocr_line' id='line_1_14' title="bbox 299 1443 2712 1522; baseline -0.001 -16"><span class='ocrx_word' id='word_1_142' title='bbox 299 1448 535 1522; x_wconf 90' lang='lat' dir='ltr'><strong>legibus</strong></span> <span class='ocrx_word' id='word_1_143' title='bbox 560 1453 621 1504; x_wconf 91' lang='lat' dir='ltr'><strong>et</strong></span> <span class='ocrx_word' id='word_1_144' title='bbox 647 1445 1069 1504; x_wconf 85' lang='lat' dir='ltr'><strong>traditionibus</strong></span> <span class='ocrx_word' id='word_1_145' title='bbox 1094 1445 1427 1518; x_wconf 87' lang='lat' dir='ltr'><strong>hominum,</strong></span> <span class='ocrx_word' id='word_1_146' title='bbox 1456 1465 1578 1504; x_wconf 89' lang='lat' dir='ltr'><strong>non</strong></span> <span class='ocrx_word' id='word_1_147' title='bbox 1616 1463 1760 1503; x_wconf 88' lang='lat' dir='ltr'><strong>vero</strong></span> <span class='ocrx_word' id='word_1_148' title='bbox 1799 1443 2066 1503; x_wconf 81' lang='lat' dir='ltr'><strong>excludit</strong></span> <span class='ocrx_word' id='word_1_149' title='bbox 2091 1446 2196 1503; x_wconf 88' lang='lat' dir='ltr'><strong>sed</strong></span> <span class='ocrx_word' id='word_1_150' title='bbox 2229 1444 2490 1504; x_wconf 88' lang='lat' dir='ltr'><strong>includit</strong></span> <span class='ocrx_word' id='word_1_151' title='bbox 2513 1447 2712 1519; x_wconf 89' lang='lat' dir='ltr'><strong>legem</strong></span> 
     </span>
     <span class='ocr_line' id='line_1_15' title="bbox 302 1522 2228 1600; baseline -0.001 -16"><span class='ocrx_word' id='word_1_152' title='bbox 302 1525 639 1586; x_wconf 71' lang='lat' dir='ltr'><strong>natiualem</strong></span> <span class='ocrx_word' id='word_1_153' title='bbox 666 1541 802 1600; x_wconf 76' lang='lat' dir='ltr'><strong>quse</strong></span> <span class='ocrx_word' id='word_1_154' title='bbox 830 1525 1041 1582; x_wconf 86' lang='lat' dir='ltr'><strong>eadem</strong></span> <span class='ocrx_word' id='word_1_155' title='bbox 1066 1529 1155 1582; x_wconf 89' lang='lat' dir='ltr'><strong>est</strong></span> <span class='ocrx_word' id='word_1_156' title='bbox 1180 1527 1380 1600; x_wconf 88' lang='lat' dir='ltr'><strong>quoad</strong></span> <span class='ocrx_word' id='word_1_157' title='bbox 1408 1523 1800 1584; x_wconf 75' lang='lat' dir='ltr'><strong>substantiam</strong></span> <span class='ocrx_word' id='word_1_158' title='bbox 1831 1541 1970 1582; x_wconf 89' lang='lat' dir='ltr'><strong>cum</strong></span> <span class='ocrx_word' id='word_1_159' title='bbox 1996 1522 2228 1582; x_wconf 86' lang='lat' dir='ltr'><strong>morali.</strong></span> 
     </span>
    </p>

    <p class='ocr_par' dir='ltr' id='par_1_3' title="bbox 302 1601 2718 2624">
     <span class='ocr_line' id='line_1_16' title="bbox 387 1601 2714 1678; baseline -0.002 -14"><span class='ocrx_word' id='word_1_160' title='bbox 387 1602 663 1664; x_wconf 83' lang='lat' dir='ltr'><strong>XXXV.</strong></span> <span class='ocrx_word' id='word_1_161' title='bbox 708 1603 765 1664; x_wconf 89' lang='grc'><strong>3.</strong></span> <span class='ocrx_word' id='word_1_162' title='bbox 808 1601 1158 1678; x_wconf 83' lang='lat' dir='ltr'><strong>Excipitur:</strong></span> <span class='ocrx_word' id='word_1_163' title='bbox 1223 1603 1354 1663; x_wconf 84' lang='lat' dir='ltr'><strong>Etsi</strong></span> <span class='ocrx_word' id='word_1_164' title='bbox 1420 1603 1822 1662; x_wconf 88' lang='lat' dir='ltr'><strong>comminatus</strong></span> <span class='ocrx_word' id='word_1_165' title='bbox 1866 1601 2050 1660; x_wconf 82' lang='lat' dir='ltr'><strong>suerit</strong></span> <span class='ocrx_word' id='word_1_166' title='bbox 2093 1619 2332 1678; x_wconf 82' lang='lat' dir='ltr'><strong>poeuam</strong></span> <span class='ocrx_word' id='word_1_167' title='bbox 2391 1603 2558 1660; x_wconf 89' lang='lat' dir='ltr'><strong>Deus</strong></span> <span class='ocrx_word' id='word_1_168' title='bbox 2603 1619 2714 1678; x_wconf 79' lang='lat' dir='ltr'><strong>per</strong></span> 
     </span>
     <span class='ocr_line' id='line_1_17' title="bbox 304 1679 2716 1760; baseline -0.002 -16"><span class='ocrx_word' id='word_1_169' title='bbox 304 1685 532 1760; x_wconf 85' lang='lat' dir='ltr'><strong>chem</strong></span> <span class='ocrx_word' id='word_1_170' title='bbox 558 1699 747 1754; x_wconf 87' lang='lat' dir='ltr'><strong>suam,</strong></span> <span class='ocrx_word' id='word_1_171' title='bbox 793 1697 917 1739; x_wconf 89' lang='lat' dir='ltr'><strong>non</strong></span> <span class='ocrx_word' id='word_1_172' title='bbox 944 1687 1143 1739; x_wconf 87' lang='lat' dir='ltr'><strong>tamen</strong></span> <span class='ocrx_word' id='word_1_173' title='bbox 1168 1682 1483 1740; x_wconf 83' lang='lat' dir='ltr'><strong>veritatem</strong></span> <span class='ocrx_word' id='word_1_174' title='bbox 1524 1689 1636 1739; x_wconf 88' lang='lat' dir='ltr'><strong>aut</strong></span> <span class='ocrx_word' id='word_1_175' title='bbox 1661 1679 2056 1740; x_wconf 72' lang='lat' dir='ltr'><strong>constantiam</strong></span> <span class='ocrx_word' id='word_1_176' title='bbox 2101 1679 2288 1755; x_wconf 86' lang='lat' dir='ltr'><strong>ipsius</strong></span> <span class='ocrx_word' id='word_1_177' title='bbox 2313 1681 2572 1740; x_wconf 85' lang='lat' dir='ltr'><strong>convelli</strong></span> <span class='ocrx_word' id='word_1_178' title='bbox 2601 1683 2716 1740; x_wconf 81' lang='lat' dir='ltr'><strong>etsi</strong></span> 
     </span>
     <span class='ocr_line' id='line_1_18' title="bbox 302 1758 2714 1840; baseline -0.002 -18"><span class='ocrx_word' id='word_1_179' title='bbox 302 1767 543 1840; x_wconf 83' lang='lat' dir='ltr'><strong>peccata</strong></span> <span class='ocrx_word' id='word_1_180' title='bbox 570 1759 869 1836; x_wconf 86' lang='lat' dir='ltr'><strong>impunita</strong></span> <span class='ocrx_word' id='word_1_181' title='bbox 889 1759 1231 1832; x_wconf 84' lang='lat' dir='ltr'><strong>dimitteret,</strong></span> <span class='ocrx_word' id='word_1_182' title='bbox 1261 1761 1407 1835; x_wconf 88' lang='lat' dir='ltr'><strong>quia</strong></span> <span class='ocrx_word' id='word_1_183' title='bbox 1431 1759 1898 1818; x_wconf 70' lang='lat' dir='ltr'><strong>comminationes</strong></span> <span class='ocrx_word' id='word_1_184' title='bbox 1923 1758 2047 1817; x_wconf 71' lang='lat' dir='ltr'>111ae</span> <span class='ocrx_word' id='word_1_185' title='bbox 2075 1760 2384 1818; x_wconf 62' lang='lat' dir='ltr'><strong>censenda</strong></span> <span class='ocrx_word' id='word_1_186' title='bbox 2413 1766 2557 1818; x_wconf 84' lang='lat' dir='ltr'><strong>sunt</strong></span> <span class='ocrx_word' id='word_1_187' title='bbox 2581 1779 2714 1818; x_wconf 85' lang='lat' dir='ltr'><strong>con·</strong></span> 
     </span>
     <span class='ocr_line' id='line_1_19' title="bbox 304 1837 2714 1915; baseline -0.002 -14"><span class='ocrx_word' id='word_1_188' title='bbox 304 1842 607 1900; x_wconf 71' lang='lat' dir='ltr'><strong>ditionatoe</strong></span> <span class='ocrx_word' id='word_1_189' title='bbox 632 1856 756 1896; x_wconf 90' lang='lat' dir='ltr'><strong>non</strong></span> <span class='ocrx_word' id='word_1_190' title='bbox 806 1838 1097 1910; x_wconf 67' lang='lat' dir='ltr'><strong>absoluta,</strong></span> <span class='ocrx_word' id='word_1_191' title='bbox 1144 1839 1353 1914; x_wconf 82' lang='lat' dir='ltr'><strong>quales</strong></span> <span class='ocrx_word' id='word_1_192' title='bbox 1378 1839 1658 1915; x_wconf 79' lang='lat' dir='ltr'><strong>plurimae</strong></span> <span class='ocrx_word' id='word_1_193' title='bbox 1705 1845 2026 1896; x_wconf 77' lang='lat' dir='ltr'><strong>occurrunt</strong></span> <span class='ocrx_word' id='word_1_194' title='bbox 2049 1837 2115 1895; x_wconf 83' lang='lat' dir='ltr'><strong>in</strong></span> <span class='ocrx_word' id='word_1_195' title='bbox 2157 1837 2470 1913; x_wconf 82' lang='lat' dir='ltr'><strong>Scriptura</strong></span> <span class='ocrx_word' id='word_1_196' title='bbox 2491 1845 2554 1896; x_wconf 83' lang='lat' dir='ltr'><strong>et</strong></span> <span class='ocrx_word' id='word_1_197' title='bbox 2581 1839 2714 1914; x_wconf 86' lang='lat' dir='ltr'><strong>qui-</strong></span> 
     </span>
     <span class='ocr_line' id='line_1_20' title="bbox 302 1917 2712 1992; baseline -0.001 -14"><span class='ocrx_word' id='word_1_198' title='bbox 302 1923 443 1979; x_wconf 88' lang='lat' dir='ltr'><strong>dem</strong></span> <span class='ocrx_word' id='word_1_199' title='bbox 484 1919 611 1976; x_wconf 83' lang='lat' dir='ltr'><strong>fere</strong></span> <span class='ocrx_word' id='word_1_200' title='bbox 659 1933 865 1975; x_wconf 88' lang='lat' dir='ltr'><strong>omnes</strong></span> <span class='ocrx_word' id='word_1_201' title='bbox 906 1917 1022 1974; x_wconf 86' lang='lat' dir='ltr'><strong>nisi</strong></span> <span class='ocrx_word' id='word_1_202' title='bbox 1061 1917 1161 1974; x_wconf 80' lang='lat' dir='ltr'><strong>vel</strong></span> <span class='ocrx_word' id='word_1_203' title='bbox 1186 1933 1396 1974; x_wconf 88' lang='lat' dir='ltr'><strong>earum</strong></span> <span class='ocrx_word' id='word_1_204' title='bbox 1442 1917 1810 1975; x_wconf 87' lang='lat' dir='ltr'><strong>contrarium</strong></span> <span class='ocrx_word' id='word_1_205' title='bbox 1856 1923 2076 1974; x_wconf 81' lang='lat' dir='ltr'><strong>natura</strong></span> <span class='ocrx_word' id='word_1_206' title='bbox 2117 1934 2231 1974; x_wconf 81' lang='lat' dir='ltr'><strong>sua</strong></span> <span class='ocrx_word' id='word_1_207' title='bbox 2276 1917 2712 1992; x_wconf 80' lang='lat' dir='ltr'><strong>turpitudinem</strong></span> 
     </span>
     <span class='ocr_line' id='line_1_21' title="bbox 304 1994 2718 2076; baseline -0.001 -20"><span class='ocrx_word' id='word_1_208' title='bbox 304 1998 611 2076; x_wconf 88' lang='lat' dir='ltr'><strong>quandam</strong></span> <span class='ocrx_word' id='word_1_209' title='bbox 634 1996 701 2052; x_wconf 91' lang='lat' dir='ltr'><strong>in</strong></span> <span class='ocrx_word' id='word_1_210' title='bbox 728 2013 791 2052; x_wconf 88' lang='lat' dir='ltr'><strong>se</strong></span> <span class='ocrx_word' id='word_1_211' title='bbox 816 1995 1137 2064; x_wconf 88' lang='lat' dir='ltr'><strong>contineat,</strong></span> <span class='ocrx_word' id='word_1_212' title='bbox 1174 2001 1282 2052; x_wconf 83' lang='lat' dir='ltr'><strong>aut</strong></span> <span class='ocrx_word' id='word_1_213' title='bbox 1308 1995 1547 2070; x_wconf 86' lang='lat' dir='ltr'><strong>signum</strong></span> <span class='ocrx_word' id='word_1_214' title='bbox 1592 1994 2158 2052; x_wconf 71' lang='lat' dir='ltr'><strong>comminationibus</strong></span> <span class='ocrx_word' id='word_1_215' title='bbox 2197 1995 2277 2054; x_wconf 84' lang='lat' dir='ltr'><strong>sit</strong></span> <span class='ocrx_word' id='word_1_216' title='bbox 2303 1995 2580 2054; x_wconf 86' lang='lat' dir='ltr'><strong>additum</strong></span> <span class='ocrx_word' id='word_1_217' title='bbox 2603 1995 2718 2053; x_wconf 88' lang='lat' dir='ltr'><strong>im·-</strong></span> 
     </span>
     <span class='ocr_line' id='line_1_22' title="bbox 306 2072 2718 2149; baseline -0.001 -14"><span class='ocrx_word' id='word_1_218' title='bbox 306 2075 613 2135; x_wconf 88' lang='lat' dir='ltr'><strong>mutabilis</strong></span> <span class='ocrx_word' id='word_1_219' title='bbox 639 2075 819 2149; x_wconf 86' lang='lat' dir='ltr'><strong>plane</strong></span> <span class='ocrx_word' id='word_1_220' title='bbox 846 2072 1191 2144; x_wconf 83' lang='lat' dir='ltr'><strong>voluntatis,</strong></span> <span class='ocrx_word' id='word_1_221' title='bbox 1222 2079 1295 2130; x_wconf 82' lang='lat' dir='ltr'><strong>ut</strong></span> <span class='ocrx_word' id='word_1_222' title='bbox 1312 2075 1364 2132; x_wconf 89' lang='lat' dir='ltr'><strong>si</strong></span> <span class='ocrx_word' id='word_1_223' title='bbox 1388 2073 1509 2131; x_wconf 87' lang='lat' dir='ltr'><strong>illis</strong></span> <span class='ocrx_word' id='word_1_224' title='bbox 1536 2073 1950 2148; x_wconf 81' lang='lat' dir='ltr'><strong>juramentum</strong></span> <span class='ocrx_word' id='word_1_225' title='bbox 1999 2073 2368 2148; x_wconf 83' lang='lat' dir='ltr'><strong>adjungatur</strong></span> <span class='ocrx_word' id='word_1_226' title='bbox 2405 2075 2584 2149; x_wconf 88' lang='lat' dir='ltr'><strong>quale</strong></span> <span class='ocrx_word' id='word_1_227' title='bbox 2611 2091 2718 2132; x_wconf 86' lang='lat' dir='ltr'><strong>ex-</strong></span> 
     </span>
     <span class='ocr_line' id='line_1_23' title="bbox 306 2150 2716 2226; baseline -0.002 -13"><span class='ocrx_word' id='word_1_228' title='bbox 306 2162 399 2214; x_wconf 90' lang='lat' dir='ltr'><strong>tat</strong></span> <span class='ocrx_word' id='word_1_229' title='bbox 424 2155 501 2211; x_wconf 91' lang='lat' dir='ltr'><strong>de</strong></span> <span class='ocrx_word' id='word_1_230' title='bbox 534 2150 822 2210; x_wconf 66' lang='lat' dir='ltr'><strong>Israelitis</strong></span> <span class='ocrx_word' id='word_1_231' title='bbox 849 2150 1173 2208; x_wconf 82' lang='lat' dir='ltr'><strong>incredulis</strong></span> <span class='ocrx_word' id='word_1_232' title='bbox 1196 2157 1259 2208; x_wconf 92' lang='lat' dir='ltr'><strong>et</strong></span> <span class='ocrx_word' id='word_1_233' title='bbox 1283 2152 1733 2210; x_wconf 69' lang='lat' dir='ltr'><strong>contumacibus</strong></span> <span class='ocrx_word' id='word_1_234' title='bbox 1759 2151 1824 2209; x_wconf 90' lang='lat' dir='ltr'><strong>in</strong></span> <span class='ocrx_word' id='word_1_235' title='bbox 1849 2158 2070 2210; x_wconf 83' lang='lat' dir='ltr'><strong>terram</strong></span> <span class='ocrx_word' id='word_1_236' title='bbox 2095 2151 2448 2226; x_wconf 71' lang='lat' dir='ltr'><strong>promissam</strong></span> <span class='ocrx_word' id='word_1_237' title='bbox 2475 2170 2596 2209; x_wconf 87' lang='lat' dir='ltr'><strong>non</strong></span> <span class='ocrx_word' id='word_1_238' title='bbox 2623 2152 2716 2209; x_wconf 89' lang='lat' dir='ltr'><strong>in-</strong></span> 
     </span>
     <span class='ocr_line' id='line_1_24' title="bbox 306 2225 2718 2302; baseline -0.001 -11"><span class='ocrx_word' id='word_1_239' title='bbox 306 2230 708 2299; x_wconf 87' lang='lat' dir='ltr'><strong>troducendis,</strong></span> <span class='ocrx_word' id='word_1_240' title='bbox 737 2227 927 2286; x_wconf 81' lang='lat' dir='ltr'><strong>Num.</strong></span> <span class='ocrx_word' id='word_1_241' title='bbox 950 2229 1068 2285; x_wconf 83' lang='lat' dir='ltr'><strong>xiv.</strong></span> <span class='ocrx_word' id='word_1_242' title='bbox 1098 2228 1195 2300; x_wconf 78' lang='lat'><strong>23,</strong></span> <span class='ocrx_word' id='word_1_243' title='bbox 1224 2228 1382 2287; x_wconf 90' lang='lat' dir='ltr'><strong>Heb.</strong></span> <span class='ocrx_word' id='word_1_244' title='bbox 1410 2229 1493 2288; x_wconf 81' lang='lat' dir='ltr'><strong>iii.</strong></span> <span class='ocrx_word' id='word_1_245' title='bbox 1528 2229 1622 2302; x_wconf 95' lang='grc'><strong>11,</strong></span> <span class='ocrx_word' id='word_1_246' title='bbox 1665 2225 1823 2288; x_wconf 87' lang='lat' dir='ltr'><strong>Psal.</strong></span> <span class='ocrx_word' id='word_1_247' title='bbox 1851 2247 1983 2288; x_wconf 84' lang='lat' dir='ltr'><strong>xcv.</strong></span> <span class='ocrx_word' id='word_1_248' title='bbox 2017 2229 2109 2289; x_wconf 91' lang='lat'><strong>11.</strong></span> <span class='ocrx_word' id='word_1_249' title='bbox 2197 2229 2262 2288; x_wconf 80' lang='lat' dir='ltr'><strong>si</strong></span> <span class='ocrx_word' id='word_1_250' title='bbox 2297 2235 2582 2288; x_wconf 88' lang='lat' dir='ltr'><strong>neutrum</strong></span> <span class='ocrx_word' id='word_1_251' title='bbox 2607 2231 2718 2288; x_wconf 85' lang='lat' dir='ltr'><strong>ho-</strong></span> 
     </span>
     <span class='ocr_line' id='line_1_25' title="bbox 302 2307 2718 2384; baseline -0.001 -16"><span class='ocrx_word' id='word_1_252' title='bbox 302 2329 441 2368; x_wconf 87' lang='lat' dir='ltr'><strong>rum</strong></span> <span class='ocrx_word' id='word_1_253' title='bbox 468 2313 753 2384; x_wconf 82' lang='lat' dir='ltr'><strong>appareat</strong></span> <span class='ocrx_word' id='word_1_254' title='bbox 772 2307 1262 2366; x_wconf 83' lang='lat' dir='ltr'><strong>comminationes</strong></span> <span class='ocrx_word' id='word_1_255' title='bbox 1288 2310 1613 2368; x_wconf 87' lang='lat' dir='ltr'><strong>censendas</strong></span> <span class='ocrx_word' id='word_1_256' title='bbox 1641 2325 1766 2366; x_wconf 86' lang='lat' dir='ltr'><strong>esse</strong></span> <span class='ocrx_word' id='word_1_257' title='bbox 1791 2307 2144 2366; x_wconf 83' lang='lat' dir='ltr'><strong>relaxabiles</strong></span> <span class='ocrx_word' id='word_1_258' title='bbox 2169 2315 2232 2368; x_wconf 91' lang='lat' dir='ltr'><strong>et</strong></span> <span class='ocrx_word' id='word_1_259' title='bbox 2255 2309 2500 2366; x_wconf 86' lang='lat' dir='ltr'><strong>tacitam</strong></span> <span class='ocrx_word' id='word_1_260' title='bbox 2525 2327 2718 2383; x_wconf 86' lang='lat' dir='ltr'><strong>quan-</strong></span> 
     </span>
     <span class='ocr_line' id='line_1_26' title="bbox 307 2385 2718 2462; baseline -0.001 -14"><span class='ocrx_word' id='word_1_261' title='bbox 307 2391 447 2448; x_wconf 89' lang='lat' dir='ltr'><strong>dam</strong></span> <span class='ocrx_word' id='word_1_262' title='bbox 475 2386 887 2461; x_wconf 80' lang='lat' dir='ltr'><strong>exceptionem</strong></span> <span class='ocrx_word' id='word_1_263' title='bbox 928 2385 1053 2444; x_wconf 88' lang='lat' dir='ltr'><strong>sive</strong></span> <span class='ocrx_word' id='word_1_264' title='bbox 1098 2387 1501 2444; x_wconf 88' lang='lat' dir='ltr'><strong>conditionem</strong></span> <span class='ocrx_word' id='word_1_265' title='bbox 1550 2387 1614 2446; x_wconf 91' lang='lat' dir='ltr'><strong>in</strong></span> <span class='ocrx_word' id='word_1_266' title='bbox 1643 2403 1706 2446; x_wconf 84' lang='lat' dir='ltr'><strong>se</strong></span> <span class='ocrx_word' id='word_1_267' title='bbox 1745 2385 2047 2445; x_wconf 87' lang='lat' dir='ltr'><strong>continere</strong></span> <span class='ocrx_word' id='word_1_268' title='bbox 2074 2387 2306 2446; x_wconf 82' lang='lat' dir='ltr'><strong>etiamsi</strong></span> <span class='ocrx_word' id='word_1_269' title='bbox 2346 2405 2419 2445; x_wconf 90' lang='lat' dir='ltr'><strong>ea</strong></span> <span class='ocrx_word' id='word_1_270' title='bbox 2443 2404 2718 2462; x_wconf 72' lang='lat' dir='ltr'><strong>expresse</strong></span> 
     </span>
     <span class='ocr_line' id='line_1_27' title="bbox 308 2465 2717 2541; baseline -0.001 -15"><span class='ocrx_word' id='word_1_271' title='bbox 308 2485 431 2526; x_wconf 92' lang='lat' dir='ltr'><strong>non</strong></span> <span class='ocrx_word' id='word_1_272' title='bbox 461 2467 539 2526; x_wconf 88' lang='lat' dir='ltr'><strong>sit</strong></span> <span class='ocrx_word' id='word_1_273' title='bbox 563 2465 849 2541; x_wconf 86' lang='lat' dir='ltr'><strong>apposita,</strong></span> <span class='ocrx_word' id='word_1_274' title='bbox 880 2481 951 2522; x_wconf 89' lang='lat' dir='ltr'><strong>ac</strong></span> <span class='ocrx_word' id='word_1_275' title='bbox 992 2465 1242 2540; x_wconf 87' lang='lat' dir='ltr'><strong>proinde</strong></span> <span class='ocrx_word' id='word_1_276' title='bbox 1278 2466 1666 2526; x_wconf 82' lang='lat' dir='ltr'><strong>comminanti</strong></span> <span class='ocrx_word' id='word_1_277' title='bbox 1693 2466 1955 2525; x_wconf 82' lang='lat' dir='ltr'><strong>maxime</strong></span> <span class='ocrx_word' id='word_1_278' title='bbox 1981 2466 2032 2524; x_wconf 88' lang='lat' dir='ltr'><strong>si</strong></span> <span class='ocrx_word' id='word_1_279' title='bbox 2068 2467 2180 2524; x_wconf 85' lang='lat' dir='ltr'><strong>sub</strong></span> <span class='ocrx_word' id='word_1_280' title='bbox 2207 2466 2408 2524; x_wconf 89' lang='lat' dir='ltr'><strong>aliena</strong></span> <span class='ocrx_word' id='word_1_281' title='bbox 2431 2467 2566 2540; x_wconf 84' lang='lat' dir='ltr'><strong>lege</strong></span> <span class='ocrx_word' id='word_1_282' title='bbox 2591 2485 2717 2524; x_wconf 90' lang='lat' dir='ltr'><strong>non</strong></span> 
     </span>
     <span class='ocr_line' id='line_1_28' title="bbox 308 2544 1321 2624; baseline -0.001 -18"><span class='ocrx_word' id='word_1_283' title='bbox 308 2547 385 2606; x_wconf 90' lang='lat' dir='ltr'><strong>sit</strong></span> <span class='ocrx_word' id='word_1_284' title='bbox 410 2545 657 2624; x_wconf 84' lang='lat' dir='ltr'><strong>positus,</strong></span> <span class='ocrx_word' id='word_1_285' title='bbox 688 2544 865 2603; x_wconf 84' lang='lat' dir='ltr'><strong>licere</strong></span> <span class='ocrx_word' id='word_1_286' title='bbox 893 2561 992 2602; x_wconf 87' lang='lat' dir='ltr'><strong>eas</strong></span> <span class='ocrx_word' id='word_1_287' title='bbox 1028 2559 1321 2605; x_wconf 85' lang='lat' dir='ltr'><strong>revocare.</strong></span> 
     </span>
    </p>

    <p class='ocr_par' dir='ltr' id='par_1_4' title="bbox 253 2621 2732 4739">
     <span class='ocr_line' id='line_1_29' title="bbox 388 2621 2720 2699; baseline -0.001 -15"><span class='ocrx_word' id='word_1_288' title='bbox 388 2623 704 2684; x_wconf 88' lang='lat' dir='ltr'><strong>XXXVI.</strong></span> <span class='ocrx_word' id='word_1_289' title='bbox 748 2623 927 2699; x_wconf 85' lang='lat' dir='ltr'><strong>Resp.</strong></span> <span class='ocrx_word' id='word_1_290' title='bbox 971 2621 1089 2682; x_wconf 87' lang='lat' dir='ltr'><strong>Sed</strong></span> <span class='ocrx_word' id='word_1_291' title='bbox 1118 2641 1241 2681; x_wconf 90' lang='lat' dir='ltr'><strong>non</strong></span> <span class='ocrx_word' id='word_1_292' title='bbox 1268 2639 1395 2681; x_wconf 88' lang='lat' dir='ltr'><strong>una</strong></span> <span class='ocrx_word' id='word_1_293' title='bbox 1428 2625 1662 2682; x_wconf 89' lang='lat' dir='ltr'><strong>ratione</strong></span> <span class='ocrx_word' id='word_1_294' title='bbox 1681 2623 1982 2682; x_wconf 64' lang='lat' dir='ltr'><strong>falluntur</strong></span> <span class='ocrx_word' id='word_1_295' title='bbox 2020 2623 2119 2682; x_wconf 90' lang='lat' dir='ltr'><strong>hic</strong></span> <span class='ocrx_word' id='word_1_296' title='bbox 2137 2631 2200 2683; x_wconf 89' lang='lat' dir='ltr'><strong>et</strong></span> <span class='ocrx_word' id='word_1_297' title='bbox 2224 2624 2449 2682; x_wconf 74' lang='lat' dir='ltr'><strong>faliunt</strong></span> <span class='ocrx_word' id='word_1_298' title='bbox 2483 2623 2720 2682; x_wconf 88' lang='lat' dir='ltr'><strong>Adver-</strong></span> 
     </span>
     <span class='ocr_line' id='line_1_30' title="bbox 309 2702 2720 2777; baseline -0.001 -14"><span class='ocrx_word' id='word_1_299' title='bbox 309 2705 466 2763; x_wconf 87' lang='lat' dir='ltr'><strong>sarii.</strong></span> <span class='ocrx_word' id='word_1_300' title='bbox 513 2704 565 2762; x_wconf 96' lang='lat'><strong>1.</strong></span> <span class='ocrx_word' id='word_1_301' title='bbox 608 2702 754 2761; x_wconf 87' lang='lat' dir='ltr'><strong>Non</strong></span> <span class='ocrx_word' id='word_1_302' title='bbox 782 2719 1073 2776; x_wconf 82' lang='lat' dir='ltr'><strong>negamus</strong></span> <span class='ocrx_word' id='word_1_303' title='bbox 1111 2702 1320 2759; x_wconf 84' lang='lat' dir='ltr'><strong>tacitas</strong></span> <span class='ocrx_word' id='word_1_304' title='bbox 1347 2705 1640 2777; x_wconf 89' lang='lat' dir='ltr'><strong>quasdam</strong></span> <span class='ocrx_word' id='word_1_305' title='bbox 1677 2703 1984 2760; x_wconf 82' lang='lat' dir='ltr'><strong>interdum</strong></span> <span class='ocrx_word' id='word_1_306' title='bbox 2024 2702 2137 2759; x_wconf 88' lang='lat' dir='ltr'><strong>sub</strong></span> <span class='ocrx_word' id='word_1_307' title='bbox 2163 2720 2288 2760; x_wconf 85' lang='lat' dir='ltr'><strong>esse</strong></span> <span class='ocrx_word' id='word_1_308' title='bbox 2313 2721 2486 2776; x_wconf 87' lang='lat' dir='ltr'><strong>posse</strong></span> <span class='ocrx_word' id='word_1_309' title='bbox 2513 2703 2720 2760; x_wconf 85' lang='lat' dir='ltr'><strong>condi-</strong></span> 
     </span>
     <span class='ocr_line' id='line_1_31' title="bbox 308 2777 2722 2855; baseline -0.002 -14"><span class='ocrx_word' id='word_1_310' title='bbox 308 2783 501 2841; x_wconf 88' lang='lat' dir='ltr'><strong>tiones</strong></span> <span class='ocrx_word' id='word_1_311' title='bbox 528 2782 592 2838; x_wconf 88' lang='lat' dir='ltr'><strong>in</strong></span> <span class='ocrx_word' id='word_1_312' title='bbox 630 2777 1195 2838; x_wconf 85' lang='lat' dir='ltr'><strong>comminationibus</strong></span> <span class='ocrx_word' id='word_1_313' title='bbox 1238 2779 1491 2850; x_wconf 82' lang='lat' dir='ltr'><strong>Divinis,</strong></span> <span class='ocrx_word' id='word_1_314' title='bbox 1539 2797 1799 2855; x_wconf 85' lang='lat' dir='ltr'><strong>quarum</strong></span> <span class='ocrx_word' id='word_1_315' title='bbox 1847 2780 2124 2853; x_wconf 83' lang='lat' dir='ltr'><strong>exempla</strong></span> <span class='ocrx_word' id='word_1_316' title='bbox 2167 2785 2444 2853; x_wconf 84' lang='lat' dir='ltr'><strong>prostant</strong></span> <span class='ocrx_word' id='word_1_317' title='bbox 2469 2779 2532 2835; x_wconf 91' lang='lat' dir='ltr'><strong>in</strong></span> <span class='ocrx_word' id='word_1_318' title='bbox 2561 2798 2722 2837; x_wconf 90' lang='lat' dir='ltr'><strong>com-</strong></span> 
     </span>
     <span class='ocr_line' id='line_1_32' title="bbox 304 2855 2720 2928; baseline -0.002 -9"><span class='ocrx_word' id='word_1_319' title='bbox 304 2859 633 2919; x_wconf 88' lang='lat' dir='ltr'><strong>minatione</strong></span> <span class='ocrx_word' id='word_1_320' title='bbox 665 2859 839 2915; x_wconf 78' lang='lat' dir='ltr'><strong>Isaioe</strong></span> <span class='ocrx_word' id='word_1_321' title='bbox 867 2858 947 2915; x_wconf 88' lang='lat' dir='ltr'><strong>ad</strong></span> <span class='ocrx_word' id='word_1_322' title='bbox 976 2855 1313 2927; x_wconf 81' lang='lat' dir='ltr'><strong>Ezechiam,</strong></span> <span class='ocrx_word' id='word_1_323' title='bbox 1342 2873 1391 2914; x_wconf 91' lang='lat' dir='ltr'><strong>c.</strong></span> <span class='ocrx_word' id='word_1_324' title='bbox 1420 2856 1670 2914; x_wconf 83' lang='lat' dir='ltr'><strong>xxxviii.</strong></span> <span class='ocrx_word' id='word_1_325' title='bbox 1697 2863 1760 2914; x_wconf 90' lang='lat' dir='ltr'><strong>et</strong></span> <span class='ocrx_word' id='word_1_326' title='bbox 1784 2855 1962 2914; x_wconf 86' lang='lat' dir='ltr'><strong>Jonae</strong></span> <span class='ocrx_word' id='word_1_327' title='bbox 1991 2857 2072 2914; x_wconf 84' lang='lat' dir='ltr'><strong>ad</strong></span> <span class='ocrx_word' id='word_1_328' title='bbox 2097 2856 2423 2926; x_wconf 81' lang='lat' dir='ltr'><strong>Ninivitas,</strong></span> <span class='ocrx_word' id='word_1_329' title='bbox 2449 2874 2500 2912; x_wconf 90' lang='lat' dir='ltr'><strong>c.</strong></span> <span class='ocrx_word' id='word_1_330' title='bbox 2549 2857 2632 2914; x_wconf 87' lang='lat' dir='ltr'><strong>iii.</strong></span> <span class='ocrx_word' id='word_1_331' title='bbox 2659 2858 2720 2928; x_wconf 89' lang='lat'><strong>4,</strong></span> 
     </span>
     <span class='ocr_line' id='line_1_33' title="bbox 308 2933 2720 3014; baseline -0.002 -17"><span class='ocrx_word' id='word_1_332' title='bbox 308 2941 413 2997; x_wconf 85' lang='lat' dir='ltr'><strong>sed</strong></span> <span class='ocrx_word' id='word_1_333' title='bbox 433 2937 829 3014; x_wconf 72' lang='lat' dir='ltr'><strong>particulares</strong></span> <span class='ocrx_word' id='word_1_334' title='bbox 857 2945 911 2992; x_wconf 78' lang='lat' dir='ltr'><strong>et</strong></span> <span class='ocrx_word' id='word_1_335' title='bbox 936 2933 1285 2990; x_wconf 71' lang='lat' dir='ltr'><strong>oeconomicon</strong></span> <span class='ocrx_word' id='word_1_336' title='bbox 1314 2934 1778 2990; x_wconf 70' lang='lat' dir='ltr'><strong>comminationes</strong></span> <span class='ocrx_word' id='word_1_337' title='bbox 1805 2933 2014 3007; x_wconf 83' lang='lat' dir='ltr'><strong>quales</strong></span> <span class='ocrx_word' id='word_1_338' title='bbox 2054 2933 2184 2990; x_wconf 71' lang='lat' dir='ltr'><strong>istm</strong></span> <span class='ocrx_word' id='word_1_339' title='bbox 2211 2933 2458 2990; x_wconf 77' lang='lat' dir='ltr'><strong>fuerunt</strong></span> <span class='ocrx_word' id='word_1_340' title='bbox 2501 2933 2720 3006; x_wconf 89' lang='lat' dir='ltr'><strong>quibus</strong></span> 
     </span>
     <span class='ocr_line' id='line_1_34' title="bbox 308 3010 2720 3087; baseline -0.002 -12"><span class='ocrx_word' id='word_1_341' title='bbox 308 3017 477 3075; x_wconf 87' lang='lat' dir='ltr'><strong>Deus</strong></span> <span class='ocrx_word' id='word_1_342' title='bbox 496 3015 777 3072; x_wconf 85' lang='lat' dir='ltr'><strong>utebatur</strong></span> <span class='ocrx_word' id='word_1_343' title='bbox 800 3013 879 3069; x_wconf 82' lang='lat' dir='ltr'><strong>ad</strong></span> <span class='ocrx_word' id='word_1_344' title='bbox 907 3027 1040 3068; x_wconf 90' lang='lat' dir='ltr'><strong>eam</strong></span> <span class='ocrx_word' id='word_1_345' title='bbox 1066 3010 1531 3085; x_wconf 62' lang='lat' dir='ltr'><strong>resipiscentiam</strong></span> <span class='ocrx_word' id='word_1_346' title='bbox 1556 3011 2002 3086; x_wconf 88' lang='lat' dir='ltr'><strong>producendam</strong></span> <span class='ocrx_word' id='word_1_347' title='bbox 2023 3030 2160 3087; x_wconf 80' lang='lat' dir='ltr'><strong>quae</strong></span> <span class='ocrx_word' id='word_1_348' title='bbox 2182 3010 2318 3068; x_wconf 84' lang='lat' dir='ltr'><strong>illas</strong></span> <span class='ocrx_word' id='word_1_349' title='bbox 2343 3018 2601 3086; x_wconf 89' lang='lat' dir='ltr'><strong>sequuta</strong></span> <span class='ocrx_word' id='word_1_350' title='bbox 2613 3019 2720 3085; x_wconf 88' lang='lat' dir='ltr'><strong>est,</strong></span> 
     </span>
     <span class='ocr_line' id='line_1_35' title="bbox 309 3087 2722 3167; baseline -0.001 -16"><span class='ocrx_word' id='word_1_351' title='bbox 309 3094 783 3167; x_wconf 83' lang='lat' dir='ltr'><strong>haudquaquam</strong></span> <span class='ocrx_word' id='word_1_352' title='bbox 830 3095 971 3146; x_wconf 86' lang='lat' dir='ltr'><strong>sunt</strong></span> <span class='ocrx_word' id='word_1_353' title='bbox 996 3087 1437 3146; x_wconf 77' lang='lat' dir='ltr'><strong>confundendae</strong></span> <span class='ocrx_word' id='word_1_354' title='bbox 1474 3105 1612 3146; x_wconf 87' lang='lat' dir='ltr'><strong>cum</strong></span> <span class='ocrx_word' id='word_1_355' title='bbox 1649 3087 1829 3164; x_wconf 65' lang='lat' dir='ltr'><strong>Layis</strong></span> <span class='ocrx_word' id='word_1_356' title='bbox 1871 3100 2102 3147; x_wconf 70' lang='lat' dir='ltr'><strong>(eterna</strong></span> <span class='ocrx_word' id='word_1_357' title='bbox 2144 3089 2208 3146; x_wconf 78' lang='lat' dir='ltr'><strong>in</strong></span> <span class='ocrx_word' id='word_1_358' title='bbox 2227 3100 2386 3147; x_wconf 77' lang='lat' dir='ltr'><strong>mota</strong></span> <span class='ocrx_word' id='word_1_359' title='bbox 2423 3090 2722 3150; x_wconf 65' lang='lat' dir='ltr'><strong>sanctione</strong></span> 
     </span>
     <span class='ocr_line' id='line_1_36' title="bbox 312 3163 2719 3243; baseline -0.001 -14"><span class='ocrx_word' id='word_1_360' title='bbox 312 3171 411 3229; x_wconf 90' lang='lat' dir='ltr'><strong>cui</strong></span> <span class='ocrx_word' id='word_1_361' title='bbox 437 3177 499 3228; x_wconf 92' lang='lat' dir='ltr'><strong>et</strong></span> <span class='ocrx_word' id='word_1_362' title='bbox 523 3167 839 3227; x_wconf 85' lang='lat' dir='ltr'><strong>hominum</strong></span> <span class='ocrx_word' id='word_1_363' title='bbox 866 3166 1245 3237; x_wconf 86' lang='lat' dir='ltr'><strong>conscientia,</strong></span> <span class='ocrx_word' id='word_1_364' title='bbox 1274 3171 1335 3223; x_wconf 89' lang='lat' dir='ltr'><strong>et</strong></span> <span class='ocrx_word' id='word_1_365' title='bbox 1364 3163 1654 3224; x_wconf 83' lang='lat' dir='ltr'><strong>Gentium</strong></span> <span class='ocrx_word' id='word_1_366' title='bbox 1693 3183 2018 3226; x_wconf 86' lang='lat' dir='ltr'><strong>consensus</strong></span> <span class='ocrx_word' id='word_1_367' title='bbox 2043 3169 2206 3226; x_wconf 87' lang='lat' dir='ltr'><strong>ultro</strong></span> <span class='ocrx_word' id='word_1_368' title='bbox 2249 3166 2719 3243; x_wconf 80' lang='lat' dir='ltr'><strong>adstipulantur,</strong></span> 
     </span>
     <span class='ocr_line' id='line_1_37' title="bbox 313 3243 2722 3323; baseline 0 -16"><span class='ocrx_word' id='word_1_369' title='bbox 313 3248 575 3307; x_wconf 88' lang='lat' dir='ltr'><strong>maxime</strong></span> <span class='ocrx_word' id='word_1_370' title='bbox 596 3265 729 3305; x_wconf 89' lang='lat' dir='ltr'><strong>cum</strong></span> <span class='ocrx_word' id='word_1_371' title='bbox 758 3246 920 3304; x_wconf 86' lang='lat' dir='ltr'><strong>dicat</strong></span> <span class='ocrx_word' id='word_1_372' title='bbox 948 3244 1234 3315; x_wconf 85' lang='lat' dir='ltr'><strong>Christus,</strong></span> <span class='ocrx_word' id='word_1_373' title='bbox 1263 3243 1484 3303; x_wconf 83' lang='lat' dir='ltr'><strong>Matth.</strong></span> <span class='ocrx_word' id='word_1_374' title='bbox 1514 3261 1571 3304; x_wconf 84' lang='lat' dir='ltr'><strong>v.</strong></span> <span class='ocrx_word' id='word_1_375' title='bbox 1598 3245 1690 3316; x_wconf 80' lang='lat'><strong>18,</strong></span> <span class='ocrx_word' id='word_1_376' title='bbox 1720 3263 1796 3302; x_wconf 91' lang='lat' dir='ltr'><strong>ne</strong></span> <span class='ocrx_word' id='word_1_377' title='bbox 1813 3246 2060 3322; x_wconf 84' lang='lat' dir='ltr'><strong>quidem</strong></span> <span class='ocrx_word' id='word_1_378' title='bbox 2087 3255 2124 3284; x_wconf 83' lang='lat'><strong>‘⁸</strong></span> <span class='ocrx_word' id='word_1_379' title='bbox 2143 3246 2367 3323; x_wconf 88' lang='lat' dir='ltr'><strong>apicem</strong></span> <span class='ocrx_word' id='word_1_380' title='bbox 2394 3265 2585 3304; x_wconf 89' lang='lat' dir='ltr'><strong>unum</strong></span> <span class='ocrx_word' id='word_1_381' title='bbox 2612 3256 2722 3307; x_wconf 88' lang='lat' dir='ltr'><strong>aut</strong></span> 
     </span>
     <span class='ocr_line' id='line_1_38' title="bbox 253 3322 2718 3402; baseline 0 -16"><span class='ocrx_word' id='word_1_382' title='bbox 253 3369 259 3376; x_wconf 88' lang='lat'>-</span> <span class='ocrx_word' id='word_1_383' title='bbox 314 3335 443 3387; x_wconf 78' lang='lat' dir='ltr'><strong>‘iota</strong></span> <span class='ocrx_word' id='word_1_384' title='bbox 468 3345 543 3385; x_wconf 84' lang='lat' dir='ltr'><strong>ex</strong></span> <span class='ocrx_word' id='word_1_385' title='bbox 571 3327 734 3402; x_wconf 83' lang='lat' dir='ltr'><strong>Lege</strong></span> <span class='ocrx_word' id='word_1_386' title='bbox 770 3323 1164 3384; x_wconf 81' lang='lat' dir='ltr'><strong>transiturum</strong></span> <span class='ocrx_word' id='word_1_387' title='bbox 1191 3322 1339 3397; x_wconf 87' lang='lat' dir='ltr'><strong>quin</strong></span> <span class='ocrx_word' id='word_1_388' title='bbox 1368 3324 1573 3380; x_wconf 87' lang='lat' dir='ltr'><strong>omnia</strong></span> <span class='ocrx_word' id='word_1_389' title='bbox 1597 3323 1848 3400; x_wconf 87' lang='lat' dir='ltr'><strong>impleta</strong></span> <span class='ocrx_word' id='word_1_390' title='bbox 1869 3325 2047 3397; x_wconf 83' lang='lat' dir='ltr'><strong>sint,&#39;&#39;</strong></span> <span class='ocrx_word' id='word_1_391' title='bbox 2077 3333 2140 3384; x_wconf 91' lang='lat' dir='ltr'><strong>et</strong></span> <span class='ocrx_word' id='word_1_392' title='bbox 2183 3326 2526 3402; x_wconf 87' lang='lat' dir='ltr'><strong>Apostolus,</strong></span> <span class='ocrx_word' id='word_1_393' title='bbox 2557 3327 2718 3386; x_wconf 88' lang='lat' dir='ltr'><strong>Heb.</strong></span> 
     </span>
     <span class='ocr_line' id='line_1_39' title="bbox 314 3402 2721 3479; baseline -0.001 -13"><span class='ocrx_word' id='word_1_394' title='bbox 314 3427 374 3466; x_wconf 83' lang='lat' dir='ltr'><strong>x.</strong></span> <span class='ocrx_word' id='word_1_395' title='bbox 424 3407 521 3478; x_wconf 83' lang='lat'><strong>28,</strong></span> <span class='ocrx_word' id='word_1_396' title='bbox 584 3411 621 3442; x_wconf 75' lang='lat'><strong>‘⁴</strong></span> <span class='ocrx_word' id='word_1_397' title='bbox 660 3405 839 3479; x_wconf 81' lang='lat' dir='ltr'><strong>Legis</strong></span> <span class='ocrx_word' id='word_1_398' title='bbox 884 3409 1375 3474; x_wconf 81' lang='lat' dir='ltr'><strong>transgressorem</strong></span> <span class='ocrx_word' id='word_1_399' title='bbox 1422 3402 1573 3460; x_wconf 87' lang='lat' dir='ltr'><strong>mori</strong></span> <span class='ocrx_word' id='word_1_400' title='bbox 1643 3405 1868 3478; x_wconf 78' lang='lat' dir='ltr'><strong>absque</strong></span> <span class='ocrx_word' id='word_1_401' title='bbox 1933 3405 2393 3464; x_wconf 49' lang='lat' dir='ltr'><strong>misericordia?</strong></span> <span class='ocrx_word' id='word_1_402' title='bbox 2464 3403 2721 3464; x_wconf 79' lang='lat' dir='ltr'><strong>Peccant</strong></span> 
     </span>
     <span class='ocr_line' id='line_1_40' title="bbox 318 3479 2722 3560; baseline -0.001 -17"><span class='ocrx_word' id='word_1_403' title='bbox 318 3503 464 3560; x_wconf 84' lang='lat' dir='ltr'><strong>ergo</strong></span> <span class='ocrx_word' id='word_1_404' title='bbox 491 3484 753 3559; x_wconf 84' lang='lat' dir='ltr'><strong>graviter</strong></span> <span class='ocrx_word' id='word_1_405' title='bbox 779 3485 926 3540; x_wconf 90' lang='lat' dir='ltr'><strong>dum</strong></span> <span class='ocrx_word' id='word_1_406' title='bbox 953 3497 992 3538; x_wconf 85' lang='lat' dir='ltr'><strong>a</strong></span> <span class='ocrx_word' id='word_1_407' title='bbox 1016 3479 1361 3555; x_wconf 78' lang='lat' dir='ltr'><strong>particulari</strong></span> <span class='ocrx_word' id='word_1_408' title='bbox 1388 3482 1465 3538; x_wconf 87' lang='lat' dir='ltr'><strong>ad</strong></span> <span class='ocrx_word' id='word_1_409' title='bbox 1494 3481 1831 3540; x_wconf 84' lang='lat' dir='ltr'><strong>universale</strong></span> <span class='ocrx_word' id='word_1_410' title='bbox 1857 3490 2372 3558; x_wconf 79' lang='lat' dir='ltr'><strong>argumentantur.</strong></span> <span class='ocrx_word' id='word_1_411' title='bbox 2415 3484 2471 3540; x_wconf 83' lang='lat'><strong>2.</strong></span> <span class='ocrx_word' id='word_1_412' title='bbox 2491 3483 2722 3544; x_wconf 86' lang='lat' dir='ltr'><strong>Distin-</strong></span> 
     </span>
     <span class='ocr_line' id='line_1_41' title="bbox 316 3558 2722 3638; baseline 0 -18"><span class='ocrx_word' id='word_1_413' title='bbox 316 3566 573 3638; x_wconf 82' lang='lat' dir='ltr'><strong>guendae</strong></span> <span class='ocrx_word' id='word_1_414' title='bbox 623 3558 1087 3618; x_wconf 73' lang='lat' dir='ltr'><strong>comminationes</strong></span> <span class='ocrx_word' id='word_1_415' title='bbox 1128 3574 1265 3633; x_wconf 83' lang='lat' dir='ltr'><strong>quse</strong></span> <span class='ocrx_word' id='word_1_416' title='bbox 1292 3578 1499 3635; x_wconf 73' lang='lat' dir='ltr'><strong>poenas</strong></span> <span class='ocrx_word' id='word_1_417' title='bbox 1543 3560 1888 3636; x_wconf 69' lang='lat' dir='ltr'><strong>temporales</strong></span> <span class='ocrx_word' id='word_1_418' title='bbox 1929 3569 2166 3620; x_wconf 88' lang='lat' dir='ltr'><strong>tantum</strong></span> <span class='ocrx_word' id='word_1_419' title='bbox 2213 3562 2597 3633; x_wconf 89' lang='lat' dir='ltr'><strong>denunciant,</strong></span> <span class='ocrx_word' id='word_1_420' title='bbox 2641 3565 2722 3620; x_wconf 88' lang='lat' dir='ltr'><strong>ab</strong></span> 
     </span>
     <span class='ocr_line' id='line_1_42' title="bbox 317 3637 2722 3715; baseline 0 -17"><span class='ocrx_word' id='word_1_421' title='bbox 317 3641 437 3700; x_wconf 87' lang='lat' dir='ltr'><strong>illis</strong></span> <span class='ocrx_word' id='word_1_422' title='bbox 454 3659 589 3714; x_wconf 81' lang='lat' dir='ltr'><strong>quoe</strong></span> <span class='ocrx_word' id='word_1_423' title='bbox 610 3650 853 3696; x_wconf 75' lang='lat' dir='ltr'><strong>mortem</strong></span> <span class='ocrx_word' id='word_1_424' title='bbox 872 3647 1149 3696; x_wconf 80' lang='lat' dir='ltr'><strong>oeternam</strong></span> <span class='ocrx_word' id='word_1_425' title='bbox 1168 3645 1231 3695; x_wconf 88' lang='lat' dir='ltr'><strong>et</strong></span> <span class='ocrx_word' id='word_1_426' title='bbox 1254 3637 1736 3696; x_wconf 87' lang='lat' dir='ltr'><strong>maledictionem</strong></span> <span class='ocrx_word' id='word_1_427' title='bbox 1762 3640 2054 3715; x_wconf 83' lang='lat' dir='ltr'><strong>peccatori</strong></span> <span class='ocrx_word' id='word_1_428' title='bbox 2081 3641 2384 3700; x_wconf 84' lang='lat' dir='ltr'><strong>intentant</strong></span> <span class='ocrx_word' id='word_1_429' title='bbox 2403 3661 2419 3710; x_wconf 89' lang='lat'>;</span> <span class='ocrx_word' id='word_1_430' title='bbox 2441 3640 2564 3697; x_wconf 85' lang='lat' dir='ltr'><strong>illae</strong></span> <span class='ocrx_word' id='word_1_431' title='bbox 2585 3659 2722 3714; x_wconf 76' lang='lat' dir='ltr'><strong>pos-</strong></span> 
     </span>
     <span class='ocr_line' id='line_1_43' title="bbox 319 3716 2722 3793; baseline -0 -18"><span class='ocrx_word' id='word_1_432' title='bbox 319 3725 462 3776; x_wconf 89' lang='lat' dir='ltr'><strong>sunt</strong></span> <span class='ocrx_word' id='word_1_433' title='bbox 506 3735 939 3792; x_wconf 88' lang='lat' dir='ltr'><strong>nonnunquam</strong></span> <span class='ocrx_word' id='word_1_434' title='bbox 980 3716 1252 3786; x_wconf 81' lang='lat' dir='ltr'><strong>relaxari,</strong></span> <span class='ocrx_word' id='word_1_435' title='bbox 1300 3734 1425 3774; x_wconf 89' lang='lat' dir='ltr'><strong>non</strong></span> <span class='ocrx_word' id='word_1_436' title='bbox 1450 3717 1597 3788; x_wconf 83' lang='lat' dir='ltr'><strong>istae,</strong></span> <span class='ocrx_word' id='word_1_437' title='bbox 1649 3719 1922 3793; x_wconf 82' lang='lat' dir='ltr'><strong>quamvis</strong></span> <span class='ocrx_word' id='word_1_438' title='bbox 1947 3720 2108 3776; x_wconf 87' lang='lat' dir='ltr'><strong>enim</strong></span> <span class='ocrx_word' id='word_1_439' title='bbox 2135 3720 2302 3777; x_wconf 89' lang='lat' dir='ltr'><strong>Deus</strong></span> <span class='ocrx_word' id='word_1_440' title='bbox 2347 3735 2586 3793; x_wconf 86' lang='lat' dir='ltr'><strong>poenam</strong></span> <span class='ocrx_word' id='word_1_441' title='bbox 2611 3719 2722 3775; x_wconf 85' lang='lat' dir='ltr'><strong>ali·</strong></span> 
     </span>
     <span class='ocr_line' id='line_1_44' title="bbox 321 3793 2721 3873; baseline 0.001 -21"><span class='ocrx_word' id='word_1_442' title='bbox 321 3813 503 3871; x_wconf 89' lang='lat' dir='ltr'><strong>quam</strong></span> <span class='ocrx_word' id='word_1_443' title='bbox 528 3796 917 3870; x_wconf 83' lang='lat' dir='ltr'><strong>temporalem</strong></span> <span class='ocrx_word' id='word_1_444' title='bbox 944 3793 1042 3850; x_wconf 88' lang='lat' dir='ltr'><strong>vel</strong></span> <span class='ocrx_word' id='word_1_445' title='bbox 1070 3793 1309 3852; x_wconf 85' lang='lat' dir='ltr'><strong>differat</strong></span> <span class='ocrx_word' id='word_1_446' title='bbox 1326 3793 1423 3852; x_wconf 87' lang='lat' dir='ltr'><strong>vel</strong></span> <span class='ocrx_word' id='word_1_447' title='bbox 1451 3796 1688 3853; x_wconf 80' lang='lat' dir='ltr'><strong>auferat</strong></span> <span class='ocrx_word' id='word_1_448' title='bbox 1713 3804 1984 3872; x_wconf 87' lang='lat' dir='ltr'><strong>respectu</strong></span> <span class='ocrx_word' id='word_1_449' title='bbox 2009 3797 2348 3873; x_wconf 88' lang='lat' dir='ltr'><strong>impiorum,</strong></span> <span class='ocrx_word' id='word_1_450' title='bbox 2372 3813 2494 3853; x_wconf 92' lang='lat' dir='ltr'><strong>non</strong></span> <span class='ocrx_word' id='word_1_451' title='bbox 2521 3797 2721 3871; x_wconf 87' lang='lat' dir='ltr'><strong>sequi-</strong></span> 
     </span>
     <span class='ocr_line' id='line_1_45' title="bbox 323 3871 2722 3946; baseline 0.001 -16"><span class='ocrx_word' id='word_1_452' title='bbox 323 3881 423 3931; x_wconf 86' lang='lat' dir='ltr'><strong>tur</strong></span> <span class='ocrx_word' id='word_1_453' title='bbox 449 3879 651 3932; x_wconf 87' lang='lat' dir='ltr'><strong>tamen</strong></span> <span class='ocrx_word' id='word_1_454' title='bbox 676 3874 739 3931; x_wconf 90' lang='lat' dir='ltr'><strong>in</strong></span> <span class='ocrx_word' id='word_1_455' title='bbox 766 3873 888 3930; x_wconf 88' lang='lat' dir='ltr'><strong>illis</strong></span> <span class='ocrx_word' id='word_1_456' title='bbox 914 3871 1049 3930; x_wconf 87' lang='lat' dir='ltr'><strong>tolli</strong></span> <span class='ocrx_word' id='word_1_457' title='bbox 1077 3871 1257 3946; x_wconf 85' lang='lat' dir='ltr'><strong>Legis</strong></span> <span class='ocrx_word' id='word_1_458' title='bbox 1285 3874 1654 3932; x_wconf 88' lang='lat' dir='ltr'><strong>sanctionem</strong></span> <span class='ocrx_word' id='word_1_459' title='bbox 1695 3876 1796 3932; x_wconf 80' lang='lat' dir='ltr'><strong>vel</strong></span> <span class='ocrx_word' id='word_1_460' title='bbox 1823 3875 2022 3934; x_wconf 89' lang='lat' dir='ltr'><strong>Deum</strong></span> <span class='ocrx_word' id='word_1_461' title='bbox 2059 3875 2136 3933; x_wconf 88' lang='lat' dir='ltr'><strong>ab</strong></span> <span class='ocrx_word' id='word_1_462' title='bbox 2161 3892 2235 3932; x_wconf 90' lang='lat' dir='ltr'><strong>ea</strong></span> <span class='ocrx_word' id='word_1_463' title='bbox 2258 3875 2550 3945; x_wconf 88' lang='lat' dir='ltr'><strong>recedere,</strong></span> <span class='ocrx_word' id='word_1_464' title='bbox 2579 3893 2722 3932; x_wconf 87' lang='lat' dir='ltr'><strong>nam</strong></span> 
     </span>
     <span class='ocr_line' id='line_1_46' title="bbox 320 3950 2724 4027; baseline 0 -17"><span class='ocrx_word' id='word_1_465' title='bbox 320 3953 369 4010; x_wconf 88' lang='lat' dir='ltr'><strong>si</strong></span> <span class='ocrx_word' id='word_1_466' title='bbox 398 3951 601 4010; x_wconf 85' lang='lat' dir='ltr'><strong>differt</strong></span> <span class='ocrx_word' id='word_1_467' title='bbox 627 3950 985 4027; x_wconf 86' lang='lat' dir='ltr'><strong>supplicium</strong></span> <span class='ocrx_word' id='word_1_468' title='bbox 1012 3965 1133 4008; x_wconf 89' lang='lat' dir='ltr'><strong>non</strong></span> <span class='ocrx_word' id='word_1_469' title='bbox 1160 3951 1358 4010; x_wconf 78' lang='lat' dir='ltr'><strong>aufert</strong></span> <span class='ocrx_word' id='word_1_470' title='bbox 1380 3959 1601 4024; x_wconf 86' lang='lat' dir='ltr'><strong>tamen,</strong></span> <span class='ocrx_word' id='word_1_471' title='bbox 1625 3953 1722 4010; x_wconf 87' lang='lat' dir='ltr'><strong>vel</strong></span> <span class='ocrx_word' id='word_1_472' title='bbox 1749 3954 1798 4011; x_wconf 90' lang='lat' dir='ltr'><strong>si</strong></span> <span class='ocrx_word' id='word_1_473' title='bbox 1828 3955 2044 4011; x_wconf 84' lang='lat' dir='ltr'><strong>tolerat</strong></span> <span class='ocrx_word' id='word_1_474' title='bbox 2083 3955 2147 4010; x_wconf 90' lang='lat' dir='ltr'><strong>in</strong></span> <span class='ocrx_word' id='word_1_475' title='bbox 2173 3955 2288 4010; x_wconf 88' lang='lat' dir='ltr'><strong>hac</strong></span> <span class='ocrx_word' id='word_1_476' title='bbox 2307 3953 2448 4022; x_wconf 64' lang='lat' dir='ltr'><strong>vita,</strong></span> <span class='ocrx_word' id='word_1_477' title='bbox 2476 3953 2724 4027; x_wconf 83' lang='lat' dir='ltr'><strong>punitu-</strong></span> 
     </span>
     <span class='ocr_line' id='line_1_47' title="bbox 319 4027 2724 4106; baseline 0.001 -18"><span class='ocrx_word' id='word_1_478' title='bbox 319 4049 421 4088; x_wconf 88' lang='lat' dir='ltr'><strong>rus</strong></span> <span class='ocrx_word' id='word_1_479' title='bbox 448 4037 538 4088; x_wconf 87' lang='lat' dir='ltr'><strong>est</strong></span> <span class='ocrx_word' id='word_1_480' title='bbox 563 4031 626 4088; x_wconf 92' lang='lat' dir='ltr'><strong>in</strong></span> <span class='ocrx_word' id='word_1_481' title='bbox 670 4031 861 4088; x_wconf 87' lang='lat' dir='ltr'><strong>altera</strong></span> <span class='ocrx_word' id='word_1_482' title='bbox 902 4027 1247 4088; x_wconf 75' lang='lat' dir='ltr'><strong>tarditatem</strong></span> <span class='ocrx_word' id='word_1_483' title='bbox 1292 4030 1565 4106; x_wconf 86' lang='lat' dir='ltr'><strong>supplicii</strong></span> <span class='ocrx_word' id='word_1_484' title='bbox 1609 4030 1902 4106; x_wconf 82' lang='lat' dir='ltr'><strong>gravitate</strong></span> <span class='ocrx_word' id='word_1_485' title='bbox 1949 4032 2407 4106; x_wconf 81' lang='lat' dir='ltr'><strong>compensando,</strong></span> <span class='ocrx_word' id='word_1_486' title='bbox 2453 4031 2724 4098; x_wconf 83' lang='lat' dir='ltr'><strong>Quaestio</strong></span> 
     </span>
     <span class='ocr_line' id='line_1_48' title="bbox 322 4109 2728 4184; baseline 0 -17"><span class='ocrx_word' id='word_1_487' title='bbox 322 4117 527 4167; x_wconf 87' lang='lat' dir='ltr'><strong>autem</strong></span> <span class='ocrx_word' id='word_1_488' title='bbox 554 4116 757 4166; x_wconf 87' lang='lat' dir='ltr'><strong>nostra</strong></span> <span class='ocrx_word' id='word_1_489' title='bbox 781 4115 871 4166; x_wconf 83' lang='lat' dir='ltr'><strong>est</strong></span> <span class='ocrx_word' id='word_1_490' title='bbox 897 4125 1019 4166; x_wconf 87' lang='lat' dir='ltr'><strong>non</strong></span> <span class='ocrx_word' id='word_1_491' title='bbox 1038 4109 1116 4165; x_wconf 84' lang='lat' dir='ltr'><strong>de</strong></span> <span class='ocrx_word' id='word_1_492' title='bbox 1141 4127 1453 4183; x_wconf 83' lang='lat' dir='ltr'><strong>poenarum</strong></span> <span class='ocrx_word' id='word_1_493' title='bbox 1478 4110 1858 4184; x_wconf 88' lang='lat' dir='ltr'><strong>quarundam</strong></span> <span class='ocrx_word' id='word_1_494' title='bbox 1877 4109 2301 4184; x_wconf 88' lang='lat' dir='ltr'><strong>temporalium</strong></span> <span class='ocrx_word' id='word_1_495' title='bbox 2319 4111 2413 4165; x_wconf 85' lang='lat' dir='ltr'><strong>vel</strong></span> <span class='ocrx_word' id='word_1_496' title='bbox 2436 4110 2728 4168; x_wconf 84' lang='lat' dir='ltr'><strong>dilatione</strong></span> 
     </span>
     <span class='ocr_line' id='line_1_49' title="bbox 321 4185 2729 4263; baseline 0 -18"><span class='ocrx_word' id='word_1_497' title='bbox 321 4188 421 4245; x_wconf 91' lang='lat' dir='ltr'><strong>vel</strong></span> <span class='ocrx_word' id='word_1_498' title='bbox 447 4186 773 4258; x_wconf 86' lang='lat' dir='ltr'><strong>aversione,</strong></span> <span class='ocrx_word' id='word_1_499' title='bbox 824 4185 926 4244; x_wconf 87' lang='lat' dir='ltr'><strong>sed</strong></span> <span class='ocrx_word' id='word_1_500' title='bbox 970 4187 1045 4244; x_wconf 86' lang='lat' dir='ltr'><strong>de</strong></span> <span class='ocrx_word' id='word_1_501' title='bbox 1084 4187 1434 4245; x_wconf 89' lang='lat' dir='ltr'><strong>omnimoda</strong></span> <span class='ocrx_word' id='word_1_502' title='bbox 1468 4187 1824 4262; x_wconf 85' lang='lat' dir='ltr'><strong>impunitate</strong></span> <span class='ocrx_word' id='word_1_503' title='bbox 1871 4195 2080 4246; x_wconf 87' lang='lat' dir='ltr'><strong>contra</strong></span> <span class='ocrx_word' id='word_1_504' title='bbox 2129 4187 2501 4245; x_wconf 89' lang='lat' dir='ltr'><strong>sanctionem</strong></span> <span class='ocrx_word' id='word_1_505' title='bbox 2527 4189 2729 4263; x_wconf 89' lang='lat' dir='ltr'><strong>Legis.</strong></span> 
     </span>
     <span class='ocr_line' id='line_1_50' title="bbox 319 4265 2728 4341; baseline 0 -17"><span class='ocrx_word' id='word_1_506' title='bbox 319 4267 376 4324; x_wconf 83' lang='lat'><strong>3.</strong></span> <span class='ocrx_word' id='word_1_507' title='bbox 419 4265 561 4324; x_wconf 82' lang='lat' dir='ltr'><strong>Non</strong></span> <span class='ocrx_word' id='word_1_508' title='bbox 594 4266 1031 4323; x_wconf 69' lang='lat' dir='ltr'><strong>confundendas</strong></span> <span class='ocrx_word' id='word_1_509' title='bbox 1060 4271 1201 4322; x_wconf 82' lang='lat' dir='ltr'><strong>sunt</strong></span> <span class='ocrx_word' id='word_1_510' title='bbox 1226 4265 1690 4322; x_wconf 72' lang='lat' dir='ltr'><strong>cmnminationcs</strong></span> <span class='ocrx_word' id='word_1_511' title='bbox 1729 4276 2000 4341; x_wconf 75' lang='lat' dir='ltr'><strong>paternoe</strong></span> <span class='ocrx_word' id='word_1_512' title='bbox 2027 4277 2082 4323; x_wconf 76' lang='lat' dir='ltr'><strong>et</strong></span> <span class='ocrx_word' id='word_1_513' title='bbox 2125 4267 2460 4341; x_wconf 69' lang='lat' dir='ltr'><strong>evanqeziooe</strong></span> <span class='ocrx_word' id='word_1_514' title='bbox 2485 4285 2623 4324; x_wconf 90' lang='lat' dir='ltr'><strong>cum</strong></span> <span class='ocrx_word' id='word_1_515' title='bbox 2651 4267 2728 4324; x_wconf 80' lang='lat' dir='ltr'><strong>lc-</strong></span> 
     </span>
     <span class='ocr_line' id='line_1_51' title="bbox 318 4341 2725 4421; baseline 0 -20"><span class='ocrx_word' id='word_1_516' title='bbox 318 4344 549 4421; x_wconf 69' lang='lat' dir='ltr'><strong>gmlibus</strong></span> <span class='ocrx_word' id='word_1_517' title='bbox 568 4351 631 4402; x_wconf 89' lang='lat' dir='ltr'><strong>et</strong></span> <span class='ocrx_word' id='word_1_518' title='bbox 645 4343 1041 4420; x_wconf 74' lang='lat' dir='ltr'><strong>judicialibus,</strong></span> <span class='ocrx_word' id='word_1_519' title='bbox 1070 4343 1207 4400; x_wconf 88' lang='lat' dir='ltr'><strong>illas</strong></span> <span class='ocrx_word' id='word_1_520' title='bbox 1231 4341 1383 4399; x_wconf 89' lang='lat' dir='ltr'><strong>nihil</strong></span> <span class='ocrx_word' id='word_1_521' title='bbox 1413 4343 1690 4417; x_wconf 85' lang='lat' dir='ltr'><strong>prohibet</strong></span> <span class='ocrx_word' id='word_1_522' title='bbox 1715 4359 2150 4418; x_wconf 83' lang='lat' dir='ltr'><strong>nonnunquam</strong></span> <span class='ocrx_word' id='word_1_523' title='bbox 2175 4343 2456 4420; x_wconf 80' lang='lat' dir='ltr'><strong>abrogari</strong></span> <span class='ocrx_word' id='word_1_524' title='bbox 2483 4354 2546 4404; x_wconf 88' lang='lat' dir='ltr'><strong>et</strong></span> <span class='ocrx_word' id='word_1_525' title='bbox 2571 4346 2725 4417; x_wconf 86' lang='lat' dir='ltr'><strong>tolli,</strong></span> 
     </span>
     <span class='ocr_line' id='line_1_52' title="bbox 321 4421 2732 4499; baseline 0.001 -19"><span class='ocrx_word' id='word_1_526' title='bbox 321 4423 466 4499; x_wconf 89' lang='lat' dir='ltr'><strong>quia</strong></span> <span class='ocrx_word' id='word_1_527' title='bbox 506 4422 903 4498; x_wconf 85' lang='lat' dir='ltr'><strong>dispensative</strong></span> <span class='ocrx_word' id='word_1_528' title='bbox 946 4428 1187 4479; x_wconf 76' lang='lat' dir='ltr'><strong>tantum</strong></span> <span class='ocrx_word' id='word_1_529' title='bbox 1232 4421 1450 4494; x_wconf 79' lang='lat' dir='ltr'><strong>saepius</strong></span> <span class='ocrx_word' id='word_1_530' title='bbox 1476 4427 1896 4495; x_wconf 86' lang='lat' dir='ltr'><strong>proponuntur</strong></span> <span class='ocrx_word' id='word_1_531' title='bbox 1921 4439 1962 4479; x_wconf 91' lang='lat' dir='ltr'><strong>a</strong></span> <span class='ocrx_word' id='word_1_532' title='bbox 1985 4421 2277 4496; x_wconf 85' lang='lat' dir='ltr'><strong>sapientia</strong></span> <span class='ocrx_word' id='word_1_533' title='bbox 2313 4425 2445 4496; x_wconf 83' lang='lat' dir='ltr'><strong>Dei,</strong></span> <span class='ocrx_word' id='word_1_534' title='bbox 2495 4441 2618 4483; x_wconf 90' lang='lat' dir='ltr'><strong>non</strong></span> <span class='ocrx_word' id='word_1_535' title='bbox 2659 4432 2732 4483; x_wconf 92' lang='grc' dir='ltr'><strong>ιιι</strong></span> 
     </span>
     <span class='ocr_line' id='line_1_53' title="bbox 322 4497 2726 4579; baseline 0.002 -21"><span class='ocrx_word' id='word_1_536' title='bbox 322 4503 705 4576; x_wconf 88' lang='lat' dir='ltr'><strong>impleantur,</strong></span> <span class='ocrx_word' id='word_1_537' title='bbox 734 4502 837 4559; x_wconf 86' lang='lat' dir='ltr'><strong>sed</strong></span> <span class='ocrx_word' id='word_1_538' title='bbox 866 4507 937 4557; x_wconf 91' lang='lat' dir='ltr'><strong>ut</strong></span> <span class='ocrx_word' id='word_1_539' title='bbox 964 4502 1144 4556; x_wconf 89' lang='lat' dir='ltr'><strong>homo</strong></span> <span class='ocrx_word' id='word_1_540' title='bbox 1170 4498 1243 4556; x_wconf 89' lang='lat' dir='ltr'><strong>iis</strong></span> <span class='ocrx_word' id='word_1_541' title='bbox 1274 4497 1591 4556; x_wconf 85' lang='lat' dir='ltr'><strong>deterritus</strong></span> <span class='ocrx_word' id='word_1_542' title='bbox 1633 4518 1672 4556; x_wconf 88' lang='lat' dir='ltr'><strong>a</strong></span> <span class='ocrx_word' id='word_1_543' title='bbox 1697 4498 1808 4556; x_wconf 86' lang='lat' dir='ltr'><strong>viis</strong></span> <span class='ocrx_word' id='word_1_544' title='bbox 1835 4499 1960 4557; x_wconf 87' lang='lat' dir='ltr'><strong>suis</strong></span> <span class='ocrx_word' id='word_1_545' title='bbox 2000 4500 2201 4575; x_wconf 83' lang='lat' dir='ltr'><strong>pravis</strong></span> <span class='ocrx_word' id='word_1_546' title='bbox 2243 4511 2592 4579; x_wconf 80' lang='lat' dir='ltr'><strong>revertatur,</strong></span> <span class='ocrx_word' id='word_1_547' title='bbox 2623 4505 2726 4562; x_wconf 88' lang='lat' dir='ltr'><strong>sed</strong></span> 
     </span>
     <span class='ocr_line' id='line_1_54' title="bbox 320 4576 2730 4660; baseline 0.001 -24"><span class='ocrx_word' id='word_1_548' title='bbox 320 4579 451 4638; x_wconf 80' lang='lat' dir='ltr'><strong>istae</strong></span> <span class='ocrx_word' id='word_1_549' title='bbox 479 4597 602 4637; x_wconf 91' lang='lat' dir='ltr'><strong>non</strong></span> <span class='ocrx_word' id='word_1_550' title='bbox 630 4585 898 4654; x_wconf 86' lang='lat' dir='ltr'><strong>possunt,</strong></span> <span class='ocrx_word' id='word_1_551' title='bbox 926 4577 1072 4653; x_wconf 87' lang='lat' dir='ltr'><strong>quia</strong></span> <span class='ocrx_word' id='word_1_552' title='bbox 1096 4584 1385 4634; x_wconf 72' lang='lat' dir='ltr'><strong>aeternum</strong></span> <span class='ocrx_word' id='word_1_553' title='bbox 1414 4582 1475 4634; x_wconf 88' lang='lat' dir='ltr'><strong>et</strong></span> <span class='ocrx_word' id='word_1_554' title='bbox 1500 4576 1874 4636; x_wconf 85' lang='lat' dir='ltr'><strong>immutabile</strong></span> <span class='ocrx_word' id='word_1_555' title='bbox 1903 4579 2018 4636; x_wconf 90' lang='lat' dir='ltr'><strong>Dei</strong></span> <span class='ocrx_word' id='word_1_556' title='bbox 2049 4579 2153 4654; x_wconf 87' lang='lat' dir='ltr'><strong>jus</strong></span> <span class='ocrx_word' id='word_1_557' title='bbox 2179 4587 2394 4641; x_wconf 82' lang='lat' dir='ltr'><strong>notant</strong></span> <span class='ocrx_word' id='word_1_558' title='bbox 2419 4586 2582 4660; x_wconf 88' lang='lat' dir='ltr'><strong>quod</strong></span> <span class='ocrx_word' id='word_1_559' title='bbox 2599 4583 2730 4640; x_wconf 89' lang='lat' dir='ltr'><strong>sine</strong></span> 
     </span>
     <span class='ocr_line' id='line_1_55' title="bbox 320 4654 2732 4739; baseline 0.002 -25"><span class='ocrx_word' id='word_1_560' title='bbox 320 4657 675 4733; x_wconf 64' lang='lat' dir='ltr'><strong>praejudicio</strong></span> <span class='ocrx_word' id='word_1_561' title='bbox 694 4656 949 4733; x_wconf 76' lang='lat' dir='ltr'><strong>justitiae</strong></span> <span class='ocrx_word' id='word_1_562' title='bbox 978 4655 1111 4714; x_wconf 88' lang='lat' dir='ltr'><strong>tolli</strong></span> <span class='ocrx_word' id='word_1_563' title='bbox 1140 4673 1263 4713; x_wconf 87' lang='lat' dir='ltr'><strong>non</strong></span> <span class='ocrx_word' id='word_1_564' title='bbox 1290 4661 1503 4732; x_wconf 88' lang='lat' dir='ltr'><strong>potest.</strong></span> <span class='ocrx_word' id='word_1_565' title='bbox 1546 4657 1603 4714; x_wconf 85' lang='lat'><strong>4.</strong></span> <span class='ocrx_word' id='word_1_566' title='bbox 1647 4654 1792 4715; x_wconf 84' lang='lat' dir='ltr'><strong>Non</strong></span> <span class='ocrx_word' id='word_1_567' title='bbox 1816 4675 2054 4716; x_wconf 84' lang='lat' dir='ltr'><strong>necesse</strong></span> <span class='ocrx_word' id='word_1_568' title='bbox 2079 4667 2170 4718; x_wconf 86' lang='lat' dir='ltr'><strong>est</strong></span> <span class='ocrx_word' id='word_1_569' title='bbox 2215 4679 2448 4739; x_wconf 83' lang='lat' dir='ltr'><strong>semper</strong></span> <span class='ocrx_word' id='word_1_570' title='bbox 2473 4669 2546 4722; x_wconf 87' lang='lat' dir='ltr'><strong>ut</strong></span> <span class='ocrx_word' id='word_1_571' title='bbox 2561 4663 2732 4737; x_wconf 86' lang='lat' dir='ltr'><strong>jura-</strong></span> 
     </span>
    </p>
   </div>
  </div>
 </body>
</html>
