3234 5192
312 370 530 413 msrur.
558 348 685 430 xv.]
916 366 997 407 1111
1026 364 1517 408 sursucnoms
1546 365 1792 408 cums-n
1821 365 2138 407 vsmrus.
2583 346 2695 406 601

308 530 421 571 scos
446 508 803 586 propheticae
832 508 1061 579 reddat,
1086 526 1221 582 quae
1241 525 1363 565 non
1385 506 1816 565 occasionalem
1841 514 2098 579 tantum,
2127 508 2232 566 sed
2255 524 2453 566 veram
2481 512 2542 565 et
2561 523 2696 580 pro-

302 591 413 665 prie
463 589 685 645 dictam
732 604 971 645 causam
1015 585 1380 643 meritoriam
1422 586 1740 659 importat3
1783 603 1990 643 rursus
2037 604 2159 660 quo
2196 592 2369 661 pacto
2396 586 2696 643 diceretur

302 670 456 727 Deus
500 666 817 739 conjecisse
859 664 921 720 in
977 680 1117 721 eum
1160 663 1503 738 iniquitates
1550 662 1820 720 omnium
1866 670 2155 735 nostrum,
2201 665 2364 739 quod
2407 682 2530 722 non
2570 662 2692 719 alio

300 764 473 822 quam
514 746 591 802 ad
640 762 829 819 poenae
876 740 1405 815 transgressionem
1448 740 1656 799 referri
1702 746 1916 816 potest,
1945 742 1994 798 si
2039 760 2162 799 non
2205 743 2394 799 alium
2421 744 2484 799 in
2511 742 2690 799 finem

295 842 447 882 mors
494 822 589 881 illi
632 829 721 880 est
762 821 936 877 illata
978 838 1159 895 quam
1208 821 1285 876 ad
1314 819 1601 876 doctrinae
1631 819 2154 890 confirmationem,
2197 822 2291 877 vel
2341 819 2690 879 constantiae

294 904 671 977 exemplum?
712 900 769 956 4.
800 905 836 932 “
857 897 1183 971 Castigatio
1212 897 1373 972 pacis
1400 898 1660 954 nostrae'’
1690 897 1909 955 dicitur
1951 905 1986 932 ‘⁴
2010 899 2202 974 posita
2229 917 2410 973 super
2433 898 2690 974 ipsum,”

296 988 356 1038 ut
380 980 605 1037 scilicet
624 978 977 1035 haberemus
1004 993 1209 1049 pacem
1230 992 1370 1031 eum
1398 975 1529 1032 Deo
1557 993 1595 1032 a
1619 993 1743 1049 quo
1763 994 1870 1049 per
1895 983 2201 1052 peccatum
2229 976 2418 1034 aversi
2443 976 2690 1048 fuimus,

293 1065 351 1115 at
374 1058 525 1132 quid
554 1076 705 1132 opus
722 1055 840 1112 fuit
864 1056 976 1111 hac
996 1053 1395 1111 intercedente
1424 1052 1814 1127 castigatione
1861 1058 1940 1112 ad
1973 1072 2177 1131 pacem
2205 1055 2607 1127 obtinendam,
2637 1057 2690 1113 si

290 1136 692 1193 remissionem
734 1132 987 1189 liberam
1016 1132 1241 1206 absque
1284 1130 1685 1188 satisfactione
1725 1132 1898 1189 nobis
1924 1132 2237 1208 indulgere
2264 1133 2689 1205 constituerat3

288 1232 473 1289 quare
494 1232 569 1269 ex
590 1214 779 1269 livore
806 1209 979 1266 nobis
1005 1210 1227 1266 sanitas
1243 1214 1303 1266 et
1328 1210 1510 1283 plaga
1534 1215 1778 1285 propter
1795 1211 2343 1284 praevaricationem
2369 1211 2579 1286 populi
2599 1212 2692 1269 illi

286 1292 581 1365 imposita,
604 1291 651 1348 si
670 1287 990 1347 satisfactio
1005 1286 1104 1343 hic
1118 1288 1293 1343 nulla
1310 1286 1429 1343 fuit
1449 1287 1794 1358 necessaria,
1816 1290 1932 1345 1100
1947 1296 2036 1345 est
2051 1290 2326 1346 neclivor
2341 1307 2450 1346 nec
2473 1290 2690 1364 plaga?

284 1387 427 1426 sane
446 1386 715 1425 summus
732 1366 837 1425 ille
847 1382 967 1439 quo
988 1364 1182 1421 filium
1199 1382 1375 1421 suum
1392 1366 1775 1439 prosequitur
1793 1384 1961 1423 amor
1990 1366 2183 1437 Pater,
2195 1384 2314 1423 non
2335 1367 2561 1441 patitur
2581 1385 2690 1425 nos

283 1448 521 1504 credere
548 1445 724 1503 illum
749 1444 848 1500 vel
874 1444 1049 1500 nulla
1071 1443 1171 1501 vel
1198 1442 1457 1499 levicula
1482 1444 1690 1517 aliqua
1713 1445 1790 1501 de
1817 1461 1998 1501 causa
2016 1445 2346 1502 durissimae
2376 1444 2556 1502 morti
2587 1462 2690 1502 ex-

283 1542 503 1599 ponere
523 1524 803 1591 voluisse,
824 1523 929 1578 sed
944 1521 1353 1595 gravissimam
1369 1520 1638 1595 aliquam
1657 1528 1720 1579 et
1739 1539 1969 1579 summe
1989 1522 2377 1581 necessariam
2393 1522 2687 1581 rationem

284 1603 645 1660 intercedere
688 1616 921 1657 necesse
964 1599 1085 1657 fuit
1111 1600 1187 1655 ad
1220 1598 1282 1655 id
1312 1606 1383 1655 ut
1412 1600 1529 1655 1100
1548 1600 1865 1657 consilium
1891 1599 2160 1672 iniretur,
2189 1603 2319 1659 haec
2344 1618 2488 1657 vero
2515 1602 2687 1658 nulla

284 1680 419 1739 dari
464 1686 660 1753 potest
686 1678 807 1737 alia
834 1696 1017 1751 quam
1033 1676 1076 1734 J
1083 1676 1301 1733 ustitiae
1345 1676 1565 1734 divinas
1586 1677 1930 1749 satisfactio,
1969 1680 2046 1736 ad
2081 1680 2253 1755 cujus
2287 1679 2686 1755 placationem

282 1765 487 1817 nostra
540 1758 643 1815 ille
686 1764 931 1833 9000010
982 1756 1045 1811 111
1075 1772 1247 1812 cruce
1293 1762 1531 1830 portare
1578 1762 1640 1813 01
1685 1776 1723 1815 0
1761 1757 1892 1815 Deo
1933 1758 2110 1815 atteri
2143 1763 2326 1833 atque
2379 1756 2686 1814 vulnerari

280 1837 513 1895 debuit.

366 1914 445 1971 X.
490 1915 770 1989 Denique
808 1914 861 1971 si
886 1919 1078 1971 totam
1118 1918 1431 1970 contextus
1474 1914 1806 1989 prophetici
1851 1915 2060 1972 seriem
2109 1916 2493 1986 attendimus,
2522 1914 2686 1971 vide-

282 1993 483 2051 bimus
509 1993 785 2051 distincte
812 1991 1015 2048 omnia
1040 1997 1103 2047 et
1138 1990 1379 2063 singula
1404 2007 1540 2063 quae
1589 1994 1668 2048 ad
1695 1993 1808 2049 1100
1853 1993 2162 2066 negotium
2209 1996 2508 2067 pertinent
2547 2010 2686 2049 0011-

280 2072 497 2142 1101011,
517 2079 641 2128 10111
670 2089 807 2143 quae
829 2075 1101 2143 spectant
1130 2066 1352 2126 Christi
1372 2067 1653 2124 inlocum
1671 2076 1942 2125 nostrum
1969 2070 2470 2140 substitutionem,
2501 2088 2684 2143 quam

277 2167 351 2207 ea
377 2168 514 2223 quae
537 2149 614 2205 ad
643 2148 775 2221 ejus
802 2164 911 2221 pro
939 2144 1113 2201 nobis
1140 2142 1602 2201 satisfactionem
1623 2146 1978 2203 referuntur.
2029 2145 2195 2203 Nam
2223 2146 2273 2203 si
2295 2148 2371 2203 ad
2398 2164 2602 2204 veram
2622 2153 2685 2204 et

275 2224 516 2301 proprie
537 2226 761 2283 dictam
780 2222 1244 2279 satisfactionem
1264 2222 1395 2277 haec
1414 2223 1599 2295 vulgo
1618 2223 1840 2298 requiri
1861 2222 2143 2281 dicuntur
2163 2245 2177 2282 2
2197 2222 2287 2281 Ut
2307 2224 2382 2281 sit
2403 2223 2464 2279 in
2482 2242 2553 2281 eo
2575 2224 2682 2298 qui

277 2302 567 2359 satisfacit
594 2300 1005 2359 calamitatum
1032 2306 1092 2357 et
1110 2299 1483 2355 miseriarum
1511 2302 1783 2358 omnium
1821 2301 1996 2359 nobis
2033 2302 2368 2359 debitarum
2412 2301 2570 2373 tatic,
2613 2308 2684 2359 ut

276 2380 521 2438 lationis
546 2379 712 2437 illius
732 2398 913 2436 causa
930 2376 1241 2453 impulsiva
1261 2384 1323 2434 et
1338 2379 1645 2436 meritoria
1671 2380 1790 2437 sint
1807 2387 2048 2454 peccata
2067 2398 2190 2439 11011
2207 2398 2318 2438 sua
2333 2382 2436 2437 sed
2458 2388 2680 2453 nostra,

277 2478 459 2515 causa
486 2458 719 2535 efficiens
760 2456 875 2514 Dei
912 2456 1078 2531 justa
1104 2455 1423 2531 imputatio
1450 2464 1511 2515 et
1539 2456 1733 2516 Vadis
1759 2459 2101 2516 voluntaria
2127 2458 2440 2534 susceptiO,
2470 2458 2682 2537 finalis

277 2537 507 2611 peccati
532 2537 811 2613 expiati0,
842 2542 903 2593 et
929 2535 1109 2609 plena
1146 2534 1335 2593 debiti
1374 2537 1720 2609 persolutiO,
1751 2540 2005 2615 effectum
2050 2538 2309 2614 denique
2337 2556 2406 2595 ac
2451 2538 2682 2596 fructus

276 2616 540 2689 perfecta
566 2614 895 2692 redemptio
922 2621 986 2670 et
1004 2620 1229 2671 aeterna
1248 2615 1425 2688 salus,
1448 2614 1601 2671 Haec
1623 2616 1826 2672 omnia
1852 2615 2160 2690 sigillatim
2181 2617 2280 2673 hic
2295 2633 2684 2673 commemor-

278 2702 459 2750 antur
477 2716 491 2751 :
508 2694 537 2751 l
548 2738 561 2751 .
577 2693 901 2752 Poenarum
910 2691 1217 2761 lationem,
1230 2698 1265 2724 “
1277 2692 1381 2749 ille
1388 2693 1628 2751 morbos
1639 2699 1870 2750 nostros
1880 2694 2022 2750 tulit
2037 2702 2098 2751 et
2113 2694 2349 2751 dolores
2365 2694 2681 2767 portavit,‘'

276 2788 397 2829 ver.
427 2772 484 2831 4.
556 2772 612 2829 2.
658 2771 857 2830 Causa
882 2768 1207 2844 impulsiva
1230 2769 1552 2838 meritoria,
1583 2788 1726 2828 nam
1743 2776 1778 2803 ‘⁸
1801 2770 1925 2844 ipse
1953 2771 2158 2828 dolore
2195 2771 2446 2827 affectus
2483 2770 2603 2827 fuit
2642 2790 2681 2829 a

276 2849 711 2908 defectionibus
738 2846 975 2917 nostris,
1000 2850 1123 2915 &c.,
1152 2864 1190 2901 a
1215 2846 1702 2919 praevaricatione
1729 2846 1946 2921 populi
1971 2848 2154 2920 plaga
2173 2847 2352 2920 ipsi,''
2381 2864 2499 2902 ver.
2533 2847 2588 2916 5,
2617 2848 2675 2917 8,

276 2943 415 2983 011111
440 2927 567 3000 ipse
587 2926 831 2982 interim
858 2924 1061 2980 insons
1081 2924 1260 2996 plane
1280 2928 1344 2978 et
1361 2924 1585 2997 absque
1612 2930 1869 2997 peccato,
1901 2928 1936 2955 “
1956 2923 2301 2979 violentiam
2328 2940 2452 2979 non
2473 2923 2678 2982 fecerit

276 3020 385 3059 nec
437 3004 615 3059 dolus
652 3002 838 3058 fuerit
886 3000 949 3055 in
993 3017 1095 3056 ore
1142 2999 1327 3071 ejus,”
1365 3017 1487 3055 ver.
1527 2999 1581 3055 9.
1622 3000 1677 3056 3.
1723 2999 1838 3055 Dei
1868 3000 2041 3073 justa
2089 2998 2424 3074 imputatiO,
2465 3006 2502 3033 ‘⁶
2537 3018 2678 3059 110111

275 3077 319 3136 J
322 3082 517 3135 ehova
540 3078 683 3135 fecit
708 3079 771 3134 in
799 3096 939 3135 eum
964 3078 1267 3134 incurrere
1294 3076 1674 3149 iniquitatem
1703 3076 1973 3133 omnium
2000 3077 2334 3146 nostrum,'’
2365 3094 2483 3135 ver.
2515 3078 2572 3150 6,
2616 3090 2677 3137 01

277 3164 313 3191 “
335 3158 466 3215 Deo
507 3156 703 3231 ipsum
744 3155 975 3230 placuit
1000 3155 1362 3224 conterere,'’
1392 3172 1513 3211 ver.
1549 3154 1639 3211 10.
1723 3154 1780 3210 4.
1827 3154 2047 3213 Christi
2075 3154 2419 3213 voluntaria
2445 3174 2679 3233 suscep-

274 3236 380 3307 tio,
410 3253 550 3291 nam
582 3241 617 3268 ‘⁶
640 3233 895 3291 afflictus
921 3232 1040 3289 fuit
1067 3248 1177 3287 1100
1202 3232 1435 3305 aperuit
1462 3250 1529 3289 os
1572 3252 1769 3302 suum,
1797 3231 1950 3290 sicut
1977 3250 2164 3307 parva
2197 3252 2374 3307 pecus
2417 3236 2494 3291 ad
2524 3236 2678 3294 occi-

276 3315 503 3373 sionem
526 3314 745 3370 ductus
774 3312 917 3383 est,”
936 3328 1055 3367 ver.
1084 3308 1141 3373 7.
1199 3312 1254 3367 5.
1287 3309 1522 3367 Ρο00011
1550 3312 1812 3387 expiatio
1838 3318 1900 3367 et
1915 3310 2100 3368 debiti
2127 3313 2308 3385 plena
2326 3315 2674 3387 persolutio,

276 3410 419 3451 nam
448 3394 482 3425 ‘⁸
502 3391 705 3467 posuit
744 3390 1007 3447 animam
1048 3406 1217 3446 suam
1245 3388 1499 3446 hostiam
1522 3408 1632 3464 pro
1654 3389 1928 3459 delicto,”
1956 3407 2079 3446 ver.
2101 3390 2193 3461 10,
2216 3398 2278 3447 01
2305 3398 2340 3425 “
2359 3408 2395 3448 0
2413 3400 2677 3451 0001010-

272 3472 437 3529 tione
464 3477 525 3526 et
563 3468 799 3543 judicio
821 3473 1163 3541 assumptus
1203 3466 1343 3538 est,”
1375 3485 1497 3525 ver.
1526 3468 1581 3525 8.
1666 3469 1722 3525 6.
1766 3467 2042 3542 Denique
2089 3467 2216 3543 ipsa
2241 3471 2570 3543 redemptio
2614 3478 2677 3528 et

272 3551 454 3618 salus,
486 3554 521 3581 ‘⁴
544 3566 621 3604 ex
648 3546 1039 3619 castigatione
1066 3564 1202 3619 pax,
1231 3563 1305 3601 ex
1328 3545 1620 3604 vibicibus
1641 3542 1920 3616 sanitas‚³’
1949 3564 2070 3603 ver.
2103 3546 2156 3616 5,
2186 3554 2247 3603 et
2289 3554 2325 3581 “
2347 3548 2453 3604 ubi
2492 3567 2673 3622 posu-

272 3627 387 3684 erit
412 3624 677 3683 animam
705 3642 877 3682 suam
904 3630 1157 3694 reatum,
1186 3623 1413 3681 videbit
1439 3642 1659 3695 semen,
1687 3624 2069 3699 prolongabit
2087 3625 2230 3696 dies,
2254 3631 2315 3683 et
2341 3626 2676 3699 beneplaci-

274 3710 407 3761 tum
457 3701 704 3760 Domini
758 3701 1203 3777 prosperabitur
1241 3702 1305 3758 in
1352 3703 1632 3760 manibus
1677 3703 1862 3777 ejus,”
1910 3720 2030 3759 ver.
2091 3702 2183 3772 10,
2254 3710 2290 3738 “
2306 3700 2424 3759 Pro
2467 3703 2674 3761 labore

274 3781 489 3838 animae
540 3797 665 3836 suae
715 3779 1043 3850 satiabitur,
1072 3798 1277 3837 servus
1302 3781 1407 3837 1110
1454 3780 1497 3838 J
1500 3787 1675 3839 ustus
1702 3779 2056 3854 justificabit
2091 3780 2292 3855 plures
2333 3780 2674 3854 cognitione

274 3858 427 3929 sui,”
459 3856 584 3926 &c.‚
617 3876 739 3915 ver.
772 3858 861 3914 11.
949 3856 1114 3925 Quid
1143 3858 1361 3916 clarius
1389 3864 1451 3915 et
1490 3858 1923 3933 significantius
1948 3856 2066 3914 diei
2091 3859 2294 3932 potuit
2331 3876 2442 3932 pro
2470 3865 2674 3916 nostra

274 3935 609 3994 sententia?
652 3953 793 3992 sane
841 3936 1027 3993 nullis
1064 3936 1261 3993 verbis
1306 3937 1499 4010 magis
1539 3937 1887 4011 emphaticis
1928 3936 2178 4009 exprimi
2218 3956 2257 3994 a
2299 3935 2472 3993 nobis
2512 3952 2674 3993 nunc

274 4014 519 4089 quidem
546 4019 745 4088 posset
772 4021 881 4071 aut
905 4013 1213 4071 declarari.
1299 4013 1388 4072 At
1412 4015 1462 4071 si
1489 4015 1611 4071 alia
1652 4016 1830 4090 plane
1873 4014 1990 4072 fuit
2036 4012 2349 4089 Prophetae
2397 4030 2580 4082 mens,
2623 4015 2674 4071 si

272 4091 426 4148 nihil
454 4091 652 4148 minus
680 4090 741 4147 in
768 4092 972 4149 animo
998 4092 1213 4149 habuit
1232 4109 1413 4167 quam
1442 4092 1901 4151 satisfactionem
1934 4091 2154 4149 Christi
2181 4092 2353 4150 nobis
2375 4108 2672 4149 commen-

272 4171 434 4240 dare,
478 4187 589 4226 cur
614 4168 686 4225 iis
712 4170 909 4227 verbis
938 4188 1082 4227 usus
1109 4176 1215 4241 est,
1234 4188 1368 4244 quae
1397 4170 1766 4245 apertissime
1793 4176 1854 4227 et
1880 4168 2278 4245 propriissime
2319 4188 2452 4227 eam
2478 4168 2673 4243 desig-

271 4254 423 4307 nant
450 4253 629 4322 atque
657 4246 743 4304 ita
770 4248 1137 4305 occasionem
1164 4248 1656 4323 periculosissime
1684 4247 1922 4305 errandi
1942 4246 2056 4305 toti
2075 4246 2352 4305 Ecclesiae
2380 4246 2673 4322 praebuit?

272 4326 389 4385 Sed
422 4344 546 4383 non
574 4325 806 4399 patitur
853 4326 1258 4383 sanctissimus
1283 4326 1475 4383 divini
1505 4326 1682 4383 Vatis
1710 4327 1875 4381 zelus
1901 4331 1962 4381 et
2001 4324 2300 4399 ingenuus
2337 4324 2563 4382 candor
2603 4332 2674 4383 ut

270 4404 595 4479 quicquam
622 4404 745 4461 tale
772 4406 849 4461 de
876 4422 947 4461 eo
976 4404 1306 4479 cogitemus
1328 4424 1343 4474 ;
1390 4403 1525 4461 Imo
1552 4406 1683 4460 haec
1709 4404 1888 4478 plane
1914 4420 2024 4458 nos
2070 4405 2426 4477 persuadere
2453 4404 2672 4461 debent

266 4501 393 4540 non
420 4482 605 4539 aliam
631 4481 815 4541 fuisse
843 4482 977 4557 ejus
1002 4501 1041 4540 a
1064 4490 1271 4540 nostra
1295 4485 1411 4541 hac
1450 4482 1513 4539 111
1530 4488 1700 4557 parte
1733 4480 2106 4539 sententiam.
2164 4480 2259 4538 Ex
2299 4482 2518 4557 quibus
2546 4500 2672 4538 om-

266 4561 447 4618 nibus
471 4560 870 4619 fortissimum
902 4561 1031 4635 jam
1062 4560 1369 4634 colligitur
1406 4568 1864 4634 argumentum:
1923 4558 2046 4627 Qui
2086 4560 2270 4618 subiit
2307 4568 2368 4619 et
2393 4559 2672 4637 praestitit

265 4638 470 4697 omnia
496 4658 535 4696 a
561 4640 677 4697 reis
704 4646 768 4697 et
794 4639 1165 4697 debitoribus
1192 4640 1553 4714 peragenda,
1582 4639 1664 4696 sic
1691 4646 1762 4696 ut
1787 4638 1974 4713 ipsius
2008 4637 2318 4715 castigatio
2344 4638 2581 4697 cesserit
2604 4637 2668 4694 in
