3234 5192
254 276 491 319 auru-r.
526 252 681 337 un]
1038 274 1267 315 »zooras
1296 276 1373 315 aa
1402 276 1682 316 accussat
1715 276 1981 320 nomn.
2645 272 2720 327 73

246 416 319 474 ad
370 420 649 496 spinam
722 416 1097 491 adorandam,
1146 425 1206 476 et
1273 424 1503 475 sanctas
1556 416 1837 477 moniales
1864 434 1994 477 eum
2023 418 2308 495 profunda
2354 426 2723 487 veneratione

244 498 485 573 spinam
546 497 899 555 Dominicae
948 515 1175 555 coronae
1218 496 1515 571 adorare,”
1558 504 1619 557 et
1663 498 1746 556 sic
1801 498 2016 574 passim
2043 498 2373 577 loquuntur,
2403 524 2458 579 p.
2499 510 2590 581 15,
2627 512 2720 583 18,

244 580 339 635 22.
412 612 421 619 ·
464 580 583 637 Eo
646 577 903 655 pertinet
948 576 1123 635 etiam
1180 576 1339 653 quod
1394 576 1724 637 Catechesis
1786 578 2126 637 Tridentina
2184 578 2246 639 in
2303 583 2534 641 tertium
2575 606 2720 663 prae·

240 667 513 735 ceptum,
590 657 767 735 quod
812 656 957 734 ipsis
986 664 1075 714 est
1106 656 1437 731 secundum,
1476 656 1684 734 probat
1704 658 2035 733 juramenta
2074 678 2176 736 per
2219 660 2510 739 reliquias.
2564 668 2598 697 ‘⁴
2623 666 2724 725 Ad

240 735 683 813 faciendam‚”
732 736 939 814 inquit,
995 737 1032 768 “
1050 735 1238 811 fidem,
1269 756 1372 814 per
1412 756 1503 794 res
1552 745 1774 795 creatas
1808 739 2089 816 juramus,
2141 748 2206 797 ut
2250 760 2354 817 per
2400 761 2564 801 sacra
2609 745 2722 803 Dei

242 816 645 895 Evangelia,
676 838 781 895 per
834 835 1081 889 crucem,
1128 836 1231 893 per
1278 823 1602 873 sanctorum
1649 816 1921 894 reliquias
1955 826 2014 876 et
2067 822 2335 879 nomen.''
2399 823 2512 897 Qui
2540 824 2726 884 honor

236 894 313 953 ad
334 897 561 955 latriae
592 898 823 956 cultum
841 896 1107 973 pertinet,
1128 896 1411 972 siquidem
1434 916 1565 953 eum
1586 916 1690 973 per
1710 916 1880 974 quem
1889 898 2153 975 juramus
2170 899 2490 979 adoramus,
2517 912 2723 963 testem

238 978 669 1037 conscientias
698 986 757 1035 et
784 976 1031 1035 ultorem
1060 976 1437 1053 imprecamus
1466 976 1515 1032 si
1544 975 1816 1035 fallimus.
1887 976 2022 1037 Huc
2059 978 2197 1038 facit
2223 982 2378 1057 quod
2407 982 2466 1041 in
2495 982 2724 1061 legibus

240 1054 569 1116 Ecclesiae
610 1058 912 1129 Romanae,
946 1074 1073 1131 quae
1100 1056 1161 1112 in
1192 1054 1539 1113 Pontificiali
1566 1055 1869 1133 habentur,
1893 1057 2116 1117 nullum
2139 1060 2318 1119 altare
2357 1074 2724 1123 consecratur

240 1135 489 1213 absque
544 1136 841 1213 reliquiis,
874 1134 1027 1193 unde
1071 1135 1257 1213 capite
1300 1134 1371 1193 de
1402 1136 1846 1195 Consecratione
1890 1137 2130 1213 Altaris,
2175 1139 2354 1199 altare
2383 1141 2594 1202 dicitur
2620 1145 2719 1203 de·

240 1212 443 1274 dicari
478 1217 561 1275 in
596 1217 879 1275 honorem
906 1215 1117 1289 Sancti,
1151 1216 1315 1292 cujus
1344 1216 1599 1291 reliquiae
1639 1214 2012 1275 includuntur
2039 1218 2224 1293 altari,
2269 1222 2433 1295 quasi
2463 1224 2720 1299 reliquiae

244 1297 665 1355 sanctitatem
696 1296 953 1371 aliquam
978 1294 1145 1353 altari
1174 1304 1231 1352 et
1259 1295 1447 1369 rebus,
1472 1314 1602 1371 quae
1625 1294 1710 1352 illi
1729 1295 2115 1371 imponuntur,
2139 1308 2374 1375 possent
2397 1303 2720 1362 conciliare.

246 1373 345 1432 Ex
402 1377 659 1452 quibus
698 1374 968 1433 omnibus
1016 1393 1129 1432 non
1160 1374 1401 1433 obscure
1452 1374 1766 1451 colligitur,
1835 1374 2108 1451 reliquias
2149 1396 2264 1435 non
2293 1380 2464 1437 modo
2507 1401 2719 1458 magno

248 1472 385 1513 esse
420 1456 613 1533 apud
644 1457 953 1514 Romanos
992 1454 1051 1513 in
1078 1455 1281 1531 pretio,
1312 1454 1415 1513 sed
1457 1454 1676 1512 cultum
1706 1474 1931 1513 sacrum
1959 1455 2076 1515 illis
2105 1456 2383 1517 exhiberi.
2469 1459 2718 1534 Quomo-

247 1532 609 1613 docunque
634 1544 825 1594 autem
856 1554 1061 1592 vocare
1099 1534 1278 1593 libeat
1324 1533 1543 1593 cultum
1571 1534 1754 1609 illum,
1801 1535 1924 1593 sive
1964 1538 2370 1613 adorationem,
2402 1540 2558 1617 quod
2585 1561 2718 1599 can·

251 1612 467 1672 didius
504 1626 584 1675 et
627 1616 711 1674 rei
760 1614 872 1691 ipsi
916 1614 1085 1691 plane
1134 1622 1601 1687 consentaneum,
1651 1614 1776 1673 sive
1802 1617 2228 1693 venerationem,
2260 1618 2416 1696 quod
2445 1628 2720 1699 tanquam

252 1695 679 1767 commodius,
710 1694 785 1753 ad
814 1693 1265 1752 obumbrandam
1310 1694 1499 1753 cultus
1546 1694 1716 1753 istius
1761 1695 2193 1774 turpitudinem,
2225 1699 2489 1775 retinent,
2521 1722 2722 1779 parum

253 1774 469 1847 refert,
504 1774 690 1833 modo
719 1780 945 1832 constet
971 1794 1095 1831 esse
1126 1773 1345 1832 cultum
1372 1774 1724 1849 religiosum,
1757 1776 1856 1851 qui
1885 1775 2140 1835 defertur
2156 1780 2431 1838 creaturis
2459 1784 2718 1859 mortuis,

256 1852 590 1932 rebusque
618 1854 909 1931 corporeis
936 1861 994 1911 et
1022 1854 1349 1911 inanimatis
1374 1876 1387 1929 ;
1432 1852 1589 1931 quod
1618 1874 1787 1912 nemo
1817 1874 1932 1912 non
1961 1856 2122 1915 videt
2149 1876 2276 1915 esse
2307 1861 2720 1919 crassissimam

260 1930 711 1993 idololatriam.
2399 1950 2409 1957 '

322 2012 755 2072 XXXVIII.
787 2012 861 2070 In
880 2031 950 2071 eo
970 2030 1105 2070 sane
1126 2012 1329 2070 miram
1358 2010 1615 2070 fraudem
1665 2012 1894 2072 Satanae
1923 2015 2229 2074 observare
2259 2026 2362 2091 est,
2395 2038 2510 2095 qua
2529 2019 2720 2077 ludifi-

265 2100 450 2151 catur
482 2094 754 2171 populos,
788 2092 927 2149 dum
954 2092 1313 2151 occultantur
1341 2090 1539 2149 divina
1567 2092 1980 2169 Apostolorum
2007 2094 2234 2170 scripta,
2267 2117 2338 2155 ex
2363 2098 2574 2172 quibus
2605 2100 2722 2159 tela

264 2180 579 2245 petuntur
594 2172 669 2231 ad
690 2191 941 2231 errorem
960 2181 1017 2231 et
1038 2171 1423 2229 idololatriam
1442 2172 1901 2249 confodiendam,
1934 2182 2296 2233 ostentantur
2323 2186 2380 2234 et
2409 2178 2724 2237 adorantur

270 2268 493 2311 eorum
528 2254 805 2329 reliquiae.
852 2251 931 2309 Et
959 2271 1089 2311 cum
1120 2252 1383 2309 Christus
1430 2252 1491 2309 in
1534 2252 1717 2310 verbo
1747 2272 1868 2327 su0,
1903 2256 2292 2329 sacramentis,
2325 2266 2384 2315 et
2431 2257 2560 2314 aliis
2589 2278 2720 2335 gra-

272 2329 379 2389 tiis
418 2332 830 2411 spiritualibus
879 2331 1223 2407 quaerendus
1272 2340 1439 2407 esset,
1470 2331 1778 2391 abducitur
1823 2334 1988 2409 plebs
2038 2335 2364 2394 Christiana
2391 2336 2466 2394 ad
2493 2336 2719 2416 fascias,

280 2422 515 2487 vestes,
548 2412 875 2485 subuculas,
905 2420 964 2469 et
990 2412 1105 2469 alia
1152 2411 1211 2468 id
1240 2430 1423 2487 genus
1452 2421 1806 2489 argumenta,
1839 2414 1900 2471 in
1937 2414 2147 2491 quibus
2191 2414 2402 2474 frustra
2429 2418 2720 2494 quaeritur.

283 2488 565 2571 Cumque
598 2492 939 2551 Sanctorum
970 2491 1091 2550 vita
1117 2491 1426 2567 diligenter
1468 2492 1802 2550 meditanda
1829 2502 1887 2552 et
1929 2493 2209 2553 imitanda
2236 2496 2419 2572 foret3
2465 2498 2723 2558 studium

284 2587 471 2631 omne
502 2573 735 2650 ponitur
757 2572 816 2629 in
844 2570 1299 2647 contemplandis
1318 2579 1375 2630 et
1420 2572 1677 2630 colendis
1705 2592 1902 2631 eorum
1933 2574 2159 2633 ossibus
2188 2584 2247 2633 et
2273 2577 2548 2653 reliquiis.
2594 2580 2721 2653 Quo

287 2666 411 2708 non
442 2652 620 2711 modo
646 2650 795 2709 nihil
823 2651 1045 2726 vaniuS,
1078 2651 1180 2709 sed
1208 2651 1353 2708 nihil
1381 2652 1569 2729 magis
1596 2652 1834 2729 impium
1875 2661 1932 2710 et
1978 2653 2040 2710 in
2083 2654 2289 2729 Deum,
2321 2658 2552 2715 unicum
2582 2659 2720 2717 ado-

286 2730 542 2790 rationis
560 2739 619 2790 et
646 2731 837 2790 cultus
866 2730 1051 2787 omnis
1078 2730 1335 2807 religiosi
1364 2731 1670 2808 objectum,
1703 2732 1890 2808 magis
1919 2732 2188 2808 injurium
2217 2734 2332 2792 dici
2361 2744 2567 2811 potest.
2600 2738 2721 2796 Nec

290 2806 491 2871 inanis
517 2810 815 2871 cavillatio
844 2810 1200 2884 Bellarmini,
1231 2830 1347 2888 qua
1372 2820 1537 2887 putat
1580 2811 1794 2885 optime
1823 2810 1996 2868 rebus
2035 2812 2154 2868 suis
2183 2813 2422 2887 cavisse,
2454 2814 2592 2872 dum
2619 2836 2718 2873 ne-

292 2898 403 2963 gat
434 2912 495 2951 se
521 2890 799 2968 reliquias
825 2892 1076 2949 adorare
1102 2900 1165 2948 ut
1190 2892 1394 2966 Deum,
1426 2909 1532 2947 nec
1560 2890 1822 2947 invocare
1847 2899 1911 2945 ut
1929 2890 2180 2963 Samios,
2203 2899 2394 2967 potest
2411 2893 2718 2969 quicquam

293 2964 466 3027 illum
487 2972 717 3048 juvare.
764 2969 913 3043 Quia
940 2978 1003 3028 ut
1030 2978 1163 3029 ante
1192 2970 1402 3047 saepius
1431 2969 1666 3041 dictum,
1699 2967 1888 3026 cultus
1917 2967 2222 3043 religiosus
2249 2970 2454 3029 unicus
2483 2980 2587 3047 est,
2620 2976 2719 3051 qui

294 3044 357 3103 in
387 3050 567 3109 alium
592 3069 769 3127 quam
800 3049 989 3108 Deum
1016 3048 1309 3108 transferri
1336 3068 1452 3105 non
1478 3054 1686 3123 potest,
1710 3066 1816 3105 nec
1843 3046 1964 3105 ulla
1990 3047 2288 3125 religionis
2315 3050 2574 3110 adoratio
2595 3053 2722 3112 dari

296 3136 491 3201 potest
516 3150 661 3189 vera
680 3139 739 3188 et
766 3129 1033 3206 genuina,
1063 3149 1193 3206 quae
1210 3127 1445 3187 alterius
1468 3126 1543 3184 sit
1562 3146 1738 3203 quam
1766 3126 1896 3186 Dei.

388 3208 719 3268 XXXIX.
766 3208 1042 3268 Rationes
1070 3208 1145 3267 ad
1165 3206 1554 3286 jugulandum
1580 3207 1737 3265 hunc
1775 3228 2022 3267 errorem
2063 3209 2274 3270 referre
2321 3212 2466 3271 nihil
2493 3214 2716 3290 attinet,

302 3304 435 3361 quae
456 3290 595 3348 alibi
625 3309 661 3347 a
688 3288 855 3346 nobis
882 3288 1190 3365 propositae
1220 3296 1370 3361 sunt,
1404 3287 1594 3345 Instit.
1629 3287 1784 3346 Part.
1815 3292 1871 3363 2,
1905 3288 2042 3349 Loc.
2078 3293 2168 3367 11,
2216 3292 2431 3367 Quaest.
2461 3296 2518 3353 8.
2553 3295 2720 3353 Suffi-

302 3366 385 3425 cit
413 3369 733 3429 ostendisse
761 3367 1095 3445 religiosum
1124 3368 1343 3426 cultum
1391 3368 1453 3425 in
1497 3367 1762 3425 Ecclesia
1800 3367 2064 3427 Romana
2091 3371 2350 3449 reliquiis
2399 3374 2624 3451 deferri,
2656 3384 2722 3435 ut

304 3444 441 3506 inde
468 3456 711 3523 constet,
742 3448 999 3525 legitime
1026 3466 1134 3505 nos
1150 3456 1453 3525 propterea
1479 3446 1820 3506 idololatriae
1847 3467 2002 3505 ream
2025 3448 2186 3507 illam
2214 3472 2506 3529 peragere.
2555 3455 2724 3529 Quod

306 3524 357 3583 si
386 3528 605 3602 liberet,
638 3527 870 3585 fraudes
914 3536 973 3585 et
1016 3527 1363 3603 imposturas
1410 3526 1740 3585 innumeras
1785 3526 2011 3602 referre,
2059 3547 2187 3604 quae
2233 3530 2293 3587 in
2351 3530 2722 3609 reliquiarum

306 3622 415 3665 usu
457 3608 675 3685 passim
722 3614 1046 3682 occurrunt,
1096 3606 1219 3664 sive
1268 3606 1405 3666 dum
1452 3606 1602 3665 fictae
1633 3615 1692 3665 et
1720 3606 2028 3683 suppositae
2055 3626 2160 3684 pro
2188 3608 2344 3667 veris
2372 3618 2430 3667 et
2458 3613 2725 3685 genuinis

308 3685 707 3761 obtruduntur,
739 3686 895 3763 quod
922 3686 1237 3745 innumeris
1266 3686 1546 3763 exemplis
1573 3686 1801 3745 ostendi
1828 3694 2059 3763 posset3
2091 3687 2216 3745 sive
2243 3686 2380 3745 dum
2409 3690 2572 3747 varia
2597 3691 2728 3749 loca

307 3764 379 3823 de
406 3766 611 3826 iisdem
639 3766 975 3843 gloriantur,
1008 3773 1065 3824 et
1092 3766 1299 3824 acriter
1326 3766 1477 3824 inter
1502 3785 1564 3825 se
1592 3766 1974 3842 contendunt;
2005 3766 2129 3825 sive
2151 3766 2288 3825 dum
2317 3767 2574 3844 reliquiae
2594 3789 2724 3847 pro-

306 3856 597 3919 ponuntur
642 3866 841 3905 eorum
890 3854 1235 3919 sanctorum,
1281 3846 1381 3922 qui
1409 3866 1704 3923 nunquam
1745 3846 1976 3906 fuerunt
2004 3846 2064 3904 in
2092 3846 2263 3922 vivia„
2294 3854 2354 3904 et
2379 3867 2552 3906 merae
2591 3858 2726 3908 sunt

306 3921 481 3985 larvas
509 3933 569 3984 et
596 3926 832 3983 humani
876 3924 1095 3985 cerebri
1122 3924 1415 4002 figmenta,
1446 3926 1648 4003 quales
1685 3935 1820 3985 sunt
1847 3926 2103 4005 reliquiae
2134 3926 2544 4005 Christophori,
2571 3928 2722 3987 Lon-

308 4005 445 4080 gini,
479 4006 728 4080 Ursulae,
761 4006 959 4063 Trium
991 4004 1239 4081 Regum,
1291 4005 1638 4082 Margaretae
1679 4014 1738 4065 et
1775 4007 1901 4065 sim.
1928 4029 1941 4081 3
1975 4008 2098 4065 sive
2127 4006 2264 4064 dum
2292 4005 2421 4064 alioe
2449 4006 2511 4065 id
2538 4028 2724 4085 genus

309 4093 459 4143 artes
504 4085 869 4143 veteratoriae
916 4084 1278 4161 adhibentur,
1324 4084 1401 4142 ad
1447 4084 1719 4145 miserum
1746 4086 2036 4164 popellum
2080 4085 2497 4163 decipiendum,
2549 4108 2724 4165 quam

308 4160 457 4223 latus
485 4165 581 4223 hic
610 4184 673 4223 se
694 4165 943 4242 aperiret
964 4163 1251 4222 scribendi
1271 4184 1393 4222 cam
1438 4184 1525 4223 us,
1570 4165 1848 4225 Consulat
1878 4166 1978 4241 qui
2004 4165 2257 4223 voluerit
2285 4165 2560 4225 eximium
2587 4168 2719 4229 Gal-

307 4243 423 4301 m'm'
445 4244 779 4303 Tractatum
822 4244 879 4301 in
931 4243 1345 4302 Admonitione
1429 4263 1461 4301 e
1498 4244 1773 4320 reliquiis,
1805 4244 2224 4320 Hospinianum
2252 4244 2322 4303 de
2352 4246 2721 4325 reliquiarum

308 4322 545 4399 origine,
583 4324 943 4383 Chamierum
970 4323 1072 4382 lib.
1104 4322 1225 4381 xvi.
1256 4322 1329 4382 de
1358 4322 1596 4382 Antich.
1628 4343 1676 4381 c.
1706 4326 1797 4397 12,
1829 4321 1928 4380 ubi
1956 4323 2080 4399 agit
2107 4323 2179 4382 de
2207 4324 2538 4404 imposturis
2583 4332 2716 4390 reli-

308 4402 586 4478 quiarum,
619 4412 677 4462 et
705 4405 993 4461 Dallaeum
1040 4401 1113 4461 de
1139 4401 1509 4479 reliquiarum
1556 4403 1732 4461 cultu.
1778 4402 2052 4461 Nostrum
2099 4404 2320 4465 interea
2366 4417 2456 4467 est
2503 4412 2719 4487 gratias

308 4479 659 4541 immortales
686 4501 857 4560 agere
888 4483 1031 4555 De0‚
1062 4482 1163 4559 qui
1210 4500 1315 4540 nos
1352 4480 1625 4540 liberavit
1649 4502 1684 4539 a
1732 4480 1876 4540 duro
1903 4482 2013 4543 hoc
2030 4472 2381 4547 idololatrias
2409 4498 2527 4549 tam
2547 4491 2716 4551 foedae

300 4559 465 4638 jugo,
497 4562 555 4619 in
583 4581 698 4639 quo
726 4583 840 4621 non
869 4562 1041 4620 modo
1070 4582 1105 4619 a
1133 4562 1261 4620 Deo
1290 4560 1477 4620 aversi
1507 4568 1642 4620 sunt
1667 4560 1946 4640 homines,
1975 4572 2041 4625 ut
2069 4566 2240 4627 rebus
2260 4569 2428 4628 vanis
2455 4578 2514 4628 et
2541 4570 2716 4630 cadu-
