3234 5192
318 356 556 405 111οΡ111.
586 342 663 425 1.]
1279 358 1359 402 nn
1388 362 1563 405 meno
1592 360 1779 407 vr'rzn.
2635 342 2756 403 215

321 506 419 579 30,
439 506 535 580 40,
570 503 717 562 Hos.
742 502 802 561 ii.
832 505 925 578 19,
957 505 1055 577 20,
1086 502 1223 561 liber
1239 504 1408 562 etiam
1428 505 1571 579 vitoe,
1610 505 1712 581 qui
1717 505 1958 579 soederis
1988 505 2154 563 istius
2177 506 2312 562 liber
2350 523 2486 562 vere
2524 522 2747 561 nuncu-

316 594 505 664 patur,
536 584 673 662 quia
698 582 891 641 soedus
920 583 980 639 in
1008 602 1077 642 eo
1106 583 1406 643 fundatum
1435 593 1495 643 et
1521 586 1925 662 consignatum
1953 594 2060 660 est,
2092 605 2207 642 non
2228 592 2420 661 potest
2437 603 2553 642 non
2581 592 2746 642 aeter·

320 684 433 724 nus
460 684 587 723 esse
616 671 676 723 et
704 662 1052 722 indelebilis.
1136 664 1340 741 Neque
1386 664 1484 723 hic
1526 664 1939 742 reponendum,
1987 664 2370 724 constantiam
2397 662 2656 741 promitti
2685 662 2746 720 10

318 744 535 803 foedere
563 764 599 803 a
624 751 788 822 parte
814 741 945 817 Dei,
975 742 1078 801 sed
1106 762 1221 802 non
1241 744 1435 802 statim
1453 763 1488 802 a
1509 754 1670 820 parte
1691 746 1874 803 nostri
1899 767 1915 821 3
1958 745 2174 823 itaque,
2193 744 2244 803 si
2273 743 2434 802 Deus
2461 742 2745 801 auxilium

318 843 489 884 suum
516 824 686 883 nobis
712 823 1036 902 pollicetur,
1068 823 1119 883 si
1145 822 1393 882 officium
1421 823 1716 899 faciamus,
1737 844 1852 883 non
1871 824 2144 884 continuo
2167 824 2330 899 sequi
2358 842 2465 881 nos
2494 821 2746 881 officium

318 919 544 981 semper
570 904 842 976 facturos,
874 910 1046 979 atque
1074 902 1219 962 adeo
1237 902 1427 962 foedus
1444 922 1738 981 nunquam
1767 904 1992 965 irritum
2015 904 2154 963 fore.
2198 904 2348 961 Nam
2377 902 2512 961 huic
2533 921 2745 978 excep-

318 984 466 1043 tioni
492 984 649 1041 viam
676 1002 907 1042 omnem
933 982 1237 1059 praecludit
1286 983 1571 1042 Dominus
1618 984 1760 1061 ipse,
1791 1004 1970 1061 quum
1999 984 2059 1043 in
2087 983 2465 1061 promissione
2493 981 2744 1054 foederis,

318 1082 439 1122 non
465 1070 691 1122 tantum
718 1062 981 1121 meminit
1009 1063 1220 1121 amoris
1249 1063 1356 1139 sui,
1389 1062 1491 1121 sed
1520 1071 1579 1122 et
1606 1064 1831 1123 timoris
1877 1064 2079 1123 nostri.
2167 1064 2318 1121 Nam
2345 1070 2411 1122 ut
2437 1060 2746 1140 pollicetur

318 1162 385 1203 se
412 1164 529 1202 non
555 1162 916 1202 recessurum
944 1161 979 1199 0
1004 1142 1191 1217 nobis,
1222 1142 1305 1200 110
1330 1150 1577 1202 10010101
1604 1162 1668 1201 00
1695 1142 2049 1218 effecturum,
2081 1150 2148 1203 ut
2175 1162 2292 1202 non
2310 1142 2648 1201 recedamus
2669 1142 2744 1199 ab

322 1224 470 1301 ips0,
504 1226 541 1257 ‘⁴
561 1224 821 1301 Pangam
851 1241 983 1281 cum
1010 1222 1155 1299 ipsis
1181 1222 1373 1281 foedus
1414 1229 1775 1301 perpetuum,
1807 1234 1874 1283 ut
1899 1242 2018 1282 non
2045 1230 2306 1281 avertam
2327 1242 2420 1279 me
2448 1242 2484 1280 a
2511 1220 2742 1280 benefa-

320 1302 531 1361 ciendo
558 1302 718 1378 ipsis,
748 1310 806 1361 et
832 1302 1213 1361 reverentiam
1234 1301 1433 1360 indam
1460 1302 1654 1361 animo
1682 1302 1956 1379 ipsorum,
1987 1310 2054 1362 ut
2079 1320 2196 1361 non
2225 1300 2500 1360 recedant
2527 1320 2562 1358 a
2587 1301 2741 1359 me.’'

327 1382 431 1439 Sic
450 1380 653 1458 implet
678 1390 737 1439 et
763 1381 919 1458 (10οᾶ
945 1400 1175 1441 suarum
1198 1390 1257 1441 et
1285 1381 1440 1475 00οᾶ
1468 1389 1794 1441 nostrarum
1823 1390 1912 1441 est
1937 1381 2204 1459 partium,
2235 1389 2300 1440 ut
2317 1379 2462 1437 nihil
2493 1380 2568 1437 sit
2587 1379 2746 1455 quod

324 1459 519 1519 foedus
546 1459 735 1519 delere
763 1470 953 1538 queat.
1038 1462 1186 1519 Nam
1226 1462 1277 1521 si
1304 1461 1528 1521 1rritum
1558 1460 1754 1540 aliqua
1780 1461 1852 1520 de
1883 1481 2057 1522 causa
2081 1459 2208 1518 fieri
2237 1465 2448 1537 posset,
2480 1458 2542 1516 id
2563 1458 2742 1535 potis-

323 1540 531 1599 simum
560 1540 737 1617 fieret,
768 1541 867 1600 vel
894 1560 931 1599 0
948 1549 1110 1618 parte
1142 1541 1270 1616 Dei,
1294 1560 1399 1620 per
1418 1542 1796 1601 mutationem
1818 1542 2051 1617 amoris,
2083 1540 2134 1599 si
2157 1540 2318 1599 Deus
2341 1558 2376 1597 a
2396 1538 2564 1597 nobis
2585 1558 2741 1597 rece-

322 1620 503 1696 deret,
548 1621 643 1680 vel
672 1640 707 1677 a
732 1628 897 1700 parte
923 1621 1123 1697 nostri,
1154 1640 1257 1700 per
1300 1621 1746 1681 inconstantiam
1773 1630 2046 1695 nostram,
2077 1639 2193 1697 qua
2234 1620 2420 1678 Deum
2453 1617 2740 1677 deserere-

320 1720 469 1759 mus.
556 1700 673 1759 Sed
717 1700 999 1760 adversus
1044 1708 1351 1779 utrumque
1398 1702 1718 1779 perieulum
1759 1710 1916 1761 tutos
1963 1720 2071 1759 nos
2117 1706 2354 1778 praestat
2417 1699 2743 1759 misericors

324 1780 503 1839 Deus.
588 1780 737 1839 Nam
767 1780 959 1857 quoad
986 1780 1162 1858 prius,
1193 1788 1439 1841 testatur
1486 1800 1548 1841 se
1596 1802 1892 1859 nunquam
1919 1800 2278 1841 recessurum
2306 1799 2434 1838 esse
2461 1798 2496 1837 a
2539 1779 2740 1856 nobis3

322 1860 516 1937 quoad
540 1860 846 1938 posterius,
877 1859 1121 1919 affirmat
1149 1880 1211 1919 se
1237 1880 1341 1937 per
1366 1862 1648 1939 timorem,
1701 1881 1872 1939 quem
1901 1862 2070 1919 nobis
2099 1859 2478 1937 ingenerabit,
2507 1857 2742 1918 effectu-

320 1958 449 1998 rum
472 1961 543 1999 110
570 1960 827 2017 unquam
855 1940 1189 2000 recedamus
1217 1940 1292 1998 ab
1320 1940 1463 2019 ipso.
1549 1942 1644 1999 Ita
1669 1960 1787 2000 non
1831 1949 2054 2001 tantum
2103 1940 2409 2018 pollicetur
2410 1941 2606 2017 finan,
2639 1938 2744 1997 sed

321 2029 381 2079 01
407 2020 535 2098 ipsa
560 2023 763 2095 media,
796 2039 925 2096 quae
954 2020 1029 2078 ad
1050 2040 1182 2078 eum
1210 2023 1431 2096 ducunt,
1464 2040 1581 2080 non
1608 2028 1832 2081 tantum
1861 2021 2204 2080 beneficium
2238 2020 2376 2078 vitae
2405 2017 2515 2077 sub
2542 2018 2740 2077 condi-

322 2100 479 2159 tione
506 2100 691 2174 offert,
722 2099 881 2177 quod
908 2101 1016 2159 sub
1044 2100 1175 2177 lege
1202 2100 1529 2177 praestabat,
1573 2099 1678 2159 sed
1719 2102 1906 2179 ipsam
1955 2101 2128 2159 etiam
2158 2098 2546 2158 conditionem
2601 2118 2738 2157 00οω

321 2178 434 2239 fert
460 2188 519 2239 et
546 2180 765 2257 implet.
812 2180 894 2238 Ut
922 2178 1135 2239 frustra
1163 2180 1279 2239 sint
1308 2180 1802 2257 RemonstranteS,
1827 2180 1926 2259 qui
1942 2178 2382 2258 promissionem
2399 2175 2494 2235 hic
2511 2176 2742 2253 fingunt

322 2259 792 2319 conditionatam.
878 2260 1028 2317 Nam
1068 2268 1135 2318 ut
1182 2279 1298 2319 non
1348 2260 1535 2318 dicam
1580 2259 2020 2337 promissionem
2049 2257 2397 2319 conditionis
2425 2275 2542 2314 non
2567 2276 2740 2334 posse

320 2356 449 2398 0000
492 2338 959 2415 conditionatam,
988 2338 1127 2416 quia
1172 2338 1317 2399 01100
1365 2339 1622 2400 abiretur
1667 2340 1730 2399 in
1775 2339 2080 2416 infinitum,
2125 2344 2346 2397 certum
2388 2343 2478 2395 est
2519 2336 2740 2395 nullam

318 2438 491 2495 posse
518 2418 644 2478 dari
672 2418 1060 2478 conditionem
1088 2418 1256 2478 istius
1302 2419 1716 2498 promissionis,
1748 2440 1878 2499 quae
1905 2438 2024 2479 non
2051 2417 2340 2480 coincidet
2367 2435 2497 2477 cum
2525 2436 2586 2476 re
2615 2417 2743 2497 ipsa

318 2499 617 2577 promissa,
650 2498 806 2578 quod
827 2518 996 2558 nemo
1024 2518 1141 2558 non
1160 2499 1325 2559 videt
1352 2518 1478 2560 esse
1500 2500 1996 2595 absurdissimum.
2263 2580 2276 2596 ·
2316 2580 2330 2596 ⁸

318 2614 363 2663 δ’
378 2632 509 2721 ditm
516 2622 801 2724 &²3⁸3ss
840 2659 902 2717 10
923 2578 1259 2719 Ξ101Χο1111110
1271 2580 1723 2737 Ιέἓῖἳίιιὲἓῒιιιῗῐ
1741 2591 2195 2721 egregit-giezitam&
2211 2584 2742 2735 ᾱίιέἓραξῖἴόἒῖἰῗαῖεω

376 2738 599 2781 nexione.
844 2739 995 2798 Nam
1024 2738 1180 2817 quod
1210 2739 1446 2799 Ethnici
1473 2739 1545 2799 de
1575 2741 1780 2819 gratiis
1808 2742 1928 2800 suis
1971 2740 2122 2798 male
2149 2739 2232 2797 ita
2274 2738 2445 2797 dictis
2471 2737 2738 2814 perhibe·

319 2812 477 2889 bant,
509 2834 608 2874 eas
636 2835 927 2877 connexas
957 2838 1181 2897 semper
1208 2838 1353 2896 esse,
1399 2828 1460 2879 et
1504 2820 1741 2880 vinculo
1785 2819 2036 2897 quodam
2085 2815 2473 2875 indissolubili
2499 2816 2650 2874 inter
2677 2834 2741 2874 se

314 2894 567 2970 junctas,
611 2894 673 2953 id
714 2896 889 2975 longe
915 2899 1124 2976 potiori
1134 2900 1267 2977 jure
1283 2900 1345 2957 in
1356 2900 1559 2977 gratiis
1576 2899 1794 2959 divinis
1814 2900 2006 2958 locum
2027 2896 2240 2955 habere
2263 2893 2614 2953 censendum
2631 2903 2738 2971 est,

320 2981 387 3031 01
412 2992 707 3051 nunquam
736 2996 771 3034 a
800 2998 860 3036 se
888 2977 1138 3038 invicem
1159 2977 1361 3038 divelli
1388 2986 1619 3055 queant,
1651 2987 1711 3038 et
1737 2979 1838 3056 qui
1859 2977 2037 3037 semel
2064 2994 2238 3034 unam
2255 2972 2536 3048 habuerit,
2567 2972 2619 3031 is
2639 2992 2740 3033 ne-

320 3054 573 3113 00000110
616 3057 871 3116 omnium
912 3057 1145 3118 tandem
1194 3060 1271 3119 sit
1317 3058 1605 3152 particeps
1653 3058 1899 3119 futurus.
1985 3056 2118 3115 Hoc
2145 3073 2286 3113 vero
2313 3071 2430 3111 non
2458 3051 2632 3112 modo
2659 3072 2744 3112 ex·

320 3133 534 3192 amoris
560 3134 746 3193 divini
774 3138 1091 3199 aeternitate
1120 3138 1429 3214 colligitur,
1460 3156 1561 3215 001
1598 3138 1675 3197 ab
1719 3146 1934 3197 aeterno
1971 3136 2032 3197 in
2081 3143 2354 3195 aeternum
2387 3130 2737 3209 extenditur,

320 3212 396 3271 ab
425 3220 639 3273 aeterno
666 3216 887 3276 ratione
913 3218 1434 3296 praedestinationis
1462 3238 1497 3276 a
1515 3217 1710 3296 priori,
1759 3218 1822 3277 in
1871 3226 2148 3277 aeternum
2189 3214 2411 3275 ratione
2449 3213 2738 3292 glorifica-

318 3290 497 3352 tionis
542 3313 579 3352 0
621 3297 943 3373 posteriori,
1000 3298 1105 3358 sed
1150 3298 1438 3377 praecipue
1482 3318 1557 3357 ex
1606 3297 1828 3357 effectis
1873 3297 2044 3357 istius
2101 3295 2330 3371 amoris,
2386 3314 2516 3372 quae
2577 3292 2736 3353 Deus

320 3372 592 3433 fidelibus
620 3375 740 3434 suis
768 3378 1168 3452 communicat,
1200 3398 1330 3456 quae
1360 3377 1682 3455 Apostolus
1725 3377 1786 3436 in
1831 3377 2158 3436 admirabili
2184 3376 2288 3434 illa
2314 3382 2373 3435 et
2399 3394 2536 3433 vere
2564 3394 2738 3433 aurea

321 3452 525 3513 salutis
547 3462 750 3514 catena
768 3464 1045 3534 recenset,
1077 3458 1247 3517 Rom.
1277 3456 1399 3517 viii.
1430 3460 1526 3533 29,
1558 3460 1654 3534 30,
1684 3457 1788 3516 ubi
1803 3464 1998 3535 partes
2015 3475 2214 3515 omnes
2233 3454 2436 3515 salutis
2453 3454 2736 3532 complec-

318 3531 479 3608 titur,
510 3534 803 3613 Jnincipt'a
843 3536 905 3594 in
941 3537 1391 3615 praecognitione
1440 3545 1499 3596 et
1540 3535 2064 3614 praedestinatione,
2113 3536 2302 3594 media
2345 3534 2406 3591 in
2431 3534 2736 3593 vocatione

322 3619 382 3670 et
399 3612 831 3693 justificatione,
848 3622 1025 3689 finem
1053 3616 1302 3695 denique
1328 3618 1390 3675 in
1428 3616 1864 3694 glorificatione.
1949 3615 2060 3675 Isti
2081 3614 2234 3674 enim
2262 3614 2516 3690 quinque
2537 3613 2738 3671 annuli

320 3691 404 3751 ita
430 3702 849 3756 connectuntur
874 3696 1027 3755 10101·
1054 3716 1132 3773 00,
1155 3706 1239 3773 01,
1269 3696 1371 3775 001
1398 3716 1577 3755 unum
1617 3696 1812 3773 habet,
1843 3714 2043 3755 omnes
2069 3694 2282 3752 habere
2311 3693 2535 3765 debeat,
2555 3700 2615 3749 et
2642 3691 2738 3749 001

320 3790 473 3831 unus
500 3771 572 3832 de
602 3783 707 3850 est,
732 3795 932 3837 omnes
978 3777 1195 3853 pariter
1242 3778 1302 3835 in
1330 3796 1399 3836 eo
1447 3776 1884 3852 desiderentur;
1931 3778 1968 3810 “
1987 3775 2148 3849 Quos
2194 3770 2593 3851 praecognovit
2635 3788 2736 3828 eos

318 3851 770 3931 praedestinavit,
801 3876 947 3933 quos
974 3856 1409 3933 praedestinavit
1436 3875 1537 3915 eos
1562 3856 1815 3933 vocavit,
1845 3874 1992 3934 quos
2013 3852 2248 3912 vocavit
2263 3871 2364 3910 eos
2374 3849 2735 3927 justificavit,

319 3940 379 3990 et
406 3951 553 4008 quos
564 3934 911 4010 justificavit
927 3936 1332 4014 glorificavit.’'
1394 3936 1567 3996 Unde
1594 3944 1662 3996 ut
1689 3956 1858 3995 nemo
1883 3942 2076 4013 potest
2093 3930 2419 4011 glorificari,
2449 3928 2588 4005 quin
2609 3929 2736 4005 jus·

320 4010 588 4088 tificatuS,
618 4022 879 4092 vocatus,
909 4014 1368 4095 praedestinatus,
1394 4024 1453 4076 et
1467 4016 1859 4096 praecognitus
1900 4014 2108 4089 fuerit3
2151 4030 2320 4069 nemo
2352 4008 2564 4087 pariter
2587 4028 2738 4085 prae-

320 4092 591 4168 cognosci
620 4102 812 4171 potest
838 4104 897 4154 et
923 4096 1335 4173 praedestinari,
1364 4097 1603 4173 quinon
1653 4099 1729 4156 sit
1755 4095 2072 4156 certissime
2101 4088 2529 4169 glorificandus.
2617 4087 2737 4149 Sed

319 4170 388 4245 si,
445 4171 603 4248 quod
646 4176 994 4249 pertendunt
1030 4175 1363 4252 adversarii,
1410 4176 1645 4254 quidam
1691 4196 1766 4235 ex
1808 4176 1958 4235 libro
1995 4173 2134 4231 vitae
2175 4168 2433 4246 expungi
2477 4175 2731 4245 possent,

316 4250 468 4309 male
495 4251 610 4310 ista
635 4253 915 4314 beneficia
960 4256 1045 4315 ita
1091 4262 1456 4315 connecteret
1504 4255 1740 4329 Paulus,
1788 4262 1855 4313 ut
1894 4250 2456 4332 praedestinationem
2486 4247 2731 4324 vocatio,

318 4332 681 4390 vocationem
708 4334 1067 4411 justificatiO,
1106 4334 1579 4412 justificationem
1608 4334 1950 4410 glorificatio
1977 4328 2302 4389 necessario
2329 4334 2729 4404 consequatur,

318 4411 550 4487 quando
577 4412 743 4473 fieret
770 4424 835 4473 ut
861 4414 1096 4492 quidam
1123 4412 1535 4492 praedestinati,
1578 4414 1676 4471 vel
1717 4432 1834 4470 non
1881 4416 2241 4485 vocarentur,
2271 4408 2368 4467 vel
2396 4408 2588 4468 vocati
2614 4428 2742 4468 0011

318 4490 795 4567 glorificarentur.
884 4496 1189 4572 Pei-peram
1217 4492 1390 4552 etiam
1413 4491 1552 4550 alibi
1582 4491 1801 4549 Paulus
1829 4489 2168 4567 principium
2190 4508 2320 4547 cum
2348 4488 2462 4548 fine
2490 4489 2744 4567 conjun-'

318 4570 511 4646 gendo
540 4572 773 4648 diceret,
804 4576 1147 4634 Elec-tionem
1174 4580 1481 4631 assecutam
1510 4590 1640 4646 esse,
1661 4570 1722 4629 id
1750 4580 1855 4642 est,
1879 4570 2094 4629 electos
2121 4569 2440 4629 obtinuisse
2469 4570 2730 4644 salutem,

322 4650 571 4710 C'aeeeros
598 4672 730 4713 vero
759 4656 1093 4731 occalluisse,
1128 4654 1295 4713 Rom.
1326 4653 1406 4711 xi.
1440 4654 1494 4711 7.
1542 4651 1640 4711 Sic
1657 4670 1764 4711 nec
1789 4651 1948 4711 Deus
1975 4650 2334 4729 propositum
2366 4648 2746 4727 praedestina-i
