3234 5192
296 390 527 430 msrt‘r.
562 368 721 452 vnn]
1034 390 1261 433 nosraa
1286 390 1368 431 aa
1398 390 1680 433 sconsam
1711 392 1979 434 nomana,
2594 378 2706 435 135

290 528 520 589 diffiteri
551 530 857 607 Pontificii,
886 532 1065 593 etiam
1090 554 1165 593 ex
1188 552 1293 591 sua
1317 533 1646 611 hypothesi,
1677 533 1814 593 dum
1843 532 2190 612 baptismum
2212 542 2470 593 nostrum
2494 553 2705 611 agnos·

297 619 435 669 cunt
462 630 590 670 esse
616 630 837 685 verum,
870 613 1048 671 semel
1095 613 1554 673 administratum
1605 633 1722 672 non
1771 614 2048 690 iterando,
2079 615 2179 691 qui
2207 624 2399 672 tamen
2429 614 2708 675 Ecclesia

296 709 449 749 verae
470 710 679 750 nomen
708 692 877 751 nobis
905 693 1272 752 tribuendum
1302 712 1429 751 esse
1458 693 1666 753 acriter
1692 704 1926 771 negant.
2471 702 2484 715 ‘

381 770 502 829 IX.
546 772 647 829 Ad
675 772 906 831 tertium
935 792 1085 851 resp.
1116 774 1251 832 licet
1282 773 1545 832 Ecclesia
1590 772 1853 832 Romana
1879 773 2052 833 fuerit
2081 773 2218 832 olim
2249 793 2390 833 vera
2419 774 2704 849 Ecclesia,

297 868 473 927 quum
503 851 578 908 ad
604 870 729 910 eam
762 852 990 929 scripsit
1021 851 1447 931 Apostolus,'et
1472 853 1618 911 fides
1659 857 1789 931 ejus
1827 863 1949 913 toto
1978 853 2378 911 celebrabatur
2405 854 2559 926 orbe,
2591 873 2709 911 non

299 929 559 1005 sequitur
584 950 709 989 eam
738 951 933 990 veram
958 952 1084 991 esse
1113 934 1425 991 etiamnum
1454 932 1659 1007 hodie;
1691 934 1858 1010 quasi
1885 933 2253 1011 privilegium
2282 933 2712 991 infallibilitatis

296 1008 383 1065 illi
412 1020 715 1087 competat,
747 1022 813 1070 ut
839 1032 945 1071 nec
973 1013 1249 1073 erraverit
1274 1031 1547 1089 unquam,
1577 1032 1685 1072 nce
1713 1032 1902 1071 errare
1923 1015 2190 1091 potuerit,
2219 1013 2377 1089 quod
2403 1013 2710 1071 falsissime

298 1088 395 1146 hie
431 1107 655 1167 semper
682 1100 1027 1167 supponunt.
1114 1092 1315 1169 Neque
1345 1092 1439 1151 hic
1487 1092 1896 1170 reponendum,
1935 1092 2018 1151 sic
2059 1093 2259 1151 inanes
2303 1092 2424 1151 fore
2467 1094 2708 1169 promis·

302 1166 493 1227 siones
512 1169 789 1228 Ecclesiae
808 1171 1005 1247 factas,
1029 1172 1185 1247 quod
1214 1192 1387 1249 supra
1412 1182 1636 1248 petram
1657 1173 1734 1232 sit
1762 1172 2060 1245 aedificata,
2075 1172 2344 1249 quodque
2369 1186 2546 1249 portae
2568 1172 2712 1231 infe-

298 1266 491 1306 rorum
520 1248 799 1308 adversus
826 1251 1007 1329 ipsam
1036 1272 1150 1310 non
1180 1252 1299 1310 sint
1320 1251 1720 1329 praevaliturae.
1807 1252 1858 1309 H
1871 1272 1952 1311 oec
1980 1252 2132 1311 enim
2183 1262 2242 1310 et
2285 1252 2496 1310 similia
2523 1252 2716 1329 elogia

302 1327 583 1386 Ecclesiae
605 1330 901 1389 catholicoe
929 1340 987 1389 et
1014 1332 1291 1390 invisibili
1320 1332 1630 1391 electorum
1675 1342 2026 1409 competunt,
2076 1352 2206 1408 quae
2249 1350 2355 1390 nec
2383 1332 2576 1390 deficit
2605 1352 2711 1391 un-

300 1425 494 1483 quam,
524 1426 631 1466 nec
659 1408 902 1468 deficere
928 1421 1117 1489 potest
1142 1412 1414 1471 totaliter.
1462 1410 1577 1470 Sed
1606 1412 1756 1471 male
1785 1411 1859 1470 ad
1901 1422 2110 1471 coetum
2141 1411 2392 1488 aliquem
2421 1411 2710 1471 visibilem

299 1486 703 1563 particularem
732 1489 1105 1567 applicantur,
1136 1512 1267 1550 cum
1296 1492 1491 1551 nullus
1519 1491 1654 1550 talis
1681 1491 1865 1565 detur,
1897 1492 1994 1568 qui
2025 1490 2268 1549 deficere
2295 1509 2410 1548 non
2434 1492 2634 1568 possit,
2655 1500 2716 1552 et

300 1584 419 1623 non
446 1586 659 1643 paucos
688 1568 964 1629 defecisse
993 1571 1273 1648 exemplis
1302 1572 1479 1631 variis
1506 1571 1734 1648 probari
1764 1572 1962 1648 possit,
1987 1571 2121 1629 etin
2145 1570 2344 1629 Veteri
2367 1580 2426 1629 et
2455 1571 2510 1627 in
2543 1571 2712 1629 Novo

300 1644 689 1707 Testamenta
734 1648 787 1706 N
792 1670 865 1707 on
877 1650 1029 1727 quod
1044 1672 1177 1709 vere
1188 1650 1390 1709 fideles
1400 1651 1896 1727 etelectiunquam
1911 1651 2134 1729 possint
2152 1649 2394 1709 deficere
2406 1651 2499 1708 vel
2520 1651 2712 1710 totali-

300 1733 389 1784 ter
411 1727 504 1785 vel
526 1727 789 1804 finaliter,
821 1730 923 1788 sed
944 1730 1083 1807 quia
1103 1741 1287 1791 coetus
1309 1731 1586 1802 visibiles,
1602 1731 1882 1807 inquibus
1892 1729 2309 1807 deguntelccti,
2325 1741 2567 1807 possunt
2589 1751 2712 1788 cor·

298 1806 487 1883 rumpi
514 1817 769 1883 eatenus,
794 1819 859 1868 ut
885 1830 992 1869 nec
1020 1830 1165 1887 pura
1191 1810 1439 1887 amplius
1466 1811 1725 1869 obtineat
1753 1811 1914 1869 verbi
1946 1809 2293 1888 praedicatiO,
2318 1830 2425 1868 nec
2455 1809 2714 1887 legitima

299 1885 612 1946 retineatur
638 1902 1123 1949 sacramentorum
1152 1891 1589 1949 administratio,
1675 1891 1846 1949 Alias
1887 1891 1936 1949 si
1981 1890 2127 1948 ratio
2155 1889 2328 1947 allata
2359 1890 2594 1963 valeret,
2627 1910 2718 1948 se·

300 1976 587 2042 queretur,
616 1986 803 2045 neque
834 1970 1157 2029 Ecclesiam
1206 1970 1585 2029 Israeliticam
1623 1972 1878 2047 potuisse
1925 1988 2180 2047 unquam
2210 1968 2471 2041 deficere,
2503 1984 2562 2027 et
2589 1968 2714 2027 fieri

300 2046 675 2122 meretricem,
706 2049 843 2125 quia
870 2049 1059 2110 fuerat
1104 2059 1274 2109 antea
1314 2070 1453 2109 vera
1483 2050 1784 2125 Ecclesia3
1828 2058 1887 2109 et
1916 2049 2210 2109 Ecclesiae
2239 2049 2548 2122 Asiaticas,
2580 2069 2712 2126 quas

300 2122 437 2182 olim
466 2125 697 2185 fuerunt
726 2148 879 2187 verae
908 2130 1186 2189 Ecclesiae
1215 2129 1447 2207 Christi,
1477 2149 1602 2189 esse
1633 2130 1944 2189 etiamnum
1975 2128 2145 2188 hodie
2168 2128 2330 2203 tales,
2361 2128 2518 2205 quod
2545 2148 2714 2187 nemo

297 2222 414 2261 non
443 2204 604 2265 videt
631 2227 757 2267 esse
785 2209 1279 2268 absurdissimum.

382 2283 465 2343 X.
509 2284 729 2344 Verum
759 2287 933 2363 dices,
950 2288 997 2347 si
1010 2288 1203 2366 aliqua
1224 2290 1317 2348 hic
1338 2278 1581 2349 inutatio
1598 2288 1860 2366 contigit,
1885 2288 2098 2349 debent
2115 2308 2254 2366 ergo
2265 2288 2555 2367 designari
2581 2308 2718 2347 auc·

298 2373 469 2439 tores,
498 2384 601 2443 per
621 2386 785 2444 quos,
816 2378 875 2427 et
902 2378 1220 2445 temporum
1254 2381 1557 2443 momenta,
1578 2370 1790 2447 quibus
1807 2370 1960 2428 facta
1975 2380 2082 2429 est.
2131 2369 2244 2429 Sed
2269 2370 2428 2429 nulla
2454 2377 2544 2427 est
2570 2370 2716 2428 ratio

300 2464 430 2583 quae
458 2466 565 2505 nos
592 2466 661 2505 eo
690 2445 925 2524 adigat3
971 2449 1135 2524 quasi
1164 2449 1222 2506 in
1254 2449 1468 2507 infelici
1498 2450 1678 2508 seculi
1706 2450 1880 2527 hujus
1909 2450 2253 2523 conditione,
2293 2450 2352 2507 in
2383 2468 2499 2526 quo
2527 2451 2716 2526 quoti-

342 2525 393 2583 ie
421 2526 613 2584 omnia
640 2526 701 2585 in
728 2528 894 2604 pejus
923 2548 1085 2587 ruere
1116 2528 1398 2603 videmus,
1430 2550 1497 2588 ac
1526 2539 1679 2589 retro
1709 2528 1981 2606 sublapsa
2010 2529 2224 2601 referri,
2265 2530 2440 2588 varioe
2469 2549 2582 2587 non
2615 2548 2708 2589 oe-

302 2614 532 2664 currant
560 2606 803 2665 subinde
846 2608 1209 2683 mutationes,
1258 2628 1497 2686 quarum
1541 2630 1728 2686 neque
1774 2620 2019 2685 tempus,
2063 2628 2252 2686 neque
2300 2609 2480 2677 locus,
2531 2628 2719 2686 neque

300 2685 471 2821 primi
518 2696 783 2745 auctores
830 2698 1095 2746 accurate
1143 2689 1439 2747 observari
1486 2699 1732 2767 possunt
1750 2692 1779 2747 1>
1861 2690 2005 2761 Quis
2045 2689 2196 2746 enim
2227 2687 2458 2764 ignorat
2489 2688 2718 2747 Satanae

346 2784 455 2822 une
484 2784 610 2825 esse
638 2776 845 2840 astum,
876 2776 1078 2825 utnon
1100 2767 1347 2827 interdiu
1373 2768 1475 2829 sed
1496 2779 1692 2842 noctu,
1717 2768 2134 2826 dormientibus
2163 2768 2490 2825 hominibus
2518 2778 2576 2825 et
2605 2788 2720 2825 non

302 2843 753 2919 advertentibus,
784 2847 1005 2905 zizania
1033 2867 1138 2905 sua
1158 2858 1311 2907 serat
1330 2851 1360 2907 P
1441 2848 1584 2923 Quis
1612 2848 1798 2906 nescit
1825 2848 1973 2905 hanc
2002 2866 2128 2905 esse
2147 2856 2484 2904 novatorum
2517 2856 2718 2923 artem,

302 2931 369 2981 ut
397 2924 623 2983 facilius
651 2946 935 2985 venenum
968 2948 1134 2987 suum
1164 2937 1223 2986 et
1249 2947 1469 2986 errores
1497 2928 1807 2999 insinuent,
1839 2935 1904 2985 ut
1929 2945 2046 2983 non
2075 2935 2268 3002 aperte
2297 2937 2354 2984 et
2383 2924 2589 3001 palam,
2617 2927 2716 2984 sed

302 3002 452 3060 clam
482 3013 540 3061 et
568 3004 807 3063 subdole
836 3011 1061 3083 agant?
1105 3017 1169 3065 ut
1216 3006 1447 3066 difficile
1496 3008 1588 3081 sit,
1637 3026 1710 3065 ne
1755 3006 1939 3063 dicam
1983 3004 2353 3083 impossibile,
2387 3006 2568 3081 prima
2599 3024 2719 3062 rno-

302 3091 499 3141 menta
526 3097 741 3157 notare,
771 3086 982 3162 quibus
1011 3088 1299 3165 corruptio
1328 3088 1523 3163 aliqua
1570 3087 1762 3164 coepit,
1791 3086 1930 3143 licet
1958 3094 2072 3143 tam
2099 3085 2174 3143 sit
2200 3095 2398 3160 aperta
2427 3096 2490 3143 ut
2517 3086 2718 3161 negari

301 3172 569 3239 nequeat.
656 3164 870 3224 Verum
900 3167 1041 3243 quid
1082 3187 1227 3245 opus
1269 3177 1533 3225 auctores
1582 3167 1676 3224 vel
1725 3176 1985 3242 tempora
2031 3165 2302 3239 indicare,
2335 3164 2504 3223 modo
2533 3164 2604 3224 de
2635 3165 2718 3225 rei

300 3242 545 3302 veritate
573 3254 795 3303 constet
816 3248 845 3305 ?
926 3248 1043 3323 An,
1075 3260 1141 3305 ut
1168 3246 1401 3324 probem
1432 3256 1489 3305 te
1518 3256 1680 3323 peste
1709 3256 2030 3323 correptum
2081 3264 2225 3317 esse,
2257 3245 2350 3303 vel
2383 3246 2576 3322 aliquo
2605 3245 2720 3305 alio

300 3322 519 3399 morb0,
551 3344 785 3383 neeesse
813 3336 903 3385 est
930 3337 996 3385 ut
1024 3327 1277 3399 doceam,
1304 3346 1419 3403 quo
1443 3338 1733 3385 momento
1751 3326 2004 3385 exitialis
2021 3325 2118 3383 illa
2141 3324 2268 3385 lues
2297 3327 2530 3403 coeperit
2552 3346 2714 3403 gras·

302 3402 449 3475 sari;
493 3422 683 3463 nonne
714 3405 924 3464 sufficit
967 3415 1031 3464 ut
1079 3405 1377 3465 ostendam
1428 3406 1770 3465 indubitatis
1818 3406 2191 3483 argumentis,
2234 3417 2291 3465 te
2321 3408 2484 3483 gravi
2515 3406 2624 3465 hoc
2659 3419 2719 3467 et

299 3478 497 3539 lethali
528 3485 729 3544 morbo
756 3484 1014 3544 laborare
1034 3489 1064 3545 P
1104 3497 1163 3545 et
1189 3506 1379 3545 nonne
1408 3486 1718 3546 ludibrium
1734 3486 1984 3554 deberet,
2010 3486 2107 3563 qui
2129 3487 2200 3544 de
2223 3486 2502 3563 principio
2531 3488 2716 3545 moibi

302 3562 492 3637 potius
521 3564 819 3641 cogitaret,
850 3586 1022 3642 quam
1072 3566 1145 3624 de
1174 3566 1427 3625 remedio
1476 3566 1730 3639 salutari,
1772 3566 1928 3643 quod
1977 3566 2236 3625 adhiberi
2287 3565 2460 3624 debet
2487 3566 2558 3623 ad
2590 3568 2716 3643 ejus

302 3642 655 3701 curationem
674 3648 703 3703 ἱ)
784 3645 901 3718 An,
933 3656 999 3703 ut
1026 3646 1411 3705 demonstrem
1442 3657 1499 3706 te
1529 3666 1721 3705 senem
1753 3665 1898 3720 esse,
1931 3666 2076 3723 opus
2103 3656 2194 3704 est
2221 3655 2284 3703 ut
2313 3644 2567 3716 doceam,
2599 3665 2714 3720 quo

300 3735 590 3782 momento
612 3725 889 3803 coeperint
918 3727 1116 3802 primae
1144 3746 1416 3803 apparere
1446 3747 1603 3803 rugae
1633 3727 1690 3783 in
1721 3726 1884 3798 facie,
1916 3735 2016 3785 aut
2043 3727 2196 3783 vires
2224 3735 2338 3783 tuoe
2367 3724 2626 3781 inclinari
2659 3735 2718 3783 ct

298 3810 809 3879 temperamentum
840 3806 1171 3882 eorrumpi?
1254 3806 1459 3865 Nonne
1481 3808 1574 3865 hic
1604 3806 1746 3865 satis
1775 3818 1878 3879 cst,
1902 3815 1967 3864 ut
1995 3804 2279 3863 conferam
2313 3804 2714 3879 corpusculum

297 3891 458 3941 tuum
484 3886 605 3961 jam
637 3905 933 3963 exsangue
961 3898 1019 3944 et
1047 3886 1205 3943 humi
1249 3906 1521 3945 cernuum
1568 3906 1696 3944 curn
1729 3905 1964 3962 corpere
1993 3896 2093 3943 tuo
2122 3882 2256 3942 olim
2288 3894 2499 3956 vegeto
2527 3892 2584 3940 et
2613 3882 2717 3940 flo-

298 3964 464 4036 renti,
495 3974 561 4023 ut.
589 3966 847 4025 evincam
881 3985 1147 4041 magnam
1188 3966 1245 4022 in
1294 3978 1351 4023 te
1394 3968 1599 4024 factam
1651 3966 1829 4023 fuisse
1873 3963 2300 4023 mutationem?
2383 3961 2544 4019 Licet
2574 3982 2714 4040 ergo

297 4042 500 4102 talium
531 4046 975 4122 corruptelarum
1001 4046 1241 4121 originis
1269 4057 1619 4104 momentum
1652 4044 1890 4103 iudicari
1940 4045 2175 4120 praecise
2203 4062 2318 4099 non
2361 4054 2570 4117 posset,
2596 4062 2714 4100 non

296 4134 601 4201 propterea.
628 4138 963 4203 sequeretur
989 4144 1089 4183 eas
1116 4124 1305 4184 nullas
1333 4144 1476 4198 esse,
1510 4126 1603 4183 vel
1653 4124 1799 4183 salso
1848 4144 1881 4181 a
1929 4123 2098 4181 nobis
2128 4121 2404 4180 Ecclesiae
2435 4121 2712 4180 Romanae

295 4204 511 4279 tribui;
556 4206 693 4282 quia
719 4225 834 4265 non
863 4205 1140 4281 quaeritur
1164 4204 1277 4278 hic,
1308 4205 1539 4281 quando
1587 4205 1722 4263 talis
1765 4204 1914 4261 sacta
1953 4202 2123 4261 fuerit
2169 4200 2474 4276 corruptio,
2506 4200 2606 4258 sed
2637 4222 2710 4261 an

294 4303 500 4343 resera
526 4286 661 4345 talis
688 4286 1166 4364 deprehendatur,
1198 4284 1355 4361 quod
1382 4304 1497 4343 non
1520 4304 1590 4342 ex
1636 4283 1891 4342 historiae
1935 4280 2146 4339 veteris
2173 4281 2575 4352 monumentis,
2609 4282 2712 4342 secl

294 4384 369 4423 cx
400 4376 586 4425 status
616 4368 913 4442 proesentis
942 4364 1416 4437 consideratione,
1448 4364 1646 4442 colligi
1676 4372 1882 4439 potest.
1944 4361 2065 4419 Nec
2087 4359 2199 4417 alia
2225 4359 2333 4417 suit
2353 4360 2561 4420 Clu-isti
2591 4362 2707 4421 Do-

295 4444 438 4503 mini
466 4446 647 4505 nostri
678 4447 735 4505 in
766 4445 1181 4523 redarguendis
1230 4444 1517 4503 erroribus
1562 4444 1892 4503 Scribarum
1938 4450 1998 4499 et
2047 4439 2462 4498 Pharisaeorum
2495 4444 2708 4520 agendi

296 4525 461 4585 rati0.
546 4527 645 4584 An
672 4528 771 4587 ille
816 4529 911 4587 vel
942 4536 1223 4599 auctores,
1254 4526 1347 4583 vel
1388 4525 1565 4598 locos,
1616 4523 1712 4581 vel
1756 4532 2030 4599 tempora,
2075 4519 2285 4596 quibus
2315 4520 2458 4579 tales
2487 4542 2708 4583 errores

293 4606 510 4668 invecti
538 4620 702 4667 erant
729 4610 787 4666 in
822 4608 1159 4677 Ecclesiam,
1191 4615 1467 4679 recenset,
1511 4624 1628 4681 quo
1649 4614 1840 4661 tamen
1869 4619 2037 4660 nemo
2063 4600 2270 4659 melius
2299 4600 2408 4661 hoc
2436 4614 2706 4679 praestare

290 4688 499 4771 potuit,
528 4690 627 4767 qui
656 4692 851 4753 omnia
876 4686 1259 4748 mutationum
1286 4695 1579 4747 momenta
1604 4691 1847 4744 noverat
1863 4681 2286 4743 accuratissime
2305 4684 2335 4741 ‘a'
2418 4683 2578 4742 Nihil
2599 4684 2705 4742 mi-
