3234 5192
520 330 639 387 498
1113 342 1193 381 m:
1224 338 1704 381 sarrai-aerioma
1731 339 1968 381 camsi-1
1997 338 2319 379 vamum-s.
2525 319 2787 401 [msrur.
2817 340 2926 383 xv.

528 487 617 545 ita
642 484 757 543 sub
783 484 893 541 illa
917 480 1111 556 prima
1128 480 1288 557 exio-u
1316 499 1467 555 opus
1487 486 1576 539 est
1600 497 1779 555 poena
1803 478 2185 553 castigatoria
2211 478 2290 535 ad
2315 479 2652 539 tollendum
2670 489 2928 553 reatum,

528 564 595 621 in
620 565 738 621 ista
762 579 905 619 vero
933 558 1229 617 livoribus
1259 567 1320 617 et
1344 560 1537 634 plagis
1564 560 1757 617 utitur
1783 557 2138 615 mirabiliter
2164 557 2243 613 ad
2270 557 2586 615 sanitatem
2613 561 2927 618 restituen-

520 642 663 699 dam
687 663 699 699 :
743 656 885 697 asari
913 638 1035 696 sive
1059 637 1268 714 μάλοψ
1296 640 1438 699 livor
1456 644 1561 709 est,
1590 637 1676 695 id.
1692 638 2010 694 verberum
2035 635 2098 691 in
2121 641 2257 692 cute
2282 635 2619 711 vestigium,
2648 638 2746 694 vel
2773 638 2930 697 cutis

520 738 596 777 ex
642 715 981 776 incussione
1032 718 1355 777 vulnerum
1402 716 1704 790 sugillata,
1735 713 1890 772 Lati.
1924 714 2139 784 Vibex,
2167 722 2227 771 et
2264 719 2528 787 metony.
2555 732 2668 788 pro
2695 716 2935 773 vulnere

518 797 783 873 ponitur,
811 795 956 868 quia
982 812 1021 851 a
1046 797 1295 853 vulnere
1320 794 1598 870 provenit
1645 801 1706 851 et
1730 793 1784 867 ej
1793 811 1862 850 us
1889 798 2034 849 nota
2073 798 2162 849 est
2187 799 2248 850 et
2273 792 2598 866 vestigium
2622 815 2635 850 :
2679 794 2828 851 dicit
2853 794 2926 852 E.

524 874 829 933 Christum
856 872 1169 931 sanitatem
1197 874 1370 931 nobis
1396 872 1668 931 attulisse
1693 870 1888 945 plagis
1909 869 2048 939 suis,
2078 870 2328 927 livorem
2355 869 2488 943 ejus
2514 878 2779 929 nostram
2803 871 2930 931 fac-

522 959 655 1010 tum
673 951 857 1009 fuisse
884 950 1260 1021 medicinam,
1288 952 1421 1025 ejus
1447 950 1685 1008 dolores
1711 956 1978 1006 nostram
2005 948 2336 1017 sanitatem,
2355 948 2408 1021 ej
2416 967 2488 1005 us
2513 950 2767 1007 vulnera
2793 951 2930 1007 vul-

524 1048 737 1087 nerum
764 1034 1107 1085 nostrorum
1134 1030 1541 1103 emplastrum.
1586 1026 1742 1095 Quae
1769 1044 1912 1083 sane
1937 1026 2208 1083 salvandi
2235 1026 2388 1083 ratio
2416 1044 2488 1084 eo
2515 1028 2932 1085 admirabilior

525 1107 717 1165 videri
742 1106 919 1165 debet
945 1108 1111 1180 quod
1138 1124 1214 1165 ex
1238 1107 1381 1181 ipsis
1408 1106 1581 1163 malis
1626 1104 1844 1162 nostris
1878 1103 2208 1161 remedium
2251 1104 2538 1162 adversus
2564 1123 2636 1162 ea
2664 1106 2926 1164 salutare

524 1186 693 1261 petit,
720 1191 781 1242 et
808 1184 1135 1242 Diabolum
1162 1184 1283 1243 illis
1310 1185 1451 1260 ipsis
1478 1185 1663 1242 armis
1689 1180 1907 1257 quibus
1933 1200 2044 1239 nos
2071 1180 2370 1238 devicerat
2386 1183 2682 1241 debellat:
2713 1183 2926 1241 Pecca-

525 1271 659 1321 tum
704 1268 957 1319 mortem
1004 1263 1177 1321 nobis
1212 1263 1521 1332 intulerat,
1549 1268 1613 1319 at
1645 1260 1915 1320 Christus
1961 1258 2268 1317 moriendo
2317 1266 2570 1318 mortem
2607 1262 2797 1336 ipsam
2823 1264 2928 1321 de-

528 1341 769 1412 struxit,
794 1348 855 1397 et
878 1348 1189 1415 peccatum
1228 1340 1509 1410 abolevit,
1531 1340 1690 1397 Heb.
1718 1338 1780 1394 ii.
1814 1337 1905 1408 14,
1935 1336 2114 1395 Rom.
2135 1337 2217 1394 vi.
2247 1339 2318 1405 ὃς
2362 1336 2492 1394 Lex
2517 1340 2924 1397 maledictioni

527 1420 745 1478 divinae
766 1437 878 1475 nos
906 1419 1307 1493 mancipabat,
1335 1426 1399 1476 at
1444 1436 1551 1494 per
1575 1415 2054 1475 maledictionem
2091 1414 2516 1474 benedictionis
2543 1418 2793 1476 eoelestis
2819 1436 2928 1475 au·

527 1500 667 1557 thor
706 1495 878 1553 nobis
902 1496 1035 1567 fuit,
1063 1505 1124 1555 et
1150 1498 1237 1555 ita
1260 1497 1325 1554 in
1368 1514 1542 1554 cruce
1570 1494 1751 1569 Legis
1793 1493 2257 1567 chirographum
2285 1493 2524 1563 delevit,
2553 1502 2624 1553 ut
2649 1497 2823 1554 nulla
2848 1496 2928 1553 sit

528 1575 789 1649 amplius
815 1574 1097 1633 adversus
1122 1594 1233 1633 nos
1260 1574 1698 1643 condemnatio,
1731 1571 1865 1630 Gal.
1893 1570 1976 1627 iii.
2008 1571 2100 1641 13,
2124 1570 2252 1630 Col.
2281 1570 2342 1628 ii.
2367 1570 2456 1640 14,
2488 1569 2663 1630 Rom.
2693 1574 2815 1630 viii.
2849 1574 2880 1630 1
2907 1595 2926 1643 ;

529 1652 824 1710 Diabolus
852 1651 1237 1711 saevissimam
1264 1670 1437 1709 suam
1483 1650 1862 1725 tyrannidem
1897 1668 2004 1723 per
2029 1657 2259 1707 metum
2285 1648 2492 1707 mortis
2520 1649 2580 1705 in
2609 1668 2716 1706 nos
2757 1668 2930 1707 exer-

528 1730 716 1798 cebat,
746 1735 805 1785 et
836 1728 1105 1787 Christus
1132 1730 1195 1786 in
1220 1736 1414 1787 morte
1441 1729 1587 1803 ipsa,
1626 1746 1761 1802 quae
1790 1727 2076 1784 ultimum
2100 1727 2221 1784 fuit
2250 1727 2484 1787 Satauae
2511 1745 2929 1801 propugnacu-

526 1809 675 1876 lum,
700 1806 1028 1864 Diabolum
1055 1807 1255 1881 ipsum
1280 1806 1555 1864 funditus
1584 1806 1808 1863 delevit
1832 1811 1894 1861 et
1936 1806 2010 1864 de
2037 1823 2109 1863 eo
2138 1804 2548 1879 triumphavit,
2579 1804 2706 1863 col.
2733 1806 2796 1863 ii.
2829 1806 2929 1876 15,

528 1885 688 1943 Heb.
718 1884 777 1941 ii.
812 1882 903 1954 14,
938 1885 1010 1942 15
1034 1905 1050 1955 ;
1093 1884 1369 1960 Denique
1395 1884 1754 1959 gravissima
1779 1883 2000 1941 seelera
2025 1890 2232 1941 nostra
2255 1884 2478 1941 lethale
2503 1882 2728 1939 vulnus
2755 1885 2932 1943 nobis

530 1964 875 2031 intulerant,
904 1969 965 2019 et
987 1981 1066 2019 ex
1094 1962 1235 2037 ipsis
1281 1962 1634 2021 vulneribus
1659 1970 1725 2021 ut
1751 1981 1826 2021 ex
1867 1962 1998 2035 ipsa
2022 1962 2231 2035 vipera
2257 1961 2582 2019 theriacam
2610 1962 2932 2021 saluberri-

528 2060 690 2099 mam
717 2042 797 2099 ad
824 2040 1195 2099 sanationem
1242 2048 1507 2099 nostram
1550 2040 1822 2111 confecit,
1851 2042 1998 2097 dum
2039 2040 2233 2114 plagis
2259 2039 2384 2097 suis
2409 2039 2772 2098 remissionis
2796 2060 2928 2115 pec-

530 2127 802 2179 catorum
842 2125 904 2177 et
942 2119 1421 2179 sanctificationis
1446 2119 1643 2179 fontes
1687 2118 1861 2177 nobis
1889 2118 2123 2192 aperuit
2147 2141 2160 2175 :
2202 2117 2336 2193 quis
2363 2134 2508 2190 ergo
2537 2136 2658 2175 non
2684 2119 2934 2179 miretur

530 2206 591 2257 et
614 2197 1075 2257 venerabundus
1104 2198 1387 2273 suspiciat
1412 2198 1830 2257 admirabilem
1855 2196 2024 2253 illam
2051 2195 2354 2271 sapientise
2383 2195 2604 2253 divinae
2633 2198 2926 2255 rationem

528 2294 651 2352 qua
666 2294 741 2333 ex
757 2275 929 2332 malis
955 2276 1133 2345 bona,
1154 2294 1227 2333 ex
1254 2276 1490 2333 miseria
1516 2276 1880 2345 felicitatem,
1897 2291 1972 2331 ex
1992 2274 2407 2331 maledictione
2435 2274 2928 2347 benedictionem,

530 2372 607 2411 ex
632 2359 823 2409 morte
851 2353 1056 2423 vitam,
1086 2360 1156 2409 ut
1183 2353 1325 2410 olim
1354 2372 1429 2410 ex
1456 2353 1716 2411 tenebris
1741 2353 1958 2422 lucem,
1987 2353 2236 2410 educere
2265 2351 2478 2411 novit?

612 2429 732 2486 VI.
780 2428 877 2485 Sic
921 2431 1215 2505 propheta
1259 2437 1511 2487 mortem
1543 2430 1766 2487 Christi
1807 2430 2056 2503 ejusque
2105 2448 2346 2487 causam
2387 2438 2519 2490 tum
2545 2430 2926 2504 impulsivam

530 2514 665 2563 tum
690 2506 933 2562 finalem
962 2506 1325 2575 connotavit,
1352 2508 1493 2564 inde
1522 2507 1883 2582 iniquitates,
1913 2508 2053 2565 hinc
2079 2526 2286 2582 pacem
2312 2514 2371 2565 et
2397 2508 2761 2565 sanationem
2787 2526 2928 2567 nos-

528 2592 683 2642 tram
706 2604 723 2653 ;
767 2582 858 2641 Ut
878 2591 1083 2642 autem
1111 2584 1327 2642 melius
1352 2586 1563 2659 infigat
1587 2585 1889 2643 mentibus
1915 2585 2228 2643 hominum
2255 2584 2604 2643 beneficium
2629 2587 2744 2643 hoc
2769 2605 2929 2644 mor-

530 2663 606 2721 tis
625 2660 843 2720 Christi
870 2662 1176 2735 eximium,
1206 2663 1465 2721 ostendit
1492 2681 1674 2739 quam
1701 2662 2026 2721 necessaria
2050 2664 2238 2721 fuerit
2257 2664 2417 2721 salus
2443 2663 2549 2720 illa
2564 2664 2736 2736 cujus
2755 2664 2932 2738 prius

528 2739 895 2798 mentionem
941 2742 1179 2813 fecerat,
1205 2746 1267 2798 et
1312 2760 1351 2799 a
1376 2760 1497 2816 quo
1523 2748 1864 2817 procurata,
1893 2739 2007 2797 nisi
2035 2742 2192 2799 enim
2219 2748 2522 2817 perspecta
2546 2740 2716 2799 nobis
2741 2741 2930 2800 fuerit

528 2818 767 2877 miseria
794 2823 855 2875 et
880 2820 1195 2877 necessitas
1220 2826 1441 2889 nostra,
1470 2838 1785 2895 nunquam
1811 2819 2214 2893 intelligemus
2236 2837 2419 2894 quam
2435 2821 2832 2895 expetendum
2853 2821 2930 2877 sit

528 2896 861 2956 remedium
884 2898 1050 2973 quod
1074 2897 1341 2957 Christus
1368 2898 1591 2968 attulit,
1620 2916 1816 2973 neque
1843 2914 1916 2954 ea
1942 2915 2076 2971 quae
2103 2915 2212 2972 par
2237 2904 2331 2955 est
2357 2898 2684 2957 reverentia
2709 2905 2769 2956 et
2793 2916 2929 2973 gra-

530 2975 791 3034 titudine
834 2994 1137 3035 summum
1164 2976 1321 3034 illud
1356 2976 1710 3036 beneficium
1741 2974 2120 3049 excipiemus,
2149 2976 2263 3033 nisi
2288 2975 2642 3050 primarium
2667 2976 2797 3050 ejus
2823 2995 2930 3034 au-

530 3055 765 3111 thorem
792 3054 1219 3129 intelligamus.
1273 3055 1491 3131 Itaque
1518 3062 1842 3129 utrumque
1891 3052 2148 3127 attingit,
2177 3072 2297 3110 ver.
2328 3054 2384 3125 6,
2414 3060 2475 3109 et
2495 3054 2660 3128 prius
2687 3056 2930 3130 quidem

532 3148 671 3187 cum
688 3133 791 3203 ait,
817 3138 851 3165 “
876 3132 1009 3190 Nos
1030 3150 1235 3192 omnes
1255 3140 1545 3209 tanquam
1566 3151 1707 3190 oves
1727 3150 1967 3202 errasse,
1992 3149 2288 3205 quemque
2306 3131 2367 3187 in
2385 3130 2544 3188 viam
2563 3150 2732 3191 suam
2751 3134 2932 3191 decliss-

530 3210 764 3277 nasse,’'
792 3208 875 3264 id.
904 3210 1166 3283 perditos
1194 3230 1397 3269 omnes
1422 3210 1609 3269 fuisse
1637 3212 1830 3267 donec
1855 3210 1932 3266 ab
1971 3210 2099 3283 ipso
2141 3208 2597 3280 vindicaremur,
2641 3211 2932 3285 posterius

531 3301 674 3339 vero
718 3302 852 3341 cum
901 3287 1070 3343 addit
1112 3292 1147 3320 “
1169 3288 1212 3346 J
1215 3290 1469 3346 ehovam
1514 3288 1848 3346 traduxisse
1881 3287 1944 3343 in
1971 3306 2112 3345 eum
2157 3294 2392 3345 nostras
2419 3287 2688 3345 omnium
2715 3289 2931 3363 iniqui-

532 3366 686 3417 tates
708 3361 763 3418 :''
793 3380 929 3436 quae
949 3364 1133 3419 verba
1148 3364 1437 3439 imprimis
1463 3365 1542 3422 ad
1560 3384 1687 3421 rem
1703 3372 1968 3423 nostram
1993 3366 2240 3435 faciunt,
2268 3371 2396 3422 tum
2419 3366 2563 3440 quia
2586 3364 2932 3441 iniquitates

532 3444 755 3497 nostrae
802 3438 1087 3497 dicuntur
1132 3441 1196 3498 in
1228 3441 1531 3499 Christum
1582 3441 1885 3517 traductae,
1916 3462 2040 3501 non
2083 3462 2222 3503 sane
2259 3444 2460 3518 quoad
2489 3444 2719 3519 culpam
2747 3463 2786 3501 a
2810 3464 2934 3519 qua

532 3516 817 3576 immunis
846 3516 949 3575 ille
978 3535 1207 3593 semper
1232 3518 1367 3589 fuit,
1388 3520 1492 3577 sed
1513 3520 1716 3596 quoad
1738 3532 1968 3579 reatum
1988 3528 2224 3581 tantum
2251 3530 2312 3579 et
2335 3540 2570 3595 poenam
2597 3540 2781 3596 quam
2809 3540 2934 3581 sus-

535 3594 723 3653 tinere
752 3602 961 3671 sponte
988 3595 1199 3667 voluit,
1228 3604 1358 3653 tum
1386 3600 1552 3670 quod
1577 3598 1872 3657 traductae
1901 3601 2178 3658 dicantur
2205 3620 2244 3655 a
2261 3600 2486 3657 Jehova
2513 3608 2812 3675 quatenus
2841 3620 2936 3659 sa—

532 3672 901 3749 pientissimo
930 3674 1175 3732 consilio
1222 3676 1331 3731 has
1377 3674 1469 3731 illi
1496 3696 1701 3751 poenas
1751 3685 1821 3736 ut
1859 3680 2052 3751 judex
2101 3678 2372 3753 sponsori
2399 3686 2604 3735 nostro
2631 3678 2935 3751 imposuit,

532 3751 689 3809 nihil
716 3754 877 3810 enim
903 3753 1017 3809 hac
1040 3752 1105 3809 in
1132 3758 1303 3827 parte
1330 3752 1561 3812 sactum
1587 3756 1664 3813 ab
1711 3757 1982 3815 hostibus
2011 3755 2230 3815 Christi
2257 3774 2440 3830 quam
2468 3758 2632 3831 quod
2663 3764 2698 3789 ‘⁴
2721 3774 2936 3814 manus

532 3838 595 3889 et
630 3832 947 3890 consilium
975 3829 1149 3901 Dei,'’
1176 3832 1257 3890 id.
1302 3832 1607 3891 decretum
1653 3835 2116 3895 efficacissimum
2144 3841 2206 3891 et
2229 3834 2727 3908 potentissimum,
2757 3842 2938 3893 antea

527 3910 911 3985 proeetiterat,
942 3908 1077 3971 Act.
1108 3909 1185 3967 iv.
1216 3908 1310 3967 28.
1376 3910 1497 3969 Hic
1522 3930 1666 3970 vero
1695 3913 2070 3971 adversarius
2095 3913 2339 3970 nullum
2365 3931 2488 3971 non
2515 3912 2782 3987 lapidem
2807 3932 2936 3971 mo-

532 3995 637 4048 vet
662 3995 733 4046 ut
757 3986 1092 4063 genuinum
1118 3988 1331 4047 horum
1357 3991 1678 4048 verborum
1705 4010 1946 4050 sensum
1971 3992 2145 4049 nobis
2170 3997 2542 4065 extorqueat,
2571 3991 2756 4049 aliam
2784 4010 2937 4067 prae-

531 4074 833 4141 posteram
880 4066 1423 4139 interpretationem
1467 4070 1965 4128 comminiscendo
2008 4069 2182 4144 quasi
2208 4068 2364 4127 nihil
2391 4069 2560 4126 aliud
2589 4070 2772 4127 vellet
2797 4088 2938 4143 pro-

530 4146 713 4220 pheta
733 4162 917 4221 quam
945 4148 980 4177 “
1004 4142 1203 4203 Deum
1224 4147 1538 4207 occurrisse
1558 4164 1667 4221 per
1686 4148 1882 4223 ipsum
1899 4149 1993 4205 vel
2017 4166 2154 4206 cum
2181 4148 2312 4223 ipso
2335 4146 2640 4223 iniquitati
2663 4148 2938 4205 omnium

532 4225 864 4295 nostrmn,'’
892 4240 1107 4299 nempe
1145 4232 1183 4261 ‘⁸
1204 4226 1628 4303 praedicatione
1654 4234 1716 4284 et
1740 4227 1906 4283 dulci
1933 4227 2313 4284 credentibus
2339 4226 2498 4283 sacta
2524 4225 2934 4302 promissione.

534 4299 651 4359 Sed
662 4301 1139 4378 corruptelahaec
1152 4324 1329 4381 perse
1339 4303 1588 4363 corruit:
1610 4305 1640 4361 1
1650 4349 1663 4361 .
1679 4304 1843 4375 Quia
1857 4313 2154 4380 repugnat
2169 4312 2372 4379 aperte
2382 4323 2501 4361 vox
2512 4304 2776 4363 Hebraea
2791 4322 2936 4362 :mm

532 4379 975 4455 conjugationis
1002 4380 1217 4457 Hiphil
1247 4403 1380 4459 quae
1417 4401 1539 4441 non
1574 4382 1816 4441 unicam
1844 4385 1946 4442 sed
1975 4384 2274 4457 duplicem
2303 4383 2598 4441 actionem
2625 4382 2938 4454 significat,
2991 4380 2998 4387 ’

536 4450 705 4525 Ideo,
734 4472 875 4515 cum
902 4478 985 4517 ἰι-
1016 4458 1078 4514 in
1106 4462 1231 4518 Kal
1256 4460 1491 4537 proprie
1534 4460 1613 4517 sit
1638 4481 1953 4534 occurrere,
1985 4462 2256 4535 sequitur
2282 4468 2353 4518 ut
2379 4478 2521 4519 mss
2549 4460 2614 4517 in
2643 4459 2830 4534 Hiph.
2862 4460 2942 4519 sit

522 4529 669 4602 fecit
688 4549 1022 4607 occurrere;
1047 4535 1199 4595 Cum
1222 4546 1423 4597 autem
1439 4538 1619 4596 alicui
1633 4546 1995 4613 occurratur,
2013 4540 2108 4597 vel
2127 4540 2190 4598 in
2209 4540 2440 4597 malum
2461 4539 2718 4597 nocendi
2737 4556 2939 4610 causa,

534 4605 632 4663 vel
650 4604 712 4664 in
746 4609 975 4669 bonum
1012 4614 1091 4671 ad
1118 4614 1601 4675 intercedendum
1623 4625 1684 4675 et
1703 4619 2144 4693 deprecandum
2172 4625 2242 4676 ut
2267 4616 2422 4695 infr„
2455 4635 2576 4676 ver.
2610 4616 2703 4691 12,
2746 4616 2936 4675 nurus&
