3234 5192
304 380 537 423 msrur.
568 360 731 443 vnn]
1058 379 1289 423 sosrua
1320 378 1398 419 An
1428 378 1710 421 accessu
1739 378 2007 421 nomm.
2617 361 2733 419 195

307 522 673 582 Pontificiam
722 520 965 581 obtinet.
1054 518 1171 577 Sed
1218 526 1283 579 ut
1323 519 1492 580 facile
1539 518 1997 599 respondebitur,
2044 529 2104 579 et
2149 518 2427 598 populum
2455 528 2514 581 et
2542 518 2726 579 cardi-

302 602 483 677 nales,
513 602 651 663 licet
680 601 844 679 Rege
874 608 933 660 et
962 599 1241 659 Pontifice
1289 598 1691 676 destituantur,
1736 599 1948 659 habere
1976 609 2168 660 tamen
2203 600 2304 676 jus
2332 598 2602 677 eligendi,
2647 600 2732 659 ita

305 681 380 739 de
404 681 573 740 laicis
602 680 912 739 dicendum
953 688 1057 753 est,
1104 698 1220 753 eos,
1250 678 1389 737 licet
1414 686 1676 756 pastores
1702 698 1820 737 non
1867 679 2000 755 sint,
2030 678 2243 738 habere
2284 687 2480 737 tamen
2498 680 2598 756 jus
2627 698 2728 739 eos

302 758 575 837 eligendi,
596 759 749 838 quia,
779 759 1047 837 quamvis
1074 758 1454 817 ministerium
1475 778 1591 816 non
1611 757 1864 817 habeant
1883 758 2076 836 quoad
2095 776 2264 818 usum
2292 767 2350 817 et
2370 757 2727 834 exercitium,

300 840 519 898 habent
547 848 740 898 tamen
768 838 963 917 quoad
982 839 1084 916 jus
1112 836 1454 913 collationis,
1500 858 1576 896 ex
1625 838 1985 897 institutione
2015 838 2247 913 Christi,
2279 838 2381 915 qui
2401 838 2725 897 Ecclesiam

304 918 491 978 voluit
517 919 629 977 hoc
651 920 785 996 jure
812 918 1044 976 donare.
1076 916 1162 976 Ut
1190 935 1327 975 sane
1357 917 1670 976 auctoritas
1697 916 2087 977 ministerialis
2112 916 2341 994 proprie
2369 926 2428 977 et
2453 916 2725 995 primario

302 1017 421 1056 non
448 1008 537 1057 est
557 1008 873 1075 pastorum,
904 997 1005 1091 qui
1034 1015 1161 1057 eam
1190 1004 1478 1071 exercent,
1510 996 1615 1055 sed
1657 997 1912 1074 corporis
1943 995 2239 1072 Ecclesiae,
2269 996 2346 1055 ad
2387 998 2556 1075 cujus
2585 996 2721 1057 aedi-

302 1076 632 1137 ficationem
672 1077 1054 1136 ministerium
1080 1073 1418 1151 instituitur,
1448 1082 1507 1134 et
1535 1076 1827 1135 societatis
1862 1075 2136 1151 fidelium,
2168 1076 2270 1153 qui
2298 1085 2433 1135 sunt
2459 1096 2592 1155 pars
2618 1096 2722 1155 po·

302 1156 529 1216 tissima
549 1166 607 1215 et
636 1156 959 1216 essentialis
990 1154 1289 1231 Ecclesiae,
1320 1162 1381 1213 et
1407 1155 1483 1213 ad
1510 1174 1682 1233 quam
1705 1155 1835 1214 ideo
1857 1156 2144 1249 praecipue
2165 1156 2453 1234 pertinent
2480 1156 2722 1234 promis·
2811 1182 2832 1203 s

303 1236 497 1295 siones
526 1236 758 1311 Christi,
789 1245 847 1296 et
874 1233 1095 1313 gratiae,
1117 1253 1263 1313 quas
1291 1235 1676 1293 communicat
1694 1234 1970 1295 Ecclesiae
1993 1255 2111 1293 suae
2135 1257 2148 1312 ;
2194 1235 2344 1294 inter
2360 1255 2504 1312 quas
2526 1245 2722 1295 aucto·

304 1315 449 1375 ritas
475 1316 865 1373 ministerialis
909 1315 1105 1374 locum
1131 1314 1464 1391 primarium
1492 1313 1732 1390 obtinet,
1763 1322 1828 1373 ut
1847 1334 1974 1391 quae
1995 1312 2257 1391 inprimis
2285 1322 2374 1373 est
2399 1315 2724 1374 necessaria

305 1392 383 1451 ad
432 1393 559 1470 ejus
607 1394 1059 1453 aedificationem.
1145 1393 1279 1452 Hoc
1322 1400 1516 1453 tamen
1562 1392 1648 1451 ita
1693 1393 2052 1453 intellectum
2100 1393 2384 1467 volumus,
2436 1402 2503 1453 ut
2529 1394 2722 1454 locum

308 1471 543 1531 demum
570 1473 778 1536 habeat
818 1474 879 1533 in
908 1492 1048 1532 casu
1090 1491 1329 1531 summae
1375 1472 1756 1547 necessitatis,
1799 1471 1901 1531 ubi
1928 1478 2189 1549 pastores
2215 1472 2464 1549 legitimi
2491 1472 2718 1551 desunt,

304 1560 365 1611 et
393 1552 669 1612 Ecclesiae
698 1560 882 1613 status
930 1560 1020 1611 est
1063 1559 1384 1629 corruptus,
1433 1552 1531 1611 vel
1578 1551 1980 1629 perturbatus;
2024 1552 2168 1610 alias
2205 1551 2309 1610 ubi
2350 1551 2543 1611 omnia
2587 1563 2723 1614 sunt

300 1630 451 1691 hene
480 1632 759 1709 ordinata,
789 1652 907 1691 non
932 1638 1179 1710 possunt
1210 1630 1470 1708 legitime
1515 1630 1655 1690 lai'ci
1702 1630 1800 1689 vel
1847 1630 2148 1689 ministerii
2175 1638 2368 1709 partes
2409 1650 2719 1709 assumere,

301 1712 396 1769 vel
426 1711 571 1771 alios
600 1710 675 1771 ad
694 1712 842 1774 illud
867 1730 1095 1789 vocare,
1126 1710 1263 1789 quia
1288 1712 1401 1771 hoc
1428 1718 1582 1771 esset
1609 1709 1870 1770 ordinem
1905 1710 2053 1770 bene
2091 1710 2343 1789 positum
2373 1710 2496 1771 sine
2523 1732 2720 1773 neces·

307 1790 477 1849 sitate
504 1792 742 1850 violare.

904 1868 1158 1929 XXIV.
1203 1868 1403 1947 Atque
1430 1868 1567 1928 hinc
1595 1888 1714 1927 non
1761 1868 2005 1929 obscure
2047 1868 2358 1947 colligitur,
2402 1870 2592 1948 qualis
2633 1870 2718 1929 di-

300 1916 783 2023 αῗῗέὴῃέἑζῃζζοζ
824 1950 1009 2009 cenda
1051 1948 1129 2009 sit
1174 1949 1279 2007 illa
1323 1948 1571 2023 vocatio,
1625 1968 1701 2007 an
1743 1948 2060 2025 ordinaria,
2111 1969 2189 2007 an
2229 1952 2718 2011 extraordinaria.

358 2047 485 2088 rum,
521 2035 783 2088 ordinaria,
826 2028 976 2086 Nam
990 2029 1167 2105 juxta
1190 2027 1385 2087 varios
1412 2047 1624 2086 vocum
1671 2028 1912 2088 istarum
1961 2048 2165 2087 sensus
2211 2036 2404 2107 potest
2451 2029 2583 2105 dici,
2623 2030 2722 2089 vel

358 2094 786 2195 :zris-extraordi-
828 2106 1134 2183 ordinaria,
1166 2108 1262 2166 vel
1290 2106 1764 2183 extraordinaria,
1809 2108 1908 2167 vel
1955 2128 2030 2166 ex
2077 2115 2320 2185 utraque
2367 2108 2568 2168 mixta.
2655 2109 2721 2169 Si

830 2186 1187 2245 ordinarium
1235 2186 1463 2262 dicitur,
1495 2186 1654 2266 quod
1682 2186 1870 2246 ordini
1897 2186 2163 2264 primitus
2181 2196 2239 2247 et
2257 2186 2536 2246 divinitus
2554 2188 2718 2247 insti·

299 2274 429 2325 tuto
476 2272 568 2325 est
617 2274 1081 2341 consentaneum,
1125 2273 1318 2343 potest
1364 2264 1481 2325 dici
1528 2266 1760 2325 vocatio
1797 2267 2114 2327 ordinaria.
2202 2266 2318 2325 Sed
2346 2267 2396 2325 si
2425 2267 2720 2346 aequivoce

296 2365 406 2425 pro
427 2365 496 2404 eo
526 2345 787 2421 sumitur,
836 2344 993 2424 quod
1040 2344 1359 2405 inveterata
1377 2345 1808 2423 consuetudine,
1833 2346 2250 2424 qualiscunque
2271 2366 2340 2405 ea
2367 2346 2460 2423 sit,
2489 2346 2720 2427 publice

300 2432 393 2483 est
429 2432 744 2503 receptum,
789 2424 1263 2485 extraordinaria
1309 2424 1555 2483 dicenda
1604 2424 1732 2502 erit,
1783 2426 1922 2504 quia
1967 2426 2277 2504 plurimum
2323 2426 2508 2486 abfuit
2549 2428 2622 2486 ab
2651 2446 2721 2487 ea

298 2504 713 2564 consuetudine
742 2512 801 2563 et
825 2524 1001 2580 more,
1032 2505 1133 2581 qui
1161 2504 1223 2561 in
1251 2504 1518 2563 Ecclesia
1545 2504 1810 2564 Romana
1850 2506 2186 2565 inoleverat.
2233 2507 2458 2565 Rursus
2486 2508 2718 2567 ordina-

296 2584 393 2643 ria
417 2592 610 2663 potest
646 2583 763 2643 dici
806 2582 998 2660 quoad
1044 2610 1103 2643 u
1143 2584 1454 2659 materiale,
1486 2584 1609 2643 sive
1641 2584 1964 2644 functiones
2011 2586 2330 2644 ordinarias
2355 2586 2659 2645 ministerii
2686 2608 2722 2648 a

300 2662 529 2723 Christo
558 2663 827 2738 instituti,
857 2663 1023 2722 verbi
1068 2662 1291 2722 scilicet
1315 2664 1688 2740 praeconium,
1719 2672 1778 2723 et
1823 2673 2310 2723 sacramentorum
2352 2665 2716 2726 administra-

298 2742 532 2819 tionem,
580 2742 685 2802 sed
739 2742 1217 2802 extraordinaria
1264 2740 1459 2819 quoad
1493 2768 1552 2801 u
1571 2746 1844 2819 formale,
1897 2762 2000 2803 seu
2035 2744 2374 2803 electionem
2430 2751 2490 2802 et
2517 2765 2715 2804 conse·

300 2822 628 2897 cretionem,
650 2831 823 2900 atque
852 2822 997 2881 adeo
1024 2822 1183 2882 illius
1210 2822 1549 2881 exercitium
1566 2832 1626 2881 et
1643 2822 2100 2900 applicationem,
2121 2830 2405 2899 quatenus
2433 2841 2532 2879 eos
2556 2823 2718 2883 Deus

296 2910 463 2959 extra
484 2902 747 2961 ordinem
774 2900 1097 2976 suscitavit,
1144 2909 1204 2960 et
1247 2900 1416 2961 donis
1458 2902 1709 2961 heroicis
1758 2909 1817 2960 et
1838 2900 2310 2960 extraordinariis
2337 2899 2614 2960 instruxit
2641 2903 2717 2961 ad

299 2978 726 3040 Antichristum
769 2980 1197 3040 debellandum.
1314 2980 1530 3057 Tertio,
1582 2981 1885 3039 ordinaria
1925 2980 2117 3058 quoad
2149 2982 2250 3055 jus
2295 2987 2634 3057 perpetuum
2658 2990 2718 3043 et

296 3058 763 3137 indispensabile,
854 3059 972 3120 uod
1019 3058 1289 3119 fidelibus
1318 3060 1609 3138 competit,
1634 3079 1856 3119 errores
1884 3068 1943 3118 et
1983 3058 2366 3118 idololatriam
2394 3059 2712 3139 rejiciendi,

295 3145 357 3197 et
384 3138 689 3197 veritatem
713 3159 818 3218 pro
862 3138 1059 3215 tendi3
1103 3138 1221 3197 imo
1248 3139 1441 3217 quoad
1488 3139 1756 3215 officium,
1803 3138 1960 3217 quod
1997 3146 2121 3197 tum
2148 3136 2367 3215 fideles,
2419 3147 2540 3198 tum
2581 3160 2712 3218 pas-

294 3225 451 3277 tores
493 3218 651 3297 ipsos
698 3226 922 3297 spectat
949 3238 1025 3277 ex
1068 3218 1490 3279 Christianismi
1518 3219 1666 3295 lege,
1699 3238 1825 3277 sese
1847 3218 1920 3277 ab
1951 3218 2297 3277 Antichristi
2326 3219 2475 3297 jugo
2499 3220 2709 3279 subdu·

295 3296 482 3373 cendi,
502 3306 561 3357 et
584 3299 813 3358 Christo
839 3298 1103 3375 legitimo
1134 3298 1386 3356 Domino
1412 3296 1587 3357 fidem
1616 3307 1675 3357 et
1703 3297 2042 3375 obsequium
2083 3297 2423 3376 addicendi;
2469 3299 2572 3359 sed
2613 3320 2711 3359 ex-

294 3378 693 3437 traordinaria
714 3376 907 3455 quoad
932 3379 1174 3453 modum,
1198 3378 1337 3455 quia
1362 3398 1479 3436 non
1520 3378 1674 3436 sacta
1720 3384 1810 3436 est
1856 3376 2183 3437 interventu
2230 3379 2534 3437 ministerii
2561 3379 2714 3440 ordi-

292 3456 459 3533 narii,
494 3455 727 3535 (loquor
755 3456 826 3515 de
868 3457 1054 3531 laicis,
1086 3458 1187 3535 qui
1214 3476 1450 3516 manum
1480 3456 1898 3516 Reformationi
1927 3456 2354 3595 adhibuerunt?J
2373 3458 2476 3517 sed
2501 3468 2713 3538 praeter

294 3534 555 3595 ordinem
582 3542 894 3612 receptum,
923 3544 1160 3613 propter
1188 3556 1385 3595 casum
1414 3555 1652 3595 summae
1681 3536 2059 3611 necessitatis,
2089 3536 2214 3593 fieri
2242 3536 2314 3595 de
2355 3538 2459 3596 uit.
2532 3538 2712 3597 Deni-

292 3632 405 3691 que
412 3623 626 3751 ίΕοίκὶείῑ
667 3615 783 3674 dici
810 3616 1300 3692 extraordinaria,
1332 3635 1451 3674 non
1490 3615 1712 3674 ratione
1760 3616 2045 3690 doctrinm,
2077 3615 2242 3692 quasi
2270 3635 2423 3674 nova
2450 3614 2713 3676 doctrina

289 3712 409 3771 prae
456 3694 603 3753 'cata
632 3694 723 3769 sit,
754 3696 853 3753 vel
878 3695 1101 3754 ratione
1132 3696 1396 3770 muneris,
1428 3693 1599 3772 quasi
1648 3692 1898 3753 officium
1925 3714 2080 3753 mere
2123 3712 2340 3753 novum
2359 3696 2707 3772 usurparint,

291 3774 619 3850 cujusmodi
662 3773 777 3833 fuit
820 3794 1031 3833 munus
1081 3775 1483 3851 Apostolicum
1510 3796 1525 3849 ;
1571 3774 1675 3833 sed
1701 3774 1922 3832 ratione
1951 3783 2108 3832 actus
2144 3774 2397 3847 vocandi,
2429 3774 2565 3850 quia
2593 3794 2712 3833 non

290 3861 568 3911 consueto
596 3851 769 3911 modo
798 3853 986 3915 factus
1014 3862 1120 3929 est,
1165 3873 1285 3912 non
1321 3854 1589 3931 neglecto
1640 3852 1859 3929 ordine,
1911 3852 2014 3911 sed
2042 3852 2178 3930 quia
2221 3852 2472 3911 violatus
2501 3862 2624 3912 erat
2651 3863 2711 3917 et

290 3940 611 4085 corrupssus,
641 3951 759 3990 non
787 3932 1112 4070 oEserVato.
1196 3932 1350 3992 Vide
1381 3954 1510 4011 quae
1538 3932 1724 3992 fusius
1752 3932 1909 3992 dicta
1935 3942 2072 3993 sunt
2099 3932 2292 3992 Instit.
2316 3932 2383 3992 P.
2415 3932 2536 3990 ΙΙΙ.
2569 3932 2707 3993 Loc.

290 4010 456 4069 xviii.
542 4055 555 4069 .
586 4014 664 4071 23
694 4018 753 4070 et
780 4014 817 4069 2
864 4055 878 4070 .

372 4089 587 4150 XXV.
636 4090 701 4149 Si
744 4110 884 4149 vero
928 4090 1444 4151 extraordinariam
1500 4111 1804 4151 censemus
1851 4112 1918 4151 eo
1969 4110 2144 4151 sensu
2184 4090 2379 4166 fuisse,
2423 4110 2541 4148 non
2570 4110 2703 4150 eon-

286 4168 454 4227 tinuo
483 4170 760 4263 sequitur,
790 4171 1080 4229 miraculis
1127 4191 1254 4229 eam
1303 4170 1572 4230 debuisse
1623 4171 1965 4230 confirmari.
2049 4172 2199 4228 Nam
2227 4168 2450 4248 quaevis
2478 4169 2707 4231 vocatio

287 4248 747 4307 extraordinaria
772 4270 891 4308 non
918 4250 1095 4311 habet
1142 4250 1435 4326 miracula,
1466 4258 1533 4309 ut
1558 4250 1620 4307 in
1649 4250 1826 4308 variis
1893 4249 2149 4326 rophetis
2204 4256 2262 4307 et
2290 4249 2520 4308 Joanne
2550 4248 2703 4327 Bap-

284 4326 427 4385 tista
454 4327 664 4404 visum,
696 4328 813 4407 qui,
844 4328 983 4389 licet
1009 4328 1204 4388 vocati
1251 4328 1723 4403 extraordinarie,
1775 4272 1936 4388 nulla
1977 4336 2171 4386 tamen
2199 4326 2404 4387 fecisse
2433 4328 2707 4406 leguntur

282 4405 580 4466 miracula.
650 4412 706 4466 2.
740 4408 880 4467 Alia
934 4417 1023 4468 est
1078 4408 1357 4467 Ecclesiae
1406 4407 1481 4466 de
1524 4427 1679 4466 novo
1708 4406 2144 4481 constituendae,
2165 4408 2280 4465 alia
2309 4408 2586 4468 Ecclesiae
2614 4430 2702 4471 re·

284 4484 603 4546 formandae
619 4494 679 4547 et
694 4488 1065 4548 restituendae
1082 4487 1247 4547 ratio.
1292 4486 1441 4544 Nam
1458 4486 1534 4545 ad
1543 4486 1788 4564 primam
1800 4485 2220 4545 Christianismi
2241 4488 2705 4551 constitutionem

284 4564 391 4624 ubi
418 4566 787 4645 abrogandas
813 4567 923 4627 fuit
952 4567 1065 4626 Dei
1108 4566 1299 4626 cultus
1346 4566 1618 4645 antiquus
1660 4584 1765 4643 per
1811 4564 2038 4623 Mosem
2085 4565 2400 4645 institutus,
2432 4576 2491 4627 et
2517 4588 2706 4631 novus

283 4643 694 4723 instituendus,
726 4654 785 4705 et
822 4654 1025 4724 gentes
1054 4647 1127 4705 ab
1155 4644 1328 4704 idolis
1357 4644 1431 4703 ad
1473 4664 1676 4704 verum
1724 4646 1912 4707 Deum
1959 4647 2378 4724 convertendae,
2409 4667 2554 4728 opus
2597 4648 2704 4709 fuit
