3234 5192
323 370 561 413 mern-r.
588 348 663 431 1.]
1302 368 1382 409 ns
1410 368 1587 409 amno
1616 368 1801 411 vrrls.
2623 358 2746 416 213

324 518 536 588 mente,
584 530 703 569 non
751 517 817 569 ut
860 516 1209 569 censeantur
1256 508 1415 570 cives
1444 508 1683 571 Isra'elis
1711 510 2024 571 secundum
2055 530 2304 587 carnem,
2333 512 2440 571 filii
2467 514 2742 591 Abrahae,

324 602 386 653 et
412 591 677 651 haeredes
708 589 1073 649 cananitidis
1118 596 1377 665 terrenae,
1426 590 1529 649 sed
1558 599 1625 649 ut
1657 598 2046 667 agnoscantur
2093 610 2230 650 vere
2257 592 2366 651 filii
2395 593 2526 669 Dei,
2559 595 2746 655 Israel

326 672 646 732 secundum
679 671 979 748 Spiritum,
1024 677 1083 729 et
1108 669 1369 729 haeredes
1398 670 1684 729 Canaanis
1710 669 1976 729 caelestis.
2061 671 2150 729 Eo
2179 671 2480 743 manifeste
2507 676 2744 753 respici·

326 760 437 828 tur,
492 753 647 811 Psal.
698 750 958 809 lxxxvii.
1006 752 1061 825 5,
1092 752 1147 825 6,
1178 750 1367 827 Apoc.
1418 750 1564 810 xxii.
1598 751 1691 823 19,
1723 750 1828 809 sed
1867 750 2171 829 praecipue,
2197 752 2350 811 Heb.
2381 753 2484 812 xii.
2515 756 2610 830 23,
2641 754 2744 813 ubi

328 833 595 891 Ecclesia
645 830 910 889 fidelium
966 838 1223 906 vocatur,
1299 832 1336 863 ‘⁸
1358 838 1541 889 coetus
1594 830 2128 907 primogenitorum,
2201 851 2448 909 quorum
2505 834 2746 893 nomina

326 914 544 991 scripta
587 920 723 971 sunt
766 911 831 969 in
860 908 1083 969 coelis.'’
1146 910 1231 968 Ut
1278 910 1432 967 enim
1480 930 1840 988 quaecunquc
1880 910 2096 971 ibidem
2123 911 2464 989 referuntur,
2495 912 2742 973 allusive

329 990 599 1051 dicuntur
626 992 703 1050 ad
730 989 935 1071 populi
964 989 1275 1049 Israelitici
1300 997 1531 1065 statum,
1577 1010 1744 1049 mons
1787 991 1972 1049 monti
2005 992 2330 1069 opponitur,
2361 992 2570 1053 civitas
2596 994 2740 1052 civi-

328 1073 452 1148 tati,
482 1072 815 1131 Jerusalem
856 1078 1088 1129 terrena
1130 1069 1365 1145 caelesti,
1418 1070 1656 1147 sanguis
1697 1070 2083 1147 victimarum,
2114 1072 2216 1149 qui
2249 1070 2653 1134 effundebatur
2679 1073 2741 1134 in

335 1151 541 1211 Veteri
568 1152 963 1225 Testamento,
996 1148 1265 1226 sanguini
1306 1155 1587 1229 ῥαντισμοῦ,
1618 1148 1720 1227 qui
1747 1150 1964 1209 effusus
1992 1159 2082 1211 est
2109 1171 2144 1209 a
2173 1151 2419 1229 Christe,
2450 1154 2741 1214 exercitus

327 1232 687 1308 angelorum,
740 1248 985 1308 quorum
1032 1226 1311 1301 διας-σιγάς
1356 1230 1493 1290 data
1536 1239 1624 1289 est
1672 1228 1814 1305 Lex,
1849 1230 1982 1289 Gal.
2011 1230 2092 1289 iii.
2121 1232 2213 1306 19,
2242 1232 2601 1309 myriadibus
2643 1254 2740 1292 eo-

327 1331 481 1387 rum,
512 1311 613 1387 qui
640 1310 959 1370 ascendunt
985 1316 1043 1368 et
1069 1309 1427 1369 descendunt
1446 1328 1618 1386 super
1647 1310 1862 1367 Filium
1889 1309 2160 1385 hominis,
2188 1310 2232 1371 J
2235 1312 2328 1369 oh.
2356 1312 2396 1369 i.
2427 1314 2522 1388 51,
2554 1321 2612 1371 et
2639 1313 2742 1389 qui

332 1398 478 1449 sunt
510 1390 753 1466 Spiritus
780 1389 1175 1449 ministratorii
1222 1389 1298 1447 ad
1336 1390 1583 1449 salutem
1623 1387 1898 1463 fidelium,
1932 1388 2086 1447 Heb.
2116 1390 2155 1448 i.
2190 1392 2302 1465 143
2346 1390 2430 1449 ita
2459 1392 2496 1425 “
2515 1392 2738 1451 Primo·

330 1470 541 1547 geniti,
572 1488 810 1545 quorum
830 1469 1066 1527 nomina
1086 1469 1301 1547 scripta
1322 1477 1457 1528 sunt
1485 1469 1545 1526 in
1574 1468 1798 1543 coelis,''
1827 1467 2130 1528 manifeste
2158 1469 2496 1529 relationem
2523 1470 2741 1531 habent

330 1548 413 1609 ad
442 1548 831 1609 Israelitarum
859 1548 1293 1627 primogenitos,
1326 1568 1569 1627 quorum
1598 1548 1832 1607 nomina
1847 1548 2062 1607 tabulis
2089 1548 2483 1627 genealogicis
2509 1550 2738 1629 consig-

329 1638 471 1688 nata
496 1638 673 1688 erant.
735 1630 887 1687 Nam
916 1636 981 1687 ut
1006 1628 1209 1689 fideles
1240 1630 1746 1705 primoqenitorum
1773 1629 2190 1707 praerogativas
2235 1649 2374 1689 vere
2419 1631 2737 1709 possident,

327 1718 455 1768 tum
494 1709 553 1767 in
587 1709 849 1781 dominic,
881 1708 1018 1786 quia
1044 1708 1182 1768 facti
1211 1718 1345 1768 sunt
1372 1729 1539 1787 reges
1560 1709 1623 1767 in
1653 1708 1898 1783 Christo,
1929 1708 2030 1787 qui
2057 1729 2300 1787 regnare
2328 1708 2542 1770 debent
2569 1730 2744 1789 super

328 1798 561 1862 terram,
592 1789 779 1866 Apoc.
806 1794 867 1847 ’v.
904 1790 995 1863 10,
1028 1798 1149 1848 tum
1178 1790 1238 1847 in
1266 1792 1444 1865 dupla
1462 1790 1742 1865 portione,
1772 1788 2248 1866 promissionibus
2276 1790 2399 1850 scil.
2430 1792 2566 1851 vitae
2592 1811 2740 1869 proe·

330 1869 513 1929 sentis
540 1878 600 1928 et
626 1868 853 1944 futurae,
884 1871 913 1926 1
946 1868 1094 1928 Tim.
1118 1870 1197 1928 iv,
1229 1871 1284 1945 8,
1317 1878 1375 1927 et
1396 1869 1583 1945 gratia
1610 1878 1670 1928 et
1687 1868 1890 1947 gloria,
1925 1868 2078 1928 Psal.
2109 1869 2358 1947 lxxxiv„
2389 1879 2514 1931 tum
2559 1872 2620 1929 in
2645 1892 2738 1931 sa-

328 1951 595 2025 cerdotaeb,
627 1969 806 2025 quum
832 1948 973 2007 facti
994 1956 1129 2009 sunt
1156 1948 1541 2009 sacerdotium
1568 1949 1731 2026 regio
1759 1949 1820 2007 in
1850 1948 1990 2027 ips0,
2036 1948 2066 2005 1
2101 1948 2227 2009 Pet.
2271 1950 2329 2009 ii.
2361 1954 2415 2027 5,
2448 1952 2504 2027 9,
2549 1950 2737 2029 Apoc.

328 2030 368 2088 i.
402 2032 455 2103 6,
488 2030 571 2088 ita
616 2029 677 2086 in
720 2028 869 2087 libro
920 2029 1275 2106 genealogiae
1324 2028 1572 2087 caelestis
1618 2048 1757 2087 vere
1805 2028 2260 2099 conscribuntur,
2308 2050 2486 2107 quum
2525 2032 2627 2108 jus
2665 2030 2742 2090 ad

328 2110 728 2169 haereditatem
778 2107 1082 2183 caelestem,
1131 2118 1189 2168 et
1232 2108 1308 2167 ad
1336 2108 1571 2166 domum
1602 2108 1792 2167 Patris
1819 2108 2038 2183 aeterni,
2057 2128 2136 2168 ex
2164 2128 2280 2186 quo
2308 2110 2494 2169 omnis
2521 2109 2742 2169 familia

332 2189 397 2247 in
425 2190 575 2249 coelo
602 2196 662 2247 et
689 2188 751 2246 in
772 2196 925 2246 terra
952 2189 1297 2264 nominatur,
1332 2187 1482 2266 Eph.
1512 2188 1595 2245 iii.
1631 2190 1724 2263 15,
1753 2208 1858 2265 per
1885 2187 2226 2249 electionem
2257 2189 2536 2249 obtinent.

417 2269 597 2328 XVI.
644 2268 802 2326 Hinc
830 2276 1005 2345 patet,
1036 2267 1178 2345 quid
1204 2288 1307 2346 per
1334 2270 1535 2326 librum
1562 2268 1690 2325 vitoe
1714 2267 2154 2346 intelligendum
2187 2269 2280 2345 sit,
2323 2278 2384 2329 et
2423 2289 2540 2346 quo
2567 2288 2742 2329 sensu

336 2348 463 2408 Deo
492 2349 795 2409 tribuatur.
890 2346 1059 2406 Patet
1096 2348 1273 2406 etiam
1323 2347 1617 2407 decretum
1647 2348 1945 2407 electionis
1973 2368 2088 2407 non
2117 2349 2291 2409 situm
2320 2370 2448 2411 esse
2475 2350 2536 2407 in
2565 2368 2740 2427 gene-

332 2429 443 2487 rali
484 2438 543 2488 et
570 2426 931 2486 indifferente
961 2427 1215 2486 omnium
1244 2428 1319 2487 ad
1361 2429 1613 2487 salutum
1643 2428 2043 2506 destinatione,
2075 2430 2126 2489 si
2153 2429 2406 2507 credant,
2431 2440 2498 2491 ut
2523 2430 2746 2490 vellent

336 2508 633 2568 Sociniani
660 2514 719 2567 et
762 2508 1273 2580 Remonstrantes3
1317 2508 1421 2567 sed
1457 2508 1519 2565 in
1558 2508 1838 2585 peculiari
1864 2517 1924 2568 et
1951 2508 2220 2588 specifica
2248 2532 2444 2571 eorum
2473 2511 2594 2571 desi
2601 2530 2744 2588 gna·

332 2589 507 2664 tione,
539 2588 642 2665 qui
668 2608 743 2646 ex
762 2588 948 2664 gratia
978 2588 1088 2646 Dei
1117 2596 1176 2647 et
1204 2588 1476 2647 credituri
1503 2598 1562 2646 et
1578 2588 1844 2647 salvandi
1872 2597 2024 2649 sunt.
2089 2591 2240 2649 Nam
2267 2592 2531 2669 quisquis
2557 2591 2742 2650 nomi·-

334 2688 411 2726 na
430 2688 647 2743 corum,
679 2667 751 2726 de
780 2667 991 2745 quibus
1036 2666 1256 2745 aliquid
1304 2667 1579 2744 decernit,
1610 2668 1672 2725 in
1697 2668 1908 2729 librum
1937 2669 2126 2745 refert,
2153 2672 2371 2748 cogitat
2393 2670 2464 2729 de
2491 2670 2611 2729 illis
2637 2690 2742 2729 no·

334 2749 616 2823 minatim,
650 2766 751 2806 seu
771 2746 843 2805 de
871 2747 1189 2807 individuis
1234 2748 1496 2825 signatis,
1528 2766 1646 2805 non
1693 2757 1919 2809 tantum
1959 2749 2030 2808 de
2059 2749 2378 2808 individuis
2405 2751 2575 2827 vagis
2596 2758 2655 2809 et
2681 2750 2746 2807 in

334 2828 480 2888 idea.
570 2826 654 2887 Ut
700 2827 797 2885 hic
842 2827 1015 2904 longe
1060 2828 1221 2886 aliud
1248 2829 1323 2886 sit
1363 2828 1700 2905 qualitatem
1729 2848 2090 2887 communem
2118 2830 2430 2905 assignare,
2459 2837 2521 2887 et
2548 2828 2744 2886 decer-

336 2928 487 2983 nere,
541 2908 649 2967 sub
688 2926 805 2984 qua
850 2907 1113 2966 homines
1157 2916 1373 2984 queant
1416 2908 1597 2967 vitam
1647 2918 1706 2966 et
1753 2908 1998 2965 salutem
2048 2907 2340 2983 consequi,
2397 2904 2560 2966 aliud
2603 2925 2742 2965 vero

335 2990 569 3047 nomina
615 2986 994 3064 quorundam,
1044 2986 1269 3047 caeteris
1314 2986 1574 3063 seclusis,
1623 2987 1772 3045 libro
1820 2987 1958 3045 vitae
2019 2986 2362 3060 inscribere3
2421 2984 2544 3043 haec
2589 2984 2744 3043 enim

337 3070 571 3146 scriptio
602 3068 677 3126 ad
703 3086 979 3143 personas
1000 3067 1155 3145 ipsas
1185 3074 1421 3144 spectat,
1452 3086 1569 3124 non
1598 3064 1934 3144 simpliciter
1951 3065 2025 3123 ad
2043 3064 2370 3143 qualitateS,
2397 3064 2505 3124 sub
2533 3064 2746 3142 quibus

334 3150 599 3209 homines
626 3156 871 3226 possunt
898 3147 1143 3206 salutem
1170 3146 1467 3207 indefinite
1494 3146 1773 3205 obtinere.

944 3226 1160 3285 XVII.
1208 3226 1305 3286 Sic
1347 3226 1459 3287 fuit
1500 3226 1687 3304 prima
1730 3224 1990 3301 quaesti0.
2052 3224 2326 3303 Sequitur
2372 3224 2569 3302 altera,
2613 3243 2746 3302 quae

334 3306 427 3377 An·
498 3302 679 3375 ⁸¹⁵fl¹¹5⁸
758 3318 817 3375 ⁰³5
858 3315 925 3365 ut
942 3305 1228 3365 difficilior
1254 3316 1360 3381 est,
1384 3306 1465 3365 ita
1492 3306 1770 3383 majorem
1797 3315 2051 3385 agnarum
2089 3306 2379 3383 postulat3
2405 3327 2488 3365 an
2525 3304 2748 3367 scilicet

338 3420 353 3430 -
393 3364 647 3478 3331&oe
668 3364 820 3409 ³⁰¹⁶„
866 3386 1096 3463 quidam
1164 3387 1305 3445 libro
1373 3387 1497 3444 υἱέα
1562 3389 1732 3444 semel
1794 3385 2072 3461 adscripti
2128 3404 2202 3444 ex
2261 3406 2326 3445 eo
2383 3387 2564 3445 deleri
2605 3407 2744 3463 poe·-

865 3467 975 3525 st'nt
994 3469 1022 3525 ἕ
1106 3466 1279 3525 Ratio
1325 3465 1631 3525 dubitandi
1672 3465 1854 3524 oritur
1891 3484 1966 3523 ex
1999 3464 2176 3523 variis
2221 3466 2532 3544 Scripturas
2579 3467 2743 3541 locis,

340 3546 401 3604 in
429 3547 641 3624 quibus
667 3548 779 3606 hoc
822 3554 1017 3605 exerte
1046 3544 1279 3605 videtur
1320 3545 1518 3605 asseri.
1607 3548 1659 3603 1.
1708 3546 1804 3603 Ex
1830 3554 1956 3603 voto
1984 3546 2181 3619 Mosis,
2206 3544 2398 3604 Exod.
2426 3545 2616 3604 xxxii.
2647 3548 2744 3621 32,

336 3626 443 3703 qui
482 3646 661 3703 quum
690 3626 917 3685 audiret
962 3626 1152 3685 Deum
1200 3626 1411 3685 iratum
1447 3624 1662 3703 populo
1693 3624 2016 3685 Israelitico
2043 3623 2196 3683 velle
2225 3644 2356 3682 eum
2383 3624 2614 3701 penitus
2643 3644 2746 3682 ex-

341 3706 621 3782 scindere,
652 3717 773 3765 tam
800 3706 1029 3765 intenso
1067 3705 1364 3765 charitatis
1412 3705 1537 3764 zelo
1566 3712 1888 3763 commotus
1915 3712 2022 3779 est,
2051 3713 2118 3763 ut
2143 3723 2261 3761 non
2289 3704 2477 3762 solum
2504 3704 2747 3762 interce·

340 3785 443 3845 dat
489 3806 593 3863 pro
621 3787 767 3864 ipso,
820 3784 923 3845 sed
970 3794 1030 3845 et
1057 3791 1217 3862 optet
1242 3786 1435 3863 potius
1464 3783 1642 3844 deleri
1687 3806 1719 3844 e
1759 3784 1909 3844 libro
1967 3784 2095 3861 Dei,
2125 3803 2298 3861 quam
2326 3790 2394 3841 ut
2430 3790 2556 3842 tota
2603 3801 2750 3859 gens

340 3874 555 3943 pereat,
603 3868 639 3899 “
662 3865 789 3925 Aut
830 3864 1057 3925 remitte
1085 3873 1386 3943 peccatum
1412 3864 1686 3941 ipsorum,
1718 3873 1819 3925 aut
1856 3865 1906 3924 si
1932 3885 2051 3925 non
2077 3865 2188 3940 vis,
2233 3863 2362 3922 dele
2389 3882 2500 3934 me,
2530 3881 2748 3939 quaeso‚

338 3946 415 4003 de
460 3946 609 4004 libro
636 3953 754 4022 tu0,
786 3965 959 4023 quem
988 3945 1327 4023 scripsisti.''
1414 3944 1493 4003 Et
1518 3964 1591 4003 ne
1635 3954 1834 4005 votum
1863 3952 2088 4006 tantum
2117 3942 2470 4021 impossibile
2496 3948 2752 4019 putetur,

342 4026 631 4084 Dominus
660 4026 854 4085 statim
884 4024 1063 4099 addit,
1112 4027 1147 4059 “
1171 4026 1282 4100 Qui
1309 4024 1653 4102 peccaverit,
1685 4044 1818 4084 eum
1845 4024 2052 4085 delebo
2081 4025 2152 4084 de
2179 4024 2327 4083 libro
2355 4021 2544 4081 mcc.'’
2631 4021 2753 4081 Ubi

340 4125 458 4163 non
486 4104 659 4165 modo
680 4106 764 4165 rei
786 4105 1157 4182 possibilitas,
1188 4104 1291 4163 sed
1319 4105 1491 4163 etiam
1534 4102 1796 4163 futuritio
1824 4106 2098 4165 innuitur.
2143 4109 2198 4164 2.
2232 4104 2328 4162 Ex
2355 4101 2754 4178 impanatione

340 4186 604 4259 Dam'dzb,
652 4186 770 4263 qui,
805 4185 960 4244 Psal.
1008 4185 1157 4243 lxix.
1210 4187 1305 4260 28,
1338 4184 1409 4242 de
1452 4182 1732 4243 Ecclesiae
1761 4185 2028 4245 hostibus
2057 4191 2115 4245 et
2143 4184 2263 4244 suis
2283 4184 2542 4259 loquenS,
2586 4181 2750 4259 petit,

342 4267 380 4297 “
402 4274 467 4324 ut
512 4265 814 4324 deleantur
857 4263 929 4324 de
976 4265 1126 4323 libro
1168 4264 1507 4339 viventium,
1552 4272 1612 4323 et
1649 4283 1779 4323 cum
1803 4265 1980 4341 justis
2009 4284 2124 4323 non
2153 4262 2477 4323 scribantur
2493 4262 2551 4338 ;'’
2596 4262 2758 4339 quod

337 4346 539 4423 utique
562 4345 752 4404 dicere
782 4364 897 4403 non
926 4344 1125 4421 possit,
1156 4345 1270 4403 nisi
1298 4344 1431 4402 talis
1448 4342 1574 4401 dari
1601 4344 1784 4421 possit
1819 4344 2049 4403 deletio.
2121 4346 2176 4403 3.
2209 4342 2305 4399 Ex
2333 4343 2756 4404 comminatione

326 4426 683 4501 prophetica,
715 4425 758 4484 J
762 4426 855 4483 oh.
882 4424 1069 4501 Apoc.
1101 4425 1246 4483 xxii.
1274 4424 1367 4499 19,
1416 4425 1451 4457 “
1479 4423 1542 4482 Si
1570 4422 1702 4500 quis
1725 4422 2029 4481 abstulerit
2071 4442 2148 4481 ex
2183 4420 2380 4480 verbis
2433 4422 2569 4482 libri
2621 4444 2754 4503 pro·

338 4506 551 4582 phetiae
598 4506 792 4583 hujuS,
845 4504 1065 4563 auferet
1116 4504 1276 4563 Deus
1322 4511 1545 4581 partem
1594 4503 1724 4579 ejus
1751 4502 1824 4560 de
1863 4502 2013 4561 libro
2040 4502 2238 4578 vitae,”
2263 4500 2371 4562 Sco.
2457 4502 2598 4579 Quae
2624 4504 2756 4565 luce

339 4585 659 4645 meridiana
686 4584 901 4643 clarius
928 4584 1201 4643 videntur
1244 4584 1490 4661 probare
1519 4580 1804 4661 quosdam
1833 4602 1908 4641 ex
1935 4582 2086 4642 libro
2114 4583 2252 4644 vitae
2278 4602 2450 4663 posse
2478 4584 2758 4663 expungi.

342 4664 443 4727 Sic
488 4664 784 4727 Sociniani
832 4673 891 4725 et
940 4664 1416 4726 Remonstrantes
1445 4671 1504 4724 et
1548 4663 1758 4739 caeteri,
1808 4662 1910 4742 qui
1954 4672 2282 4726 sanctorum
2322 4664 2670 4743 apostasiam
2697 4672 2760 4725 et
