3234 5192
332 362 560 403 msPur.
594 344 745 417 κη]
966 365 1043 403 m:
1073 362 1545 405 SATISFACTIONIS
1572 362 1808 403 cums'ri
1851 362 2168 403 vanu-xrs.
2625 348 2740 404 655

340 524 417 561 ex
436 503 569 581 jure
599 504 777 581 Legis
804 512 1048 563 servatae
1075 505 1455 581 acquiramuS,
1486 505 1597 562 hoc
1644 502 1798 561 enim
1826 521 1955 561 eum
2007 501 2192 567 semel.
2213 502 2477 561 Christus
2502 522 2609 581 pro
2637 524 2738 561 no·

340 584 433 641 bis
460 583 677 659 fecerit,
707 583 853 641 nihil
880 603 1069 643 causae
1098 584 1213 641 diei
1260 590 1451 660 potest
1493 602 1596 641 eur
1620 582 1684 639 id
1727 582 1914 658 ipsum
1957 582 2144 640 facere
2189 580 2378 640 denuo
2407 590 2736 659 teneamur;

345 662 463 722 Sed
490 682 607 722 non
636 664 895 740 sequitur
920 684 989 722 eo
1016 664 1143 741 ipso
1168 664 1409 723 liberam
1447 662 1696 740 relinqui
1723 669 1782 719 et
1825 680 1942 719 non
1983 660 2362 720 neeessariam
2393 660 2574 739 Legis
2601 664 2736 722 obe-

340 742 633 817 dientiam,
666 744 801 820 quia
848 744 963 802 etsi
1001 763 1103 820 per
1150 744 1307 801 illam
1356 762 1463 802 nec
1511 740 1840 801 satisfacere
1884 740 2194 800 debeamus
2241 740 2505 817 amplius,
2547 762 2736 820 neque

338 822 511 881 etiam
541 823 855 897 valeamus,
886 832 1078 881 tamen
1106 823 1235 881 alise
1262 842 1451 882 eausae
1480 823 1656 880 variae
1683 821 1810 880 dari
1837 828 2092 898 possunt,
2123 840 2253 898 quse
2281 822 2390 879 hoc
2418 821 2674 881 studium
2701 843 2738 881 a

338 902 507 961 nobis
534 903 799 981 exigunt,
831 922 949 961 non
975 913 1039 962 ut
1078 904 1343 977 vivamus,
1374 902 1478 961 sed
1521 902 1658 980 quia
1696 902 1946 977 vivimus,
1977 920 2092 958 non
2113 909 2179 959 ut
2223 901 2324 978 jus
2352 902 2731 979 acquiramus,

338 982 442 1040 sed
469 994 533 1041 ut
560 984 981 1060 possessionem
1010 984 1347 1060 acquisitam
1376 982 1666 1056 adeamus,
1707 1000 1826 1039 nou
1870 988 1934 1039 ut
1961 1002 2188 1039 causum
2235 984 2517 1057 raynaudi
2541 981 2642 1041 sed
2667 990 2736 1042 ut

335 1062 482 1121 viam
512 1063 689 1139 requi.
736 1062 832 1121 Sic
856 1062 1117 1122 Christus
1138 1071 1379 1121 mortem
1402 1080 1733 1139 corpoream
1752 1080 1858 1138 pro
1885 1060 2052 1119 nobis
2079 1061 2230 1133 tulit,
2254 1070 2312 1119 et
2339 1070 2531 1120 tamen
2547 1061 2735 1121 eidem

335 1142 507 1201 morti
535 1162 734 1201 omnes
762 1141 951 1201 adhuc
1000 1161 1199 1201 sumus
1241 1142 1497 1216 obnoxii,
1528 1140 1632 1201 sed
1678 1141 1792 1199 alio
1819 1140 1990 1218 plane
2011 1140 2143 1199 fine.
2208 1139 2330 1202 Nec
2379 1142 2530 1199 enim
2581 1162 2735 1201 mors

332 1220 444 1281 ista
470 1222 717 1299 amplius
744 1231 811 1281 ut
836 1223 1057 1298 peccati
1082 1241 1255 1299 poena
1301 1220 1600 1281 subeunda
1625 1229 1731 1295 est,
1761 1219 1860 1279 vel
1886 1220 2058 1279 etiam
2086 1240 2123 1279 a
2151 1220 2278 1279 Deo
2303 1220 2472 1279 nobis
2519 1221 2730 1299 infligi-

330 1308 442 1375 tur,
474 1301 764 1378 quomodo
784 1322 910 1361 eam
938 1302 1073 1361 tulit
1101 1302 1380 1376 Christus,
1413 1301 1515 1359 sed
1542 1301 1617 1359 ob
1655 1301 1800 1359 alios
1847 1300 1992 1357 fines
2021 1299 2210 1358 varios
2241 1300 2351 1359 Dei
2401 1300 2642 1377 gloriam
2671 1310 2732 1361 et

334 1380 577 1439 salutem
604 1388 857 1439 nostram
890 1389 1232 1459 spectantes,
1262 1382 1532 1440 nimirum
1558 1389 1626 1441 ut
1653 1382 1730 1439 sit
1757 1379 2124 1456 reliquiarum
2161 1380 2382 1456 peccati
2411 1388 2470 1438 et
2497 1400 2730 1459 corrup·

330 1460 507 1518 tionis
534 1461 746 1519 nativae
774 1461 970 1520 totalis
992 1462 1285 1537 extinctio,
1310 1462 1493 1520 nostri
1520 1460 1596 1519 ad
1625 1460 1840 1519 Christi
1859 1458 2188 1537 exemplum
2215 1458 2607 1537 conformatiO,
2627 1461 2730 1538 qui

332 1559 435 1618 per
462 1540 704 1599 eandem
732 1541 887 1599 viam
914 1541 975 1598 in
1005 1542 1273 1618 Regnum
1302 1560 1470 1599 suum
1497 1541 1794 1617 ingressus
1815 1548 1919 1613 est,
1945 1539 2019 1597 ad
2047 1538 2290 1615 gloriam
2318 1538 2610 1599 eoelestem
2631 1541 2730 1599 via

330 1628 391 1679 et
412 1620 686 1679 transitus
707 1640 742 1677 a
758 1621 1015 1697 sapiente
1039 1621 1150 1680 Dei
1170 1620 1527 1679 ordinatione
1548 1619 1932 1697 praescriptus,
1947 1616 2055 1677 Sec.
2087 1618 2181 1677 Ita
2197 1638 2363 1677 novae
2385 1619 2727 1679 obedientia

329 1718 435 1777 per
460 1718 689 1757 omnem
711 1700 900 1759 adhuc
928 1700 1109 1759 vitam
1126 1699 1573 1759 incumbendum
1597 1708 1701 1775 est,
1731 1718 1848 1757 non
1871 1706 1935 1757 ut
1955 1718 2060 1776 per
2083 1718 2210 1757 eam
2240 1718 2432 1757 coram
2453 1699 2728 1759 tribunali

332 1779 446 1838 Dei
458 1780 857 1857 justificemur,
881 1781 978 1839 vel
1006 1780 1187 1840 vitam
1210 1789 1481 1840 aeternam
1498 1780 1668 1838 nobis
1715 1780 1920 1837 aliisve
1949 1797 2283 1854 mereamur,
2306 1778 2408 1838 sed
2423 1787 2490 1838 ut
2504 1800 2610 1857 pro
2639 1800 2727 1839 sa-

330 1858 471 1918 lutis
500 1868 749 1937 acceptae
778 1860 1058 1919 beneficio
1079 1869 1333 1919 nostram
1367 1881 1506 1936 erga
1535 1860 1725 1919 Deum
1754 1858 2164 1937 gratitudinem
2189 1867 2484 1934 testemur,
2516 1867 2580 1918 ut
2623 1879 2731 1919 nos

327 1958 501 1998 veros
528 1948 587 1999 et
615 1940 899 2017 genuinos
929 1940 1119 1999 Patris
1147 1940 1399 2000 coelestis
1426 1940 1578 1998 filios
1604 1940 1681 1998 ad
1699 1938 2009 2015 imaginem
2037 1940 2163 2015 ejus
2193 1947 2500 1997 renovatos
2526 1940 2730 2016 probe-

328 2038 475 2091 muS,
508 2028 571 2077 ut
599 2038 704 2077 nos
734 2020 963 2079 Christo
992 2020 1167 2097 capiti
1194 2028 1391 2078 nostro
1418 2028 1536 2077 tam
1565 2020 1626 2077 in
1647 2020 1770 2077 vita
1797 2038 1970 2094 quam
2017 2018 2078 2075 in
2107 2027 2306 2091 morte,
2337 2026 2454 2077 tam
2503 2020 2730 2095 agendo

328 2116 503 2173 quam
531 2097 803 2174 patiendo
830 2098 1269 2173 conformemus,
1298 2108 1366 2157 ut
1394 2098 1583 2155 Deum
1610 2106 1734 2156 toto
1763 2097 1934 2155 corde
1983 2098 2233 2172 totisque
2266 2097 2489 2155 viribus
2514 2098 2730 2174 ‚glorifi-

328 2196 541 2251 cemus,
572 2184 637 2235 ut
662 2196 767 2254 per
793 2178 944 2235 bona
971 2196 1145 2254 opera
1173 2177 1533 2235 vocationem
1562 2184 1622 2235 et
1648 2176 1984 2234 electionem
2022 2183 2278 2233 nostram
2304 2175 2363 2233 in
2392 2176 2516 2234 dies
2545 2178 2732 2255 magis

326 2256 637 2331 firmemus,
669 2263 728 2315 et
748 2256 1115 2315 conscientiis
1162 2256 1591 2316 testatissimam
1635 2256 1928 2330 faciamus,
1960 2263 2017 2313 ct
2057 2255 2236 2331 siqui
2279 2262 2414 2314 sunt
2455 2254 2517 2313 id
2545 2275 2731 2333 genus

326 2336 559 2413 pietatis
586 2343 646 2394 et
663 2336 905 2413 justitiae
934 2336 1095 2396 fines.

407 2414 693 2475 XXVII.
738 2416 885 2475 Inst.
931 2416 1049 2475 Sed
1096 2416 1353 2477 debitum
1398 2416 1575 2475 semel
1603 2437 1640 2475 a
1689 2414 1978 2492 Sponsore
2023 2414 2292 2491 solutum,
2339 2414 2500 2475 nullo
2553 2415 2728 2476 modo
2823 2434 2834 2449 ⁸

326 2496 659 2573 nulliusque
684 2496 817 2555 finis
844 2496 1084 2556 obtentu
1111 2498 1186 2556 ab
1230 2498 1357 2575 ipso
1400 2496 1585 2575 repeti
1632 2503 1841 2574 potest,
1873 2494 2039 2573 cujus
2067 2494 2298 2553 nomine
2327 2495 2507 2554 semel
2531 2515 2728 2573 perso-

324 2578 513 2636 lutum
541 2584 665 2651 est;
715 2577 779 2636 Si
826 2596 965 2654 ergo
996 2578 1259 2637 Christus
1308 2577 1487 2635 semel
1532 2576 1723 2649 solvit,
1767 2574 2060 2653 quomodo
2103 2575 2214 2633 hoc
2257 2575 2446 2652 ipsum
2484 2596 2519 2633 a
2555 2576 2726 2636 nobis

324 2657 507 2735 repeti
532 2660 769 2733 potest?
811 2658 1006 2735 Resp.,
1054 2657 1183 2716 Etsi
1226 2657 1300 2716 de
1328 2656 1657 2716 obedientia
1685 2656 1866 2733 Legis
1895 2665 2102 2732 agatur
2143 2654 2464 2733 utrobique,
2494 2675 2612 2715 non
2639 2666 2726 2716 ta-

322 2756 453 2796 men
484 2744 676 2813 potest
716 2736 830 2795 dici
858 2736 1013 2795 idem
1041 2737 1300 2797 debitum
1338 2737 1617 2796 absolute.
1664 2736 1813 2793 Nam
1841 2734 2170 2794 obedientia
2195 2754 2230 2790 a
2258 2733 2387 2810 lege
2414 2735 2552 2791 olim
2579 2756 2724 2812 prae·

328 2817 556 2891 scripta,
588 2815 973 2874 diversimode
1000 2816 1193 2875 differt
1219 2815 1294 2873 ab
1321 2816 1539 2889 eadem,
1570 2824 1854 2890 quatenus
1876 2815 1999 2889 jam
2025 2812 2416 2889 praescribitur
2441 2814 2502 2869 in
2532 2815 2725 2873 Evan-

322 2895 511 2970 gelio:
560 2898 611 2951 1.
644 2897 716 2952 In
742 2914 919 2952 causa
934 2896 1227 2969 proxima,
1252 2894 1388 2971 quia
1417 2892 1546 2951 Lex
1568 2892 1953 2951 obedientiam
1975 2891 2283 2969 perfectam
2308 2892 2492 2968 exigit
2519 2912 2594 2951 ex
2622 2913 2722 2953 na-

322 2986 467 3031 turae
521 2974 744 3031 viribus
792 2974 1176 3049 praestandam
1207 2996 1221 3048 ς
1268 2972 1654 3049 Evangelium
1702 2980 1892 3031 autem
1935 2971 2155 3029 fructus
2199 2969 2434 3048 spiritus
2479 2992 2514 3029 a
2555 2971 2722 3033 nobis

319 3051 560 3129 requirit
598 3072 672 3111 ex
718 3052 834 3110 fide
877 3053 939 3110 in
968 3054 1259 3112 Christum
1289 3052 1687 3126 Mediatorem,
1719 3059 1777 3110 et
1817 3050 2100 3128 spirituali
2143 3058 2338 3109 nostra
2378 3050 2518 3126 vita,
2548 3070 2722 3128 quam

320 3132 380 3189 in
398 3132 524 3209 ipso
546 3140 604 3191 et
623 3151 725 3209 per
746 3132 935 3209 ipsum
958 3132 1234 3191 habemus
1252 3140 1650 3209 exsurgentes.
1689 3132 1758 3189 E.
1771 3132 1880 3190 etsi
1903 3132 1962 3189 in
1977 3148 2180 3187 norma
2199 3138 2257 3188 et
2279 3130 2462 3189 forma
2481 3140 2722 3191 externa

320 3210 682 3285 conveniant,
712 3232 887 3271 causa
912 3221 1105 3271 tamen
1134 3211 1397 3289 proxima
1425 3220 1649 3271 tantum
1675 3210 1826 3271 inter
1863 3231 1924 3271 se
1953 3210 2280 3287 discrepant
2311 3218 2588 3287 quantum
2618 3232 2718 3271 na·

316 3298 447 3350 tura
474 3300 533 3350 et
559 3292 761 3369 gratia,
786 3293 1015 3369 justitia
1042 3292 1339 3369 originalis
1389 3291 1620 3350 Adamo
1648 3310 1752 3369 per
1789 3291 2135 3351 creationem
2179 3290 2483 3367 inhaerens,
2515 3301 2574 3353 et
2592 3292 2718 3370 jus-

315 3373 444 3431 titia
472 3372 686 3431 Christi
713 3372 1045 3431 mediatoris
1070 3373 1239 3431 nobis
1266 3392 1369 3450 per
1394 3372 1567 3432 fidem
1605 3372 1904 3450 imputata.
1947 3376 2003 3429 2.
2033 3372 2105 3429 In
2133 3372 2314 3446 mode,
2345 3372 2482 3449 quia
2506 3392 2612 3449 per
2635 3373 2717 3431 le-

314 3472 445 3528 gem
480 3452 639 3511 Deus
668 3460 733 3511 ut
751 3453 949 3529 justus
969 3452 1158 3531 judex
1186 3454 1280 3512 vel
1306 3452 1714 3530 perfectionem
1743 3452 2022 3530 exposcit,
2054 3451 2150 3509 vel
2179 3450 2608 3526 delinquentem
2641 3452 2718 3512 ad

313 3552 543 3609 poenam
573 3532 865 3609 deposcit;
910 3531 997 3592 At
1022 3552 1125 3610 per
1164 3534 1551 3609 Evangelium
1578 3541 1644 3593 ut
1676 3532 1848 3591 Pater
1893 3532 2196 3609 benignus,
2229 3539 2288 3591 et
2334 3550 2474 3607 erga
2519 3550 2626 3591 nos
2652 3532 2716 3591 in

316 3612 545 3670 Christo
572 3611 871 3689 propitius,
902 3620 961 3672 et
987 3632 1117 3689 quse
1145 3613 1355 3673 adsunt
1398 3614 1579 3687 initia,
1610 3622 1884 3690 tanquam
1915 3612 2052 3670 vitae
2079 3631 2248 3669 novae
2289 3610 2571 3687 primitias
2599 3610 2713 3671 cle-

313 3698 537 3749 menter
564 3700 840 3768 acceptat,
873 3701 932 3750 et
960 3712 1089 3769 quae
1116 3692 1453 3770 perfectioni
1473 3693 1684 3753 desunt
1705 3692 1956 3770 gratiose
1979 3691 2283 3749 condonat.
2325 3692 2380 3747 3.
2409 3691 2485 3747 In
2488 3692 2712 3765 forma,

311 3768 441 3828 Lex
471 3770 595 3829 sola
620 3772 849 3849 proprie
878 3770 1136 3831 debitum
1164 3780 1389 3833 tantum
1418 3772 1622 3849 exigit,
1654 3772 1790 3849 quia
1822 3772 1978 3830 vires
2019 3769 2094 3828 ad
2133 3769 2566 3846 obsequendum
2595 3789 2712 3829 non

310 3848 556 3925 sufficit;
604 3850 988 3929 Evangelium
1038 3872 1178 3911 vero
1222 3872 1339 3911 non
1388 3861 1504 3910 tam
1548 3852 1737 3929 exigit
1765 3871 1938 3928 quam
1976 3849 2056 3909 >ad
2099 3848 2482 3909 obediendum
2521 3849 2708 3927 erigit,

310 3928 487 3987 vitam
516 3929 666 3990 indit
692 3940 753 3990 et
778 3931 853 3989 ad
884 3932 997 3991 Dei
1030 3933 1197 4009 jussa
1225 3932 1577 4009 capessenda
1602 3941 1928 4010 promptum
1967 3938 2026 3989 et
2051 3929 2322 3987 idoneum
2369 3936 2622 4006 praestat.
2651 3933 2710 3989 4.

306 4009 529 4086 Infine,
562 4010 907 4071 Obedientia
933 4013 1041 4071 sub
1066 4012 1199 4089 lege
1226 4012 1441 4090 petitur
1482 4011 1559 4070 ad
1585 4012 1850 4071 meritum
1897 4010 2050 4083 vitae,
2079 4009 2189 4069 sub
2218 4008 2544 4085 Evangelio
2569 4028 2711 4069 vero

305 4096 527 4147 tantum
557 4088 630 4147 ad
680 4092 807 4169 ejus
850 4092 1266 4169 possessionem
1316 4091 1640 4151 adeundam
1689 4100 1750 4151 et
1789 4089 2199 4169 gratitudinem
2255 4088 2705 4148 contestandam.

307 4166 439 4225 Hoc
468 4178 659 4227 autem
688 4171 875 4247 posito
920 4172 1281 4249 quadruplici
1320 4172 1666 4247 discrimine,
1697 4190 1978 4249 negamus
2023 4170 2146 4228 ullo
2193 4168 2366 4228 modo
2394 4168 2706 4228 absurdum

304 4256 405 4305 aut
432 4248 811 4325 incongruum
840 4270 985 4325 esse,
1016 4261 1081 4310 ut
1108 4272 1279 4329 quam
1310 4252 1573 4312 Christus
1600 4272 1706 4330 pro
1733 4252 1901 4310 nobis
1947 4248 2298 4309 redimendis
2325 4246 2708 4307 obedientiam

303 4326 455 4403 Legi
480 4329 766 4405 praestitit,
796 4351 923 4388 eam
952 4352 1057 4390 nos
1086 4331 1197 4408 ipsi
1242 4351 1361 4391 non
1398 4352 1475 4391 ex
1503 4332 1685 4409 Legis
1713 4339 1925 4407 tenore,
1957 4329 2061 4389 sed
2107 4349 2186 4389 ex
2234 4326 2546 4406 Evangelii
2575 4348 2705 4387 sen·-

302 4407 483 4465 tentia
512 4408 639 4466 Deo
669 4410 1011 4487 Christoque
1042 4410 1335 4473 Servatori
1356 4420 1712 4491 praestemus.

382 4486 706 4547 XXVIII.
752 4490 879 4548 Imo
903 4497 959 4548 et
1000 4491 1209 4551 rationi
1256 4500 1315 4551 et
1361 4492 1670 4568 vocationi,
1721 4490 1980 4569 adeoque
2029 4488 2346 4551 conditioni
2388 4494 2598 4547 nostrae
2625 4488 2709 4547 ita

303 4576 750 4628 consentaneum
799 4589 927 4629 esse
975 4570 1236 4647 dicimus,
1268 4580 1333 4631 ut
1371 4572 1616 4631 fmctum
1659 4572 1804 4631 alias
1830 4579 1890 4631 et
1931 4571 2103 4630 finem
2153 4568 2558 4629 beneficiorum
2590 4566 2704 4627 Re-

302 4645 649 4725 demptionis
677 4657 889 4709 nostrae
910 4650 1141 4729 assequi
1166 4671 1285 4711 non
1315 4652 1629 4711 valeamus.
1713 4652 1902 4727 Quare
1951 4650 2104 4710 enim
2142 4670 2250 4710 nos
2288 4648 2546 4724 redemit,
2591 4649 2704 4707 nisi
