3234 5192
515 294 628 351 326
1308 304 1386 347 ns
1415 305 1713 347 BAPTISMO
1738 308 1912 347 :sums
1936 307 2009 345 ΕΤ
2034 306 2229 346 Marus.
2536 287 2797 367 [msr’ur.
2824 304 2934 345 vn.

520 454 674 512 nube
705 460 762 512 et
789 451 951 526 mari,
1001 459 1060 509 et
1104 470 1266 509 suam
1315 448 1721 507 eucharistiam
1768 448 1829 505 in
1872 466 2083 505 manna
2111 456 2168 505 et
2212 447 2272 504 in
2316 455 2495 523 petra,
2540 444 2935 504 obtinuerunt.

529 533 698 593 Unde
722 532 962 607 colligit,
991 531 1178 589 Deum
1209 549 1323 588 non
1353 530 1703 605 parciturum
1755 528 2098 587 Christianis
2132 528 2522 605 peccantibus,
2553 525 2691 584 licet
2718 526 2933 584 eximia

521 612 803 672 beneficia
830 632 865 669 a
894 612 1021 671 Deo
1049 610 1393 687 acceperint,
1451 608 1937 685 quemadmodum
1966 627 2083 666 non
2130 608 2387 685 pepercit
2432 606 2662 666 Judaeis
2688 605 2931 664 idolola-

522 694 627 753 tris
656 701 715 752 et
743 691 1174 765 scortatoribuS,
1204 691 1341 749 licet
1385 688 1492 747 sub
1532 687 1734 747 eodem
1783 687 1999 747 foedere
2047 687 2333 747 similibus
2378 686 2705 765 privilegiis
2733 685 2935 745 donati

525 773 738 832 fuerint
769 795 782 831 ε
825 773 976 830 Nolo
997 793 1094 830 vos
1121 772 1405 847 iquorare,
1420 772 1664 842 fratrea,
1697 767 1805 827 &Q

608 854 716 912 IV.
764 852 848 911 Ut
865 872 1003 929 ergo
1025 852 1098 909 ad
1119 852 1368 928 primum
1389 849 1747 924 miraculum,
1780 850 2095 907 columnam
2123 846 2345 907 scilicet
2369 848 2543 924 nubtis,
2569 845 2935 919 accedamus,

527 933 792 992 Historia
818 932 946 1008 ejus
974 932 1216 990 refertur
1269 951 1304 988 a
1333 930 1518 1003 Mose,
1551 928 1742 986 Exod.
1792 927 1937 1001 xiii„
1981 927 2119 987 dum
2161 927 2258 1003 ait,
2304 936 2611 1005 postquam
2651 926 2931 985 Isra‘elitae

522 1013 764 1091 profecti
793 1021 928 1070 sunt
955 1032 986 1069 e
1021 1010 1288 1085 Succoth,
1319 1019 1384 1069 ut
1412 1009 1521 1068 iter
1548 1029 1717 1068 suum
1744 1015 2242 1086 persequerentur,
2275 1010 2311 1041 “
2334 1008 2646 1067 Dominum
2686 1026 2929 1083 praeces-

525 1093 670 1151 sisse
699 1112 800 1151 eos
820 1092 894 1149 ad
925 1090 1338 1149 ostendendam
1367 1090 1518 1147 viam
1550 1109 1655 1166 per
1680 1088 1852 1163 diem,
1883 1087 1945 1144 in
1971 1088 2241 1147 columna
2266 1088 2455 1163 nubis,
2488 1096 2547 1147 et
2571 1106 2675 1165 per
2700 1094 2929 1145 noctem

525 1172 586 1232 in
614 1172 881 1231 columna
908 1172 1079 1248 ignis,
1108 1179 1176 1231 ut
1203 1171 1322 1228 dux
1353 1179 1506 1228 esset
1535 1170 1759 1229 itineris
1784 1178 2030 1245 utroque
2058 1176 2331 1246 tempore,
2363 1188 2657 1245 nunquam
2678 1166 2935 1225 defuisse

525 1253 852 1312 columnam
880 1252 1052 1310 nubis
1078 1271 1182 1329 per
1209 1250 1381 1324 diem,
1413 1258 1470 1309 et
1498 1250 1823 1309 columnam
1852 1248 2007 1325 ignis
2034 1268 2138 1325 per
2163 1258 2391 1307 noctem
2436 1268 2627 1307 coram
2653 1245 2929 1325 popu10.”

530 1333 626 1392 Sic
655 1332 840 1411 capite
875 1335 966 1407 14,
1012 1340 1176 1391 notat
1226 1330 1557 1389 Historicus
1606 1350 1785 1404 sacer,
1838 1328 2155 1409 Angelum,
2185 1329 2287 1405 qui
2326 1328 2689 1407 praecedebat
2742 1334 2930 1385 castra

527 1412 938 1485 IsraelitaruQ
971 1412 1180 1470 abiisse
1201 1419 1334 1488 post
1355 1430 1471 1484 eoa,
1497 1420 1707 1469 etcum
1729 1429 1799 1468 eo
1817 1410 2031 1487 pariter
2050 1410 2375 1468 columnam
2396 1408 2587 1483 nubis,
2618 1415 2677 1466 et
2704 1406 2931 1466 stetisse

525 1494 676 1553 inter
703 1503 892 1551 castra
921 1492 1152 1551 Israfflis
1181 1501 1239 1550 et
1268 1490 1706 1567 AEgyptiorum,
1758 1498 1817 1548 et
1844 1490 1973 1548 istis
2021 1489 2255 1566 quidem
2304 1488 2481 1547 fuisse
2528 1488 2740 1547 nubem
2772 1495 2929 1545 tene-

523 1574 772 1647 brosam,
805 1573 922 1631 illis
949 1592 1088 1631 vero
1116 1571 1388 1630 lucidam.
1474 1571 1758 1629 Nolumus
1805 1570 2007 1629 multis
2042 1569 2347 1646 inquirere,
2378 1568 2473 1627 vel
2524 1569 2582 1625 in
2611 1567 2931 1641 materiam,

525 1654 618 1711 vel
642 1654 702 1709 in
721 1652 984 1729 figuram,
1015 1651 1114 1709 vel
1140 1651 1200 1708 in
1228 1660 1444 1709 motum
1476 1650 1644 1708 istius
1680 1648 1872 1708 nubis.
1955 1650 2103 1707 Nam
2146 1648 2339 1726 quoad
2366 1649 2678 1723 materiam,
2710 1654 2933 1705 certum

525 1742 614 1792 est
641 1731 818 1790 fuisse
847 1751 1054 1807 corpus
1083 1730 1372 1806 quoddam
1403 1736 1633 1788 aereum
1663 1729 1724 1787 in
1753 1728 2129 1788 similitudine
2157 1729 2345 1805 nubis,
2371 1729 2471 1787 sed
2502 1727 2657 1805 quod
2684 1728 2929 1785 miracu-

523 1813 646 1871 lose
675 1820 734 1871 et
761 1818 927 1869 extra
955 1810 1214 1868 ordinem
1253 1829 1288 1867 a
1317 1811 1444 1867 Deo
1492 1809 1799 1867 formatum
1844 1819 1968 1869 erat
1994 1809 2069 1867 ad
2114 1829 2283 1867 usum
2311 1809 2657 1887 peculiarem
2694 1806 2933 1885 populi;

523 1891 736 1969 quippe
764 1890 1004 1949 materia
1029 1889 1268 1947 nubium
1298 1890 1431 1948 talis
1479 1907 1595 1946 non
1643 1897 1748 1962 est,
1780 1908 1911 1965 quae
1954 1890 2139 1966 possit
2186 1888 2389 1949 tandiu
2419 1889 2641 1965 durare,
2673 1896 2731 1946 et
2771 1887 2931 1945 vices

523 1972 655 2029 illas
683 1978 1013 2030 constantes
1040 1968 1271 2027 habere.
1356 1970 1582 2045 Fiqura
1626 1968 1920 2045 colligitur
1973 1989 2050 2027 ex
2087 1988 2173 2045 e0,
2198 1967 2355 2046 quod
2402 1970 2614 2027 dicitur
2668 1968 2843 2027 fuisse
2872 1966 2933 2024 in

526 2052 778 2130 speciem
806 2053 1095 2123 columnae,
1128 2048 1230 2106 sed
1251 2048 1334 2107 ita
1353 2048 1414 2106 in
1442 2048 1620 2107 altum
1651 2058 1857 2108 evecta
1882 2058 2021 2123 erat,
2053 2058 2119 2108 ut
2145 2069 2180 2107 a
2206 2057 2329 2109 toto
2356 2048 2571 2127 populo
2600 2047 2767 2107 facile
2796 2066 2930 2106 con-

525 2131 672 2209 spici
692 2140 905 2209 posset,
936 2137 995 2189 et
1021 2136 1198 2187 noctu
1226 2128 1459 2206 quidem
1489 2128 1691 2188 debuit
1720 2148 2022 2207 assurgere
2043 2130 2103 2187 in
2130 2130 2376 2206 figuram
2406 2128 2819 2207 pyramidalem
2842 2127 2931 2203 ig-

524 2231 710 2286 neam,
743 2209 992 2269 interdiu
1023 2229 1162 2268 vero
1191 2210 1362 2286 paulo
1389 2208 1565 2268 latius
1593 2209 1845 2286 expandi
1890 2209 1965 2267 ad
1993 2210 2224 2268 modum
2274 2209 2463 2284 nubis,
2511 2209 2655 2267 alias
2682 2228 2798 2267 non
2826 2227 2927 2284 po-

521 2291 728 2350 tuisset
739 2289 1014 2367 populum
1037 2289 1110 2347 ab
1129 2298 1273 2348 aestu
1289 2288 1440 2347 Solis
1458 2288 1624 2363 tueri,
1639 2308 1883 2366 eumque
1904 2289 2263 2348 obumbrare.
2292 2291 2485 2347 Motus
2502 2291 2675 2347 etiam
2692 2308 2809 2347 non
2828 2286 2936 2347 fuit

525 2370 863 2443 ordinarius,
898 2369 1001 2427 sed
1029 2370 1198 2446 plane
1240 2368 1731 2427 extraordinarius
1752 2368 2159 2447 adssimpulsum
2182 2369 2392 2446 angeli,
2418 2368 2534 2447 qui,
2556 2368 2785 2445 quoties
2811 2388 2931 2427 mo-

521 2448 710 2508 venda
729 2457 892 2507 erant
913 2458 1116 2522 castra,
1142 2448 1412 2508 movebat
1433 2449 1663 2523 nubem,
1685 2457 1750 2507 ut
1771 2450 1926 2507 viam
1953 2449 2167 2527 populo
2200 2456 2680 2527 praemonstraret,
2706 2449 2935 2525 quoties

521 2549 660 2588 vero
683 2538 870 2587 castra
901 2528 1172 2587 metanda
1211 2538 1390 2604 erant,
1419 2530 1633 2588 nubem
1676 2530 1967 2589 immotam
1996 2529 2297 2589 firmabat:
2326 2527 2613 2607 quomodo
2646 2548 2785 2587 vero
2815 2536 2933 2585 tam

521 2618 791 2668 constans
820 2608 1024 2668 fuisset
1051 2617 1240 2667 motus
1268 2616 1326 2667 et
1353 2610 1517 2685 quies
1545 2610 1713 2669 istius
1740 2610 1910 2667 nubis
1953 2610 2073 2668 sine
2122 2610 2397 2687 peculiari
2424 2608 2617 2685 angeli
2659 2608 2929 2685 impulsu,

523 2710 652 2749 cum
682 2690 868 2748 nubes
893 2690 1023 2748 alise
1046 2698 1103 2748 et
1131 2689 1370 2767 figuram
1398 2688 1641 2748 subinde
1664 2698 1901 2763 mutent,
1922 2698 1981 2749 et
2002 2690 2191 2749 ventis
2212 2691 2326 2749 huc
2343 2690 2479 2748 illuc
2496 2687 2889 2767 propellantur
2904 2691 2937 2745 Ρ

603 2770 679 2829 V.
729 2770 792 2829 Si
820 2778 1111 2848 quaeratur
1135 2789 1321 2846 porr0‚
1357 2770 1456 2827 An
1484 2771 1753 2828 columna
1792 2769 1963 2828 nubis
1991 2779 2049 2829 et
2086 2770 2241 2847 ignis
2261 2791 2376 2829 una
2396 2768 2711 2845 eademque
2738 2766 2928 2840 fuerit,

523 2872 596 2909 an
629 2851 918 2909 diversae?
985 2850 1130 2909 Sunt
1151 2850 1250 2926 qui
1280 2850 1566 2927 duplicem
1613 2858 1890 2921 statuunt,
1942 2870 2114 2909 unam
2162 2851 2333 2925 nubis,
2384 2850 2525 2927 iqm‘s
2580 2849 2834 2923 alteram,
2866 2858 2932 2905 ut

528 2936 562 2964 “
589 2932 920 3009 Procopius,
945 2932 1123 3011 ἧμὶςις
1148 2932 1235 3006 μὲν
1265 2932 1303 2987 ἓν
1331 2930 1498 3007 nimy
1518 2930 1723 3005 νεφέλης,
1747 2957 1829 2995 την
1856 2928 1905 2989 δὲ
1934 2930 2085 2989 ’ἴαται
2103 2932 2142 2989 ἓν
2162 2931 2330 3009 orbay
2352 2936 2519 3013 πυςὶς,
2548 2926 2866 3009 &Upon-iga
2883 2924 2939 2985 δί

525 3013 757 3071 ivon-offic
795 3012 1058 3091 Χςω-τὶς.”
1145 3010 1341 3069 Satius
1369 3019 1561 3069 tamen
1590 3020 1679 3069 est
1708 3032 1838 3069 cum
1866 3013 2094 3071 Justino
2117 3032 2289 3071 unam
2321 3022 2379 3072 et
2417 3012 2657 3071 eandem
2686 3010 2856 3069 nubis
2874 3017 2931 3068 et

523 3093 676 3169 ignis
704 3092 1030 3152 columnam
1061 3099 1329 3165 statuere,
1376 3090 1545 3167 cujus
1595 3090 1811 3169 duplex
1854 3092 2007 3163 φάο-ις
2049 3102 2203 3150 esset
2231 3101 2290 3150 et
2336 3092 2555 3169 duplex
2605 3112 2760 3165 usus,
2801 3110 2929 3168 quae

522 3191 626 3247 pro
655 3172 902 3229 diversis
930 3171 1156 3229 vicibus
1183 3190 1336 3228 nunc
1385 3170 1572 3245 nubiS,
1626 3192 1754 3247 quse
1784 3172 2033 3230 interdiu
2074 3170 2262 3247 magis
2310 3180 2463 3230 esset
2519 3172 2843 3249 conspicua,
2875 3180 2933 3227 et

524 3250 847 3309 umbraculi
877 3250 1004 3307 loco
1029 3270 1152 3307 esse
1181 3257 1422 3326 poterat,
1453 3270 1607 3309 nunc
1636 3272 1774 3310 vero
1804 3250 1957 3327 ignis
1986 3250 2086 3326 qui
2113 3258 2287 3307 noctu
2327 3249 2655 3324 colluceret,
2687 3270 2803 3325 quo
2830 3270 2929 3308 ex-

524 3329 738 3387 ercitus
765 3337 924 3387 totus
954 3328 1402 3404 collustraretur,
1435 3330 1683 3407 speciem
1711 3330 1964 3389 referret.
2050 3328 2175 3401 Quo
2204 3326 2519 3404 respiciunt
2547 3326 2648 3385 illa
2674 3329 2933 3387 Salviani

524 3408 596 3465 de
629 3407 864 3466 Provid.
893 3406 932 3465 l.
963 3407 1000 3465 i.
1032 3428 1082 3465 c.
1113 3410 1210 3478 29,
1245 3410 1280 3440 “
1304 3408 1535 3468 Victrix
1558 3410 1880 3487 ingreditur
1902 3428 2154 3467 eremum
2179 3408 2301 3467 sine
2329 3406 2485 3466 bello
2514 3426 2658 3485 gens
2688 3406 2931 3467 Hebrae-

523 3508 704 3562 orum,
737 3487 859 3565 agit
883 3487 990 3545 iter
1017 3488 1139 3545 sine
1169 3488 1389 3563 itincre,
1421 3489 1636 3548 viatrix
1666 3490 1788 3548 sine
1818 3490 1931 3563 via,
1976 3490 2194 3566 praevio
2227 3488 2354 3547 Deo
2384 3507 2631 3565 sequens
2658 3487 2931 3547 mobilem

522 3568 865 3641 columnam,
896 3566 1154 3625 nubilam
1183 3566 1294 3639 die,
1328 3568 1554 3645 igneam
1585 3579 1771 3641 nocte,
1814 3588 2099 3646 congruas
2129 3569 2383 3627 colorum
2434 3568 2801 3627 diversitates
2828 3590 2935 3646 pro

521 3660 778 3726 tempore
807 3653 1145 3722 sumentem,
1171 3647 1390 3707 scilicet
1419 3658 1486 3709 ut
1512 3648 1629 3708 diei
1658 3650 1850 3707 lumen
1880 3649 2037 3707 lutea
2065 3649 2415 3709 obscuritate
2444 3648 2842 3726 distingueret,
2875 3659 2933 3707 et

521 3730 828 3807 caliginem
856 3726 1044 3785 noctis
1083 3726 1347 3786 flammeo
1377 3728 1682 3807 splendore
1710 3729 1987 3787 claritatis
2016 3728 2372 3789 irradiaret.”
2454 3730 2655 3788 Moses
2692 3748 2809 3786 nou
2831 3730 2929 3788 ob·

521 3830 684 3869 scure
715 3810 824 3867 hoc
853 3808 1089 3865 innuere
1132 3806 1376 3877 videtur,
1412 3808 1602 3867 Exod.
1650 3810 1771 3868 xiV.
1803 3812 1899 3884 20,
1952 3809 2182 3886 quando
2231 3810 2327 3884 ait,
2380 3810 2709 3868 columnam
2755 3828 2930 3867 unam

519 3891 874 3966 eandemque
895 3885 1158 3963 caliginis
1180 3886 1360 3945 instar
1379 3888 1651 3947 habuisse
1682 3910 1753 3947 ex
1773 3888 1951 3947 altera
1972 3898 2151 3967 parte,
2176 3909 2291 3967 qua
2313 3889 2633 3967 AEgyptios
2666 3889 2931 3966 respicie-

518 3970 636 4041 bat,
667 3992 740 4028 cx
759 3970 939 4027 altera
960 3986 1098 4025 vero
1117 3986 1230 4043 qua
1251 3966 1531 4026 Hebraeos
1554 3970 1869 4046 spectabat,
1889 3970 2075 4028 lucem
2096 3970 2310 4028 claram
2338 3969 2672 4048 praebuisse,
2693 3977 2752 4027 et
2794 3989 2929 4027 mox

523 4055 557 4083 “
583 4050 768 4109 Deum
817 4070 848 4108 e
895 4048 1162 4107 columna
1188 4046 1359 4105 nubis
1387 4056 1558 4125 atque
1589 4049 1804 4125 ignis,''
1836 4057 2033 4127 utpote
2084 4071 2215 4128 quae
2242 4070 2359 4110 una
2395 4050 2711 4127 eademque
2741 4048 2926 4125 suerit,

513 4140 914 4207 prospectasse,
947 4148 1067 4186 ver.
1099 4128 1193 4185 24.

599 4210 710 4271 VI.
757 4212 1039 4285 Quorsum
1065 4216 1257 4267 autem
1288 4206 1450 4266 Deus
1495 4208 1821 4269 columnam
1851 4211 2009 4269 illam
2040 4212 2099 4269 in
2122 4211 2338 4289 populo
2384 4210 2648 4285 erexerit,
2679 4208 2931 4267 rationes

515 4292 692 4349 variae
722 4292 884 4349 reddi
912 4298 1170 4369 possunt,
1203 4308 1332 4366 quae
1361 4287 1602 4347 totidem
1634 4312 1773 4350 usus
1822 4294 1947 4370 ejus
1978 4292 2286 4369 designant
2312 4314 2325 4350 :
2373 4293 2425 4351 1.
2475 4290 2556 4349 Ut
2590 4295 2742 4347 esset
2768 4290 2929 4346 Prae-

515 4371 703 4427 sentioe
731 4372 934 4429 divinae
957 4372 1276 4447 symbolum,
1307 4370 1418 4429 hoc
1441 4370 1593 4429 enim
1625 4372 1792 4451 signo
1834 4374 2155 4432 testabatur
2201 4371 2364 4430 Deus
2394 4390 2455 4429 se
2485 4370 2687 4428 adesse
2716 4388 2789 4447 po
2831 4368 2931 4426 ulo

515 4468 638 4522 suc,
671 4458 730 4505 et
757 4468 930 4525 quem
959 4451 1132 4509 semel
1163 4472 1237 4509 ex
1283 4450 1535 4509 hostium
1563 4454 1832 4512 manibus
1881 4454 2182 4532 eripuerat,
2236 4452 2391 4510 nolle
2442 4449 2741 4525 deserere3
2792 4390 2929 4507 licet

514 4546 656 4584 vero
683 4527 967 4603 potuisset
994 4529 1270 4587 invisibili
1302 4550 1406 4588 sua
1433 4532 1797 4607 providentia
1836 4533 1997 4591 illum
2028 4532 2304 4605 comitari,
2338 4530 2523 4588 voluit
2550 4539 2745 4589 tamen
2774 4548 2927 4605 sym·

513 4606 710 4663 bolum
741 4614 1042 4664 externum
1075 4608 1363 4682 adhibere,
1397 4621 1458 4667 ut
1491 4610 1723 4670 ruditati
1756 4613 1951 4687 populi
1982 4632 2105 4669 sese
2136 4610 2613 4683 accommodaret,
2666 4609 2763 4686 qui
2795 4628 2927 4667 cum
