3234 5192
330 373 556 415 msrur.
586 352 701 434 ιιι]
888 369 967 412 m:
996 365 1475 410 sarismc‘noms
1502 367 1742 409 cums-1³1
1769 365 2186 408 messena-rs..
2622 351 2740 410 393

332 515 645 573 voluntate
670 511 1007 570 fundantur
1026 515 1168 568 sunt
1192 507 1499 578 liberrimi,
1524 514 1587 566 et
1612 509 1692 565 ad
1719 509 1958 566 nullum
1987 507 2286 584 objectum
2307 507 2395 566 ita
2419 507 2744 568 inclinatur

336 593 449 652 Dei
478 594 759 650 voluntas
786 589 935 665 quin
962 589 1013 647 si
1032 589 1095 646 in
1123 587 1489 646 contrarium
1515 586 1894 644 inclinaretur
1920 593 2118 662 posset
2143 586 2208 643 id
2242 586 2403 659 juste
2429 587 2576 659 fieri,
2605 589 2744 664 quis

331 689 474 730 vero
522 673 602 728 ad
644 671 761 727 hoc
784 685 909 725 uon
954 669 1241 726 horreat?
1323 665 1428 724 Ad
1456 666 1582 735 2¹²m,
1626 666 1778 723 'Pam
1804 673 1970 722 arcto
1997 683 2158 721 nexu
2185 666 2390 722 odium
2417 671 2480 722 et
2504 683 2743 740 poenam

330 749 557 826 peccati
584 749 803 807 sociari
829 746 1124 804 credimus
1150 751 1221 802 ut
1246 762 1368 802 non
1396 742 1581 819 possit
1606 744 1764 800 illud
1789 743 1934 818 poni
1961 743 2088 801 sine
2115 742 2246 814 ista,
2275 749 2346 802 ut
2371 743 2600 802 dictum
2626 745 2738 805 Th.

336 829 446 900 203
476 827 622 886 alias
648 831 997 901 sequeretur
1014 830 1323 900 peecatum
1344 821 1476 880 Deo
1504 839 1734 896 semper
1760 820 2088 896 displicere,
2109 827 2172 878 et
2185 829 2386 879 tamen
2412 841 2588 897 posse
2607 841 2743 898 pec—

332 915 594 965 catorem
605 923 730 981 qua
738 905 923 962 talem
933 904 1013 961 ad
1023 921 1085 961 se
1094 902 1371 978 recipere,
1382 917 1525 959 nam
1536 900 1586 957 si
1596 906 1794 976 potest
1804 915 1925 956 non
1938 900 2171 976 punire,
2181 905 2376 975 potest
2385 901 2739 974 condonare,

334 986 384 1044 si
404 991 600 1060 potest
624 984 980 1051 condonare,
1002 987 1199 1057 potest
1216 986 1587 1056 peccatorem
1606 977 1671 1034 in
1689 977 1826 1035 sinu
1847 995 1958 1036 suo
1973 977 2178 1035 fovere
2200 999 2215 1048 ;
2248 978 2456 1037 Simile
2473 983 2638 1053 quod
2655 983 2744 1040 af·

328 1063 524 1121 fertur
543 1069 633 1120 est
650 1062 829 1137 plane
838 1059 1150 1128 dissimile;
1176 1058 1337 1116 Alioe
1349 1064 1489 1114 sunt
1502 1057 1617 1112 viae
1631 1055 1744 1114 Dei
1765 1057 1900 1114 aliae
1917 1063 2154 1132 nostras,
2177 1064 2450 1115 nostrum
2469 1064 2560 1115 est
2578 1077 2746 1117 aver-

331 1143 450 1200 sari
470 1147 781 1217 peccatum
792 1137 1191 1196 sinevindicta
1205 1137 1456 1212 privata,
1469 1155 1603 1212 quse
1619 1135 1694 1192 iis
1703 1141 1940 1192 tantum
1957 1135 2238 1211 competit
2246 1136 2348 1210 qui
2361 1144 2501 1195 sunt
2516 1138 2579 1195 in
2597 1145 2745 1220 &mg-

330 1227 431 1298 οχὴ·
456 1217 785 1288 constituti,
814 1218 917 1274 sed
944 1217 1021 1273 de
1061 1215 1193 1273 Deo
1239 1215 1365 1272 sine
1392 1215 1736 1290 exceptione
1775 1219 1866 1270 est
1891 1213 2137 1286 dictum,
2177 1214 2324 1271 Mea
2351 1226 2436 1273 est
2454 1216 2615 1290 ultio,
2645 1239 2750 1296 ⁶90

332 1287 673 1357 retribuam.
755 1295 989 1353 Deinde
1034 1294 1098 1350 in
1146 1293 1321 1351 nobis
1364 1299 1453 1351 est
1478 1291 1770 1351 aversatio
1793 1291 2026 1366 frigida
2059 1299 2122 1349 et
2145 1310 2302 1367 saepe
2327 1293 2618 1368 inefficax,
2647 1299 2746 1356 vel

337 1378 483 1454 quia
508 1376 809 1444 nolumus,
834 1372 933 1430 vel
961 1372 1105 1449 quia
1150 1389 1273 1429 non
1300 1389 1615 1446 possumus
1654 1371 1926 1445 plectere,
1959 1369 2110 1428 Ideo
2137 1370 2521 1444 magistratus
2547 1382 2610 1433 ει
2635 1394 2746 1451 pa-

336 1463 457 1514 tres
485 1472 606 1511 non
633 1470 771 1510 raro
797 1457 1159 1527 praepostera
1182 1450 1563 1524 indulgentia
1587 1449 1686 1507 hic
1724 1453 1988 1523 peccant,
2017 1449 2116 1506 vel
2141 1449 2427 1507 facultate
2454 1453 2745 1526 puniendi

334 1533 747 1592 destituuntur
762 1529 907 1605 quia
923 1547 1083 1588 vana.
1098 1535 1188 1586 est
1203 1527 1327 1586 sine
1348 1529 1575 1586 viribus
1594 1528 1710 1587 ira:
1733 1527 1836 1584 sed
1859 1525 2024 1584 Deus
2045 1543 2274 1586 summe
2296 1528 2424 1585 odit
2439 1539 2748 1604 peccatum

334 1619 407 1671 ut
431 1611 736 1669 laesionem
762 1608 970 1682 gloriae
988 1626 1130 1678 suae,
1152 1614 1215 1665 et
1233 1607 1376 1681 quia
1397 1623 1628 1664 summe
1647 1611 1856 1682 potens
1876 1611 1968 1662 est
1986 1605 2290 1664 ulciscitur
2313 1605 2744 1671 infallibiliter:

332 1692 535 1748 differt
550 1688 791 1764 quidem
818 1687 1149 1762 aliquando
1162 1687 1262 1743 vel
1288 1685 1543 1743 tranfert
1568 1701 1792 1760 poenas,
1815 1684 1916 1740 sed
1935 1701 2060 1741 non
2085 1683 2224 1742 ideo
2250 1686 2490 1760 penitus
2509 1688 2743 1764 ποίει-ις

333 1787 563 1844 semper
608 1765 783 1842 punit
807 1764 857 1822 si
882 1784 1006 1823 non
1053 1765 1117 1822 in
1144 1763 1524 1840 peccantibus
1550 1763 1696 1838 ipsis
1723 1763 1936 1820 saltem
1961 1761 2027 1818 in
2066 1763 2240 1820 vade.
2324 1763 2428 1822 Ad
2458 1765 2581 1837 3⁰²¹,
2611 1768 2744 1827 dico

334 1852 691 1922 argumenta
736 1845 815 1902 ab
841 1843 1127 1918 oppositis
1153 1861 1277 1900 non
1305 1861 1535 1918 semper
1561 1841 1800 1899 admitti
1837 1857 2010 1915 posse
2035 1841 2098 1898 in
2124 1840 2446 1917 theologia,
2475 1863 2533 1902 v.
2561 1863 2620 1919 g.
2643 1847 2746 1919 ju-

334 1927 547 1983 bemur
594 1923 813 1980 amieos
859 1939 1078 1992 amare,
1125 1923 1284 1979 male
1304 1927 1505 1979 tamen
1534 1919 1670 1995 quis
1691 1937 1829 1977 cum
1859 1917 2174 1976 Pharisaeis
2199 1920 2510 1995 colligeret
2529 1925 2744 1984 debere

333 2003 607 2061 inimicos
634 2001 851 2072 odisse,
869 2000 953 2056 sic
972 2001 1133 2058 mala
1160 2016 1343 2074 opera
1368 2006 1511 2057 suut
1530 2016 1714 2056 causa
1728 1997 1913 2071 exitii,
1935 2014 2078 2071 ergo
2107 2003 2168 2054 et
2193 1998 2352 2057 bona
2377 2002 2602 2078 salutis,
2633 2021 2744 2064 nec

334 2081 492 2139 enim
518 2081 727 2137 eadem
748 2078 1065 2136 causalitas
1091 2085 1181 2134 est
1208 2077 1504 2134 bonorum
1532 2093 1781 2152 operum
1807 2093 1950 2150 erga
1997 2075 2253 2134 salutem
2280 2095 2416 2152 quae
2445 2081 2744 2140 malorum

332 2177 477 2234 erga
504 2157 773 2226 exitium,
800 2157 929 2212 haec
955 2155 1176 2231 quippe
1203 2155 1465 2213 efficiunt
1490 2161 1551 2212 et
1568 2161 1874 2212 merentur
1891 2152 2129 2228 proprie
2155 2161 2411 2212 mortem
2437 2159 2582 2233 quia
2609 2178 2745 2218 nos-

332 2245 427 2295 tra
454 2242 595 2293 sunt
621 2241 683 2292 et
706 2234 990 2304 indebita,
1020 2242 1083 2292 at
1110 2235 1220 2291 illa
1271 2234 1506 2291 nullam
1532 2233 1718 2290 talem
1745 2233 1913 2310 axio-n
1939 2234 2164 2291 habent
2189 2233 2268 2290 ad
2297 2234 2571 2307 salutem,
2601 2238 2746 2312 quia

332 2333 442 2373 nec
462 2319 667 2371 nostra
687 2318 829 2370 sunt
842 2330 953 2370 nec
968 2311 1249 2385 indebita,
1262 2320 1324 2370 et
1338 2312 1389 2369 si
1408 2311 1738 2370 necessaria
1747 2320 1890 2371 sunt
1909 2313 1986 2370 ad
2007 2329 2155 2382 eam,
2173 2312 2487 2372 necessitas
2503 2323 2592 2373 est
2611 2323 2746 2374 tan-

332 2400 465 2450 tum
480 2392 805 2468 proesentioe
832 2409 952 2450 non
985 2391 1287 2468 efficientioe
1313 2397 1375 2448 ει
1398 2390 1615 2463 meriti,
1645 2396 1716 2447 ut
1757 2390 2170 2450 conditionum
2197 2389 2260 2447 in
2289 2391 2609 2465 salvandis,
2639 2397 2744 2453 sed

331 2490 455 2529 non
484 2478 553 2528 ut
599 2489 913 2530 causarum
958 2470 1143 2547 ipsius
1188 2470 1415 2529 salutis.
1501 2469 1720 2546 Itaque
1747 2487 1870 2527 non
1915 2469 1966 2527 si
1993 2470 2158 2527 Deus
2183 2469 2395 2544 punire
2423 2473 2612 2546 possit
2638 2473 2744 2532 ubi

332 2569 453 2608 non
483 2549 627 2622 odit,
666 2550 951 2608 continuo
980 2549 1119 2607 odio
1163 2551 1381 2608 habere
1408 2548 1647 2624 poterit,
1670 2555 1730 2606 et
1757 2565 1880 2606 non
1907 2549 2140 2623 punire.
2183 2547 2240 2606 2.
2270 2547 2516 2607 Falsum
2545 2551 2744 2610 Deum

330 2647 602 2706 unquam
628 2629 927 2705 punivisse
954 2628 1082 2686 sine
1110 2629 1267 2700 odio,
1291 2635 1400 2686 ne‘c
1420 2629 1762 2703 exemplum
1786 2626 2008 2685 Christi
2031 2627 2148 2683 hoc
2173 2627 2408 2698 evincit,
2436 2646 2579 2686 nam
2605 2630 2746 2688 licet

332 2709 390 2767 in
416 2729 475 2767 se
501 2714 563 2765 et
587 2708 827 2782 propria
852 2725 1107 2782 persona
1132 2705 1549 2764 dilectissimus
1566 2705 1754 2762 fuerit
1770 2704 1953 2773 Patri,
1973 2711 2171 2761 tamen
2197 2711 2268 2761 ut
2295 2707 2408 2762 Vas
2427 2715 2482 2764 et
2502 2727 2744 2782 sponsor

328 2797 519 2847 noster·
544 2786 649 2862 qui
668 2794 910 2861 peccata
938 2791 1145 2842 nostra
1186 2785 1249 2841 in
1278 2802 1340 2841 se
1367 2783 1607 2856 recepit,
1639 2783 1838 2839 Deum
1878 2783 2100 2839 iratum
2140 2782 2339 2854 sensit,
2369 2789 2430 2840 et
2454 2801 2516 2840 se
2543 2803 2582 2841 a
2609 2786 2741 2844 Deo

328 2867 679 2924 derelictum
708 2871 955 2938 questus
996 2869 1101 2920 est.

412 2941 672 3003 XXIII.
718 2939 907 2999 Porro
933 2941 1049 2997 hoc
1074 2941 1273 3015 ipsum
1303 2938 1644 2996 luculenter
1683 2937 2017 2996 confirmari
2059 2941 2272 3011 potest,
2311 2937 2434 2995 sive
2461 2945 2739 3000 naturam

324 3022 565 3101 peccati,
590 3019 713 3076 sive
735 3017 858 3076 Dei
874 3018 1059 3092 ipsius
1076 3017 1241 3093 σχίσιν
1258 3017 1319 3072 in
1338 3017 1453 3073 hoe
1472 3016 1719 3089 negotio
1742 3015 2148 3074 attendamus:
2177 3013 2342 3072 Nam
2363 3017 2438 3072 ad
2459 3023 2739 3079 naturam

329 3101 575 3179 quidem
592 3097 815 3174 peccati
841 3097 1005 3171 quod
1047 3097 1278 3164 attinet,
1308 3095 1551 3170 quando
1592 3099 1822 3152 certum
1858 3093 2036 3150 debet
2061 3109 2190 3150 esse
2215 3099 2278 3152 et
2303 3100 2474 3152 extra
2500 3113 2740 3158 omnem

326 3174 719 3237 dubitationis
746 3176 937 3232 aleam
965 3173 1247 3248 positum,
1276 3171 1555 3230 naturale
1584 3172 1830 3246 aliquod
1858 3171 2174 3230 discrimen
2195 3173 2556 3232 intercedere
2583 3175 2740 3236 inter

326 3256 541 3316 vitium
566 3263 629 3313 et
652 3253 955 3322 virtutem,
998 3270 1121 3308 non
1162 3257 1401 3309 tantum
1439 3250 1764 3325 positivum
1791 3259 1852 3310 et
1885 3250 2157 3322 liberum,
2190 3259 2373 3328 prout
2401 3251 2740 3316 Carneades

328 3337 473 3395 olim
494 3333 740 3402 censuit,
762 3332 866 3410 qui
896 3329 1197 3406 justitiam
1218 3337 1279 3388 et
1298 3329 1654 3404 injustitiam
1676 3331 1922 3389 nomina
1961 3347 2086 3388 esse
2107 3337 2361 3407 tantum,
2383 3351 2510 3391 rem
2533 3342 2736 3394 autem

324 3416 515 3490 ipsam
543 3431 651 3489 pro
679 3411 994 3469 hominum
1035 3407 1279 3467 arbitrio
1320 3409 1672 3466 mutabilem
1712 3427 1838 3468 esse
1878 3409 2114 3480 docuit;
2161 3409 2404 3470 Certum
2439 3412 2647 3472 itidem
2674 3423 2736 3472 et

324 3493 709 3551 manifestum
748 3495 839 3546 est
875 3488 1106 3546 bonum
1148 3488 1371 3546 morale
1412 3505 1546 3546 cum
1588 3489 1835 3562 physico
1875 3493 1936 3546 et
1977 3489 2204 3546 malum
2245 3491 2554 3566 physicum
2596 3511 2734 3551 cum

323 3570 537 3629 morali
564 3565 826 3626 naturali
854 3567 1114 3642 quadam
1140 3566 1574 3625 necessitudine
1602 3567 1946 3638 consociari,
1987 3565 2075 3623 ita
2113 3573 2187 3626 ut
2211 3574 2273 3624 et
2307 3569 2462 3627 illud
2503 3572 2735 3644 praemii

322 3656 385 3706 et
408 3649 525 3705 hoc
550 3665 743 3722 poenae
764 3644 1053 3702 rationem
1072 3646 1324 3716 habeat3
1353 3646 1573 3720 quippe
1590 3663 1730 3702 cum
1751 3645 2112 3705 conveniant
2130 3645 2412 3722 utrinque
2434 3647 2494 3703 in
2517 3650 2731 3708 eodem

322 3743 539 3800 genere
566 3726 663 3782 vel
690 3723 834 3781 boni
858 3723 957 3780 vel
983 3725 1145 3795 mali,
1175 3731 1236 3782 et
1261 3723 1529 3782 divinam
1557 3725 1910 3798 sapientiam
1931 3725 2178 3782 omnino
2199 3725 2370 3782 decet
2393 3725 2522 3782 haec
2549 3726 2731 3784 simul

323 3803 617 3877 componi,
646 3821 756 3860 nec
780 3801 907 3859 sine
934 3802 1301 3860 absurditate
1326 3803 1473 3878 fingi
1500 3809 1696 3878 potest
1715 3805 1813 3860 vel
1829 3802 2206 3862 sanctitatem
2227 3802 2729 3863 absolutissimam

324 3882 599 3941 comitem
626 3882 845 3939 habere
870 3889 1217 3956 perpetuam
1250 3882 1554 3940 miseriam
1582 3889 1644 3939 et
1669 3881 2086 3953 calamitatem,
2127 3882 2226 3938 vel
2265 3897 2570 3940 summum
2609 3901 2730 3941 sce-

321 3963 417 4018 lus
446 3979 580 4018 cum
610 3977 845 4017 summa
872 3967 933 4018 et
950 3959 1389 4033 jucundissima
1414 3959 1696 4018 felicitate
1723 3959 2029 4036 conjungi.

403 4037 653 4097 XXIV.
696 4037 759 4096 N
762 4057 829 4096 ec
854 4039 1157 4113 sapientias
1184 4045 1425 4097 tantum
1461 4039 1575 4096 hoc
1610 4041 1904 4110 convenit,
1943 4039 2045 4096 sed
2088 4038 2340 4098 bonitati
2377 4045 2438 4097 et
2474 4040 2726 4114 justitiae

321 4118 541 4176 divinoe
568 4116 857 4193 imprimis
904 4123 1367 4175 consentaneum
1408 4124 1535 4189 cst3
1581 4116 1662 4175 Et
1687 4117 1944 4176 bonitati
1988 4117 2230 4191 quidem
2267 4119 2460 4193 primo
2482 4139 2497 4188 ;
2540 4120 2728 4196 siqui-

319 4198 459 4254 dem
486 4201 659 4254 tanta
684 4196 815 4270 ejus
843 4196 934 4253 vis
960 4202 1049 4254 est
1074 4202 1135 4254 et
1159 4196 1536 4270 magnitudo,
1564 4202 1638 4253 ut
1663 4213 1784 4252 non
1811 4196 1994 4254 modo
2032 4195 2204 4253 bonis
2229 4196 2380 4254 bene
2408 4214 2534 4255 esse
2560 4199 2724 4272 velit,

318 4277 421 4334 sed
451 4280 522 4332 ut
548 4275 870 4350 nequidem
899 4274 1177 4331 videatur
1202 4273 1569 4332 contrarium
1592 4291 1632 4331 a
1657 4291 1720 4330 se
1747 4272 2066 4348 impetrare
2091 4293 2279 4348 posse,
2307 4275 2462 4333 ratio
2489 4282 2578 4334 est
2599 4296 2726 4336 ma-

318 4353 571 4424 nifesta3
614 4371 751 4411 cum
780 4351 942 4410 enim
970 4352 1135 4409 Deus
1176 4353 1405 4409 bonum
1432 4350 1509 4409 sit
1538 4369 1664 4426 quo
1701 4369 1818 4408 non
1850 4357 2046 4426 potest
2065 4369 2188 4409 esse
2235 4353 2468 4424 melius,
2496 4354 2725 4416 bonum

318 4440 523 4491 autem
550 4432 629 4490 sit
653 4439 873 4490 natura
900 4447 1013 4488 sua
1038 4431 1367 4487 amandum
1409 4435 1471 4486 et
1496 4431 1914 4504 expetendum,
1960 4431 2124 4487 omni
2150 4431 2338 4488 dubio
2379 4435 2588 4507 procul
2631 4443 2726 4494 est

318 4511 519 4569 Deum
574 4529 699 4569 sese
739 4525 1115 4583 summopere
1168 4525 1405 4583 amare3
1451 4506 1640 4565 Porro
1677 4507 1754 4565 ob
1797 4509 2047 4566 eandem
2086 4509 2380 4569 rationem
2421 4511 2498 4569 ob
2541 4531 2724 4587 quam

316 4589 485 4647 Deus
512 4607 635 4647 sese
662 4594 827 4647 amat
846 4604 967 4665 qua
994 4586 1187 4644 bonus
1216 4591 1322 4656 est,
1344 4585 1571 4644 amabit
1596 4587 1777 4644 etiam
1805 4587 2092 4662 quicquid
2118 4595 2350 4648 naturas
2378 4609 2500 4649 suae
2529 4591 2724 4652 simile

315 4667 586 4744 reperiet,
616 4673 679 4726 et
701 4666 766 4724 in
795 4684 918 4742 quo
944 4664 1265 4740 imaginem
1309 4683 1485 4724 suam
1512 4665 1812 4740 refulgere
1839 4665 2099 4726 videbit:
2141 4674 2370 4728 certum
2411 4677 2617 4728 autem
2635 4677 2728 4728 est
