3234 5192
280 314 515 366 msru‘r.
559 295 716 380 xlm]
919 313 998 356 na
1027 315 1502 356 sartsrac‘rroms
1531 315 1770 358 cums-rr
1800 315 2121 358 ventura.
2575 298 2693 358 599

282 458 374 516 nis
403 457 619 516 Christi
657 456 794 516 olim
832 477 937 535 pro
974 477 1036 516 se
1075 456 1424 532 effundendi,
1471 466 1529 517 et
1565 458 1804 518 meliora
1828 457 2126 534 loquuturi
2155 457 2435 534 sanguine
2466 457 2691 532 Abelis,

285 538 438 597 Heb.
469 538 572 596 xii.
604 541 699 612 24,
732 537 884 596 unde
914 537 1029 596 illis
1058 557 1286 614 quoque
1315 538 1566 596 victimis
1595 548 1655 596 et
1679 539 1977 598 sacrificiis
2006 558 2066 596 se
2095 546 2430 596 vacaturum
2460 539 2690 614 profite-

279 625 373 677 tur
409 616 616 692 David,
647 617 788 675 ibid.
821 637 941 675 ver.
972 619 1104 692 ult.;
1136 638 1248 674 non
1280 617 1639 695 promitteret
1686 629 1877 676 autem
1911 617 2291 677 eucharistica
2330 617 2380 676 si
2415 619 2691 695 propitia-

279 698 428 757 toria
467 697 700 756 omnino
745 698 972 756 inutilia
999 697 1350 791 agnovisset,
1397 707 1454 756 et
1492 719 1623 774 quae
1651 697 2035 775 persolvenda
2062 699 2395 775 neutiquam
2424 696 2688 756 fuissent.

283 778 354 836 E.
385 777 581 836 David
619 777 876 854 loquitur
902 777 973 836 de
1009 771 1240 836 victimis
1278 778 1405 836 istis
1433 779 1549 836 Vel
1591 779 1651 836 in
1688 799 1749 836 se
1791 787 1849 836 et
1890 778 2151 836 absolute
2189 777 2583 850 consideratis,
2615 798 2691 836 ex

280 858 492 934 quibus
519 877 688 916 nemo
713 877 886 915 sanus
911 857 1016 916 sub
1041 857 1170 915 Vct.
1189 858 1348 916 Test.
1371 858 1560 934 potuit
1586 858 1808 934 peccati
1838 859 1924 916 sui
1954 858 2343 936 expiationem
2366 867 2688 934 expectare,

282 937 440 1014 quod
467 937 666 996 multis
695 937 824 996 aliis
862 937 1158 1015 scripturae
1195 936 1542 997 testimoniis
1581 937 2021 1012 demonstratur,
2070 937 2224 996 Psal.
2254 937 2337 995 xl.
2390 941 2443 1011 7,
2475 946 2534 997 et
2561 938 2599 996 1.
2630 941 2685 1012 8,

282 1021 338 1076 9.
372 1017 524 1075 Heb.
549 1037 608 1076 x.
640 1020 695 1093 3,
729 1021 783 1092 4,
817 1015 943 1092 δια,
975 1037 1092 1075 ιιοιι
1119 1017 1298 1076 relate
1327 1017 1401 1075 ad
1431 1017 1723 1076 Christum
1752 1018 1917 1095 cujus
1946 1027 2109 1078 erant
2135 1018 2353 1094 figurae,
2397 1018 2508 1076 hoc
2537 1018 2687 1076 enim

279 1117 454 1156 sensu
475 1117 610 1156 vere
633 1097 954 1174 expiatoria
975 1105 1138 1156 erant
1165 1105 1335 1174 prout
1361 1097 1437 1156 ab
1459 1099 1584 1175 ipso
1607 1098 1732 1156 Deo
1757 1097 1815 1154 in
1845 1118 1972 1156 eum
1992 1099 2165 1156 finem
2196 1107 2359 1157 erant
2387 1097 2687 1172 instituta-3

284 1177 399 1235 'Vel
429 1177 499 1235 de
529 1177 600 1235 iis
629 1177 749 1253 agit
778 1197 894 1235 non
923 1177 1276 1254 simpliciter,
1321 1177 1422 1236 sed
1457 1187 1783 1254 comparate
1810 1177 1887 1236 ad
1918 1181 2124 1237 maltum
2156 1179 2434 1236 inter-num
2472 1186 2531 1236 et
2566 1198 2687 1236 mo·

279 1257 476 1331 ralem,
501 1264 566 1314 ut
588 1259 715 1334 ejus
737 1258 1132 1316 necessitatem
1159 1265 1218 1316 et
1237 1259 1627 1334 praestantiam
1652 1277 1823 1335 supra
1842 1267 2143 1318 externum
2168 1266 2226 1317 et
2248 1257 2689 1316 caerimoniaIem

283 1336 520 1412 doceat;
553 1336 636 1394 sic
664 1337 817 1394 enim
847 1357 1000 1414 saepe
1029 1337 1177 1396 solet
1205 1339 1487 1416 scriptura
1515 1339 1778 1396 absolute
1807 1337 2027 1415 aliquid
2055 1337 2335 1396 affirmare
2356 1338 2453 1396 vel
2481 1357 2688 1415 urgere

282 1417 440 1494 quod
469 1425 794 1492 comparate
822 1425 1045 1476 tantum
1073 1417 1514 1495 intelligendum
1553 1427 1659 1492 est,
1705 1427 1769 1476 ut
1806 1418 1867 1476 in
1902 1418 2107 1477 eodem
2145 1426 2501 1496 argument0,
2539 1419 2687 1478 Hos.

285 1497 362 1555 vi.
396 1499 450 1573 6,
501 1500 535 1529 ‘⁴
567 1496 938 1574 Benignitate
977 1497 1232 1557 delector
1273 1506 1333 1557 et
1373 1519 1490 1556 non
1537 1497 1848 1574 sacrificiiS,
1886 1507 1945 1557 et
1973 1498 2301 1575 cognitione
2346 1498 2456 1556 Dei
2499 1498 2687 1575 magis

281 1595 454 1658 quam
467 1576 878 1651 holocaustiS‚'’
904 1587 963 1636 et
985 1581 1014 1636 1
1045 1577 1200 1638 Sam.
1230 1598 1331 1637 xv.
1363 1583 1458 1652 22,
1484 1577 1860 1637 “obedientia
1879 1578 2085 1637 melior
2101 1577 2441 1652 sacrifici0‚'’
2462 1578 2689 1636 ubinon

281 1650 612 1716 excluditur
639 1657 830 1716 cultus
857 1657 1274 1717 caeremonialia
1305 1624 1588 1733 absolute,
1630 1657 1733 1718 sed
1770 1666 2095 1736 comparate
2132 1666 2355 1717 tantum
2389 1658 2539 1716 infra
2567 1679 2687 1716 mo-

279 1738 460 1796 ralem
498 1745 556 1796 et
594 1737 948 1814 spiritualem
983 1737 1338 1816 deprimitur,
1369 1747 1434 1798 ut
1462 1759 1633 1816 quem
1662 1739 1931 1816 primario
1961 1747 2019 1798 et
2045 1738 2436 1816 principaliter
2468 1738 2628 1796 Deus
2657 1759 2692 1796 a

277 1819 445 1877 nobis
463 1817 734 1895 requirat.
788 1817 945 1877 Hinc
966 1819 1068 1876 illa
1091 1817 1354 1893 Davidis,
1380 1818 1535 1878 Psal.
1554 1819 1633 1893 li.‚
1676 1821 1711 1853 “
1728 1819 2022 1879 Sacrificia
2043 1818 2280 1877 Domini
2302 1819 2537 1897 spiritus
2556 1838 2689 1878 con-

280 1899 511 1973 tritus,'’
554 1898 691 1974 quia
732 1897 790 1956 in
820 1898 1026 1974 spiritu
1056 1899 1302 1957 contrito
1337 1901 1552 1958 veritas
1581 1907 1671 1957 est
1700 1900 2105 1959 sacrificiorum
2127 1899 2401 1976 legalium
2426 1911 2691 1976 respectu

279 1977 555 2052 fidelium,
587 1987 646 2035 et
673 1997 804 2036 eum
835 1986 966 2036 ante
997 1978 1190 2036 omnia
1217 1977 1404 2053 exigit
1435 1978 1720 2037 Dominus
1748 1986 1813 2036 ut
1841 1979 1952 2037 sibi
1981 1999 2201 2038 summe
2231 1989 2478 2055 gratum.

360 2057 550 2116 XIII.
609 2059 663 2116 3.
691 2057 824 2114 Non
851 2076 1132 2132 negamus
1161 2057 1468 2115 discrimen
1497 2058 1649 2115 inter
1673 2067 1911 2133 peccata
1958 2058 2247 2133 constitui,
2271 2060 2442 2118 Num.
2466 2078 2587 2132 xv.,
2609 2058 2691 2120 ita

277 2144 344 2194 ut
381 2135 494 2194 alia
531 2135 796 2194 dicantur
837 2135 960 2194 fieri
1001 2155 1102 2212 per
1129 2156 1384 2194 errorem
1411 2144 1470 2195 et
1505 2136 1889 2212 infirmitatem
1917 2145 2091 2211 aava,
2123 2136 2237 2194 alia
2264 2155 2367 2190 nm
2399 2155 2483 2193 va
2514 2157 2691 2200 manu

281 2219 502 2274 excelsa
530 2215 626 2272 vel
654 2218 821 2290 elata,
867 2223 924 2274 et
963 2215 1080 2274 illis
1118 2214 1353 2293 quidem
1392 2215 1673 2274 sacrificia
1700 2215 1987 2274 destinata
2014 2212 2209 2291 fuisse,
2251 2214 2377 2274 istis
2404 2236 2544 2274 vero
2572 2237 2690 2276 non

280 2295 436 2370 item,
469 2295 572 2353 sed
598 2295 1109 2372 praesentissimum
1131 2295 1408 2371 exitium3
1454 2295 1560 2355 sed
1583 2315 1701 2354 non
1730 2296 1989 2373 sequitur
2017 2297 2210 2354 omnia
2236 2303 2473 2373 peccata
2499 2299 2693 2358 volun·

281 2376 436 2434 laria
463 2384 522 2434 et
549 2375 753 2452 gravia
779 2375 918 2434 talia
945 2376 1121 2436 fuisse
1151 2396 1280 2454 quse
1307 2375 1510 2437 fierent
1537 2397 1710 2435 manu
1738 2379 1959 2436 excelsa
1986 2387 2045 2436 et
2071 2377 2281 2455 quibus
2308 2395 2465 2436 mors
2492 2397 2688 2436 neces-

280 2456 430 2516 sario
469 2464 527 2516 et
564 2455 943 2516 infallibiliter
979 2457 1231 2535 reposita
1267 2466 1456 2534 esset3
1502 2477 1635 2516 nam
1676 2465 1741 2516 ut
1767 2467 1938 2516 antea
1966 2458 2352 2534 observatum,
2385 2457 2556 2516 etiam
2585 2477 2691 2537 pro

277 2538 476 2596 multis
502 2537 782 2596 ultroneis
807 2537 1060 2616 peccatis
1083 2547 1142 2598 et
1161 2538 1440 2616 gravibus
1469 2537 1749 2598 sacrificia
1768 2538 2001 2598 fuerunt
2024 2539 2301 2613 instituta,
2326 2547 2385 2597 et
2404 2539 2690 2615 judicium

278 2617 435 2676 istud
462 2618 707 2696 capitale
736 2617 1048 2678 excisionis
1069 2619 1130 2676 in
1151 2639 1220 2678 ea
1240 2639 1370 2696 quae
1392 2619 1740 2680 videbantur
1760 2639 1862 2696 per
1884 2639 1945 2677 se
1966 2618 2202 2694 leviora,
2223 2627 2289 2678 ut
2310 2619 2369 2676 in
2390 2628 2689 2696 peccatum

279 2698 582 2776 lignatoris
611 2699 711 2776 qui
746 2699 909 2776 ligna
947 2698 1228 2776 colligens
1267 2700 1327 2757 in
1367 2700 1650 2759 sabbatho
1685 2698 2223 2776 deprehenderetur,
2256 2699 2571 2756 exercitum
2601 2699 2687 2756 vi

275 2779 496 2838 demus·
584 2778 788 2856 Itaque
816 2787 1116 2856 peccatum
1151 2778 1298 2836 illud
1333 2794 1494 2832 am-
1485 2799 1550 2836 .:
1589 2797 1707 2835 non
1746 2777 1993 2854 quodvis
2030 2785 2329 2853 peccatum
2367 2797 2547 2853 grave
2587 2797 2690 2836 seu

277 2858 667 2917 voluntarium
695 2858 900 2932 innuit,
945 2857 1048 2917 sed
1086 2857 1231 2916 illud
1259 2864 1484 2915 tantum
1515 2857 1605 2915 cui
1636 2856 1911 2930 adjuncta
1939 2860 2014 2914 sit
2043 2856 2311 2932 superbia
2338 2855 2601 2932 quaedam
2632 2870 2691 2916 et

279 2937 640 2997 contumacia
677 2936 940 3013 insignis,
985 2936 1142 3014 quod
1179 2936 1494 2995 deliberata
1529 2935 1633 2994 fiat
1671 2935 1891 2994 malitia
1918 2956 1993 2993 ex
2022 2955 2179 2994 mero
2210 2934 2321 2992 Dei
2356 2943 2691 3013 contemptu

277 3027 336 3076 et
363 3015 694 3091 rebellione,
725 3016 808 3074 ita
833 3024 898 3074 ut
926 3025 1193 3092 peccator
1219 3016 1280 3073 in
1302 3036 1370 3074 eo
1401 3014 1708 3092 glorietur;
1740 3015 1823 3074 sic
1853 3014 2006 3074 Psal.
2038 3015 2161 3073 xix.
2197 3017 2289 3090 13,
2322 3025 2690 3092 opponuntur

271 3117 498 3155 errores
539 3103 597 3153 et
633 3103 868 3170 peccata
905 3097 1120 3154 occulta
1161 3094 1446 3171 superbitis,
1493 3094 1570 3153 id.
1608 3094 1862 3172 peccatis
1906 3095 2243 3171 pervicaciae
2270 3102 2331 3155 et
2354 3095 2689 3155 rebellionis

277 3176 596 3236 manifestae
625 3175 697 3233 de
726 3175 954 3252 quibus,
997 3175 1140 3234 Lev.
1171 3175 1335 3233 xxvi.
1366 3179 1461 3249 21,
1494 3183 1553 3234 et
1580 3176 1624 3235 J
1628 3175 1719 3234 ob.
1750 3196 1850 3233 xv.
1882 3177 1977 3233 25.
2032 3175 2145 3234 Pro
2188 3196 2257 3235 eo
2285 3196 2425 3252 ergo
2468 3176 2567 3254 qui
2606 3176 2689 3238 ita

277 3277 452 3316 manu
489 3255 643 3314 elata
679 3255 956 3334 peccabat
991 3255 1215 3314 nullum
1255 3255 1597 3314 sacrificium
1638 3255 1905 3329 dabatur,
1931 3255 2034 3314 sed
2062 3276 2217 3315 mors
2244 3265 2471 3315 tantum
2498 3256 2685 3314 immi·

277 3338 468 3413 nebat,
492 3337 629 3414 quia
649 3336 866 3394 nullam
891 3335 1279 3414 expiationem
1301 3343 1359 3395 et
1379 3336 1863 3400 reconciliationis
1892 3355 2050 3412 spem
2080 3337 2460 3415 contemptori
2488 3357 2687 3416 super·

277 3438 406 3478 esse
435 3418 597 3476 Deus
628 3417 790 3493 vult;
834 3416 1051 3475 nemini
1091 3416 1204 3474 nisi
1243 3416 1550 3494 poenitenti
1591 3416 1837 3495 gratiam
1879 3416 2018 3476 facit
2056 3426 2114 3475 et
2150 3418 2376 3475 veniam
2422 3417 2683 3494 largitur,

277 3518 446 3559 nemo
474 3498 549 3557 ad
581 3499 768 3556 Deum
798 3497 1218 3556 sacrificaturus
1245 3496 1657 3556 admittebatur
1684 3497 1796 3555 nisi
1824 3497 1925 3574 qui
1953 3497 2029 3554 ad
2056 3517 2186 3556 eum
2218 3517 2278 3556 se
2307 3497 2689 3560 convertisset

276 3587 336 3638 et
363 3599 399 3636 a
426 3585 759 3655 contemptu
785 3577 897 3636 hoc
925 3578 1098 3636 etiam
1126 3577 1188 3635 in
1214 3577 1526 3636 levissimis
1554 3577 1905 3652 divertisset,
1936 3575 2090 3637 unde
2124 3578 2224 3654 qui
2252 3577 2420 3654 gravi
2448 3577 2685 3636 crimine

277 3658 586 3716 obstrictus
613 3657 933 3733 tenebatur,
961 3677 1085 3717 sese
1113 3656 1191 3716 ad
1219 3657 1408 3717 Deum
1432 3665 1793 3733 convertens,
1823 3657 2011 3735 potuit
2036 3657 2294 3734 legitime
2314 3658 2687 3716 sacramentis

275 3737 759 3797 reconciliationis
787 3737 889 3814 uti,
933 3738 1078 3796 alias
1120 3737 1169 3796 si
1208 3737 1270 3795 in
1309 3739 1420 3796 hac
1462 3738 1788 3814 pervicacia
1830 3746 2127 3814 perstaret,
2166 3757 2325 3796 mera
2352 3745 2475 3796 erat
2499 3736 2685 3814 hypo-

271 3817 438 3876 crisis
476 3825 534 3876 et
571 3817 782 3892 illusio,
828 3838 932 3876 nec
975 3825 1200 3896 poterat
1235 3817 1418 3876 ullum
1453 3814 1645 3877 offerri
1671 3817 2032 3893 sacrificium,
2072 3838 2179 3878 nec
2206 3817 2360 3876 enim
2401 3817 2587 3876 veniae
2628 3825 2689 3877 et

277 3897 656 3956 absolutionis
694 3898 940 3975 gratiam
978 3897 1165 3975 poscit
1201 3897 1302 3974 qui
1339 3898 1877 3957 condemnationem
1916 3917 2033 3957 non
2060 3905 2223 3958 curat
2250 3897 2354 3956 sed
2382 3896 2597 3972 irridet,
2628 3907 2689 3957 et

274 3977 376 4056 qui
416 3977 732 4070 praefracte
755 3977 817 4036 in
855 3987 1092 4055 peccato
1135 3997 1239 4036 suo
1281 3988 1536 4055 perstare
1573 3978 1740 4054 vult;
1785 3977 1916 4037 ideo
1947 3979 2211 4038 Christus
2246 3977 2687 4054 relinquendum

273 4057 492 4116 donum
536 4057 762 4116 notavit
805 4065 872 4116 ιιι
913 4059 1303 4118 reconciliatio
1349 4079 1480 4118 cum
1524 4057 1699 4117 fratre
1740 4061 1985 4129 ineatur,
2032 4059 2241 4116 Matth.
2271 4078 2329 4116 v,
2418 4055 2515 4116 Sic
2556 4057 2687 4118 leve

252 4137 508 4215 ‚quidem
552 4137 612 4194 in
655 4157 716 4196 se
757 4145 1058 4213 peccatum
1091 4138 1397 4197 videbatur
1432 4138 1737 4215 lignatoris
1765 4138 1865 4214 qui
1914 4138 1988 4196 ὅκ-
2014 4137 2265 4217 duodeno
2294 4136 2685 4214 deprehende

271 4219 443 4277 batur
468 4217 632 4294 ligna
659 4217 984 4294 colligens
967 4239 1028 4275 m
1059 4217 1371 4294 Sabbatho,
1416 4217 1520 4278 sed
1547 4218 1685 4295 quia
1732 4217 1967 4277 malitiae
2004 4225 2064 4277 et
2099 4224 2461 4294 contemptus
2498 4237 2685 4276 arces-

275 4298 437 4373 situr,
469 4317 576 4356 nec
604 4297 756 4356 enim
786 4307 1101 4375 praetexere
1131 4297 1514 4374 ignorantiam
1545 4310 1604 4356 et
1630 4298 2021 4356 infirmitatem
2051 4299 2110 4354 in
2139 4305 2300 4356 tanta
2325 4296 2455 4355 luce
2494 4317 2687 4355 coram

274 4379 402 4456 ipso
433 4379 561 4438 Deo
589 4378 794 4456 potuit,
835 4377 1192 4438 excidendus
1220 4386 1343 4437 erat
1371 4399 1406 4436 a
1433 4377 1685 4455 populo;
1732 4377 1835 4436 sed
1873 4378 1920 4435 si
1960 4377 2110 4438 idem
2145 4385 2453 4454 antequam
2483 4377 2685 4455 depre-

275 4459 640 4535 henderetur,
682 4457 867 4536 culpae
897 4458 1248 4526 conscientia
1277 4467 1466 4518 motus
1496 4457 1855 4517 confessione
1883 4457 2096 4517 crimen
2127 4457 2461 4535 aperuisset,
2494 4458 2689 4518 oblata

275 4539 468 4599 hostia
503 4548 568 4599 ut
606 4547 747 4617 puto
785 4539 973 4617 potuit
1011 4538 1249 4616 expiari,
1293 4559 1411 4597 non
1447 4538 1641 4596 minus
1679 4557 1849 4615 quam
1889 4538 1991 4614 qui
2030 4537 2203 4598 rebus
2238 4538 2415 4596 sacris
2442 4538 2687 4598 abutens

273 4619 566 4680 excidium
605 4628 728 4678 erat
785 4618 1146 4698 promeritus,
1191 4619 1304 4678 nisi
1337 4639 1566 4698 poenam
1601 4619 1995 4696 praevertisset
2036 4617 2411 4693 confessione,
2457 4621 2687 4684 restitu-

273 4699 448 4775 tione,
481 4700 792 4759 oblatione.
