3234 5192
574 342 691 405 058
1175 356 1253 399 nr.
1284 330 1773 400 sarrsrscnoms
1801 358 2044 399 οιιιιιετι
2074 356 2390 399 vnmnrs.
2567 336 2841 422 [msru‘r.
2874 359 3024 401 xxx.

578 501 656 561 D.
680 501 753 561 N.
780 524 793 577 ;
838 500 923 560 sic
951 500 1091 561 Joh.
1120 502 1203 561 iii.
1236 504 1329 576 16,
1361 504 1457 577 36,
1502 509 1561 560 et
1602 498 1743 559 alibi
1783 500 2000 577 passim
2043 500 2190 560 fides
2229 506 2582 559 memoratur
2615 506 2680 558 ut
2709 518 3008 576 organum

576 582 933 659 receptivum
956 582 1201 659 justitiae
1232 582 1447 641 Christi
1488 590 1547 640 et
1587 580 1846 640 conditio
1887 580 2013 640 sine
2054 600 2170 658 qua
2197 580 2463 640 Christus
2489 580 2704 638 frustra
2727 589 3008 641 mortuus

578 674 749 721 esset.
808 662 887 720 Et
914 682 1053 721 sane
1082 683 1213 721 cum
1244 662 1509 721 Christus
1536 680 1571 720 a
1596 661 1766 720 nobis
1793 668 2000 720 natura
2028 661 2106 720 sit
2131 661 2372 737 alienus,
2415 668 2476 720 et
2502 668 2670 719 extra
2693 678 2818 736 noa,
2851 680 3006 738 quo-

578 743 751 801 modo
790 742 917 801 fieri
957 752 1155 819 posset
1192 751 1391 802 noster
1418 752 1477 802 et
1502 762 1539 799 a
1564 741 1736 800 nobis
1761 740 1956 818 recipi,
1985 740 2100 799 nisi
2127 741 2317 819 posita
2357 739 2686 799 conditione
2727 740 2838 799 sub
2881 761 3010 818 qua

576 823 747 881 nobis
786 822 1140 900 promittitur
1180 832 1240 883 et
1280 822 1516 881 offertur
1534 824 1564 879 ?
1606 820 1781 879 Adde
1809 820 1968 899 quod
1993 842 2110 879 non
2139 829 2331 898 potest
2357 820 2624 897 cuiquam
2651 820 2714 877 in
2739 819 3009 881 solutum

580 902 853 980 imputari
892 902 954 960 id
982 903 1139 979 quod
1185 923 1290 980 pro
1318 903 1445 980 ipso
1474 903 1622 961 alter
1647 902 1996 979 praestiterit,
2037 902 2153 960 nisi
2180 902 2304 978 ipse
2331 901 2393 958 id
2420 901 2580 977 velit,
2625 900 2896 960 admittat
2939 910 3006 961 et

580 991 859 1060 acceptet,
892 983 1176 1059 siquidem
1204 982 1391 1041 invito
1418 982 1764 1041 beneficium
1791 1001 1908 1040 non
1937 981 2144 1057 datur;
2187 981 2441 1040 maxime
2468 981 2518 1040 si
2538 980 2855 1040 satisfactio
2888 1000 3006 1074 pro

582 1082 652 1121 eo
679 1063 954 1141 praestita,
998 1082 1115 1121 non
1142 1070 1369 1121 tantum
1399 1062 1483 1121 sic
1510 1062 1836 1137 exsolutiva,
1883 1061 1987 1121 sed
2004 1062 2175 1120 etiam
2205 1062 2638 1136 reconciliatam,
2667 1069 2734 1119 ιιι
2761 1062 3008 1121 omnino

582 1163 653 1203 ea
673 1152 761 1203 est
788 1164 961 1219 quam
984 1142 1249 1201 Christus
1275 1162 1381 1219 pro
1408 1142 1578 1201 nobis
1606 1141 1894 1220 praestitit.
1942 1142 2036 1200 Ita
2063 1142 2282 1219 duplex
2303 1141 2622 1220 acceptatio
2641 1140 2811 1199 istius
2841 1142 3008 1199 solu-

582 1223 759 1282 tionis
795 1223 1207 1301 distinguenda
1242 1230 1349 1299 est,
1393 1222 1508 1280 alia
1546 1242 1583 1281 a
1612 1231 1790 1299 parte
1817 1223 1948 1297 Dei,
1997 1222 2112 1281 alia
2151 1242 2188 1281 a
2217 1232 2391 1299 parte
2429 1222 2622 1297 nostri,
2671 1221 2773 1278 illa
2799 1221 2870 1281 fit
2895 1242 3008 1299 per

584 1304 848 1380 gratiam,
891 1305 1005 1363 ista
1032 1323 1133 1381 per
1160 1302 1354 1378 fidem,
1395 1302 1583 1381 prima
1610 1311 1702 1361 est
1727 1302 2214 1363 reconciliationis
2241 1302 2697 1377 fundamentum,
2741 1302 3008 1361 secunda

584 1392 674 1443 est
700 1384 961 1462 ejusdem
990 1403 1195 1444 sensus
1237 1391 1296 1443 et
1336 1392 1776 1461 argumentum3
1821 1390 2064 1461 utraque
2106 1382 2432 1441 necessaria
2471 1390 2562 1441 est
2601 1391 2661 1440 et
2699 1381 3006 1443 indivulso

583 1482 743 1523 nexu
784 1465 935 1523 inter
978 1484 1041 1525 se
1086 1464 1537 1542 conjunguntur,
1584 1483 1717 1523 nam
1757 1470 1822 1521 ut
1860 1463 2005 1522 fides
2041 1482 2160 1521 non
2195 1470 2402 1555 potest
2421 1462 2674 1539 recipere
2706 1461 3006 1538 justitiam

588 1544 819 1621 Christi,
864 1544 979 1603 nisi
1019 1564 1199 1621 quum
1239 1553 1396 1603 certo
1438 1544 1603 1603 novit
1645 1564 1680 1601 a
1721 1543 1848 1602 Deo
1883 1542 2194 1602 admissam
2231 1563 2358 1602 esse
2385 1542 2446 1601 in
2474 1541 2649 1635 λῦτςου
2675 1561 2796 1635 pro·
2807 1542 3004 1617 nobiS,

582 1623 667 1682 ita
692 1643 810 1682 non
838 1624 1093 1684 admittit
1141 1624 1304 1683 Deus
1320 1624 1610 1718 justitiam
1643 1622 1904 1682 Christi
1887 1643 1946 1681 ιιι
1977 1622 2416 1701 Redemptionis
2455 1624 2700 1701 pretium
2737 1622 2856 1681 nisi
2893 1642 3007 1700 pro

584 1703 971 1778 credentibus,
1002 1712 1063 1763 et
1088 1704 1162 1762 iis
1189 1704 1291 1781 qui
1318 1704 1501 1781 ipsam
1530 1703 1643 1761 sibi
1670 1702 1960 1780 applicare
1989 1703 2296 1762 voluerint.

666 1782 962 1842 XXXII.
1006 1787 1063 1843 3.
1108 1783 1367 1842 Absurd.
1400 1784 1463 1842 Si
1492 1784 1757 1842 Christus
1799 1802 1904 1860 pro
1945 1783 2214 1843 omnibus
2261 1781 2554 1858 satisfecit,
2595 1802 2736 1861 ergo
2777 1801 3008 1859 omnes,

584 1861 759 1921 etiam
786 1863 1132 1923 manifeste
1116 1863 1293 1940 mpii,
1326 1862 1738 1921 salvabuntur
1724 1909 1738 1938 ,
1782 1882 1916 1920 nam
1943 1883 2048 1941 pro
2069 1864 2280 1940 quibus
2309 1864 2562 1923 solutum
2589 1872 2681 1923 est
2707 1863 2886 1921 semel
2903 1864 3008 1923 λῦ-

584 1968 710 2025 τςου,
738 1943 828 2002 illi
854 1944 1070 2021 injuste
1114 1952 1342 2001 aeternae
1372 1942 1758 2003 damnationis
1795 1962 2022 2002 carcere
2050 1944 2550 2021 manciparentur3
2599 1944 2696 2003 Sic
2725 1943 3007 2004 Ostorod.

590 2024 767 2103 Resp.
802 2026 857 2084 1.
888 2025 1001 2083 Per
1028 2024 1458 2083 concessionem
1486 2022 1709 2099 damus,
1741 2022 1791 2083 si
1814 2022 2077 2083 Christus
2105 2043 2209 2103 pro
2239 2024 2506 2083 omnibus
2533 2044 2671 2083 vere
2699 2023 3008 2100 satisfecit,

588 2124 789 2165 omnes
817 2105 991 2165 etiam
1020 2104 1332 2164 salvandos
1358 2124 1525 2163 esse.
1510 2126 1524 2139 ·
1568 2104 1774 2182 Neque
1821 2104 2125 2163 admittere
2165 2124 2474 2182 possumus
2513 2123 2708 2163 eorum
2759 2103 3007 2163 distine-

588 2187 823 2262 tionem,
855 2187 989 2263 quie
1014 2186 1113 2245 hic
1140 2185 1291 2245 inter
1316 2185 1732 2263 acquisitionem
1751 2193 1806 2244 et
1831 2185 2272 2261 impetrationem
2295 2184 2500 2243 salutis
2527 2184 2914 2261 distinguunt,
2951 2196 3014 2245 et

590 2268 719 2345 ejus
746 2268 1196 2343 applicationem,
1228 2267 1395 2344 quasi
1422 2266 1525 2324 illa
1568 2266 1646 2323 sit
1691 2265 1878 2339 latior,
1927 2265 2052 2324 haec
2099 2265 2414 2357 angustior,
2445 2263 2548 2323 illa
2595 2264 2672 2323 ad
2714 2284 2919 2323 omnes
2951 2276 3015 2325 et

590 2347 853 2423 singulos
879 2346 1160 2421 homines,
1192 2346 1303 2405 ista
1324 2344 1399 2404 ad
1428 2346 1585 2403 solos
1605 2343 1808 2404 fideles
1833 2346 2154 2438 perti-nean
2202 2346 2347 2404 Cum
2391 2345 2452 2403 in
2485 2345 2780 2421 Scriptura
2805 2364 3010 2421 aequa-

590 2426 665 2483 lis
693 2426 809 2483 sint
834 2424 1158 2483 latitudinis
1186 2433 1246 2483 et
1270 2424 1644 2502 peripherias,
1676 2433 1735 2483 et
1782 2425 1998 2483 nemini
2025 2445 2062 2483 a
2089 2426 2318 2484 Christo
2367 2425 2674 2502 impetrata
2699 2424 2777 2483 sit
2821 2424 3010 2499 salus,

590 2524 721 2581 quae
748 2511 883 2562 actu
908 2523 1026 2561 non
1054 2503 1397 2563 conferatur.
1470 2504 1603 2562 Non
1645 2504 1978 2581 negaverim
2023 2504 2258 2581 quidem
2307 2504 2757 2565 satisfactionem
2787 2504 3014 2566 Christi

592 2582 1131 2643 sufficientissimam
1160 2602 1286 2643 esse
1314 2582 1390 2642 ad
1428 2583 1882 2662 redemptionem
1921 2585 2099 2644 totius
2146 2584 2366 2660 mundi,
2397 2586 2513 2644 imo
2541 2585 2790 2661 plurium
2833 2604 3014 2645 mun-

592 2664 815 2733 dorum,
849 2664 899 2722 si
926 2663 1233 2739 darentur3
1269 2663 1388 2723 Sed
1430 2663 1590 2722 aliud
1623 2671 1712 2723 est
1731 2663 1806 2723 de
1833 2664 2157 2736 sufficientia
2178 2666 2339 2742 loqui
2379 2666 2804 2741 Satrhfactionth,
2846 2666 3019 2725 aliud

594 2744 667 2803 de
706 2745 934 2804 consilio
962 2754 1017 2805 et
1038 2748 1322 2804 voluntate
1364 2744 1791 2819 ΒαειέςῙασίοηιίε.
1877 2744 2047 2803 Prius
2073 2745 2480 2805 universaliter
2519 2754 2710 2823 potest
2736 2746 3014 2825 concipi3

596 2825 893 2885 Posterius
944 2844 1063 2885 non
1118 2826 1301 2901 item;
1356 2825 1495 2903 quia
1545 2844 1664 2883 non
1718 2824 1908 2903 potuit
1960 2824 2113 2885 velle
2169 2825 2498 2885 satisfacere
2554 2844 2658 2903 pro
2713 2794 3014 2903 omnibus,

592 2907 735 2985 quin
788 2926 858 2966 eo
912 2906 1040 2985 ipso
1090 2907 1347 2965 omnium
1400 2906 1531 2965 loco
1580 2925 1644 2965 se
1691 2905 2086 2981 substitueret,
2137 2914 2196 2965 et
2251 2905 2511 2966 debitum
2565 2905 2771 2965 mortis
2804 2904 3014 2999 λυτςοι

592 2986 887 3065 penderet.
958 2988 1001 3047 J
1004 3007 1098 3045 am
1126 2987 1177 3046 si
1205 2987 1461 3064 ipsorum
1488 2986 1619 3045 loco
1647 2986 1840 3063 reipsa
1867 2986 2234 3063 subrogatus,
2264 3004 2402 3045 vere
2425 2985 2725 3045 debitam*
2701 2985 2854 3064 ipsis
2879 3006 3012 3064 poe·

592 3088 727 3126 nam
756 3067 1048 3142 sustinuit,
1077 3067 1367 3143 quomodo
1396 3065 1599 3126 eadem
1723 3086 1799 3125 na
1818 3067 1949 3144 jure
1985 3074 2178 3144 potest
2203 3065 2278 3125 ab
2317 3066 2390 3125 iis
2417 3066 2578 3142 exigi
2597 3068 2628 3125 ?
2653 3086 2782 3144 quse
2810 3074 3016 3127 tamen

592 3148 849 3224 exigitur
874 3148 949 3205 ab
978 3147 1246 3206 omnibus
1273 3146 1550 3224 reprobis.
1623 3086 1842 3205 geo]
1774 3146 1931 3205 valet
1958 3146 2116 3224 quod
2159 3146 2370 3205 dicitur
2395 3146 2651 3205 voluisse
2674 3146 3014 3207 satisfacere

591 3236 817 3285 tantum
866 3245 970 3302 pro
996 3226 1139 3303 ipsis
1165 3228 1538 3285 conditionate
1584 3246 1703 3284 non
1750 3226 2011 3285 absolute.
2071 3226 2222 3286 Nam
2270 3226 2371 3284 vel
2413 3226 2810 3288 conditionem
2843 3226 3018 3287 illam

592 3304 885 3382 praescivit
910 3312 979 3363 ιιι
1005 3304 1239 3364 dubiam
1289 3314 1348 3364 et
1395 3307 1674 3365 incertam
1717 3305 2065 3383 pendentem
2115 3326 2191 3365 ex
2219 3307 2471 3366 humano
2515 3306 2770 3382 arbitrio,
2810 3308 2916 3365 vel
2943 3318 3016 3368 ut

594 3392 753 3443 certo
774 3384 1025 3443 futuram
1054 3392 1114 3443 et
1139 3405 1175 3443 a
1214 3404 1275 3443 se
1304 3384 1613 3461 decretam,
1644 3384 1742 3443 vel
1770 3394 1835 3444 ut
1861 3394 2019 3445 certo
2045 3406 2166 3447 non
2181 3385 2448 3462 futuram,
2481 3395 2540 3446 et
2567 3386 3014 3464 impossibilem,

591 3472 793 3541 utpote
820 3483 856 3521 a
896 3482 959 3523 se
1002 3484 1120 3522 non
1160 3464 1451 3523 decretam
1478 3485 1515 3523 a
1540 3484 1656 3541 quo
1685 3463 1810 3524 solo
1851 3464 2002 3525 effici
2047 3475 2255 3544 potest.
2323 3468 2387 3526 si
2423 3467 2600 3545 prius,
2641 3466 3020 3527 admittenda

592 3553 762 3604 erunt
790 3564 921 3603 cum
953 3544 1276 3603 Socinianis
1302 3544 1535 3603 decreta
1558 3544 1671 3603 Dei
1699 3543 2092 3605 conditionata
2113 3556 2173 3606 et
2199 3546 2361 3605 dubii
2379 3556 2639 3623 eventus,
2665 3546 2820 3624 quod
2839 3548 3018 3607 nefas

592 3645 719 3685 esse
746 3624 1061 3703 prudenter
1086 3624 1369 3684 sancitum
1386 3644 1425 3683 a
1454 3624 1708 3703 Synodis
1737 3624 1986 3701 Galliae3
2033 3626 2098 3687 Si
2137 3626 2441 3705 posterius,
2473 3646 2673 3686 omnes
2699 3635 2759 3686 et
2785 3626 3020 3705 singuli

593 3714 750 3765 certo
800 3705 1199 3782 servabuntur,
1230 3705 1389 3784 quod
1431 3724 1601 3764 nemo
1636 3705 1888 3781 dixerit,
1935 3672 2000 3766 S’i
2046 3716 2418 3800 postremum,
2449 3706 2703 3785 fingetur
2751 3707 2916 3766 Deus
2945 3708 3018 3767 id

591 3788 965 3846 vehementer
991 3786 1143 3845 velle
1172 3794 1231 3846 et
1256 3786 1571 3863 intendere,
1602 3784 1762 3865 quod
1787 3794 1982 3845 tamen
2009 3794 2167 3847 certo
2213 3786 2380 3847 novit
2421 3806 2717 3865 nunquam
2744 3786 3016 3847 futurum

589 3876 791 3945 utpote
818 3866 1076 3945 pendens
1104 3887 1179 3925 ex
1208 3866 1537 3927 conditione
1564 3886 1860 3943 nunquam
1883 3866 2135 3926 extitura
2162 3874 2222 3927 et
2248 3887 2316 3927 eo
2345 3877 2612 3945 respectu
2637 3866 3012 3945 impossibili,

590 3948 749 4025 quod
777 3968 851 4006 an
880 3947 1021 4006 satis
1049 3947 1356 4007 conveniat
1404 3966 1643 4006 summae
1673 3946 1788 4006 Dei
1835 3946 2132 4024 sapientise
2165 3947 2548 4024 judicandum
2599 3948 2864 4006 omnibus
2908 3968 3018 4007 re

591 4027 910 4105 linquitur;
958 4028 1085 4085 Imo
1114 4027 1197 4087 sic
1224 4046 1297 4087 ne
1325 4026 1581 4086 voluisse
1611 4026 1848 4104 quidem
1875 4035 2030 4086 recte
2053 4027 2300 4086 dicitur·
2284 4027 2636 4105 ‚Quomodo
2665 4028 2818 4086 euim
2843 4028 3012 4087 velle

590 4108 707 4167 dici
734 4115 928 4186 potest
965 4107 1245 4183 Christus,
1270 4106 1428 4185 quod
1474 4126 1762 4167 annexam
1799 4106 2189 4167 conditionem
2235 4107 2653 4185 impossibilem
2699 4106 2920 4183 habuit,
2945 4118 3019 4169 et

592 4208 765 4267 quam
794 4188 969 4247 talem
1013 4188 1179 4247 novit
1212 4186 1355 4265 ipse,
1386 4188 1502 4246 imo
1530 4206 1706 4265 quam
1753 4207 1870 4246 non
1899 4186 2036 4246 dare
2080 4206 2352 4265 expresse
2397 4187 2672 4263 decrevit,
2704 4187 2804 4265 qui
2841 4188 3014 4247 solus

592 4268 729 4328 dare
756 4277 983 4346 poterat
1001 4270 1031 4327 Ρ
1072 4268 1143 4327 Ε.
1174 4288 1243 4327 eo
1271 4265 1695 4328 deveniendum
1725 4275 1814 4326 est
1861 4266 2120 4327 dicamus
2143 4268 2434 4327 Christum
2471 4287 2576 4345 pro
2606 4268 2872 4326 omnibus
2899 4286 3014 4326 ne-

592 4368 882 4425 quaquam
910 4369 1047 4408 vere
1076 4347 1440 4424 satisfecisse,
1473 4346 1752 4407 satisfecit
1799 4348 1952 4406 enim
1998 4368 2102 4425 pro
2138 4348 2212 4407 iis
2251 4355 2479 4407 tantum
2517 4368 2764 4425 quorum
2791 4346 2918 4406 Vas
2945 4356 3018 4409 et

592 4426 781 4503 Caput
807 4427 994 4488 factus
1023 4437 1128 4505 est,
1160 4428 1349 4507 Caput
1375 4435 1567 4488 autem
1587 4436 1648 4487 et
1673 4426 1843 4487 Vas'
1827 4448 1888 4486 ιιι
1915 4426 2130 4487 foedere
2160 4428 2362 4506 gratiae
2413 4428 2746 4487 Electorum
2775 4435 3012 4487 tantum

592 4506 940 4566 constitutus
967 4518 1073 4585 est,
1105 4509 1316 4586 quibus
1344 4508 1515 4569 datus
1552 4517 1642 4567 est
1668 4528 1704 4566 a
1733 4508 1922 4585 Patre,
1953 4515 2014 4567 et
2037 4508 2140 4585 qui
2168 4509 2242 4568 ab
2291 4528 2360 4567 eo
2388 4508 2500 4586 ipsi
2529 4517 2664 4568 sunt
2691 4506 2830 4581 dati,
2859 4508 2906 4567 J
2909 4508 3014 4569 oh

592 4583 736 4645 xvii.
768 4587 825 4643 6.
870 4585 1043 4645 Unde
1065 4588 1385 4666 redemptio
1406 4597 1465 4648 et
1486 4587 1802 4648 satisfactio
1823 4588 1966 4665 haee,
1990 4596 2123 4648 utut
2149 4591 2234 4648 ad
2251 4608 2464 4665 qenera
2483 4588 2830 4665 sinqulorum
2857 4608 3014 4649 non·
