3234 5192
532 310 647 369 106
1333 320 1413 360 DE
1442 320 1806 361 »mcx-:esaum
1835 320 2184 362 SECESSIONE
2591 299 2852 384 [msPuT.
2885 324 2944 363 V.

526 466 703 526 Joan.
732 463 857 523 xxi.
892 464 983 539 15,
1015 459 1123 521 &c.
1152 460 1241 519 illi
1268 480 1303 519 a
1326 460 1556 519 Christo
1586 458 1975 536 commissum,
2025 458 2249 519 nullum
2277 459 2588 537 primatum
2631 463 2730 521 vel
2757 462 2942 523 domi·

526 546 687 604 nium
714 552 906 622 potest
932 541 1208 615 conferre,
1240 539 1346 599 sed
1366 548 1590 599 tantum
1629 543 1758 619 ejus
1801 540 2182 599 ministerium
2211 540 2526 617 confirmat,
2559 551 2617 601 et
2644 543 2810 601 trinae
2839 544 2940 603 ab·

523 623 836 701 negationi,
867 622 929 680 in
944 642 1118 700 quam
1146 622 1345 699 lapsus
1372 619 1575 696 fuerat,
1627 621 1912 698 triplicem
1950 620 2188 697 opponit
2231 621 2441 679 amoris
2491 622 2938 699 stipulationem,

526 704 923 781 triplicemque
947 703 1006 761 in
1034 720 1245 761 munus
1272 700 1714 777 restitutionem,
1738 710 1804 759 ut
1831 708 2092 777 pasceret
2120 718 2248 758 cum
2273 701 2514 775 caeteris,
2545 722 2662 759 non
2683 722 2802 780 prae
2831 723 2942 761 cae-

525 784 681 857 teriS‚
707 782 856 842 inter
874 790 1111 841 caeteros
1128 789 1195 839 ut
1222 780 1429 854 socius,
1450 800 1567 838 non
1590 801 1764 857 supra
1785 788 2026 839 caeteros
2046 788 2112 838 ut
2138 780 2466 839 monarcha.
2499 781 2593 839 Ex
2615 782 2842 859 quibus,
2866 803 2942 842 ne

525 862 745 922 diutius
774 863 835 920 in
853 863 965 921 hoc
986 870 1331 939 argumento
1351 860 1736 935 immoremur,
1769 860 2064 936 colligitur
2085 859 2417 935 clarissime,
2451 864 2686 920 Petrum
2714 862 2940 921 nullum

527 944 640 1002 sibi
667 942 965 1001 vindicare
1003 942 1261 1019 potuisse
1302 939 1688 1016 principatum
1733 941 1828 998 vel
1855 940 2164 1017 primatum
2207 938 2266 995 in
2311 939 2592 999 Ecclesia.
2677 940 2848 1015 Quod
2889 940 2940 1001 si

524 1024 807 1101 primatus
851 1022 1059 1099 aliquis
1087 1020 1175 1078 illi
1203 1018 1543 1078 tribuendus
1584 1019 1762 1095 venit,
1808 1039 1923 1096 quo
1953 1039 2127 1077 sensu
2176 1019 2396 1095 primus
2437 1028 2694 1096 vocatur,
2727 1021 2937 1081 Matth.

526 1124 587 1161 x.
618 1107 673 1178 2,
704 1111 765 1161 et
812 1121 963 1178 saepe
992 1122 1028 1158 a
1054 1099 1313 1178 patribus
1351 1100 1619 1175 princeps
1661 1102 2060 1175 apostolorum,
2097 1105 2186 1157 est
2212 1106 2436 1159 tantum
2477 1101 2764 1176 primatus
2785 1102 2937 1161 ordi-

525 1184 629 1258 πίε,
660 1183 758 1241 vel
774 1182 1062 1259 primatus
1106 1180 1331 1238 honor-12⁴3
1372 1186 1431 1237 et
1472 1178 1918 1239 existimationis
1965 1186 2198 1256 propter
2238 1177 2405 1237 dotes
2433 1180 2696 1257 eximias,
2728 1180 2940 1258 quibus

523 1262 802 1341 praeditus
830 1271 968 1337 erat,
1000 1281 1116 1337 quo
1144 1279 1319 1318 sensu
1344 1258 1389 1318 J
1390 1259 1607 1319 acobus
1635 1269 1696 1319 et
1721 1259 1766 1319 J
1768 1278 1984 1317 oannes
2012 1278 2142 1317 cum
2171 1257 2299 1335 ipso
2327 1268 2610 1317 vocantur
2637 1261 2934 1336 columnae,

528 1342 659 1403 Gal.
690 1342 746 1401 ii.
782 1344 835 1416 9,
882 1351 941 1400 et
980 1340 1267 1418 praecipue
1309 1338 1383 1397 ob
1425 1339 1535 1397 zeli
1577 1338 1842 1397 ardorem
1883 1348 1943 1397 et
1967 1340 2272 1419 &nep-bura,
2317 1358 2433 1415 qua
2473 1339 2758 1417 impulsus
2787 1359 2939 1418 saepe

566 1422 745 1481 rimus
792 1421 943 1480 inter
984 1420 1278 1498 apostolos
1306 1427 1365 1477 et
1392 1420 1650 1477 omnium
1676 1418 1908 1476 nomine
1931 1419 2162 1477 Christo
2191 1418 2592 1555 respondebat.
2683 1419 2801 1479 Sed
2821 1439 2938 1479 non

524 1443 635 1561 gut
678 1503 965 1578 primatus
1018 1499 1371 1575 auctoritatis
1398 1499 1494 1556 vel
1522 1498 1953 1575 jurisdictiones,
2004 1496 2077 1556 de
2106 1518 2221 1575 quo
2311 1498 2646 1576 isputamus,
2678 1508 2737 1559 et
2765 1519 2937 1577 quem

526 1582 892 1659 tyrannicum
921 1600 1049 1640 esse
1077 1580 1281 1638 merito
1305 1578 1632 1637 statuimus.

1132 1658 1348 1717 XVII.
1395 1658 1490 1715 Ex
1516 1659 1630 1716 hoc
1655 1677 1826 1735 porro
1870 1657 2120 1735 primatu
2161 1656 2322 1715 varia
2374 1657 2682 1735 pontificiae
2736 1664 2934 1735 tyran-

529 1736 664 1797 P³P⁸
712 1753 774 1784 ΘΧ
806 1738 1019 1808 primatu
1060 1738 1213 1797 nidis
1242 1738 1432 1815 capita
1459 1746 1800 1815 exsurgunt,
1847 1737 1950 1796 sed
1977 1737 2090 1797 tria
2108 1737 2221 1797 ista
2247 1757 2365 1814 prae
2394 1738 2616 1797 caeteris
2646 1760 2661 1797 ι
2690 1737 2847 1815 quod
2875 1739 2935 1796 in

586 1800 877 1855 potestatem
962 1810 1011 1839 ¹¹¹
1054 1819 1427 1895 imperatores
1476 1826 1535 1877 et
1580 1838 1750 1895 reges
1797 1826 2142 1896 potestatem
2188 1817 2301 1875 sibi
2353 1826 2619 1894 arroget;
2664 1817 2821 1895 quod
2875 1818 2938 1877 in

1052 1900 1272 1955 animas
1320 1906 1377 1955 et
1426 1898 1807 1956 conscientias
1857 1897 1968 1955 sibi
2007 1898 2108 1974 jus
2137 1904 2458 1974 competere
2503 1898 2737 1973 credat3
2781 1896 2940 1975 quod

526 1979 589 2039 in
617 2000 857 2057 corpora
884 1986 942 2039 et
969 1977 1271 2037 facultates
1298 1977 1596 2035 hominum
1647 1977 1758 2036 sibi
1800 1977 1992 2036 omnia
2018 1977 2192 2034 licere
2219 1985 2400 2054 putet.
2487 1976 2567 2036 Et
2593 1986 2659 2036 ut
2687 1978 2759 2036 de
2789 1979 2937 2055 reqi-

524 2060 623 2119 bus
652 2060 910 2119 dicamus
950 2059 1215 2136 primum,
1260 2057 1391 2134 quis
1416 2057 1600 2116 nescit
1644 2058 1812 2117 Rom.
1860 2057 2194 2134 Episcopos,
2240 2056 2342 2134 qui
2388 2076 2492 2135 per
2531 2058 2714 2116 multa
2747 2059 2940 2116 secula

526 2140 772 2218 subjecti
802 2139 1029 2199 fuerant
1056 2136 1512 2215 imperatoribus,
1566 2138 1806 2197 cadente
1843 2137 2080 2213 imperio
2127 2138 2406 2209 RomanO,
2437 2157 2541 2213 per
2588 2138 2714 2214 ejus
2742 2139 2936 2197 ruinas

526 2220 771 2299 gradum
794 2220 905 2279 sibi
927 2218 1129 2279 fecisse
1160 2217 1234 2276 ad
1261 2217 1323 2275 id
1350 2215 1651 2294 dignitatis
1673 2218 1986 2295 fastigium,
2011 2216 2168 2293 quod
2196 2216 2586 2275 formidabiles
2605 2226 2664 2277 et
2689 2226 2936 2276 tremen-

525 2299 632 2358 dos
661 2320 760 2359 eos
788 2298 1039 2358 reddidit
1072 2296 1427 2376 principibus
1483 2305 1542 2356 et
1568 2298 1804 2373 regibus
1833 2306 2016 2370 terrae,
2049 2306 2286 2355 eatenus
2334 2304 2415 2370 ut,
2447 2304 2752 2374 postquam
2779 2297 2929 2355 locu·

524 2380 729 2457 pletati
758 2379 988 2439 fuerunt
1014 2398 1211 2437 eorum
1238 2377 1598 2452 liberalitate,
1631 2377 1780 2436 hanc
1807 2376 2108 2436 retulerint
2137 2376 2278 2453 ipsis
2317 2376 2578 2453 gratiam,
2610 2385 2676 2436 ut
2703 2377 2936 2436 intoler-

534 2459 685 2517 anda
714 2459 981 2536 superbia
1009 2478 1180 2535 super
1206 2458 1365 2533 ipsos
1394 2466 1565 2534 caput
1586 2457 1917 2532 extulerint,
1951 2465 2008 2516 et
2037 2456 2252 2515 scelere
2279 2455 2538 2514 inaudito
2560 2476 2757 2515 eorum
2788 2456 2940 2515 colla

526 2539 699 2616 impie
729 2558 984 2616 premere
1014 2546 1072 2596 et
1100 2537 1210 2595 sibi
1239 2536 1523 2613 subjicere
1552 2536 1678 2595 ausi
1707 2536 1840 2596 sint.
1925 2536 2074 2594 Nam
2102 2545 2168 2595 ut
2201 2555 2354 2594 nunc
2405 2535 2550 2593 nihil
2578 2536 2836 2595 dicamus
2864 2535 2937 2595 de

529 2619 730 2677 osculo
758 2618 986 2695 pedum,
1019 2616 1175 2693 quod
1219 2617 1293 2675 ad
1321 2636 1539 2674 morem
1588 2616 1758 2675 Rom.
1803 2615 2212 2694 imperatorum
2255 2615 2602 2674 invexerunt
2648 2616 2936 2697 superbisss

526 2699 686 2774 sime,
718 2709 783 2757 ut
810 2699 869 2756 in
920 2697 1177 2756 Concilio
1202 2695 1370 2755 Rom.
1402 2696 1684 2755 sancitum
1715 2696 1822 2755 sub
1869 2696 2154 2773 Gregorio
2199 2695 2366 2769 VIL,
2397 2703 2544 2755 teste
2582 2696 2835 2755 Baronio
2862 2694 2939 2754 ad

526 2799 660 2838 ann.
696 2781 869 2838 1076.
954 2777 1117 2837 Nihil
1172 2776 1347 2835 etiam
1391 2775 1463 2834 de
1491 2776 1856 2835 contumeliis
1883 2776 2200 2835 innumeris
2236 2776 2472 2853 regibus
2500 2785 2558 2835 et
2579 2776 2935 2854 imperatori-

524 2856 634 2919 bus
666 2860 876 2937 saepius
904 2858 1098 2933 illatis,
1146 2865 1210 2916 ut
1238 2856 1394 2934 quod
1422 2855 1595 2914 refert
1627 2856 1941 2915 Matthaeus
1985 2856 2150 2914 Paris
2179 2854 2252 2913 de
2283 2854 2525 2914 Henrici
2555 2854 2654 2932 113
2701 2855 2936 2933 Angliae

523 2939 681 3016 regis
708 2938 1116 3017 flagellatione,
1162 2946 1221 2996 et
1262 2935 1419 3014 quod
1460 2936 1533 2994 ab
1578 2936 1708 2994 aliis
1749 2944 2014 2995 narratur
2055 2934 2128 2994 de
2172 2934 2481 2994 Frederieo
2523 2934 2934 3012 Ahenobarbo,

524 3020 619 3077 cui
647 3018 721 3079 ad
748 3018 926 3097 pedes
956 3016 1282 3077 Alexandri
1324 3016 1445 3075 III.
1489 3016 1798 3093 provoluto
1841 3015 2108 3074 Venetiis
2149 3014 2225 3073 ad
2265 3014 2636 3073 obtinendam
2694 3015 2938 3076 Othonis

522 3098 628 3157 filii
657 3100 871 3176 captivi
900 3098 1239 3172 libertatem,
1266 3096 1710 3173 superbissimus
1735 3094 2023 3171 Pontifex,
2045 3095 2328 3153 cervicem
2348 3093 2494 3171 pede
2511 3115 2791 3172 premens,
2811 3097 2938 3154 haec

526 3176 737 3236 dicitur
764 3179 1073 3249 intonasse,
1107 3179 1142 3209 “
1170 3176 1354 3253 Super
1382 3176 1640 3253 aspidem
1669 3184 1727 3234 et
1748 3175 2082 3233 basiliscum
2111 3174 2451 3249 ambulabis,
2484 3186 2540 3234 et
2571 3175 2937 3235 conculcabis

522 3256 749 3314 leonem
778 3265 839 3314 et
878 3255 1243 3330 draconem,’'
1284 3256 1359 3313 ad
1401 3276 1573 3331 quem
1616 3254 1979 3329 FredericuS,
2039 3256 2078 3287 “
2101 3254 2234 3313 Non
2276 3254 2400 3328 tibi,
2446 3254 2550 3313 sed
2592 3255 2764 3315 Petro
2825 3256 2938 3314 hoc

524 3334 743 3394 dictum
774 3335 920 3409 est,''
952 3335 1197 3411 regessit
1232 3334 1407 3411 Papa,
1441 3335 1575 3393 “Et
1602 3335 1743 3393 mihi
1774 3343 1834 3394 et
1863 3334 2096 3393 Petr0.’'
2161 3334 2306 3392 Haec
2335 3344 2501 3411 gesta
2529 3343 2662 3393 sunt
2689 3354 2839 3393 anno
2871 3335 2936 3395 C.

531 3418 706 3489 1177,
752 3414 1032 3473 referente
1077 3414 1419 3473 Bessarione
1461 3415 1617 3491 apud
1671 3414 2005 3488 Baronium,
2043 3413 2224 3473 Stella
2277 3412 2350 3472 de
2393 3414 2532 3473 vitis
2571 3414 2934 3490 Pontificum,

530 3494 894 3572 Hieronymo
917 3493 1097 3552 Bardi
1128 3494 1480 3569 Florentino,
1513 3495 1613 3571 qui
1642 3494 1714 3553 de
1743 3495 1915 3553 rebus
1943 3494 2188 3553 Venetis
2216 3492 2420 3553 Italice
2450 3494 2678 3574 scripsit
2705 3514 2938 3553 accura-

527 3574 748 3635 tissime
778 3583 838 3634 et
862 3574 1163 3633 historiam
1190 3574 1339 3633 hanc
1368 3572 1493 3633 fuse
1522 3574 1813 3650 describit,
1845 3574 1906 3631 in
1953 3574 2282 3652 exemplum
2327 3574 2550 3633 scilicet
2595 3574 2940 3634 humilitatis

522 3656 874 3733 apostolicae.
964 3655 1079 3714 Sed
1134 3654 1247 3713 ista
1290 3654 1506 3732 exigua
1552 3664 1688 3714 sunt
1713 3674 1832 3732 prae
1861 3662 2162 3731 potestate,
2213 3674 2386 3731 quam
2431 3654 2542 3713 sibi
2581 3663 2852 3732 arrogant
2879 3654 2940 3713 in

528 3736 819 3795 Caesarum
876 3744 935 3793 et
962 3755 1163 3812 regum
1195 3754 1435 3793 coronas
1463 3742 1522 3795 et
1550 3735 1750 3806 vitam,
1783 3733 1948 3811 quasi
2020 3754 2196 3811 penes
2225 3734 2382 3811 ipsos
2422 3734 2498 3793 sit
2525 3754 2693 3812 reges
2722 3733 2794 3793 de
2836 3754 2937 3793 on-

527 3837 621 3875 ere
678 3824 735 3875 et
766 3816 910 3875 solio
966 3814 1289 3889 deturbare,
1337 3834 1519 3891 regna
1566 3812 1872 3872 transferre
1928 3814 2022 3871 vel
2052 3813 2263 3891 proedae
2319 3834 2624 3891 exponere,
2677 3814 2784 3873 sub
2828 3814 2939 3873 itos

525 3895 822 3955 fidelitatis
844 3897 1173 3973 juramento
1202 3894 1522 3967 exsolvere,
1580 3894 1806 3971 aliaque
1849 3892 1912 3951 id
1958 3914 2146 3969 genus
2199 3893 2621 3971 quamplurima
2648 3903 2937 3973 praestare,

528 3996 657 4053 quae
684 3976 1007 4054 principum
1036 3974 1325 4051 majestati
1354 3982 1411 4031 et
1440 3973 1733 4031 securitati
1788 3981 1922 4032 sunt
1944 3972 2444 4050 perniciosissima.
2530 3973 2618 4033 Ne
2647 3995 2786 4033 vero
2814 3982 2938 4033 tan-

527 4065 651 4115 tum
706 4056 923 4114 crimen
953 4054 1134 4132 gratis
1171 4052 1471 4111 videamur
1498 4052 1816 4129 impingere
1871 4052 2235 4127 adversariis,
2295 4054 2494 4129 paucis
2549 4053 2937 4129 ostendamuS,

524 4134 636 4195 hoc
664 4155 782 4194 non
810 4134 981 4194 modo
1024 4134 1440 4212 praecipuorum
1492 4131 1792 4190 doctorum
1841 4132 1989 4190 inter
2023 4132 2178 4209 ipsos
2207 4132 2461 4207 calculis,
2492 4132 2609 4192 imo
2657 4142 2717 4192 et
2763 4134 2941 4192 variis

526 4215 900 4275 conciliorum
949 4212 1212 4285 decretiS,
1261 4219 1319 4270 et
1349 4210 1692 4270 Pontificum
1722 4211 1950 4288 placitis
1978 4231 2105 4270 esse
2155 4214 2456 4287 sancitum,
2505 4213 2609 4273 sed
2637 4214 2812 4273 etiam
2839 4233 2939 4272 ex·

526 4294 733 4371 emplis
762 4294 932 4351 nimis
960 4294 1158 4351 multis
1185 4290 1492 4351 teterrimis
1514 4290 1930 4350 confirmatum.

614 4372 863 4431 XVIII.
910 4373 1125 4449 Papam
1169 4380 1511 4447 potestatem
1552 4371 1766 4429 habere
1805 4390 1974 4447 reges
2017 4370 2447 4449 exauctorandi,
2493 4380 2552 4431 et
2601 4372 2862 4432 subditos
2907 4392 2943 4432 a

528 4450 825 4508 fidelitatis
846 4451 1176 4526 juramento
1204 4450 1504 4527 liberandi,
1536 4451 1682 4509 adeo
1732 4452 2111 4510 communiter
2137 4461 2432 4530 receptum
2472 4461 2560 4512 est
2589 4452 2738 4511 inter
2764 4453 2939 4531 ipsos,

528 4539 596 4588 ut
624 4528 1025 4604 Bellen-minus,
1070 4532 1377 4604 Bau-oniae,
1422 4531 1746 4605 Per-ronias,
1791 4531 1942 4590 hanc
1969 4552 2170 4591 vocem
2221 4552 2348 4591 esse
2378 4531 2722 4609 pertendant
2762 4532 2942 4592 totius

531 4606 808 4667 Ecclesiae
838 4608 1167 4683 Catholicae,
1199 4618 1257 4667 et
1283 4610 1668 4668 Bellarminm
1695 4610 1752 4667 in
1775 4610 2108 4688 praefatione
2135 4610 2268 4669 libri
2299 4610 2579 4671 adversus
2611 4612 2938 4671 Barclaium

586 1868 725 1914 reges
786 1858 1009 1911 usurpat.
