3234 5192
328 369 565 414 mswr.
593 352 717 431 111.]
943 371 1022 411 ns
1049 368 1399 413 sommum
1429 368 1637 411 sicu
1663 366 2121 411 suruomrsrs.
2632 355 2749 415 266

327 510 550 568 lentem
590 508 940 581 doctrinam,
968 516 1211 586 propter
1257 526 1553 568 summam
1599 516 1733 567 tum
1770 511 2125 585 dogmatum
2151 515 2283 569 tum
2308 517 2745 587 praeoeptorum

325 588 700 647 sanctitatem
709 596 770 647 et
786 589 1124 664 puritatem,
1135 596 1376 663 propter
1391 588 1715 645 maximam
1727 588 1916 645 Verbi
1926 588 2264 662 efficaciam,
2277 607 2413 665 quse
2424 590 2488 647 in
2504 590 2749 651 intimos

325 668 524 725 cordis
549 682 810 725 recessus
837 667 1051 743 quovis
1077 666 1283 741 gladio
1311 665 1556 741 ancipiti
1595 667 1901 742 potentius
1940 674 2231 741 penetrat,
2274 675 2335 725 et
2360 676 2601 744 propter
2629 670 2749 729 alia

327 744 666 803 istiusmodi
713 744 806 801 ini
851 746 1032 805 insita
1071 748 1333 838 κςιπίςιας
1396 744 1600 812 Quare
1642 746 1855 801 eadem
1896 752 2253 819 argumenta
2297 747 2489 805 oculis
2533 749 2748 807 mentis

325 824 600 897 exposita
624 824 805 881 fidem
831 824 965 900 ejus
993 824 1056 881 in
1097 826 1272 883 nobis
1311 840 1434 881 non
1475 822 1936 897 ingenerarent?
1982 822 2103 881 Vel
2145 823 2307 881 enim
2344 825 2409 883 id
2451 827 2571 895 fiet,
2600 827 2747 900 quia

326 919 447 959 non
469 909 610 960 sunt
625 920 730 976 per
749 919 812 961 se
839 902 1192 961 sufficientia
1213 904 1292 961 ad
1319 904 1565 961 sunnin
1585 901 1719 976 ejus
1734 901 2229 972 constituendam,
2252 901 2367 960 Vel
2394 903 2472 961 ad
2492 904 2745 961 eandem

323 979 498 1037 nobis
524 981 1070 1039 demonstrandam.
1156 982 1274 1042 Sed
1301 998 1414 1039 nec
1451 980 1618 1056 prius
1645 977 1763 1036 dici
1802 984 2013 1052 potest,
2042 978 2203 1053 quia,
2230 978 2563 1039 fatentibus
2602 980 2745 1056 ipsis

325 1057 724 1129 Adversariis,
755 1058 1066 1134 Scriptura
1109 1068 1200 1119 est
1245 1060 1308 1118 in
1355 1077 1418 1118 se
1465 1056 1843 1127 authentica3
1884 1074 1995 1114 nec
2020 1058 2333 1131 posterius,
2360 1058 2508 1133 quia
2546 1077 2620 1117 ea
2656 1066 2747 1117 est

324 1142 544 1193 natura
568 1136 950 1212 qualitatum,
981 1138 1200 1211 quibus
1226 1138 1564 1213 subjectum
1591 1135 1839 1209 aliquod
1866 1142 1937 1193 ut
1964 1134 2085 1193 tale
2112 1136 2512 1209 constituitur,
2542 1144 2613 1193 ut
2636 1156 2745 1211 per

324 1214 562 1271 easdem
587 1214 762 1272 nobis
787 1216 1136 1288 innotescat,
1165 1217 1214 1275 si
1241 1216 1424 1274 modo
1450 1217 1530 1274 ad
1571 1232 1671 1273 eas
1710 1212 1983 1271 animum
2021 1214 2319 1287 appellere
2346 1216 2645 1287 volumus²
2674 1223 2745 1274 ut

324 1290 509 1361 calor,
538 1310 662 1365 quo
689 1292 844 1366 ignis
872 1294 1258 1351 constituitur
1285 1292 1350 1351 in
1377 1312 1504 1352 esse
1531 1292 1730 1363 calidi,
1760 1296 1851 1349 est
1876 1291 2057 1347 etiam
2086 1292 2251 1365 apud
2290 1310 2401 1351 nos
2428 1293 2561 1367 ejus
2587 1295 2745 1351 noti-

323 1368 614 1441 ficativus,
643 1388 820 1444 sapor
861 1387 982 1443 quo
1025 1372 1193 1431 cibus
1235 1372 1622 1430 constituitur
1663 1369 1727 1427 in
1769 1386 1896 1427 esse
1940 1369 2151 1443 sapidi,
2181 1370 2519 1443 subjectum
2562 1388 2743 1429 suum

323 1446 590 1505 declarat
631 1446 720 1518 iis,
750 1448 856 1523 qui
879 1456 1066 1522 gustu
1092 1448 1576 1529 aliquofpollent‚
1622 1446 1943 1508 character
1968 1464 2075 1503 seu
2102 1448 2295 1521 stylus
2320 1448 2459 1507 libri
2486 1447 2743 1523 alicujus

323 1540 434 1583 nos
459 1526 540 1583 ad
567 1525 972 1599 cognitionem
999 1528 1298 1587 Authoris
1323 1528 1584 1598 deducit,
1613 1526 1799 1585 etiam
1822 1524 1950 1583 sine
1978 1524 2107 1583 ullo
2136 1524 2256 1583 alio
2284 1526 2640 1598 testimonio,
2672 1534 2743 1585 ut

321 1602 427 1677 qui
467 1603 826 1663 exercitatus
866 1612 956 1663 est
995 1606 1060 1663 in
1097 1607 1354 1665 lectione
1384 1605 1749 1677 Aristotelis,
1778 1605 1877 1662 vel
1918 1602 2233 1673 Ciceronis,
2262 1603 2439 1663 facile
2465 1622 2541 1662 ex
2580 1606 2740 1680 stylo

319 1687 382 1738 et
407 1682 644 1739 dicendi
685 1682 1021 1741 charactere
1059 1684 1327 1759 genuina
1373 1684 1592 1757 scripta
1638 1700 1848 1741 eorum
1895 1700 1934 1741 a
1975 1681 2365 1757 supposititiis
2410 1682 2741 1741 discernere

319 1760 552 1834 poterit,
602 1760 714 1819 etsi
759 1761 968 1819 nullus
1019 1765 1096 1821 de
1143 1764 1266 1821 illis
1309 1768 1595 1821 testetur:
1664 1760 1899 1828 Quidni
1944 1759 2129 1818 etiam
2174 1759 2365 1817 divini
2414 1760 2739 1835 Scripturae

321 1834 718 1909 characteres,
747 1840 854 1913 qui
895 1840 1027 1914 ejus
1067 1840 1452 1915 Maiestatem
1491 1847 1554 1898 et
1593 1838 2023 1897 authoritatem
2064 1838 2457 1910 constituunt,
2486 1840 2739 1897 eandem

317 1916 500 1975 ctiam
525 1918 698 1975 nobis
725 1918 1114 1989 declararent,
1137 1918 1189 1976 si
1214 1920 1398 1976 modo
1427 1918 1675 1975 oculum
1699 1915 1839 1974 fidei
1864 1915 2093 1991 aperire
2110 1916 2409 1989 volumus,
2432 1924 2503 1974 ut
2529 1935 2737 1975 eorum

317 1994 648 2068 cognitioni
673 1994 1135 2055 incumbamus?
1175 1996 1240 2055 N
1244 2014 1324 2053 on
1364 1996 1625 2055 diffiteor
1650 1994 1931 2069 equidem
1969 2011 2143 2069 posse
2172 2012 2414 2069 operam
2456 1993 2735 2053 Ecclesioe

316 2071 696 2143 intercedere,
721 2080 791 2130 ut
809 2074 940 2148 ejus
959 2074 1498 2144 interventu-nobis
1518 2074 1883 2144 innotescat3
1913 2073 2015 2129 sed
2031 2071 2199 2130 aliud
2216 2078 2307 2129 est
2320 2072 2734 2146 ministerium,

316 2167 424 2224 per
463 2152 629 2224 quod
670 2151 745 2208 ad
787 2170 922 2209 eam
967 2152 1148 2209 fidem
1195 2151 1572 2223 adducimur,
1616 2152 1787 2209 aliud
1828 2149 2293 2208 fundamentum
2340 2157 2400 2208 et
2440 2151 2737 2208 motivum

317 2226 706 2302 proecipuum,
729 2246 852 2303 quo
877 2230 1026 2287 fides
1047 2236 1254 2287 nostra
1273 2229 1502 2287 nititur.
1565 2229 1787 2304 Neque
1808 2229 1925 2285 hoc
1944 2226 2184 2285 diffiteri
2203 2234 2399 2303 potest
2418 2227 2738 2285 Bellarmi-

315 2322 449 2374 nus,
479 2324 619 2373 cum
657 2307 868 2365 eadem
908 2312 1117 2365 utatur
1155 2308 1460 2365 methodo.
1543 2307 1711 2366 Nam
1758 2306 2073 2380 disputans
2120 2312 2329 2364 contra
2373 2306 2734 2379 Libertinos,

317 2382 641 2458 Scriptum
685 2382 1078 2444 Divinitatem
1125 2386 1343 2461 probat
1387 2404 1464 2443 ex
1514 2384 1971 2446 characteribus
2012 2384 2126 2460 ipsi
2169 2383 2379 2455 insitis,
2422 2385 2527 2444 lib.
2561 2384 2612 2456 1,
2654 2386 2731 2443 de

317 2459 526 2519 Verbo
554 2462 687 2534 Dei,
715 2480 764 2521 c.
793 2464 852 2521 2.
884 2462 1004 2521 Vel
1033 2462 1104 2521 E.
1135 2465 1324 2521 solide
1349 2465 1631 2539 probavit
1670 2463 2039 2538 Scripturam
2068 2482 2143 2521 ex
2181 2462 2339 2521 notis
2366 2464 2521 2535 suis3
2564 2471 2626 2523 et
2650 2463 2735 2522 sic

313 2538 622 2616 Scriptura
647 2558 752 2615 per
781 2540 1148 2617 Scripturam
1177 2541 1417 2617 probari
1444 2549 1641 2619 potest
1656 2562 1672 2613 ;
1718 2539 1841 2599 Vel
1866 2560 2009 2612 non,
2038 2548 2099 2599 et
2145 2541 2229 2599 sic
2266 2540 2329 2597 in
2358 2542 2617 2617 seipsum
2642 2543 2734 2599 in-

309 2620 512 2689 currit,
543 2619 689 2693 quia
713 2618 938 2678 ibidem
965 2628 1168 2694 aperte
1193 2622 1526 2695 profitetur,
1557 2628 1592 2656 ‘⁴
1617 2620 1813 2679 Sacris
1842 2620 2179 2695 scripturis,
2204 2638 2340 2693 quae
2364 2619 2733 2695 Propheticis

311 2702 374 2753 et
399 2697 766 2771 Apostolicis
791 2698 978 2756 literis
1003 2699 1403 2767 continentur,
1433 2700 1586 2757 nihil
1613 2716 1739 2756 esse
1766 2699 1989 2769 notius,
2016 2697 2171 2755 nihil
2210 2698 2445 2767 certius,
2474 2706 2545 2757 ut
2584 2701 2733 2756 stul-

307 2774 602 2833 tissimum
629 2794 756 2835 esse
783 2794 1020 2835 necesse
1041 2776 1135 2847 sit,
1166 2777 1271 2852 qui
1307 2777 1488 2835 fidem
1535 2777 1659 2834 illis
1705 2776 2047 2833 habendam
2092 2776 2330 2848 neget.’'
2415 2775 2491 2832 In
2520 2778 2730 2834 eadem

308 2852 491 2910 etiam
511 2861 654 2912 sunt
681 2855 974 2913 sententia
1013 2854 1262 2928 plurimi
1303 2873 1380 2913 ex
1425 2854 1771 2924 Pontificiis,
1822 2853 1929 2930 qui
1975 2854 2037 2909 vi
2084 2852 2355 2910 veritatis
2397 2854 2539 2910 victi
2565 2854 2729 2911 ultro

308 2938 708 3003 agnoverunt,
747 2932 1114 3007 scripturam
1159 2950 1267 3006 per
1309 2933 1562 3008 seipsam
1607 2931 1869 3007 probari,
1914 2948 2175 3004 quorum
2202 2930 2542 2987 testimonia
2566 2949 2731 2989 nunc

306 3008 612 3065 brevitatis
641 3010 842 3067 studio
871 3008 1242 3080 omittimus3
1288 3010 1587 3071 Videatur
1628 3009 1843 3081 Canus,
1864 3011 1907 3067 1.
1937 3009 1993 3065 2.
2021 3009 2101 3066 lo.
2133 3006 2316 3065 Theo.
2342 3026 2393 3064 c.
2422 3008 2479 3064 8.
2507 3008 2727 3082 Grego.

306 3086 384 3143 de
409 3084 708 3143 Valentia.
755 3088 820 3144 li.
873 3087 926 3157 1,
949 3087 1026 3143 de
1075 3087 1340 3161 Analysi
1385 3090 1542 3159 fidei,
1571 3108 1623 3147 c.
1655 3088 1748 3158 15,
1780 3087 1996 3146 Petrus
2023 3104 2064 3143 a
2088 3084 2237 3145 Soto
2265 3104 2313 3143 c.
2343 3084 2441 3156 47,
2486 3086 2731 3145 Deseris.

308 3162 520 3223 Catho.
553 3162 872 3222 Valdensis
918 3164 1126 3223 doctri.
1153 3166 1254 3222 fid.
1285 3166 1324 3223 l.
1354 3169 1411 3237 2,
1441 3185 1490 3237 c,
1521 3168 1616 3237 20,
1645 3174 1707 3224 et
1734 3167 1829 3237 21,
1861 3164 2073 3224 Scotus
2098 3182 2155 3239 q.
2184 3164 2241 3234 2,
2271 3164 2505 3239 prologi
2531 3164 2596 3222 in
2623 3164 2727 3223 lib.

303 3248 556 3300 sentent.
587 3243 690 3299 διο.
733 3242 942 3317 Atque
967 3262 1042 3301 ex
1067 3242 1178 3313 his,
1208 3261 1284 3300 ne
1310 3246 1563 3305 ulterius
1587 3244 2061 3320 progrediamur,
2087 3240 2517 3301 Concludimus
2534 3242 2729 3318 Serip-

300 3326 504 3378 turam
527 3321 616 3378 ita
639 3338 746 3395 per
773 3321 1028 3395 seipsam
1053 3324 1354 3382 abraxae-w
1380 3340 1524 3394 esse,
1550 3330 1620 3380 ut
1646 3341 1843 3398 neque
1878 3322 2084 3397 quoad
2132 3338 2193 3378 se
2220 3338 2331 3379 nec
2373 3323 2575 3397 quoad
2619 3340 2729 3381 nos

297 3399 380 3533 1ab
409 3398 688 3458 Ecclesiae
725 3399 1064 3459 testimonio
1110 3401 1242 3476 ejus
1289 3402 1618 3461 authoritas
1663 3402 1939 3477 pendeat,
1982 3400 2147 3476 quod
2194 3400 2728 3459 demonstrandum

327 3476 431 3533 uit.

379 3554 644 3612 XXIII.
690 3554 902 3613 Plures
927 3564 1246 3615 moventur
1279 3559 1380 3617 hic
1407 3556 1769 3632 objectiones
1796 3558 1872 3616 ab
1901 3556 2301 3627 Adversariis,
2328 3558 2433 3614 sed
2454 3556 2599 3629 quia
2624 3574 2728 3613 va-

296 3631 400 3688 riae
421 3632 554 3705 jam
595 3632 656 3689 in
707 3634 1180 3708 praecedentibus
1226 3644 1370 3695 sunt
1409 3637 1725 3706 discussae3
1768 3654 1955 3693 unam
2000 3636 2099 3693 hic
2140 3642 2381 3693 tantum
2426 3632 2723 3703 addimus,

297 3727 434 3783 quse
461 3708 790 3769 identidem
811 3712 973 3769 solet
997 3713 1170 3771 nobis
1197 3714 1420 3791 opponi
1447 3720 1739 3789 tanquam
1766 3714 1962 3772 nodus
1988 3712 2343 3770 insolubilis.
2426 3709 2660 3767 Petitur
2686 3728 2727 3767 a

296 3786 642 3845 necessitate
691 3790 1076 3849 authoritatis
1125 3792 1381 3868 alicujus
1423 3790 1761 3849 infallibilis
1786 3790 1851 3847 in
1879 3790 2147 3849 Ecclesia
2166 3786 2471 3864 loquentis
2498 3793 2559 3842 et
2588 3786 2726 3843 visi-

293 3864 452 3935 bilis,
479 3867 560 3923 ad
585 3867 1066 3939 persuadendam
1109 3871 1282 3929 nobis
1331 3870 1659 3944 Scripturas
1702 3868 2147 3939 authoritatem,
2196 3874 2258 3925 et
2306 3864 2721 3923 Articulorum

291 3942 433 4001 fidei
459 3944 806 4003 veritatem:
854 3944 1006 4005 Cum
1033 3948 1212 4019 enim,
1241 3956 1314 4007 ut
1357 3949 1743 4023 pertendunt,
1770 3945 1871 4003 via
1898 3946 2241 4020 Scripturae,
2272 3961 2377 4001 seu
2408 3940 2719 3999 Examinis

289 4020 424 4095 ejus
447 4021 527 4078 sit
553 4040 674 4078 non
701 4024 884 4081 modo
911 4024 1186 4098 difficilis,
1215 4028 1320 4083 sed
1347 4044 1499 4101 pene
1531 4024 1769 4081 infinita
1782 4030 1843 4080 et
1862 4022 2261 4098 impossibilis,
2290 4019 2619 4077 necessario
2637 4020 2717 4078 ad

289 4098 450 4157 viam
475 4100 858 4159 authoritatis
880 4102 1158 4162 Ecclesiae
1185 4103 1657 4179 confugiendum
1698 4119 1841 4173 esse,
1870 4101 1989 4159 nisi
2013 4100 2269 4157 velimus
2294 4097 2491 4155 Deum
2516 4098 2627 4154 hac
2652 4098 2719 4155 in

285 4184 470 4251 parte,
495 4196 630 4253 quse
657 4178 812 4237 tanti
839 4186 932 4237 est
955 4182 1236 4241 fidelibus
1261 4182 1568 4253 momenti,
1609 4179 1891 4239 defuisse.
1976 4177 2161 4237 Viam
2182 4184 2385 4234 autem
2412 4175 2587 4232 istam
2614 4193 2719 4233 ex-

285 4255 502 4313 aminis
531 4256 858 4331 Scripturae
885 4275 1010 4317 esse
1035 4266 1130 4319 tot
1171 4260 1625 4317 difficultatibus
1650 4258 2011 4329 involutam,
2040 4262 2113 4312 ut
2152 4272 2276 4311 non
2318 4255 2501 4311 modo
2524 4252 2718 4311 fideli-

286 4332 399 4391 bus
444 4334 668 4405 idiotis,
697 4342 760 4393 et
785 4336 1264 4411 simplicioribus,
1293 4339 1398 4395 sed
1442 4344 1504 4395 et
1546 4334 1903 4394 doctissimis
1946 4333 2287 4409 quibusque
2314 4330 2392 4389 sit
2417 4331 2717 4391 inaccessa

284 4418 346 4467 et
369 4411 678 4487 impervia.
721 4412 845 4471 Hic
864 4415 1028 4472 enim
1053 4416 1281 4491 requiri
1305 4416 1522 4491 primo,
1552 4420 1625 4470 ut
1652 4412 2029 4487 expendatur
2056 4408 2307 4482 quaestio
2332 4409 2613 4469 intricata
2638 4414 2715 4471 de

282 4488 450 4547 libris
482 4488 816 4563 canonicis,
845 4498 918 4549 ut
943 4501 1339 4568 cognoscatur
1366 4511 1446 4551 an
1471 4494 1661 4561 locus,
1707 4492 1783 4547 de
1804 4506 1924 4563 quo
1952 4487 2167 4562 agitur,
2198 4486 2279 4545 sit
2302 4505 2443 4546 vere
2470 4490 2718 4547 authen-

277 4565 451 4626 ticus.
499 4568 556 4627 2.
588 4568 694 4627 An
722 4568 916 4629 versio
945 4589 1068 4646 qua
1093 4574 1324 4631 utimur
1349 4571 1426 4631 sit
1452 4567 1778 4629 conformis
1826 4565 2122 4641 originali,
2150 4566 2229 4625 ad
2256 4569 2421 4642 quod
2450 4568 2714 4643 cognitio
