3234 5192
528 381 648 437 570
1113 391 1190 430 na
1219 389 1696 432 sarisrac‘rroms
1722 386 1961 430 cnarsrr
1988 386 2309 428 vum-rara.
2472 363 2737 446 [masur.
2766 385 2956 425 xvru.

524 555 593 596 ac
617 535 849 612 propria
895 551 1086 606 causa,
1117 531 1266 590 nihil
1313 550 1504 590 causae
1531 529 1648 588 diei
1690 536 1900 606 potest,
1948 549 2051 588 cur
2078 527 2233 586 idem
2281 523 2547 585 effectum
2578 544 2697 584 non
2722 525 2955 601 pariter

524 616 812 674 tribuatur
839 614 993 688 vitae,
1027 611 1319 685 doetrinae,
1351 621 1410 670 et
1439 610 1732 668 miraculis
1763 609 1995 683 Christi,
2036 629 2167 684 quse
2196 607 2369 666 etiam
2398 605 2795 664 antecedentia
2816 605 2953 663 fue-

523 704 660 754 runt
707 695 878 754 istius
925 692 1312 752 exaltationis.
1399 693 1458 748 3.
1503 689 1890 749 confunditur
1927 692 2031 764 jus
2082 686 2439 746 remissionis
2484 695 2545 744 et
2580 684 2952 744 liberationis

523 794 654 833 cum
683 778 800 849 ejus
827 773 1108 846 exercitio,
1137 769 1304 830 Istud
1331 769 1564 846 quidem
1593 769 1671 827 ad
1692 769 2101 827 exaltationem
2122 767 2337 825 Christi
2362 765 2627 843 pertinet,
2652 774 2949 841 quatenus

514 855 640 931 jam
671 853 1026 930 glorificatus
1055 851 1223 928 plene
1251 869 1358 908 nos
1407 849 1616 908 liberat
1642 869 1677 906 a
1704 857 1867 906 reatu
1896 856 1955 906 et
1982 847 2169 924 poenis
2212 846 2451 924 peccati,
2504 864 2625 903 suae
2661 845 2945 922 propitia-

521 934 697 992 tionis
725 944 784 992 et
813 931 1222 990 satisfactionis
1249 929 1368 986 vim
1397 937 1571 1005 atque
1589 928 1897 987 efficaciam
1920 927 2087 988 nobis
2108 935 2374 1003 potenter
2400 924 2762 1002 applicando.
2818 924 2947 982 Sed

514 1013 616 1090 jus
644 1013 831 1089 ipsum
861 1010 1134 1069 fundatur
1159 1010 1220 1066 in
1239 1007 1516 1066 sacrificio
1539 1008 1668 1086 ejus
1689 1017 1925 1066 cruento
1954 1018 2011 1067 et
2038 1008 2291 1083 imm?
2304 1005 2461 1082 quod
2480 1005 2541 1062 in
2563 1013 2744 1062 morte
2766 1003 2943 1062 obtu-

518 1093 607 1166 lit,
639 1091 774 1150 inde
803 1110 904 1168 per
930 1101 1172 1148 mortem
1202 1097 1260 1146 et
1296 1088 1358 1145 in
1406 1089 1687 1164 sanguine
1732 1088 1861 1164 ejus
1913 1087 2195 1163 redempti
2224 1100 2281 1144 et
2317 1084 2623 1163 justificati
2668 1083 2937 1158 dicimur,

523 1171 692 1230 Rom.
725 1191 781 1230 v.
817 1174 908 1243 10,
939 1180 999 1228 et
1048 1167 1198 1246 Eph.
1229 1169 1266 1225 i.
1301 1173 1354 1241 7,
1391 1171 1422 1224 1
1455 1167 1582 1226 Pet.
1628 1168 1667 1226 i.
1704 1171 1793 1240 19,
1826 1177 1885 1225 et
1932 1175 2243 1243 antequam
2284 1167 2345 1222 in
2386 1164 2569 1223 coelos
2606 1163 2939 1222 ascenderit

523 1251 650 1328 ipsa
677 1251 934 1327 expiatio
963 1269 1090 1308 cum
1121 1248 1414 1307 oblatione
1441 1257 1677 1324 peracta
1702 1246 1929 1320 dieitur,
1965 1247 2118 1304 Heb.
2148 1247 2185 1304 i.
2218 1249 2272 1320 3,
2302 1253 2370 1303 ut
2396 1244 2549 1302 infra
2572 1243 2941 1324 probandum

521 1331 649 1390 erit.
748 1335 804 1388 4.
878 1331 1246 1388 Enervantur
1313 1327 1625 1402 Scripturas
1691 1326 1823 1385 loca
1885 1346 2015 1403 quse
2083 1325 2157 1384 de
2210 1324 2543 1402 expiatione
2596 1323 2935 1399 loquuntur,

519 1431 654 1468 nam
683 1430 858 1469 voces
885 1411 1011 1468 istae
1041 1429 1240 1468 omnes
1265 1407 1554 1487 καθωςίζω,
1587 1407 1825 1483 ὗγιιίζιιι,
1850 1408 2158 1480 ἱλάσκεσθαι,
2190 1416 2248 1464 et
2276 1405 2497 1464 similes
2521 1403 2741 1481 quibus
2758 1413 2935 1462 utun-

520 1499 617 1549 tur
647 1490 932 1568 Apostoli,
965 1499 1168 1565 suapte
1197 1497 1402 1546 natura
1428 1499 1487 1544 et
1515 1507 1627 1546 usu
1668 1496 1961 1563 perpetuo,
1994 1505 2109 1544 non
2138 1485 2322 1544 solum
2353 1483 2575 1541 ordinis
2608 1485 2943 1541 anteceden-

521 1571 675 1642 tiam,
705 1573 808 1628 sed
831 1578 884 1627 et
903 1569 1202 1641 efficaciam
1233 1569 1524 1643 quandam
1540 1566 1865 1643 designant,
1896 1585 2084 1643 neque
2106 1565 2367 1624 auditum
2394 1583 2647 1640 unquam
2676 1571 2743 1621 ut
2768 1564 2935 1638 expi-

521 1669 624 1708 are
651 1648 798 1707 illud
826 1649 1052 1706 dicatur
1077 1647 1232 1723 quod
1260 1646 1570 1722 requiritur
1597 1655 1821 1704 tantum
1850 1656 1915 1704 ut
1940 1644 2291 1704 antecedens
2328 1654 2615 1702 remotum
2638 1642 2717 1700 ad
2738 1642 2933 1701 obtin·

522 1727 730 1787 endam
760 1727 1166 1802 expiationem.

603 1806 758 1864 XII.
802 1806 1017 1880 Terti0,
1043 1805 1146 1862 sed
1168 1823 1353 1881 neque
1371 1803 1548 1880 recipi
1567 1811 1759 1879 potest
1778 1804 1903 1861 haec
1932 1804 2113 1864 altera
2130 1804 2382 1881 ipsorum
2406 1803 2604 1878 glossa
2620 1801 2935 1860 falsissima

519 1907 654 1964 quae
677 1885 1063 1962 expiationem
1094 1883 1267 1942 refert
1293 1883 1369 1941 ad
1400 1883 1748 1959 exemplum,
1779 1902 1883 1958 per
1924 1885 2301 1943 cessationem
2332 1903 2368 1941 a
2394 1891 2647 1960 peccam,
2692 1891 2755 1940 et
2792 1901 2931 1958 pec-

519 1975 774 2024 catorum
809 1964 1170 2042 sequentium
1192 1962 1658 2022 destruction-em.
1707 1963 1857 2022 Nam
1875 1964 1985 2021 etsi
2013 1984 2130 2022 non
2152 1962 2464 2024 diffitemur
2482 1962 2685 2020 mortis
2713 1961 2935 2020 clu-isti

519 2046 674 2104 hune
703 2045 875 2104 etiam
905 2065 1032 2104 esse
1060 2044 1307 2103 fructum
1346 2052 1406 2102 et
1432 2043 1602 2101 finem
1634 2051 1701 2101 ut
1720 2053 1890 2102 vetus
1932 2043 2109 2102 homo
2148 2044 2209 2100 in
2236 2043 2405 2101 nobis
2452 2041 2837 2118 crucifigatur,
2870 2049 2935 2101 et

521 2127 834 2185 moriamur
851 2135 1086 2202 peceato
1109 2123 1182 2182 ad
1209 2123 1538 2201 exemplum
1559 2123 1792 2198 Christi,
1814 2115 1980 2200 'quod
2008 2123 2177 2182 docet
2196 2123 2429 2196 Paulus,
2456 2122 2627 2180 Rom.
2649 2121 2743 2195 vi.,
2772 2121 2935 2179 hunc

519 2215 713 2264 tamen
741 2205 1073 2284 primarium
1103 2216 1162 2262 et
1187 2204 1560 2281 principalem
1601 2223 1728 2262 esse
1772 2223 2189 2280 pernegamus3
2240 2205 2293 2262 1.
2343 2202 2492 2277 Quia
2520 2201 2774 2278 expiatio
2802 2201 2935 2259 hee

519 2287 755 2363 respicit
783 2295 1020 2361 peecata
1047 2285 1335 2362 praeterita
1361 2294 1426 2342 ut
1468 2292 1689 2342 reatum
1718 2283 1901 2357 tollat,
1926 2303 2041 2341 non
2080 2282 2275 2341 futura
2300 2291 2365 2341 ut
2392 2282 2467 2340 ab
2510 2281 2587 2339 iis
2612 2279 2929 2354 abstrahat,

519 2363 830 2440 respondet
857 2365 1007 2423 enim
1031 2362 1344 2421 remissioni
1361 2373 1420 2420 et
1432 2362 1824 2438 justificationi
1840 2383 1970 2440 quae
1998 2362 2419 2421 absolutionem
2446 2381 2483 2419 a
2500 2360 2755 2437 peccatis
2780 2379 2929 2436 prae-

519 2442 860 2500 eedentibus
887 2450 1065 2514 notat,
1097 2460 1214 2498 non
1240 2441 1665 2518 sanctificationi
1682 2461 1811 2517 quae
1833 2442 2227 2500 avocationem
2258 2462 2295 2499 a
2331 2441 2707 2517 sequentibus
2736 2439 2927 2498 infert.

519 2525 575 2580 2.
622 2521 898 2598 Expiatio
925 2520 991 2579 fit
1019 2523 1088 2578 de
1108 2521 1260 2578 nobi-5
1278 2523 1440 2596 apud
1464 2521 1668 2594 Deum,
1712 2520 1845 2578 ideo
1866 2521 2035 2579 altari
2082 2520 2646 2580 circumfundebatur
2684 2519 2931 2596 sanguis

521 2600 782 2677 sublege
805 2609 864 2659 et
887 2599 1272 2660 sanctuarium
1301 2618 1506 2657 versus
1533 2599 1709 2657 fiebat
1737 2600 1995 2676 aspersio
2018 2609 2086 2659 ut
2114 2601 2535 2677 significaretur
2580 2599 2706 2658 haec
2734 2598 2931 2656 omnia

521 2682 720 2757 peragi
751 2680 905 2756 apud
935 2680 1142 2754 Deum,
1189 2679 1274 2736 At
1302 2679 1546 2736 cessatio
1585 2679 1710 2738 haec
1738 2699 1773 2737 a
1800 2689 2037 2756 peccato
2073 2681 2139 2739 fit
2167 2681 2229 2739 in
2264 2681 2419 2738 nobis
2444 2699 2481 2738 a
2511 2679 2657 2737 Deo.
2700 2681 2755 2736 3.
2800 2678 2929 2736 Ex-

517 2759 698 2838 piatio
727 2760 900 2819 simul
928 2760 1080 2818 sacta
1099 2768 1159 2818 et
1186 2758 1417 2835 quidem
1449 2779 1484 2816 a
1512 2759 1637 2816 solo
1668 2759 1913 2834 Christe,
1946 2760 2033 2818 At
2059 2759 2374 2819 destructio
2403 2761 2527 2818 haec
2554 2758 2797 2817 actualis
2827 2757 2927 2816 vel

518 2840 866 2918 exemplaris
894 2860 1002 2899 nee
1022 2839 1196 2898 semel
1223 2838 1302 2914 fit,
1335 2838 1436 2897 sed
1459 2839 1750 2912 continuo,
1770 2859 1879 2898 nec
1910 2859 2009 2915 per
2036 2839 2221 2898 solum
2246 2840 2535 2898 Christum
2565 2849 2923 2914 procuratur,

517 2919 622 2978 sed
649 2921 825 2978 etiam
853 2941 956 2998 per
988 2919 1264 2997 Spiritum
1297 2919 1355 2977 S.
1386 2919 1486 2995 qui
1527 2919 1835 2978 mortificat
1873 2917 2025 2978 facta
2067 2919 2338 2996 corporis,
2372 2919 2539 2977 Roma.
2571 2918 2693 2976 viii.
2742 2919 2833 2991 13,
2864 2927 2926 2976 et

515 3019 621 3077 per
645 2999 847 3060 fideles
879 3001 990 3058 Dei
1019 3017 1218 3058 servos
1259 2999 1358 3075 qui
1385 2998 1655 3076 exemplo
1696 3019 1801 3058 suo
1829 2998 2001 3056 nobis
2040 2998 2137 3057 hic
2175 3000 2542 3075 praeiverunt.
2586 3001 2643 3056 4.
2692 2995 2921 3056 Sacrifi-

516 3079 606 3138 cia
643 3099 759 3137 non
787 3079 1162 3139 destruebant
1209 3089 1506 3155 peceatum
1551 3078 1849 3136 evocando
1878 3097 1913 3135 a
1940 3087 2193 3154 peccate,
2225 3079 2328 3137 sed
2372 3077 2767 3137 remissionem
2808 3076 2921 3133 im-

513 3159 828 3234 petrando:
857 3167 924 3216 ut
952 3177 1090 3216 sane
1137 3157 1394 3234 expiatio
1419 3177 1713 3233 nunquam
1754 3158 1931 3217 fiebat
1972 3158 2068 3216 vel⁴
2104 3158 2537 3234 intelligebatur
2568 3157 2691 3215 fieri
2736 3175 2922 3214 remo-

515 3236 674 3294 tione
733 3237 824 3294 vel
874 3237 1194 3294 cessatione
1223 3257 1258 3292 a
1284 3245 1539 3312 peccato,
1571 3236 1676 3294 sed
1722 3247 1917 3295 reatus
1945 3238 2251 3313 ablatione,
2284 3237 2439 3314 quod
2480 3247 2539 3295 et
2586 3256 2703 3296 vox
2731 3235 2922 3316 καθείς·

514 3338 676 3378 ματος
704 3314 972 3390 imposita
1011 3313 1264 3372 victimis
1305 3335 1435 3390 quae
1477 3335 1663 3391 poenae
1704 3316 2135 3377 translationem
2178 3317 2467 3395 significat
2507 3316 2649 3375 satis
2690 3317 2917 3392 innuit;

519 3394 722 3468 Neque
751 3413 868 3450 vox
895 3401 1187 3472 anauga-pov
1212 3413 1341 3468 quae
1368 3393 1633 3468 usurpari
1662 3394 1722 3450 in
1750 3395 1859 3453 hoc
1886 3397 2121 3472 negotio
2164 3399 2373 3475 saepius
2418 3397 2581 3471 solet,
2615 3396 2767 3457 ΗΘΒ.
2791 3397 2830 3455 i.
2861 3398 2919 3470 3,

515 3481 576 3532 et
603 3472 681 3532 ix.
717 3476 808 3546 14,
841 3471 1000 3532 aliud
1027 3472 1258 3543 evincit,
1307 3473 1444 3531 lieet
1491 3473 1674 3548 prima
1701 3472 1887 3532 fronte
1930 3475 2005 3533 ad
2052 3477 2557 3536 sanctificationem
2597 3476 2805 3534 melius
2832 3476 2922 3532 vi-

517 3552 720 3611 deatur
746 3551 944 3612 referri
973 3571 1143 3630 quam
1174 3551 1246 3610 ad
1275 3552 1705 3627 remissionem3
1750 3573 1881 3612 cum
1928 3555 2079 3614 enim
2126 3557 2241 3616 duo
2270 3557 2328 3616 in
2358 3565 2595 3633 peceato
2622 3556 2801 3631 vulgo
2830 3563 2921 3613 at-

517 3631 842 3708 tendantur,
873 3643 1064 3692 reatus
1091 3633 1402 3705 adlimam,
1427 3642 1485 3690 et
1513 3633 1661 3690 labes
1690 3633 1977 3708 inhaerens,
2000 3635 2097 3694 ille
2115 3656 2305 3694 coram
2334 3639 2475 3710 Deo,
2500 3636 2613 3695 ista
2640 3636 2700 3692 in
2726 3635 2915 3709 nobis,

513 3713 644 3770 duee
673 3714 844 3772 etiam
874 3713 1042 3772 istius
1069 3711 1428 3790 purgationis
1455 3723 1647 3789 partes
1666 3715 2106 3790 constituuntur,
2137 3717 2323 3792 prima
2349 3737 2384 3775 a
2404 3725 2566 3775 reatu
2594 3735 2699 3793 per
2723 3715 2923 3773 remis-

509 3793 735 3866 sionem,
779 3793 963 3851 altera
988 3813 1024 3850 a
1063 3791 1194 3851 labe
1237 3811 1340 3869 per
1377 3793 1880 3872 samtfricationem,
1926 3793 2185 3871 Utraque
2230 3796 2497 3873 sanguini
2526 3795 2739 3854 Christi
2766 3794 2917 3853 bene

511 3873 799 3948 tribuitur,
833 3873 936 3930 sed
964 3873 1066 3931 illa
1093 3871 1312 3930 ratione
1339 3873 1540 3945 meriti,
1571 3873 1684 3931 ista
1710 3893 1851 3931 vero
1876 3886 2144 3950 respectu
2172 3878 2429 3949 efficaciae
2456 3895 2629 3953 quam
2658 3873 2719 3932 in
2746 3873 2919 3933 nobis

511 3953 699 4011 exerit
725 3973 827 4030 per
857 3953 1132 4030 Spiritum
1161 3953 1218 4010 S.
1245 3972 1260 4026 ;
1289 3961 1464 4028 atque
1489 3953 1572 4012 ita
1589 3953 1911 4030 conjunctae
1928 3963 2064 4013 sunt
2084 3962 2144 4013 et
2164 3957 2523 4030 consociatae,
2548 3964 2615 4014 ut
2634 3954 2921 4030 posterior

509 4033 833 4092 necessario
855 4033 1100 4109 priorem
1121 4041 1421 4110 supponat,
1447 4041 1505 4091 et
1525 4033 1681 4108 prior
1696 4033 2067 4110 posteriorem
2090 4034 2469 4096 infallibiliter
2484 4044 2617 4112 post
2633 4054 2695 4092 se
2706 4033 2917 4093 trahat.

591 4112 781 4172 XIII.
827 4113 1058 4187 Quart0,
1091 4111 1274 4170 multo
1295 4111 1502 4169 minori
1523 4131 1653 4170 cum
1687 4113 1807 4170 veri
1836 4113 2025 4190 specie
2046 4117 2322 4176 asseritur
2348 4116 2735 4193 expiationem
2762 4113 2917 4173 hanc

504 4191 678 4250 tribui
709 4193 879 4251 morti
907 4202 967 4252 et
987 4193 1259 4270 sanguini
1284 4193 1639 4265 declarativa,
1662 4190 1820 4268 quod
1847 4192 2168 4252 remissioni
2200 4205 2300 4255 aut
2320 4196 2551 4254 decreto
2569 4194 2641 4253 de
2670 4213 2740 4252 ea
2759 4192 2917 4252 facto

505 4272 896 4330 testimonium
915 4273 1082 4331 nobis
1103 4273 1372 4350 praebeat.
1406 4271 1553 4329 Nam
1580 4271 1632 4328 l.
1658 4272 1801 4346 Quis
1820 4292 1934 4331 non
1946 4272 2227 4334 videthoe
2248 4295 2375 4334 esse
2396 4277 2515 4334 vim
2528 4275 2714 4333 facere
2730 4274 2915 4332 mani-

506 4348 712 4408 festam
741 4351 882 4428 ipsis
904 4353 1146 4411 vocibus
1171 4355 1200 4410 ἲ
1256 4351 1386 4429 quis
1407 4351 1560 4410 enim
1591 4371 1843 4428 unquam
1887 4353 2332 4414 declarationem
2364 4356 2567 4414 alienae
2595 4353 2915 4412 voluntatis

503 4430 894 4504 expiationem
921 4432 1252 4508 appellavit,
1278 4441 1380 4490 aut
1405 4431 1701 4490 nominata
1728 4433 2057 4510 expiatione
2086 4435 2201 4494 tale
2229 4434 2370 4510 quid
2394 4435 2695 4510 concipere
2724 4433 2917 4509 potuit

502 4519 603 4564 aut
623 4508 985 4584 intelligere?
1027 4511 1158 4587 quis
1179 4531 1294 4568 non
1321 4531 1424 4587 per
1445 4531 1571 4568 eam
1591 4511 1904 4588 significari
1932 4513 2125 4591 potius
2147 4515 2387 4591 colligat
2406 4515 2707 4577 luitionem
2724 4531 2915 4590 poenae

501 4585 577 4643 ad
598 4586 1046 4646 satisfactionem
1067 4599 1126 4647 et
1142 4589 1665 4650 reconciliationem
1687 4593 1771 4650 rei
1797 4613 1929 4651 cum
1949 4613 2055 4652 suo
2079 4594 2331 4653 Domino
2347 4598 2376 4653 ?
2404 4595 2597 4669 Quum
2616 4593 2685 4651 Ε.
2706 4611 2918 4650 sensus

499 4665 609 4724 iste
628 4665 802 4742 plane
813 4666 1062 4724 invertat
1077 4669 1368 4744 propriam
1386 4667 1695 4728 verborum
1713 4671 2213 4750 significationem,
2230 4693 2301 4732 eo
2322 4674 2451 4752 ipso
2464 4681 2769 4752 suspectus
2786 4690 2917 4730 esse
