3234 5192
497 360 616 418 ‘294
1161 382 1238 423 nn
1267 382 1477 425 'ramus
1505 382 1786 426 marinus
1814 381 2196 426 cOELssrrsUS.
2552 360 2816 445 [Disrur.
2848 382 2907 423 v.

501 526 744 595 tantum,
775 540 892 580 non
925 523 998 582 de
1041 526 1294 584 secunda
1322 525 1608 585 creatione
1652 526 1767 585 dici
1794 535 2002 603 potest.
2088 528 2143 585 3.
2176 524 2552 584 Manifestum
2594 532 2685 584 est
2724 524 2910 584 Joan-

503 618 636 657 nem
663 599 760 658 hic
780 602 1036 663 alludere
1065 605 1140 663 ad
1181 606 1480 664 historiam
1507 606 1815 666 creationis
1844 627 1879 663 a
1908 606 2075 665 Mose
2116 606 2371 680 relatam,
2406 606 2555 664 Gen.
2580 605 2618 663 i.
2702 605 2907 681 Itaque

509 678 710 739 Sermo
740 681 810 739 de
839 703 954 758 quo
981 683 1253 762 loquitur,
1278 706 1392 744 non
1415 686 1563 745 alius
1585 696 1691 755 est,
1722 706 1896 763 quam
1924 686 2021 744 ille
2044 686 2167 763 ipse
2194 706 2298 763 per
2323 704 2495 762 quem
2520 685 2681 742 Deus
2698 683 2911 742 dicitur

505 760 698 817 omnia
726 762 1078 840 condidisse;
1125 764 1298 823 Alias
1340 765 1389 824 si
1430 766 1606 824 alium
1636 767 1888 843 aliquem
1916 784 2237 825 sermonem
2279 764 2582 842 designare
2611 764 2911 838 voluisset,

507 838 625 897 Cur
649 840 941 901 Sermonis
962 864 1106 903 voce
1127 845 1214 902 uti
1234 845 1436 921 voluit,
1452 854 1509 904 et
1528 845 1674 903 nihil
1697 845 1921 904 addidit
1948 846 2023 904 ad
2044 844 2358 904 tollendam
2380 844 2916 921 aequivocationem,

508 938 638 995 quae
665 920 726 977 in
747 940 994 981 errorem
1019 923 1384 983 manifestum
1405 926 1592 1003 potuit
1619 924 1892 984 inducere
1919 926 2211 999 lectorem,
2230 933 2297 984 ut
2318 924 2575 983 crederet
2598 924 2911 983 Hominem

509 998 553 1057 J
556 1018 734 1075 esum,
767 1002 866 1077 qui
894 1002 1106 1060 dicitur
1135 1003 1354 1079 Serm0‚
1379 1006 1504 1082 jam
1544 1005 1721 1064 fuisse
1748 1006 1810 1062 in
1851 1006 2131 1083 principio
2160 1003 2377 1081 mundi,
2410 1013 2469 1063 et
2496 1004 2689 1062 omnia
2716 1004 2911 1062 condi-

511 1077 665 1136 disse
686 1082 715 1137 Ρ
794 1083 851 1139 4.
883 1082 1120 1157 Quoties
1168 1084 1462 1162 Scriptura
1503 1085 1575 1143 de
1616 1106 1773 1144 nova
1812 1086 2100 1145 creatione
2142 1086 2280 1162 agit,
2324 1083 2497 1143 toties
2525 1084 2777 1161 aliquam
2821 1103 2909 1141 re-

512 1159 866 1219 strictionem
911 1162 1163 1239 adhibet,
1211 1184 1288 1222 ex
1335 1186 1451 1243 qua
1498 1164 1667 1225 facile
1716 1165 2024 1243 colligitur,
2069 1175 2135 1225 ut
2190 1172 2227 1224 2
2259 1164 2387 1223 Cor.
2417 1184 2475 1222 v.
2538 1168 2628 1239 17,
2690 1166 2725 1195 “
2744 1164 2913 1221 Nova

515 1237 789 1298 Creatura
817 1240 1084 1316 dicitur,’'
1135 1252 1194 1302 et
1235 1244 1386 1323 Eph.
1437 1245 1496 1304 ii.
1531 1247 1625 1315 10,
1678 1247 1713 1278 ‘⁴
1738 1246 1933 1304 Creari
1976 1245 2221 1305 dicimur
2246 1245 2308 1303 in
2338 1244 2569 1303 Christo
2588 1244 2641 1320 ;’'
2688 1242 2772 1301 At
2816 1244 2912 1301 hic

511 1319 658 1377 nihil
685 1321 818 1379 tale.
905 1325 959 1381 5.
1015 1323 1078 1383 Si
1127 1324 1171 1383 J
1174 1326 1346 1383 oanni
1393 1326 1751 1403 propositum
1780 1325 1985 1385 fuisset
2031 1346 2203 1403 agere
2233 1324 2303 1383 de
2356 1324 2585 1383 Christo
2641 1323 2911 1399 Homine,

515 1398 810 1459 debuisset
857 1403 1049 1462 statim
1079 1404 1153 1462 ab
1195 1404 1358 1465 initio
1401 1404 1609 1464 referre
1665 1407 1792 1482 ejus
1834 1405 2215 1481 nativitatem,
2262 1404 2334 1463 de
2379 1424 2493 1481 qua
2522 1404 2644 1479 agit
2670 1412 2915 1479 tantum,

514 1499 635 1537 ver.
684 1484 775 1555 14,
807 1501 984 1559 quum
1013 1484 1095 1543 ait
1125 1487 1161 1517 ‘⁴
1188 1484 1521 1543 Sermonem
1563 1485 1719 1543 hune
1763 1485 2005 1543 Carnem
2055 1484 2269 1544 factum
2298 1504 2424 1543 esse
2450 1485 2505 1543 :''
2554 1484 2671 1541 Sed
2698 1483 2915 1541 clarum

513 1568 603 1617 est
631 1579 866 1637 scopum
896 1562 940 1621 J
943 1564 1146 1621 oannis
1173 1563 1349 1622 fuisse
1377 1563 1701 1622 describere
1733 1564 2045 1622 Personam
2076 1564 2305 1637 Christi,
2337 1563 2543 1639 partim
2572 1564 2647 1621 ab
2670 1583 2737 1622 eo
2764 1562 2923 1639 quod

515 1656 619 1714 per
645 1640 1096 1699 incarnationem
1124 1641 1310 1701 factus
1339 1651 1427 1701 est
1450 1665 1464 1717 ;
1512 1641 1686 1701 Unde
1714 1643 1873 1720 quod
1900 1643 1975 1701 ad
2020 1644 2181 1719 prius
2208 1650 2449 1718 usurpat
2492 1644 2733 1701 verbum
2784 1642 2917 1702 sub-

517 1718 832 1776 stantivum
861 1715 914 1786 ἦν
941 1722 1111 1795 Erat,
1143 1720 1301 1796 quod
1339 1722 1706 1780 existentiam
1755 1721 2173 1797 praecedentem
2213 1730 2415 1780 notat:
2460 1722 2545 1779 At
2572 1723 2762 1798 quoad
2792 1742 2922 1799 pos-

517 1795 697 1854 terius
725 1798 906 1856 utitur
929 1800 1111 1857 verbo
1139 1798 1328 1871 brimo.
1375 1800 1562 1874 Quare
1591 1819 1732 1859 vero
1760 1800 1803 1859 J
1808 1820 2023 1858 oannes
2040 1820 2215 1877 quum
2239 1800 2311 1858 de
2344 1800 2619 1859 Sermone
2645 1802 2919 1878 loquitur,

516 1876 758 1934 verbum
800 1874 853 1946 ἦν
893 1878 1072 1937 octies
1113 1880 1430 1957 usurpavit,
1475 1880 1650 1950 ἐγίνετο
1695 1900 2027 1957 nunquam;
2073 1879 2159 1938 At
2200 1898 2376 1958 quum
2418 1879 2491 1938 de
2531 1880 2923 1940 incarnatione

516 1955 789 2032 loquitur,
839 1977 955 2016 non
1000 1957 1140 2017 dicit
1185 1957 1255 2034 ἦν,
1301 1958 1405 2018 sed
1453 1959 1625 2031 ὅγέιιτο
1644 1963 1673 2019 ⁴?
1771 1960 2055 2019 Nimirum
2104 1960 2242 2037 quia
2284 1960 2432 2018 Caro
2476 1966 2565 2017 est
2606 1978 2698 2017 res
2747 1960 2915 2033 facta,

524 2035 724 2095 Sermo
752 2057 869 2096 non
897 2038 1034 2097 item
1059 2061 1074 2115 3
1125 2038 1325 2097 Sermo
1353 2048 1443 2099 est
1473 2041 1651 2114 Deus,
1694 2040 1845 2116 Lux,
1871 2040 2029 2115 Vita,
2074 2038 2202 2115 &c.,
2226 2046 2433 2098 natura
2454 2058 2559 2097 sua
2578 2046 2637 2096 et
2664 2058 2921 2115 semper:

519 2114 607 2174 At
635 2116 781 2177 Caro
809 2118 995 2177 factus
1023 2126 1112 2177 est
1137 2127 1362 2177 tantum
1385 2120 1445 2177 in
1471 2120 1830 2197 plenitudine
1872 2129 2210 2197 temporum.
2296 2120 2392 2177 Ex
2419 2118 2629 2203 quibus
2656 2138 2728 2177 ne
2757 2118 2924 2195 plura

511 2196 636 2273 jam
678 2196 974 2272 addamus,
1006 2218 1136 2275 quae
1180 2218 1287 2257 nos
1331 2199 1406 2257 ab
1455 2200 1721 2259 instituto
1748 2200 1981 2277 longius
2030 2200 2397 2275 abducerent,
2441 2208 2599 2277 patet
2629 2198 2921 2257 Christum

523 2275 854 2336 Sermonem
884 2278 1017 2353 dici,
1049 2298 1166 2338 non
1192 2279 1412 2337 ratione
1439 2280 1695 2339 muneris
1722 2287 1945 2339 tantum
1974 2280 2312 2358 prophetici,
2344 2280 2500 2358 quod
2542 2280 2721 2338 vellet
2754 2280 2913 2338 Soci-

519 2373 647 2429 nus,
705 2356 807 2413 sed
861 2357 1035 2415 etiam
1091 2366 1149 2416 ct
1202 2358 1436 2435 quidem
1489 2359 1777 2437 praecipue
1832 2360 2053 2419 ratione
2107 2379 2367 2437 personae
2423 2368 2479 2417 et
2534 2358 2921 2436 generationis

521 2441 764 2491 aeternae.

841 2574 852 2587 ,
1127 2518 1280 2577 XII.
1323 2520 1555 2581 Tertius
1582 2520 1775 2580 Testis
1822 2529 1912 2580 est
1957 2520 2204 2597 Spiritus
2244 2520 2499 2593 Sanctus,
2530 2517 2727 2575 Tertia
2754 2516 2919 2575 nimi-

515 2570 564 2619 3'
587 2569 984 2677 Tegtgzgpgnus
1045 2618 1172 2657 rum
1204 2600 1597 2660 Sacrosanctae
1626 2600 1925 2659 Trinitatis
1964 2601 2236 2675 Persona,
2290 2599 2397 2658 Cui
2439 2616 2649 2655 nomen
2676 2598 2925 2673 Spiritus

1043 2679 1315 2740 tribuitur
1360 2700 1478 2738 non
1526 2680 1745 2747 οὖποδῧς
1774 2688 1832 2739 et
1860 2680 2137 2756 absolute,
2178 2677 2467 2756 quomodo
2512 2677 2673 2735 Deus
2714 2675 2927 2734 dicitur

523 2756 788 2835 Spiritus,
834 2758 974 2818 Joh.
1002 2758 1082 2817 iv.
1125 2760 1262 2837 quia
1289 2768 1378 2819 est
1405 2762 1657 2819 essentia
1685 2760 1998 2838 spiritualis
2046 2768 2105 2819 et
2146 2760 2518 2835 incorporea;
2564 2755 2667 2815 sed
2698 2762 2920 2815 ὑποστα-

517 2842 662 2904 raze
719 2846 778 2897 et
803 2837 982 2897 relate
1011 2838 1084 2897 ad
1115 2839 1343 2899 Patrem
1373 2848 1431 2899 et
1461 2840 1695 2917 Filium,
1726 2841 1947 2899 ratione
1975 2841 2131 2898 modi
2152 2838 2490 2911 subsistendi,
2522 2837 2659 2913 quia
2686 2856 2722 2895 a
2750 2836 2923 2895 Patre

519 2928 580 2980 et
609 2918 760 2978 Filio
787 2938 892 2996 per
920 2919 1288 2997 spirationem
1315 2920 1608 2997 procedit3
1654 2921 1754 2998 qui
1794 2920 2071 2998 peculiari
2096 2920 2334 2995 ratione,
2380 2926 2599 2995 partem
2630 2936 2922 2994 expressa,

523 3003 560 3034 ‘⁴
583 2999 831 3076 Spiritus
862 2998 1032 3075 Dei,'’
1055 2999 1202 3059 Gen.
1227 3000 1265 3059 i.
1294 3003 1344 3076 1,
1371 3004 1426 3075 2,
1447 3008 1508 3059 et
1531 3001 1833 3077 “Spiritus
1865 3001 2111 3059 Sanctus
2141 2999 2311 3075 Dei‚'’
2344 2998 2500 3056 Psal.
2528 2997 2590 3055 li.
2626 3000 2718 3072 11,
2768 2997 2919 3075 Eph.

517 3080 598 3137 iv.
631 3081 725 3153 30,
755 3079 964 3155 partim
993 3098 1318 3157 suppressa,
1341 3080 1602 3157 Spu-itm,
1635 3082 1679 3140 J
1681 3082 1773 3139 oh.
1794 3080 1874 3138 iii.
1906 3084 1960 3157 5,
1994 3083 2047 3155 6,
2080 3088 2139 3139 et
2166 3080 2410 3156 Spu-itus
2436 3078 2677 3137 Sanctus
2697 3076 2924 3153 dicitur,

523 3158 732 3217 Matth.
745 3160 783 3214 i.
801 3160 892 3231 18,
906 3159 1144 3217 Sanctum
1159 3179 1276 3218 non
1295 3159 1470 3218 modo
1489 3162 1545 3219 in
1565 3182 1625 3219 se
1645 3160 1959 3220 formaliter
1976 3160 2387 3234 sanctissimus,
2410 3157 2513 3216 sed
2540 3167 2599 3215 et
2618 3156 2929 3215 efficienter

518 3236 581 3293 in
602 3236 787 3309 nobis,
807 3236 944 3312 quia
962 3238 1148 3297 omnis
1174 3238 1507 3298 Sanctitatis
1535 3248 1625 3298 est
1644 3241 1866 3314 author,
1891 3240 1983 3299 cui
2008 3240 2375 3315 singulariter
2396 3245 2453 3296 et
2470 3258 2571 3314 per
2598 3236 2925 3313 appropria-

517 3316 734 3374 tionem
764 3333 908 3391 opus
929 3316 1400 3393 Sancuflcatiom’s
1416 3318 1689 3377 tribuitur
1716 3319 1776 3375 in
1798 3318 2147 3378 Oeconomia
2170 3319 2388 3394 salutis,
2408 3326 2475 3376 ut
2494 3316 2653 3374 Patri
2677 3316 2919 3392 Electio,

519 3402 578 3452 et
608 3393 760 3450 Filio
790 3392 1134 3471 Redemptio
1164 3396 1506 3455 vindicatur.
1593 3398 1807 3455 Fateor
1832 3398 2143 3475 aliquando
2165 3398 2439 3475 Spiritum
2470 3415 2573 3473 pro
2603 3394 2769 3453 donis
2797 3396 2925 3472 ejus

520 3472 704 3549 sumi;
749 3471 853 3531 sed
879 3474 1016 3548 quia
1041 3474 1136 3532 hic
1162 3475 1225 3532 in
1251 3475 1454 3533 eodem
1487 3476 1687 3535 ordine
1730 3496 1861 3535 cum
1904 3478 2075 3536 Patre
2104 3486 2163 3536 et
2190 3478 2387 3535 Verbo
2414 3476 2653 3550 locatur,
2684 3494 2800 3533 non
2830 3494 2922 3532 ac-

519 3552 883 3613 cidentaliter
909 3562 970 3611 et
995 3554 1351 3630 qualitative,
1385 3554 1487 3613 sed
1503 3557 1887 3632 personaliter
1912 3555 2085 3615 debet
2112 3556 2379 3635 intelligi.

601 3633 791 3692 XIII.
839 3633 924 3693 Ut
949 3652 1088 3693 vero
1115 3633 1259 3691 Tres
1307 3635 1432 3693 istae
1476 3635 1746 3693 Personae
1773 3637 2057 3714 triplicem
2087 3636 2347 3695 obtinent
2374 3636 2435 3694 in
2462 3635 2697 3712 negotio
2726 3633 2929 3693 salutis

517 3713 868 3793 operationis
895 3713 1126 3773 modum
1153 3736 1167 3789 ;
1215 3714 1308 3773 Ita
1333 3715 1610 3792 peculiari
1638 3716 1859 3775 ratione
1887 3716 2125 3793 Triplex
2152 3715 2571 3775 Testimonium
2600 3715 2718 3773 illis
2738 3714 2921 3790 assig-

517 3803 705 3869 natur,
736 3820 858 3877 τςιις
897 3800 1008 3853 tio-u
1044 3796 1088 3852 οἱ
1125 3818 1478 3876 μιῃυςονητς
1519 3796 1560 3854 ἓν
1587 3798 1781 3875 οὖςινᾳ,
1838 3798 1977 3855 Tres
2023 3805 2154 3854 sunt
2198 3796 2298 3872 qui
2342 3804 2615 3854 testantur
2651 3796 2709 3853 in
2750 3794 2918 3869 Goelo,

514 3876 712 3951 Pater,
745 3876 959 3950 Serm⁰‚
990 3884 1044 3933 et
1069 3874 1316 3951 Spiritus
1336 3876 1591 3934 Sanctus.
1679 3876 1839 3935 Deus
1861 3876 1961 3953 qui
1984 3896 2044 3935 se
2067 3893 2360 3952 nunquam
2389 3881 2671 3957 ἆμιςτυςον
2692 3874 2925 3951 reliquit

513 3956 576 4014 in
603 3964 826 4031 natura,
859 3953 994 4013 Act.
1017 3954 1140 4013 xiv.
1175 3957 1266 4032 17,
1297 3955 1481 4014 multo
1521 3954 1714 4015 minus
1756 3956 1817 4015 in
1864 3956 2051 4033 gratia
2088 3962 2372 4038 ἀμιςτνςος
2400 3976 2527 4015 esse
2556 3956 2759 4014 voluit.
2846 3954 2925 4012 Et

513 4036 654 4095 licet
679 4036 940 4094 Verbum
969 4035 1095 4112 ejus
1121 4054 1225 4111 per
1253 4054 1314 4094 se
1341 4035 1638 4095 ὦῠτέπιστω
1664 4036 1824 4095 nulla
1852 4044 2021 4113 egeat
2063 4036 2122 4094 in
2161 4056 2221 4095 se
2265 4036 2713 4111 confirmatione,
2743 4042 2809 4093 ut
2836 4041 2923 4091 ta-

513 4136 646 4176 men
675 4114 994 4174 infirmitati
1029 4122 1242 4174 nostrae
1283 4123 1343 4175 et
1382 4116 1683 4194 fragilitati
1711 4136 1773 4175 se
1801 4117 2276 4193 accommodaret,
2308 4116 2394 4175 illi
2422 4118 2608 4176 voluit
2633 4115 2807 4174 fidem
2834 4113 2922 4170 in·

513 4196 833 4255 dubitatam
862 4194 1050 4255 facere
1077 4194 1434 4255 Testimonio
1476 4196 1815 4274 multiplici3
1858 4206 1925 4256 ut
1952 4198 2002 4257 si
2030 4218 2105 4256 ex
2136 4198 2295 4275 Lege
2322 4198 2384 4255 in
2412 4218 2510 4256 ore
2539 4197 2783 4256 duorum
2826 4191 2923 4250 vel

513 4278 690 4335 trium
718 4276 977 4335 Testium
1016 4295 1184 4335 omne
1225 4277 1469 4336 verbum
1511 4276 1918 4354 confirmatur;
1966 4278 2055 4337 De
2084 4278 2326 4337 veritate
2358 4276 2684 4353 Evangelii,
2718 4273 2809 4334 cui
2838 4280 2927 4331 tot

510 4356 716 4415 Testes
744 4355 928 4414 divini
955 4356 1113 4415 omni
1140 4357 1480 4434 exceptione
1507 4358 1756 4435 majores
1783 4357 1957 4417 fidem
1986 4356 2220 4434 faciunt,
2268 4358 2464 4417 nullus
2505 4354 2810 4413 dubitandi
2836 4352 2921 4412 lo·

511 4452 616 4493 cus
643 4453 942 4511 superesse
969 4436 1154 4513 possit
1181 4445 1282 4496 aut
1309 4437 1534 4497 debeat.
1607 4438 1898 4497 Dicuntur
1919 4440 2117 4497 testari
2130 4440 2190 4497 in
2216 4438 2383 4509 C'oelo,
2404 4444 2527 4494 tum
2550 4441 2615 4491 ut
2634 4434 2923 4503 innuatur,

509 4532 612 4572 eos
638 4532 755 4571 non
783 4522 1056 4591 terrenos,
1089 4516 1192 4575 sed
1219 4517 1484 4577 coelestes
1525 4537 1668 4594 esse,
1712 4527 1837 4578 tum
1864 4526 1931 4577 nt
1956 4518 2242 4577 indicetur
2277 4514 2504 4575 coelitus
2530 4512 2642 4569 hoc
2671 4508 2927 4569 testimo-

509 4591 668 4653 nium
699 4592 774 4650 ab
802 4593 943 4669 ipsis
972 4596 1278 4669 perhiberi.
1362 4598 1783 4657 Testimonium
1807 4606 1999 4657 autem
2018 4597 2163 4656 illud
2182 4596 2414 4655 coeleste
2442 4598 2635 4670 potest
2657 4588 2923 4666 spectari,

509 4672 606 4731 vel
653 4671 1023 4747 conjunctim,
1075 4673 1170 4731 vel
1215 4676 1472 4735 seorsim.
1560 4676 1898 4754 Aliquando
1945 4677 2134 4750 Pater,
2188 4675 2406 4749 Serm0‚
2448 4681 2507 4732 et
2558 4670 2809 4749 Spiritus
2864 4669 2923 4728 S.
