3234 5192
4 304 17 343 ι
215 300 451 343 msrur.
482 280 637 365 xxr.]
806 302 885 342 nn
914 302 1407 345 sarxsraormms
1437 302 1683 344 cunis’rr
1713 304 2036 345 ventura.
2523 289 2644 367 3359

5 468 13 503 ι
230 462 526 521 nunquam
569 444 855 522 pertinere
901 445 1141 521 dicatur,
1186 446 1263 505 ad
1310 445 1778 525 distinguendam
1825 444 2202 505 oeconomiam
2251 444 2328 505 V.
2359 453 2420 505 et
2449 446 2520 505 N.
2552 448 2640 515 T..

4 552 11 585 ι
230 543 525 601 nunquam
554 535 749 587 tamen
778 525 851 583 ad
877 526 1099 603 sin-qula
1138 548 1409 605 generum
1452 526 1822 603 extenditur3
1865 526 1983 584 imo
2015 526 2384 603 restringitur
2425 528 2642 604 passim

5 634 11 665 ι
230 604 305 662 ad
338 608 613 681 populum
644 605 875 681 Christi,
908 606 1119 665 Matth.
1150 607 1185 665 i.
1218 611 1313 684 21,
1346 607 1421 665 ad
1450 628 1591 680 oves,
1623 604 1666 664 J
1670 608 1764 666 oh.
1794 627 1852 664 x.
1889 606 1980 679 11,
2016 608 2107 680 15,
2141 614 2199 663 et
2227 606 2308 665 xi..
2331 605 2424 677 51,
2447 610 2540 681 52,
2566 606 2643 666 ad

4 712 11 747 ι
228 704 433 761 corpus
462 705 647 760 suum,
682 685 831 761 Eph.
860 706 919 745 v.
950 690 1045 761 25,
1076 686 1153 745 ad
1182 691 1394 762 multos,
1428 688 1640 746 Matth.
1670 708 1773 745 xx.
1799 688 1893 759 28,
1927 688 2095 744 Rom.
2126 705 2183 744 v.
2219 688 2311 761 18,
2348 688 2440 745 19.

5 792 11 827 ι
311 764 642 823 XXXIII.
686 769 745 823 4.
790 766 1047 825 Absurd.
1094 768 1291 825 Posita
1336 767 1739 827 satisfactione
1780 766 1996 825 Christi
2025 766 2228 824 Gloria
2276 774 2334 825 et
2364 765 2638 842 Omnipo-

228 845 411 902 tentia
440 845 551 902 Dei
580 845 936 923 obscuratur,
969 846 1115 905 Nam
1160 848 1320 907 Deus
1347 857 1585 925 peccata
1627 855 1824 905 nostra
1852 847 1975 904 sine
2025 844 2416 905 satisfactione
2443 846 2640 904 remit·

228 932 348 983 tere
394 925 491 983 vel
534 926 727 999 noluit,
758 926 915 1002 quod
952 936 1153 986 contra
1200 927 1465 1005 gloriam·
1494 926 1925 1001 Misericordiae,
1958 926 2054 985 vel
2091 945 2210 984 non
2247 928 2450 1003 potuit,
2482 924 2639 1003 quod

228 1014 429 1063 eontra
456 1004 699 1082 gloriam
730 1006 1191 1084 Omnipotentiae,
1218 1007 1484 1068 Ostorod.
1528 1028 1653 1085 cap.
1678 1010 1772 1067 36.
1807 1006 1996 1066 Addit
2025 1006 2358 1081 Gittiehius,
2393 1006 2640 1064 Peccata

226 1092 426 1142 nostra
452 1085 598 1141 nihil
626 1085 785 1143 aliud
814 1106 940 1145 esse
990 1108 1160 1165 quam
1202 1087 1451 1147 offensas
1500 1088 1829 1164 Majestatis
1878 1087 2108 1161 divinae,
2153 1086 2402 1145 offensas
2445 1095 2638 1145 autem

226 1182 363 1221 suas
391 1164 488 1221 vel
514 1165 859 1223 vilissimum
889 1186 1175 1245 quemque
1204 1168 1499 1227 hominum
1528 1188 1646 1227 non
1675 1166 1847 1226 modo
1886 1167 2009 1226 sine
2038 1166 2352 1225 violatione
2371 1165 2634 1243 justitiae,

226 1243 332 1302 sed
354 1244 527 1302 etiam
557 1265 688 1303 cum
715 1246 971 1303 maxima
1017 1247 1187 1307 laude
1223 1248 1517 1325 patientiae
1566 1256 1625 1307 et
1651 1247 2057 1306 misericordiae
2099 1246 2266 1304 alteri
2311 1246 2636 1305 condonare

226 1344 417 1401 posse.
464 1325 659 1402 Resp.,
694 1329 745 1384 1.
774 1326 1099 1403 Utrumque
1127 1348 1263 1387 vere
1292 1327 1518 1403 dicitur,
1550 1338 1608 1387 et
1637 1326 1792 1405 quod
1835 1326 2090 1401 noluerit,
2121 1334 2181 1385 et
2208 1326 2365 1403 quod
2391 1344 2509 1385 non
2527 1346 2632 1403 po·

228 1404 411 1463 tuerit.
457 1404 590 1463 Non
606 1406 795 1482 potuit
812 1428 835 1464 .·
867 1410 919 1465 1.
952 1407 1243 1485 Respectu
1270 1410 1517 1467 Naturae
1544 1428 1674 1485 quae
1702 1427 1830 1465 cum
1877 1407 1954 1466 sit
1981 1406 2358 1481 sanctissima,
2389 1426 2506 1464 non
2535 1426 2633 1483 po-

229 1492 344 1544 test
368 1494 671 1561 peceatum
698 1486 959 1559 tolerare,
992 1488 1086 1545 vel
1117 1488 1361 1547 inultum
1386 1488 1690 1561 dimittere,
1715 1486 1856 1563 quin
1885 1507 1946 1545 se
1967 1487 2156 1563 ipsum
2185 1487 2452 1563 abneget,
2481 1485 2636 1546 Hab.

230 1566 267 1623 i.
302 1567 395 1623 13.
468 1570 523 1624 2.
571 1566 747 1643 Resp.
790 1567 1052 1642 Justitiae,
1106 1587 1235 1645 quae
1281 1587 1448 1627 suum
1471 1568 1782 1645 unicuique
1831 1568 1960 1626 vult
2007 1566 2202 1641 tribui,
2251 1566 2422 1624 Rom.
2468 1565 2506 1624 i.
2538 1570 2634 1642 32,

229 1648 265 1703 2
286 1645 488 1703 These.
509 1644 547 1705 i.
569 1648 625 1704 6.
676 1650 731 1705 3.
759 1646 934 1723 Resp.
953 1649 1214 1707 Veritatzk
1233 1668 1363 1725 quae
1380 1649 1530 1707 hane
1550 1667 1782 1726 poenam
1803 1654 2040 1725 peccato
2063 1645 2463 1721 denunciabat,
2487 1646 2636 1705 Gen.

226 1724 287 1783 ii.
324 1729 415 1784 17.
478 1725 611 1783 Non
636 1728 827 1804 potuit
856 1728 926 1785 E.
954 1728 1065 1785 hac
1094 1728 1166 1787 de
1196 1749 1371 1787 eausa
1412 1736 1652 1806 peccata
1699 1727 1822 1787 sine
1872 1726 2261 1785 satisfactione
2304 1726 2634 1802 remittere3

230 1805 432 1881 Neque
460 1806 572 1865 hoc
598 1816 769 1883 pacto
800 1807 1231 1885 Omnipotentia
1258 1808 1383 1886 ejus
1410 1809 1702 1867 ullatenus
1750 1808 2092 1867 obscuratur
2119 1808 2215 1866 vel
2259 1806 2634 1882 imminuitur,

228 1905 415 1959 neque
444 1886 595 1943 enim
625 1888 735 1944 hoc
767 1888 927 1946 Deus
954 1908 1071 1945 non
1108 1897 1299 1965 potest
1341 1896 1575 1966 propter
1614 1888 1902 1947 defectum
1951 1887 2242 1965 potentiae,
2275 1886 2380 1945 sed
2404 1895 2640 1964 propter

228 1964 637 2041 perfectionem
663 1975 925 2041 naturae3
976 1988 1142 2025 secus
1172 1969 1323 2026 enim
1355 1968 1605 2044 seipsum
1637 1968 1968 2044 abnegaret.
2055 1966 2224 2039 Quod
2257 1986 2373 2023 non
2400 1968 2639 2025 voluerit

226 2045 417 2119 etiam,
449 2053 609 2121 patet
636 2064 711 2103 ex
739 2046 1123 2105 declaratione
1152 2047 1469 2105 voluntatis
1506 2048 1568 2104 in
1598 2046 1794 2104 Verbo
1843 2046 2012 2119 facta,
2041 2046 2144 2102 ubi
2189 2054 2415 2103 constat
2446 2046 2636 2104 Deum

226 2124 439 2182 diserte
469 2132 847 2200 protestatum
876 2145 1003 2183 esse
1032 2146 1094 2184 se
1115 2126 1267 2183 velle
1297 2134 1361 2185 ut
1398 2134 1696 2203 peceatum
1727 2134 1910 2183 morte
1958 2124 2246 2201 puniatur.
2293 2124 2495 2199 Neque
2523 2125 2636 2184 hoe

225 2212 395 2280 pacto
412 2204 819 2262 misericordiae
848 2206 975 2282 ejus
1011 2206 1132 2263 ulla
1161 2205 1226 2264 fit
1270 2205 1440 2280 frana,
1472 2206 1609 2284 quia
1636 2205 1719 2263 ita
1746 2214 1836 2263 est
1881 2204 2206 2263 misericors
2249 2212 2316 2263 ut
2359 2204 2534 2263 etiam
2561 2204 2639 2263 sit

217 2285 433 2361 justae,
465 2291 524 2342 et
560 2284 791 2360 justitia
820 2306 991 2363 quam
1038 2286 1223 2344 exerit
1258 2286 1538 2345 adversus
1581 2294 1884 2363 peecatum
1929 2306 2048 2345 non
2095 2285 2288 2344 obstat
2331 2284 2638 2363 quominus

226 2363 677 2422 misericordiam
709 2384 869 2423 suam
900 2366 1255 2426 demonstret
1282 2386 1422 2445 erga
1468 2376 1848 2445 peecatorem.
1891 2370 1946 2425 2.
1981 2365 2144 2425 Idem
2167 2365 2480 2423 absurdum
2529 2366 2635 2423 im-

226 2444 389 2523 pingi
416 2454 609 2521 potest
637 2447 937 2505 sententiae
983 2446 1502 2524 Adversariorum3
1548 2448 1699 2505 Nam
1738 2446 1862 2525 pari
1897 2447 2119 2505 ratione
2161 2444 2404 2505 inferam
2449 2446 2639 2507 Deum

221 2532 327 2583 aut
355 2525 859 2585 immisericordem
890 2548 1033 2601 esse,
1066 2536 1165 2587 aut
1192 2530 1581 2605 impotentem,
1615 2528 1666 2586 si
1714 2527 1953 2604 quosvis
1999 2526 2262 2585 homines
2305 2534 2638 2603 peccatores

226 2606 289 2663 in
318 2614 593 2664 aeternum
623 2626 740 2665 non
769 2608 975 2667 salvat.
1020 2606 1227 2681 Quaero
1256 2609 1407 2667 enim
1436 2628 1539 2667 eur
1567 2608 1728 2665 Deus
1758 2608 2020 2665 homines
2068 2607 2493 2681 impoenitentes
2521 2626 2638 2665 non

228 2687 465 2745 salvat?
508 2686 622 2745 Vel
651 2687 791 2763 quia
830 2708 947 2746 non
974 2696 1181 2763 potest,
1214 2696 1273 2747 et
1320 2689 1403 2746 sie
1431 2687 1640 2763 quovis
1688 2686 2071 2745 homuncione
2117 2693 2206 2743 est
2247 2684 2633 2761 impotentior,

223 2766 421 2842 quivis
450 2767 601 2823 enim
632 2766 884 2824 offensus
913 2766 1244 2841 offendenti,
1274 2774 1342 2826 ut
1387 2766 1639 2823 maxime
1687 2765 1784 2822 hic
1813 2763 2169 2821 reconciliari
2196 2764 2359 2837 nolit,
2409 2765 2636 2839 culpam

227 2856 421 2903 tamen
452 2844 738 2903 dimittere
766 2866 883 2903 non
912 2854 1135 2903 tantum
1162 2853 1370 2922 potest,
1404 2845 1506 2903 sed
1536 2844 1709 2902 etiam
1732 2843 1906 2902 debet
1933 2864 2006 2901 ex
2036 2842 2370 2919 praescripto
2402 2842 2634 2919 Christi,

230 2924 446 2982 Matth.
476 2943 535 2981 v.
563 2927 661 2997 44,
693 2935 751 2983 et
778 2924 943 2982 xviii.
975 2928 1069 2999 21,
1103 2929 1215 3001 225
1262 2924 1377 2983 Vel
1411 2924 1549 3001 quia
1594 2944 1712 2981 non
1740 2923 1885 2997 vult,
1935 2932 1993 2982 et
2021 2923 2105 2981 sie
2133 2941 2248 2979 non
2278 2922 2388 2981 erit
2417 2942 2638 2983 summe
2689 2963 2700 2976 .

230 3003 574 3061 misericor-⁶³.
623 3004 686 3061 Si
713 3012 982 3080 regerent
1009 3024 1127 3063 non
1156 3023 1325 3081 posse
1353 3003 1464 3062 hoc
1492 3003 1700 3078 Deum,
1731 3002 1868 3079 quia
1914 3010 2200 3079 repugnat
2221 3002 2467 3079 justitiae
2497 3024 2633 3079 suae,

228 3103 361 3160 quae
387 3091 719 3160 peccatores
748 3085 1175 3162 impoenitentes
1202 3084 1265 3142 in
1292 3083 1751 3142 communionem
1772 3102 1935 3141 suam
1958 3082 2261 3141 admittere
2283 3102 2400 3141 non
2427 3092 2635 3161 potest,

228 3173 288 3222 et
315 3163 450 3239 quia
477 3172 763 3241 repugnat
790 3163 1077 3223 voluntati
1106 3183 1235 3241 quae
1262 3164 1608 3223 eontrarium
1659 3162 1892 3241 sanxit;
1939 3162 2104 3222 Idem
2134 3162 2244 3221 sibi
2283 3162 2502 3223 dictum
2530 3185 2634 3242 pu-

228 3251 353 3302 tent
381 3264 416 3301 a
444 3243 647 3304 Nobis.

312 3324 631 3383 XXXIV.
676 3324 731 3385 3.
775 3326 1025 3385 Tantum
1074 3325 1239 3385 abest
1267 3334 1331 3386 ut
1358 3346 1461 3404 per
1508 3325 1958 3386 satisfactionem
1983 3326 2174 3403 gloria
2206 3325 2318 3385 Dei
2344 3326 2636 3386 ullatenus

227 3404 582 3479 obscuretur,
614 3407 753 3482 quin
782 3406 975 3483 potius
1004 3426 1362 3485 summopere
1390 3428 1465 3467 ex
1508 3409 1634 3486 ejus
1661 3408 1945 3485 positione
1994 3406 2314 3467 illustretur
2358 3414 2417 3465 et
2462 3426 2640 3485 nega-

231 3485 388 3543 tione
410 3494 705 3543 atteratur.
742 3486 889 3543 Nam
912 3487 973 3544 in
996 3486 1397 3547 satisfactione
1426 3488 1609 3563 videS,
1647 3492 1698 3547 1.
1731 3488 1990 3547 Gloriam
2017 3487 2264 3545 Justz‘tiae
2291 3507 2420 3563 quae
2448 3486 2642 3562 potius

232 3584 403 3642 quam
434 3573 499 3623 ut
527 3565 599 3625 de
620 3568 751 3642 jure
782 3586 886 3625 suo
928 3568 1158 3626 eederet
1186 3577 1243 3625 et
1291 3576 1591 3644 peccatum
1640 3568 1890 3626 inultum
1919 3567 2076 3625 abire
2105 3574 2412 3644 pateretur,
2465 3566 2640 3624 etiam

231 3645 461 3721 proprio
492 3644 643 3702 Filio
672 3666 786 3704 non
810 3647 1101 3723 pepercit;
1146 3647 1229 3705 sic
1278 3649 1352 3706 ab
1392 3648 1700 3724 impiorum
1744 3647 2040 3705 hominum
2070 3654 2129 3704 et
2157 3645 2514 3703 diabolorum
2539 3664 2638 3702 ea·

230 3724 467 3782 lumniis
498 3724 837 3801 vindicatur,
871 3727 953 3785 sie
981 3727 1243 3786 homines
1272 3748 1307 3785 a
1334 3728 1545 3804 quibus
1572 3728 1634 3785 in
1672 3727 1784 3785 hoc
1813 3726 2046 3802 speculo
2073 3724 2409 3801 agnoscitur
2429 3726 2642 3802 injecta

230 3803 495 3863 horribili
538 3805 841 3865 formidine
891 3827 927 3864 a
972 3816 1211 3884 peccato
1240 3805 1539 3881 absterret,
1570 3816 1630 3865 et
1665 3827 1738 3864 ne
1771 3806 1880 3864 Dei
1909 3804 2302 3863 misericordia
2329 3805 2641 3863 abutantur

233 3892 419 3942 cavet.
470 3889 524 3941 2.
560 3885 819 3943 Gloriam
848 3886 1267 3945 Misericordiae
1309 3908 1439 3965 quae
1466 3888 1601 3947 talis
1631 3895 1689 3947 et
1715 3895 1877 3946 tanta
1904 3886 2028 3959 fuit,
2061 3894 2123 3944 ut
2145 3905 2274 3944 cum
2304 3884 2466 3943 nulla
2493 3885 2640 3943 ratio

233 3963 587 4022 commodior
616 3974 946 4043 suppeteret
994 3967 1255 4026 homines
1303 3968 1587 4042 salvandi,
1618 3968 1792 4027 etiam
1822 3966 2113 4043 proprium
2141 3964 2324 4023 filium
2355 3966 2524 4023 morti
2553 3965 2638 4023 di-

233 4043 478 4101 rissimae
508 4045 791 4122 subjicere
828 4066 947 4104 non
977 4046 1281 4123 dubitavit,
1313 4057 1377 4107 ut
1419 4048 1682 4106 homines
1711 4048 1784 4105 ab
1813 4067 1881 4105 ea
1909 4046 2205 4104 eximeret.
2289 4050 2347 4105 3.
2379 4044 2640 4105 Gloriam

230 4124 535 4199 Sapientiae
562 4144 691 4201 quae
718 4126 981 4185 mirabile
1009 4128 1121 4185 hoc
1147 4128 1505 4205 excogitavit
1526 4134 2036 4206 temperamentum
2066 4126 2217 4184 inter
2257 4124 2556 4185 justitiam
2589 4136 2648 4184 ct

237 4204 714 4279 Miseri-cordiam,
746 4214 806 4263 et
832 4206 1112 4265 rationem
1161 4208 1377 4266 nodum
1407 4207 1624 4284 alioqui
1665 4204 2030 4265 insolubilem
2077 4206 2342 4263 solvendi
2369 4214 2436 4265 ut
2463 4206 2644 4263 altera

234 4282 358 4341 sine
387 4283 623 4344 alterius
652 4284 996 4345 detrimento
1025 4286 1322 4346 commode
1352 4308 1491 4364 erga
1518 4288 1780 4346 homines
1802 4306 1862 4343 se
1892 4305 2126 4345 exerere
2154 4294 2367 4362 posset.
2409 4290 2466 4345 4.
2499 4286 2641 4345 Glo-

233 4363 379 4422 riam
408 4364 694 4440 Potentiae,
726 4385 855 4442 quae
903 4366 1215 4425 Diabolum
1246 4374 1303 4425 et
1345 4377 1644 4444 peceatum
1673 4366 1791 4424 illis
1837 4366 1980 4441 ipsis
2029 4366 2204 4423 armis
2251 4366 2394 4426 vicit
2431 4366 2643 4443 quibus

232 4444 497 4503 homines
526 4444 872 4519 devicerant,
906 4456 964 4505 et
993 4447 1277 4506 contraria
1295 4466 1369 4505 ex
1398 4447 1716 4519 contrariis,
1749 4446 1927 4504 vitam
1959 4446 2180 4505 seilicet
2208 4467 2282 4505 ex
2310 4459 2510 4522 morte,
2541 4446 2642 4505 be-

6 4460 36 4588 i
232 4525 619 4585 nedictionem
652 4546 724 4584 ex
750 4526 1168 4601 maledictione,
1201 4527 1529 4585 felicitatem
1554 4548 1626 4585 ex
1649 4526 1894 4602 miseria,
1927 4526 2172 4604 gloriam
2201 4546 2276 4585 cx
2305 4527 2644 4605 ignominia,
